1986 3080
215 145 268 173 435
848 141 875 168 S.
893 141 1056 169 GREGORII
1077 141 1226 170 NYSSENI
1783 144 1834 170 4’36

217 206 271 228 tres
300 199 328 227 in
347 202 439 234 partes
456 197 555 225 virtute
569 197 667 232 divisa,
695 196 776 232 cujus
800 197 928 225 divisioni
954 205 1000 225 ac-

1051 199 1100 234 τῆς
1115 199 1161 226 ἐπὶ
1175 199 1206 226 τὸ
1225 198 1345 234 κρεῖττον
1358 197 1444 234 ῥοπῆς
1454 206 1460 212 ·
1482 196 1551 232 μετὰ
1562 197 1590 224 δὲ
1604 196 1692 229 τοῦτο,
1714 197 1763 232 τὴν
1780 198 1833 224 τῶν

214 244 384 274 commodata
410 243 527 279 quadam
554 244 661 271 ratione
679 242 874 271 beatitudinem
891 243 998 271 adscri-

1051 244 1161 280 ὑψηλῶν
1174 253 1203 271 τε
1219 245 1265 271 καὶ
1287 244 1428 279 θειοτέρων
1444 244 1567 280 μελέτην,
1583 243 1621 276 ὡς
1637 242 1693 275 ἕξιν
1706 243 1833 277 ἐμποιοῦ-

214 291 254 319 bit
279 299 287 318 :
313 298 388 318 nunc
415 290 526 327 quidem
554 290 731 317 remotionem
763 293 790 317 et
822 289 998 317 abalienatio—

1053 298 1101 316 σαν
1120 290 1170 325 ἤδη
1195 289 1242 317 τοῦ
1266 290 1428 325 κρείττονος.
1443 287 1509 316 Εἶτα
1522 289 1571 325 τὴν
1593 289 1637 315 διὰ
1657 288 1758 315 τούτων
1779 290 1834 320 τοῖς

214 343 277 364 nem
298 336 334 364 ab
355 336 531 371 improbitate
546 335 724 363 beatitudinis
742 335 853 362 nomine
866 334 997 368 alliciens,

1056 336 1245 370 τελειουμένοις
1264 336 1481 372 κατορθουμένην
1505 336 1572 370 πρὸς
1595 335 1624 362 τὺ
1640 333 1716 361 Θεῖον
1737 335 1821 369 ὁμοίω
1833 355 1840 366 ί

214 386 308 417 utpote
341 390 402 417 quae
431 382 597 418 principium
628 382 664 409 sit
692 381 782 409 omnis
819 381 852 409 ad
886 381 998 409 meliora

1054 390 1109 408 σιν·
1126 379 1161 417 ἧς
1178 382 1256 417 χάριν
1270 382 1436 415 λέγεταικαὶ
1459 383 1494 409 τὰ
1516 381 1684 417 προλαϐόντα
1701 382 1831 417 μακάρια.

214 435 374 462 progressus
405 437 412 455 :
439 431 531 462 postea
561 435 652 454 rerum
679 427 833 454 ccelestium
870 431 896 454 et
931 426 998 453 divi-

1052 427 1161 463 Ταύτην
1183 428 1211 454 δὲ
1231 427 1349 455 ἀειθαλεί
1370 428 1440 464 ξυλῷ
1460 428 1618 460 αἰνίσσεται,
1680 429 1697 464 ἡ
1724 428 1779 464 (16)
1795 437 1834 454 τε-

215 481 311 500 narum
327 474 528 501 meditationem
545 474 650 501 beatam
668 473 808 508 praedicat,
825 476 854 499 ut
868 479 927 500 eam
940 479 999 507 quae

825 476 854 499 ut
868 479 927 500 eam
940 479 1000 507 quae
1054 472 1198 499 λειωθεῖσα
1215 473 1247 499 δι’
1264 474 1365 509 ἀρετῆς
1379 475 1519 509 ὁμοιοῦται
1534 474 1600 510 ζωή.

213 527 305 546 rerum
319 520 475 547 sublimium
495 520 619 547 habitum
638 521 694 555 jam
713 520 792 548 nobis
810 520 959 556 ingeneret.
973 520 1014 547 Ad
1032 524 1183 548 extremum
1207 528 1267 548 eam
1284 529 1344 556 qua:
1369 522 1396 548 in
1411 522 1540 557 perfectis
1567 523 1673 551 exsistit
1695 531 1756 550 cum
1779 523 1834 550 Deo

213 565 433 600 similitudinem,
462 568 490 595 in
518 568 687 596 beatitudine
718 572 855 600 numerat,
888 571 998 603 propter
1020 574 1101 602 quam
1133 568 1225 602 priora
1254 576 1362 603 quoque
1376 570 1548 604 appellantur
1573 571 1662 602 beata,
1698 579 1833 606 quamque

213 619 320 646 semper
345 612 449 640 virente
475 613 548 648 ligno
568 614 700 646 insinuat,
732 613 776 641 cui
802 613 858 640 vita
877 620 926 648 per
939 613 1048 640 virtutis
1064 613 1286 640 exercitationem
1307 619 1512 647 consummata,
1530 615 1628 643 similis
1639 615 1763 644 edicitur.

515 682 630 710 CAPUT
659 682 691 711 II.
1012 685 1034 712 B
1280 684 1299 710 K

1012 685 1034 712 B
1280 683 1477 711 ΚΕΦΑΛΛΙΟΝ
1499 685 1533 711 B’.

249 766 381 793 Caeterum
406 769 435 793 ut
458 765 563 793 ﬁrmius
576 766 706 793 doctrinae
733 766 865 794 virtutum
888 767 998 795 insista-

1091 767 1134 798 Ὠς
1147 767 1170 793 δ’
1185 767 1218 794 ἂν
1239 766 1433 802 ἀκριϐέστερον
1450 767 1630 802 ὲπισταίημεν
1644 768 1675 802 τῇ
1695 767 1758 803 περὶ
1778 767 1832 794 τῶν

214 818 286 843 mus,
303 819 384 846 quam
402 811 429 838 in
443 815 500 839 toto
518 810 689 839 Psalmorum
704 812 821 840 decursu
836 813 915 841 nobis
931 822 998 849 prte-

1049 812 1152 848 ἀρετῶν
1187 811 1356 848 διδασκαλίᾳ,
1381 812 1414 848 ἢν
1437 812 1580 847 ὑφηγεῖται
1603 812 1647 839 διὰ
1671 813 1759 848 πάσης
1784 813 1832 848 τῆς

215 862 348 885 monstrat
377 859 476 890 oratio.
502 865 557 885 non
571 857 620 886 abs
635 865 665 885 re
688 857 781 890 fuerit,
795 859 817 886 si
835 860 911 894 prius
926 860 998 895 apud

1049 858 1188 894 ψαλμικῆς
1202 858 1312 893 ὁδηγίας
1331 859 1345 884 ὁ
1361 858 1447 892 λόγος,
1468 858 1557 889 καλῶς
1573 858 1605 885 ἂν
1619 858 1684 894 ἔχοι,
1704 859 1831 895 πρότερον

181 926 183 928 .
215 910 265 930 nos
279 903 488 936 constituamus,
514 907 541 930 et
556 903 629 931 velut
643 904 790 932 artiﬁciosa
812 905 929 940 quadam
953 914 965 932 r

1050 905 1122 939 ἡμᾶς
1137 904 1179 938 ἐφ’
1192 903 1269 938 ἡμῶν
1292 902 1381 929 αὐτῶν
1398 903 1541 934 διελέσθαι,
1555 901 1610 930 οἷόν
1632 913 1692 931 τινα
1712 905 1831 939 τεχνικὸν

213 948 288 976 tione
304 953 331 976 et
348 948 401 981 via,
419 949 486 976 nihil
500 949 534 976 ab
549 949 675 977 instituto
687 958 768 986 opere
782 951 940 979 recedentes
956 952 997 979 tle—

1049 950 1127 984 λόγον
1149 951 1177 976 ἐν
1190 949 1263 982 τάξει
1279 949 1312 976 δι’
1326 949 1471 976 ἀκολούθου
1486 950 1665 985 προάγοντας,
1681 950 1738 982 πῶς
1760 950 1831 976 ἔστιν

214 994 350 1026 ﬁniamus,
365 994 501 1029 quomodo
515 995 624 1022 virtutis
643 1000 747 1023 amator
761 998 847 1031 possit
863 997 998 1032 ejusmodi

1050 997 1079 1022 ὲν
1096 996 1178 1031 ἀρετῇ
1203 995 1328 1030 γενέσθαι
1343 996 1389 1022 τὸν
1413 996 1530 1031 ἐραστὴν
1551 995 1597 1022 τοῦ
1619 995 1739 1022 τοιούτου
1762 996 1829 1030 βίου.

185 1052 189 1057 >
213 1040 275 1067 vitae
291 1047 402 1075 compos
418 1040 475 1067 ﬁeri
492 1049 499 1067 :
521 1041 561 1068 sic
585 1042 657 1069 enim
672 1042 742 1076 ejus,
761 1051 842 1077 quam
863 1044 969 1078 praemis

1050 1041 1126 1068 Οὕτω
1147 1041 1201 1077 γὰρ
1225 1042 1257 1068 ἂν
1282 1042 1457 1076 ὲπιγνοίημεν
1473 1042 1522 1077 τῆς
1545 1042 1772 1078 προδεικνυμένης
1795 1043 1832 1069 δι-

212 1093 284 1118 mus,
312 1085 442 1112 doctrina:
467 1086 564 1112 seriem
587 1090 613 1113 et
646 1088 871 1122 consequentiam
900 1088 996 1116 melius

1048 1087 1194 1118 δασκαλίας
1212 1088 1276 1122 ἡμῖν
1292 1087 1322 1113 τὸ
1345 1087 1500 1114 ἀκόλουθον.
1525 1087 1584 1122 Χρὴ
1610 1087 1697 1114 τοίνυν
1712 1087 1756 1114 τὸν
1771 1088 1832 1122 μέ).-

213 1132 419 1166 pcrspiciemus.
433 1131 550 1160 Necesse
578 1133 660 1167 igitur
673 1138 726 1165 est,
747 1142 808 1161 eum
825 1135 872 1169 qui
890 1135 923 1162 ad
943 1135 997 1162 vir-

1048 1132 1127 1159 λοντα
1143 1133 1210 1168 πρδς
1228 1133 1326 1169 ἀρετὴν
1345 1133 1462 1168 βλέπειν,
1482 1133 1613 1169 πρότερον
1629 1133 1678 1168 μὲν
1699 1133 1832 1167 διακρῖναι

211 1181 296 1204 tutcm
313 1185 373 1205 sese
387 1183 546 1206 convertere
566 1179 676 1214 cogitat,
696 1180 772 1214 prius
786 1180 942 1208 discernere
954 1188 995 1208 ra-

1049 1177 1094 1204 τὸν
1118 1177 1195 1211 λόγον
1219 1177 1264 1203 τόν
1287 1185 1316 1203 τε
1339 1177 1444 1203 ἀστεῖον
1467 1176 1514 1202 καὶ
1543 1176 1587 1203 τὸν
1609 1176 1742 1208 ὑπαίτιον,
1759 1175 1832 1206 ἰδίοις

213 1223 312 1250 tionem
331 1223 494 1255 honestatis,
509 1229 535 1251 et
551 1225 622 1258 ejus,
635 1233 694 1259 qum
709 1225 841 1252 honestati
856 1231 997 1261 repugnat,

1050 1222 1178 1258 ἑκάτερον
1207 1223 1475 1257 ἐπισημειωσάμενον
1503 1222 1706 1257 γνωρίσμασιν,
1735 1221 1772 1253 ὼς
1801 1221 1831 1247 ἂν

212 1268 332 1300 malitiae,
359 1268 460 1295 notatis
482 1269 599 1303 propriis
615 1269 758 1303 utriusque
775 1269 945 1301 diifercntiis,
971 1275 996 1297 nl

1050 1268 1201 1303 ἁσύγχυτος
1214 1268 1303 1295 αὐτῶν
1320 1270 1334 1295 ὁ
1347 1269 1424 1302 λόγος
1438 1269 1480 1303 εἴη
1495 1268 1588 1304 μηδενὶ
1603 1268 1656 1294 τῶν
1676 1266 1832 1294 κοινωνούν-

211 1314 382 1349 impermixta
400 1322 493 1342 carum
508 1315 583 1342 notio
599 1321 767 1349 permaneat,
780 1316 910 1351 nulloque
923 1324 995 1344 com-

1049 1322 1102 1340 των
1113 1314 1167 1349 (17)
1178 1314 1395 1349 ὲπιθολούμενος.
1404 1315 1507 1349 Σημεῖα
1516 1314 1543 1340 δὲ
1555 1313 1604 1348 τῆς
1612 1313 1740 1348 ἐκατέρου
1753 1313 1830 1348 (l7').

212 1361 349 1387 munionis
364 1360 479 1388 confusa
490 1361 627 1395 contagio.
644 1361 679 1387 At
696 1366 776 1393 notae,
798 1369 859 1397 quae
876 1362 996 1398 utrisque

1049 1359 1150 1385 τούτων
1172 1359 1301 1394 ἰδιότητάς
1329 1361 1386 1386 ἐστι
1403 1360 1452 1394 μὲν
1474 1359 1538 1390 ἴσως
1562 1359 1608 1384 καὶ
1629 1358 1696 1385 ἄλλα
1712 1358 1781 1384 τινά*
1799 1358 1833 1384 τὰ

211 1405 321 1440 proprie
343 1409 512 1440 competunt.
529 1405 629 1433 fuerint
644 1405 770 1433 fortassis
786 1411 812 1434 et
827 1407 896 1438 alite,
919 1411 995 1434 caete-

1049 1403 1076 1430 δὲ
1090 1403 1256 1440 γενικώτερα
1270 1404 1323 1430 τῶν
1338 1404 1434 1437 ἄλλων,
1450 1404 1520 1431 κατά
1535 1411 1566 1438 γε
1584 1404 1632 1439 τὴν
1651 1403 1719 1439 ἐμὴν
1734 1403 1832 1438 ὑπόλη-

211 1451 249 1478 ris
278 1455 378 1484 tamen,
406 1454 436 1478 ut
466 1451 531 1478 mihi
559 1451 721 1486 persuadeo,
743 1453 830 1487 magis
857 1453 995 1488 generales

1049 1452 1105 1487 ψιν,
1129 1451 1186 1477 ἔστι
1211 1451 1310 1477 ταῦτα·
1324 1451 1360 1476 Τὸ
1383 1449 1544 1486 μεμερίσθαι
1570 1450 1638 1485 πρὸς
1661 1449 1785 1484 αἴσθησίν
1803 1458 1832 1475 τε

211 1499 276 1524 sunt
297 1496 355 1523 ista:
372 1505 378 1522 :
396 1496 521 1523 videlicet
541 1497 707 1531 voluptatem
735 1501 761 1524 et
779 1497 995 1530 delectationem,

1049 1496 1095 1522 καὶ
1117 1496 1235 1522 διάνοιαν
1256 1495 1304 1530 τὴν
1326 1495 1501 1530 ἐγγινομένην
1525 1495 1580 1526 τοῖς
1602 1494 1752 1530 ἀνθρώποις
1769 1495 1832 1529 παρ’

211 1547 272 1575 quze
293 1540 450 1568 hominibus
477 1540 510 1567 ab
532 1540 599 1575 ipsis
613 1541 739 1576 obtingit,
756 1542 854 1576 partim
882 1543 916 1569 ad
935 1550 995 1569 sen-

1049 1542 1138 1568 αὺτῶν
1162 1542 1348 1577 εὐφροσύνην’
1372 1541 1422 1575 τῆς
1440 1541 1489 1576 μὲν
1505 1540 1602 1572 κακίας
1616 1540 1764 1575 ἡδυνούσης
1784 1541 1833 1575 τὴν

211 1594 282 1618 sum,
303 1586 401 1621 partim
418 1585 452 1613 ad
476 1587 597 1614 animum
622 1588 780 1622 pertinere;
805 1596 868 1615 nam
893 1589 995 1616 malitia

1049 1587 1183 1623 αἴσθησιν,
1199 1588 1248 1622 τῆς
1269 1587 1297 1613 δὲ
1316 1586 1417 1622 ἀρετῆς
1445 1586 1494 1621 τὴν
1516 1586 1603 1620 ψυχὴν
1628 1585 1830 1621 εὖφραινούσης.

211 1639 321 1659 sensum
333 1631 442 1666 quidem
456 1632 589 1665 oblectat;
606 1632 696 1660 virtus
711 1633 832 1660 animum
853 1634 995 1661 exhilarat.

1054 1634 1116 1660 Ἐπὶ
1132 1633 1235 1664 τούτοις
1255 1633 1287 1660 ἂν
1310 1632 1352 1668 εἴη
1371 1631 1514 1659 ἀκόλουθον
1533 1632 1565 1657 δι’
1581 1631 1717 1666 εὐφημίας
1732 1640 1762 1657 τε
1787 1631 1833 1657 7.21

211 1675 315 1708 Quibus
343 1683 515 1710 consequens
530 1681 572 1704 est
587 1680 616 1703 ut
633 1677 868 1706 commendatione
882 1682 909 1706 et
925 1680 995 1707 vitti-

1048 1679 1173 1713 διαϐολῆς
1198 1678 1246 1714 τὴν
1269 1678 1322 1704 τῶν
1347 1678 1498 1704 ἀκουόντων
1526 1676 1643 1703 διάνοιαν
1667 1677 1782 1711 ἁπάγειν
1804 1686 1832 1702 τε

212 1721 349 1755 peratione
371 1721 537 1749 audientium
558 1727 662 1751 mentes
677 1731 692 1750 a
710 1724 782 1751 vitiis
811 1725 920 1759 quidem
950 1726 996 1753 ab-

1050 1724 1095 1751 τοῦ
1123 1724 1253 1761 χείρονος,
1279 1723 1326 1750 καὶ
1353 1723 1540 1758 προσοικειοῦν
1564 1723 1603 1758 τῷ
1629 1723 1763 1758 βελτίονι·
1782 1723 1834 1757 τῆς

210 1770 389 1798 sterreantur.
405 1767 438 1794 ad
453 1768 582 1795 virtutem
597 1777 659 1796 vero
674 1769 849 1797 inducantur.
864 1771 994 1806 lmprobae

1050 1769 1099 1804 μὲν
1113 1768 1160 1795 τοῦ
1185 1767 1303 1804 πονηροῦ
1323 1768 1379 1803 βίου
1403 1769 1528 1804 διαϐολῆς
1543 1768 1574 1794 τὸ
1597 1769 1673 1803 μῖσος
1696 1768 1763 1804 πρὸς
1786 1767 1834 1802 ’θην

211 1811 283 1838 enim
310 1811 373 1839 vitae
389 1812 481 1839 odium
510 1813 651 1848 ingenerat
666 1814 788 1849 ejusdem
807 1816 995 1851 reprehensio.

1050 1815 1146 1841 κακίαν
1160 1813 1293 1849 φερούσης
1304 1822 1310 1828 ·
1331 1812 1376 1840 τοῦ
1396 1813 1424 1839 δὲ
1439 1813 1492 1840 τῶν
1507 1812 1616 1847 ἀγαθῶν
1632 1812 1753 1844 ἐπαίνου,
1766 1811 1834 1847 πρὸς

209 1858 244 1883 At
259 1857 408 1886 honestatis
425 1859 545 1887 laudatio
562 1860 729 1889 desiderium
744 1862 885 1889 meliorum
900 1870 993 1890 accen-

1050 1859 1077 1886 τὺ
1099 1860 1285 1895 εὐφημότερον
1301 1859 1349 1895 τὴν
1374 1859 1519 1894 ἐπιθυμίαν
1537 1858 1731 1893 ὲιρελκομὲνου.
1756 1858 1834 1884 Μετὰ

210 1901 259 1928 dit.
278 1902 376 1931 Postea
393 1909 421 1931 ut
439 1905 501 1932 vitae
516 1905 637 1938 honesta:
649 1908 850 1935 commendatio
861 1908 994 1936 eflicacior

1050 1905 1126 1932 τοῦτο
1153 1905 1181 1931 δὲ
1209 1905 1246 1936 ὼς
1272 1904 1304 1931 ἂν
1327 1905 1501 1940 ἐνεργότερον
1528 1904 1575 1931 τοῦ
1602 1904 1704 1939 ἀγαθοῦ
1725 1904 1781 1939 βίου
1804 1904 1834 1930 to

210 1947 355 1982 efﬁciatur,
378 1954 404 1977 et
437 1950 559 1978 vivacior
587 1952 772 1987 improbitatis
800 1954 994 1988 reprehensio,

1051 1948 1185 1984 ἐγκώμιον
1202 1949 1315 1983 γένοιτο,
1339 1949 1385 1975 καὶ
1407 1949 1591 1984 ὲμψυχὸτερος
1615 1950 1628 1975 ὁ
1650 1949 1696 1975 τοῦ
1715 1948 1835 1983 χείρονος

211 1994 313 2021 mentio
329 1994 452 2022 facienda
469 2000 511 2023 est
532 2004 637 2029 eorum,
656 1998 702 2033 qui
721 1998 831 2025 virtutis
847 1999 995 2033 pulchritu-

1049 1995 1140 2030 ψόγος,
1157 1994 1245 2021 αὐτῶν
1260 1995 1394 2030 προσήκει
1407 1995 1460 2021 τῶν
1475 1995 1504 2020 ὲν
1516 1995 1598 2030 ἀρετῇ
1614 1994 1833 2029 Θαυμασοέντων.

211 2040 274 2068 dine
292 2041 489 2074 excelluerunt,
517 2050 665 2077 eorumque
679 2044 726 2078 qui
742 2044 817 2072 vitiis
833 2048 859 2072 et
888 2044 995 2079 ﬂagitiis

1051 2041 1095 2067 καὶ
1110 2041 1163 2067 τῶν
1175 2041 1203 2067 ὲν
1220 2041 1302 2076 κακίᾳ
1317 2041 1548 2076 κατεγνωσμένων
1564 2041 1613 2075 τὴν
1631 2041 1738 2075 μνήμην
1758 2040 1835 2074 ποιή-

1103 2085 1115 2093 Λ
1180 2085 1208 2093 ιη
1235 2085 1240 2093 ι
1366 2085 1372 2091 ι
1512 2085 1525 2090 ο
1561 2084 1567 2093 1
1621 2085 1633 2091 ι-
1653 2083 1666 2093 ,Ι
1675 2092 1678 2093 ν
1710 2084 1724 2093 3!
1750 2081 1820 2093 §._hl

212 2086 399 2114 innotuerunt.
424 2087 551 2122 Exempla
576 2089 648 2116 enim
686 2089 857 2117 diversorum
888 2091 996 2117 vivendi

1052 2085 1156 2111 σασΘαι.
1180 2085 1319 2111 Ἐπίτασιν
1340 2085 1397 2120 γάρ
1416 2092 1477 2111 τινα
1494 2085 1544 2119 τῆς
1560 2084 1588 2109 ὲν
1604 2085 1635 2118 τῇ
1652 2083 1726 2118 ψυχῇ
1748 2081 1836 2109 διαθέ-

212 2140 339 2167 genernm
368 2138 430 2169 apte
444 2135 595 2169 proposita,
610 2135 692 2162 animi
709 2135 879 2163 aﬁ‘ectionem
898 2141 924 2163 et
940 2136 996 2164 dis-

1051 2141 1118 2163 σεως
1133 2133 1242 2166 ἐμποιεῖ
1265 2131 1310 2161 καὶ
1328 2131 1499 2166 βεϐαιότητα,
1517 2130 1688 2166 προφανέντα
1702 2129 1754 2155 τῶν
1770 2128 1835 2163 βίων

213 2178 374 2212 positionem
401 2180 545 2206 intendunt
560 2185 587 2207 ct
605 2181 755 2213 slabiliunt,
772 2189 820 2216 spe
836 2185 951 2208 mentem
965 2182 997 2209 ad

1051 2177 1082 2204 τὰ
1108 2177 1302 2212 ὑποδείγματα,
1322 2177 1389 2212 πρὸς
1413 2176 1460 2211 τὴν
1482 2175 1535 2202 τῶν
1559 2175 1677 2210 ἀρίστων
1691 2173 1835 2209 ὁμοτιμίαν

212 2225 312 2259 optima
328 2233 440 2260 qumque
467 2227 596 2254 sectanda
624 2231 651 2254 et
667 2227 781 2254 colenda
798 2227 950 2261 alliciente;
972 2233 996 2255 et

1052 2222 1098 2257 τῆς
1118 2223 1225 2254 ἐλπίδος
1244 2222 1293 2258 τὴν
1317 2221 1406 2257 ψυχὴν
1429 2220 1622 2255 ὲφελκομένης,
1651 2219 1698 2246 καὶ
1715 2218 1765 2253 τῆς
1788 2218 1836 2244 ἐπὶ

212 2270 423 2305 reprehensione
433 2278 526 2298 eorum
538 2271 584 2307 qui
597 2272 679 2299 vitam
697 2272 857 2307 ﬁagitiosam
873 2277 996 2308 egerunt,

1051 2268 1102 2294 τῶν
1119 2268 1349 2303 κατεγνωσμένων
1365 2267 1490 2302 διαδολῆς
1503 2266 1570 2301 πρὸς
1589 2265 1733 2300 ἀποφυγήν
1744 2272 1773 2290 τε
1787 2264 1835 2290 καὶ

213 2316 247 2343 ad
272 2316 365 2351 fugam
395 2320 422 2344 et
454 2317 664 2345 detestationem
688 2318 819 2346 similium
844 2319 997 2347 studiorum

1052 2314 1225 2348 ἀλλοτρίωσιν
1246 2313 1300 2340 τῶν
1320 2313 1420 2347 ὁμοίων
1447 2312 1669 2357 ἐπιτηδευμάτων
1697 2310 1836 2345 παιδοτρι-

212 2360 355 2388 erudiente
370 2365 396 2388 et
412 2361 552 2388 incitante.
568 2362 668 2390 Prmter
680 2363 737 2391 haec
760 2364 852 2391 omnia
869 2372 996 2392 necessa-

1050 2359 1157 2394 δούσης.
1173 2359 1245 2393 νἘπὶ
1260 2359 1327 2385 πᾶσι
1342 2358 1370 2384 δὲ
1386 2357 1489 2389 τούτοις
1502 2358 1648 2392 ἀναγκαῖον
1663 2357 1696 2383 ἂν
1711 2357 1752 2391 εἴη
1767 2356 1834 2392 πρὸς

211 2406 284 2433 rium
308 2408 371 2439 erit,
385 2406 530 2443 utrobique
549 2411 633 2435 totam
649 2409 763 2436 docendi
786 2410 918 2437 rationem
944 2411 995 2437 mi-

1052 2405 1178 2440 ἑκάτερον
1191 2404 1293 2430 τούτων
1316 2404 1471 2440 λεπτομερῆ
1493 2412 1553 2430 τινα
1570 2403 1742 2430 διδασκαλίαν
1757 2403 1836 2437 ποιή-

212 2453 306 2480 nutius
322 2453 400 2488 quasi
424 2454 562 2482 concisam
578 2454 735 2488 instituere;
748 2462 811 2482 nam
830 2455 871 2483 vel
886 2455 911 2482 id
926 2456 996 2490 quod

1051 2451 1158 2482 σασθαι,
1182 2451 1199 2486 ἢ
1228 2450 1275 2477 καὶ
1301 2450 1330 2476 τὸ
1360 2451 1481 2485 κρεῖττον
1503 2448 1635 2481 ὑποδείξει
1654 2448 1702 2475 καὶ
1719 2446 1835 2482 ἀποτρέ-

212 2501 317 2525 rectum
333 2502 360 2525 et
375 2499 788 2534 honestumestdemonstrabit;
805 2501 847 2528 vel
861 2509 876 2528 a
892 2502 996 2528 facino-

1051 2497 1092 2531 ψει
1119 2496 1174 2532 (18)
1201 2496 1249 2522 τοῦ
1269 2496 1408 2531 χείρονος·
1429 2495 1498 2530 πρὸς
1512 2494 1591 2521 τοῦτο
1615 2494 1663 2529 μὲν
1686 2494 1835 2528 ὑποθήκαις

212 2543 289 2571 ribus
310 2543 514 2578 dehortabitur;
545 2545 581 2572 ita
606 2548 635 2572 ut
650 2546 684 2573 ad
699 2546 764 2573 illud
789 2546 896 2581 quidem
912 2546 996 2573 docu-

1052 2543 1117 2569 rtatv
1144 2543 1190 2569 καὶ
1212 2542 1376 2578 συμϐουλαῖς
1398 2541 1531 2576 ὀδηγοῦσα
1550 2541 1598 2576 τὴν
1615 2541 1709 2575 ἀκοὴν,
1733 2539 1786 2566 ἀπὸ
1807 2539 1836 2565 δὲ

210 2589 313 2617 mentis
327 2589 492 2624 quibusdam
515 2594 541 2618 et
567 2591 679 2618 monitis
705 2591 782 2626 quasi
803 2599 884 2618 manu
915 2591 994 2618 ducal

1053 2588 1101 2615 τῶν
1130 2588 1259 2623 χειρόνων
1285 2587 1330 2614 διὰ
1357 2587 1410 2613 τῶν
1435 2585 1641 2622 ἁποτρεπτικῶν
1667 2584 1837 2620 ἀπείργουσα

210 2633 380 2668 auditorem;
398 2634 431 2661 ab
443 2635 615 2669 improbitate
629 2639 718 2662 autem
738 2636 862 2663 eumdem
878 2643 926 2670 per
936 2643 996 2663 scr-
1047 2634 1144 2668 λόγων.

213 2686 309 2707 mones
330 2679 364 2707 ad
376 2680 591 2708 debortationem
606 2681 743 2716 appositos
763 2680 890 2708 abducat.

250 2791 306 2825 (16)
318 2791 470 2827 Ε]1.οιη.ἡ.
502 2826 505 2827 ν
1009 2771 1012 2775 .

1009 2771 1012 2775 .
1169 2789 1236 2827 _Tt7n
1257 2788 1404 2827 ἑκατέρων,
1414 2788 1456 2816 ed.

252 2824 273 2861 (l
281 2827 306 2861 7)
324 2826 404 2856 Forte
420 2824 586 2855 κοίνούντων.

1087 2824 1144 2860 (IS)
1169 2824 1329 2860 ’Λποστήσει
1346 2824 1424 2851 forte.
