1986 3080
110 133 164 162 457

108 233 201 261 δεκτόν
218 234 277 259 ἐστι
292 234 325 268 τῇ
347 233 426 268 φύσει
450 234 504 260 πᾶν
516 233 546 260 τὸ
560 233 628 269 πρὸς
641 233 737 268 ἡδονὴν
750 232 896 268 ἀλλοτρίως

109 277 170 312 ἔχον
198 277 305 312 (ἡδονὴν
328 278 357 304 δὲ
383 278 454 312 λέγω
477 278 525 314 τὴν
544 278 591 304 τοῦ
614 278 738 314 σώματος
758 278 854 313 φίλην·
878 279 894 312 ἡ

109 324 163 358 γὰρ
190 324 241 358 τῆς
267 323 356 358 ψυχῆς
385 324 535 359 εὐφροσύνη
566 324 654 358 πολλῷ
680 324 718 359 τῷ
748 324 821 359 μέσῳ
847 324 895 359 τῆς

109 370 206 402 ἀλόγου
230 378 259 395 τε
287 369 334 396 καὶ
357 369 576 404 ἀνδραποδώδους
604 370 767 405 ἡδυπαθείας
791 369 896 404 ἀπῴκι-

110 415 180 448 σται)
195 415 269 448 (19)·
287 415 350 441 ἴδιον
372 415 400 441 δὲ
419 416 530 450 σημεῖον
546 414 675 450 ἑκατέρου
691 415 743 441 τῶν
761 415 835 449 βίων,
847 416 894 442 τοῦ

108 461 138 486 ὲν
155 461 238 496 ἀρετῇ
258 469 287 486 τε
309 461 357 487 καὶ
374 461 467 496 κακίᾳ,
489 461 566 487 τοῦτο
582 461 760 496 προλαϐόντες
777 462 896 496 ἐπέγνω-

111 515 160 542 μεν
174 506 242 541 (20),
262 506 303 532 ὃτι
315 506 358 533 διὰ
375 506 423 541 μὲν
433 508 482 542 τῆς
498 507 596 539 κακίας
623 507 797 534 κολακεύεται
817 507 894 543 ἡμῶν

109 553 144 578 τὰ
157 554 206 588 τῆς
230 552 329 587 σαρκὸς
353 552 560 587 αἱσθητήρια,ή
583 552 611 578 δὲ
634 552 716 587 ἀρετὴ
739 552 827 588 ψυχῆς
844 553 895 578 εὑ-

110 598 230 633 capas-3w]
262 599 317 629 τοῖς
353 597 539 633 κατορθώσασι
567 598 680 631 γίνεται.
708 599 769 630 Τοῖς
796 598 824 625 δὲ
847 597 894 625 νῦν

110 643 297 677 εἰσαγομένοις
312 643 380 678 πρὸς
395 643 439 670 τον
452 643 615 679 ὑψηλότερον
634 644 701 679 βίον,
721 641 761 675 οἷς
781 644 820 670 ἔτι
839 643 893 679 (21)

110 688 157 715 τοῦ
171 688 254 715 καλοῦ
263 689 402 724 κριτήριον
415 690 430 723 ἡ
445 689 568 724 αἴσθησις
578 688 646 715 εἷναι
657 690 738 721 δοκεῖ,
752 689 828 716 οὔπω
839 690 894 725 (22)

111 733 211 765 ἱκανῶς
226 734 281 768 ἔχει
297 734 415 768 καθορᾷν
430 734 459 760 τὸ
475 734 574 768 ἀγαθὸν
594 735 610 769 ὴ
628 734 709 770 ψυχὴ,
725 735 895 769 ἀγύμναστος

110 779 150 805 ἔτι
166 780 215 809 καὶ
227 779 313 814 ἀήθης
325 778 390 806 οὖσα
407 781 455 815 τῆς
470 780 595 815 τοιαύτης
610 780 806 814 κατανοήσεως.
825 781 894 816 Πρὸς

109 825 136 850 δὲ
151 825 180 850 τὸ
199 825 235 860 μὴ
251 825 448 860 γνωριζόμενον
464 826 545 858 ἅπαν,
561 826 612 853 κᾶν
625 828 665 853 ὅτι
683 826 797 861 μάλιστα
813 827 894 853 καλὸν

109 867 137 906 ᾖ,
155 870 282 904 ἀκίνητος
299 870 375 905 ἡμῶν
396 872 412 906 ἡ
436 871 567 906 ἐπιθυμία
591 871 676 907 μένει,
698 872 844 906 ἐπιθυμίας
866 872 893 899 δὲ

111 916 148 950 μὴ
165 916 404 952 τῖμῡπαρχούσῆς,
425 917 478 943 οὐδ’
495 917 526 944 ἂν
544 917 623 953 ἡδονή
641 926 681 948 τις
700 918 835 952 ἐγγένοιτο
847 918 893 944 τοῦ

110 963 147 998 μὴ
174 962 340 997 ποθουμένου
369 963 540 999 πράγματος,
561 963 618 995 ὁδὸς
637 964 691 998 γὰρ
709 965 748 996 εἰς
762 964 857 999 ἡδονὴν
880 965 893 991 ὁ

109 1007 192 1039 πόθος
205 1009 318 1042 γίνεται.
346 1009 513 1044 ᾍναγκαίως
531 1010 671 1045 ὲπινοῆσαί
689 1019 715 1036 τι
737 1010 788 1045 χρὴ
804 1010 894 1037 τοιοῦ-

109 1061 154 1078 τον
169 1054 223 1084 τοῖς
239 1054 319 1088 μήπω
334 1056 383 1089 τῆς
405 1055 543 1090 ἀκηράτου
566 1056 612 1082 καὶ
627 1055 700 1087 θείας
721 1057 816 1091 ἡδονῆς
832 1065 894 1090 γευ-

109 1099 246 1134 σαμένοις,
275 1101 308 1126 δι’
338 1097 368 1127 οὗ
393 1101 683 1136 συμπαραδεχθήσεται
713 1103 762 1137 τῆς
795 1103 893 1138 ἀρετῆς

107 1145 143 1171 τὰ
156 1145 319 1181 διδάγματα,
329 1147 372 1174 διά
384 1156 456 1178 τινος
469 1148 523 1174 τῶν
535 1148 584 1182 τὴν
598 1147 722 1182 αἴσθησιν
736 1148 895 1182 εὐφραινόν-

107 1200 162 1217 των
186 1192 369 1228 ἑφηδυνόμενα
388 1193 454 1228 (25),
481 1193 606 1228 καθάπερ
636 1193 681 1220 καὶ
710 1195 766 1224 τοῖς
791 1194 894 1228 ἰατροῖς

109 1239 196 1263 ποιεῖν
218 1237 340 1273 σύνηθες,
371 1239 434 1265 ὅταν
451 1248 476 1265 τι
501 1239 598 1274 πικρόν
620 1247 650 1264 τε
675 1239 722 1265 καὶ
745 1238 893 1274 δύσληπτον

107 1282 162 1309 τῶν
197 1283 382 1319 ἀλεξητηρίων
416 1285 569 1320 φαρμάκων
610 1284 742 1319 εὔληπτον
778 1284 881 1311 ποιοῦσι

107 1329 164 1360 τοῖς
180 1329 361 1364 ἀρρωστοῦσι,
381 1332 414 1365 τῇ
435 1329 481 1356 τοῦ
507 1331 613 1366 μέλιτος
633 1331 712 1366 ἡδονῇ
730 1331 894 1366 παραρτύον-

107 1382 161 1405 τες.
180 1374 211 1400 Εί
224 1375 252 1401 δὲ
266 1375 374 1406 τελείως
388 1377 454 1410 ἡμῖν
469 1377 485 1411 ἡ
505 1376 643 1412 εἰσαγωγὴ
658 1377 704 1403 τοῦ
718 1378 778 1403 κατ’
793 1377 893 1413 ἀρετὴν

109 1419 165 1454 βίου
181 1420 223 1446 διὰ
238 1420 291 1447 τῶν
307 1421 457 1456 εἰρημένων
468 1423 688 1458 τετεχνολόγηται
708 1423 774 1458 (24).
789 1423 826 1454 ὼς
838 1423 892 1450 δεῖν

107 1466 239 1501 πρότερον
262 1467 311 1502 μὲν
334 1467 380 1493 ἀπ’
397 1466 518 1502 ἀλλήλων
539 1468 654 1503 χωρίσαι
668 1468 703 1495 τὰ
718 1469 825 1495 ἐναντία
839 1469 892 1496 τῶν

804 133 837 160 IN
857 117 1033 160 PSALMOS.‘

143 187 252 216 Τούτων
261 188 289 214 δὲ
297 187 368 214 οὕτω
382 188 632 224 διευκρινηθὲντων,
649 188 741 224 ἐπειδὴ
757 188 895 222 δυσπαρὰ-
910 189 935 218 Α

1678 123 1729 151 458

982 196 1030 223 llis
1055 195 1128 222 hunc
1150 193 1178 221 in
1197 192 1307 220 modum
1327 190 1484 226 dijudicatis
1512 194 1540 232 et
1561 190 1729 222 constitutis,

947 249 1009 269 eum
1026 244 1131 267 natura:
1153 242 1255 266 nostra
1276 237 1388 265 omnino
1404 237 1545 264 adversum
1560 237 1607 270 sit,
1623 243 1729 263 onmem

947 287 1054 322 penitus
1072 286 1236 320 voluptatem
1253 283 1585 318 repudiare.(voluptatem
1597 282 1659 309 dico
1669 290 1724 309 cor-

947 333 1004 367 pori
1013 331 1179 366 jucundam;
1195 337 1257 357 nam
1269 329 1393 363 voluptas
1403 328 1486 355 animi
1499 328 1578 362 longo
1591 328 1731 354 intervallo

947 386 961 405 a
984 377 1099 406 rationis
1124 380 1235 411 experte
1262 378 1289 403 et
1312 374 1405 402 servili
1431 373 1609 401 delectatione
1625 373 1730 405 distat),

946 424 1082 459 propriam
1092 430 1156 450 vero
1168 426 1260 449 notam
1283 421 1427 455 utriusque
1442 419 1513 452 vitae,
1540 418 1609 452 ejus,
1626 419 1731 445 scilicet

946 477 1007 504 qua:
1021 468 1224 503 virtutiistudet,
1235 471 1262 494 et
1279 467 1348 501 ejus,
1360 473 1420 500 quae
1436 464 1605 499 improbitati
1621 464 1731 490 addicta

945 518 996 546 est,
1017 521 1099 549 supra
1126 512 1362 544 constituerimus,
1379 510 1452 545 quod
1477 510 1532 536 vita
1554 509 1627 536 vitiis
1639 509 1730 536 dedita

946 567 1044 588 sensus
1068 565 1217 593 eorumque
1242 565 1343 592 organa
1374 555 1542 588 demulceat;
1568 555 1621 580 vita
1640 558 1730 580 autem

946 605 1053 633 virtutis
1069 604 1192 632 studiosa
1207 607 1312 631 mentes
1325 606 1397 629 recte
1412 600 1549 635 agentium
1567 600 1693 627 oblectet.
1710 600 1731 627 li

945 658 1010 678 vero
1022 651 1068 685 qui
1085 649 1120 677 ad
1141 649 1327 677 sublimiorem
1353 648 1436 674 vitam
1467 649 1592 673 recenter
1619 645 1728 675 initiati,

946 695 1047 730 quibus
1059 694 1129 721 ratio
1143 693 1249 721 honesti
1263 691 1440 728 dignoscendi
1454 690 1542 718 adhuc
1553 690 1658 718 videtur
1669 698 1730 717 esse

946 748 1055 773 sensus,
1088 739 1246 767 inﬁrmioris
1284 743 1347 766 sunt
1371 738 1464 770 animi,
1500 745 1581 772 quam
1612 741 1641 763 ut
1663 737 1729 764 satis

947 786 1092 820 perspicue
1103 785 1273 812 honestatem
1294 783 1393 810 intueri
1408 783 1526 814 valeant,
1542 789 1603 809 cum
1615 786 1729 810 mentem

949 831 1038 857 adhuc
1051 829 1157 862 rudem,
1182 833 1207 855 et
1222 829 1248 855 in
1266 828 1421 862 hujusmodi
1445 828 1481 854 rei
1499 827 1729 862 contemplatione

949 875 1155 902 inexercitatam
1169 874 1304 905 habeant;
1318 877 1345 900 et
1359 873 1391 899 ad
1405 873 1430 899 id
1446 872 1519 907 quod
1535 873 1663 907 'ignotum
1676 876 1727 904 est,

945 921 1009 948 licet
1037 920 1251 955 pulcherrimum
1276 919 1322 951 sit,
1352 919 1462 945 immota
1491 922 1598 944 maneat
1623 920 1729 952 Semper

944 967 1058 1001 cupido;
1075 967 1148 993 nulla
1173 970 1263 992 autem
1285 965 1404 992 lmmana
1433 968 1571 999 praeeunte
1591 964 1727 998 cupidine,

946 1012 1020 1039 nulla
1036 1012 1116 1039 etiam
1134 1011 1280 1038 delectatio
1291 1010 1330 1037 rei
1349 1018 1401 1037 non
1414 1009 1575 1037 desiderata!
1588 1015 1729 1043 exsurgat:

945 1064 1008 1083 nam
1021 1057 1063 1083 via
1079 1056 1112 1083 ad
1124 1055 1330 1082 delectationem
1343 1059 1384 1082 est
1399 1055 1534 1089 cupiditas
1547 1063 1554 1087 ;
1571 1055 1670 1082 talibus
1685 1062 1729 1081 ne-

947 1102 1067 1129 cessario
1085 1101 1187 1136 aliquid
1201 1100 1355 1135 hujusmodi
1380 1100 1587 1134 excogitandum
1603 1105 1654 1132 est,
1682 1100 1726 1134 qui

945 1147 1060 1174 necdum
1080 1154 1154 1181 pura:
1166 1151 1192 1174 et
1208 1146 1304 1172 divina:
1320 1145 1394 1173 illius
1410 1145 1554 1179 voluptatis
1569 1149 1633 1171 sunt
1649 1152 1728 1179 capa-

944 1201 999 1226 ces,
1016 1201 1070 1228 quo
1097 1197 1226 1228 tanquam
1247 1192 1337 1219 medio
1361 1191 1471 1218 virtutis
1503 1191 1667 1218 documenta
1701 1196 1727 1218 et

944 1239 1069 1266 instituta
1090 1238 1170 1266 simul
1198 1238 1339 1272 percipere
1364 1241 1475 1272 queant,
1495 1238 1585 1272 aliquo
1612 1245 1644 1264 ex
1671 1237 1727 1264 illis

944 1292 1004 1320 quae
1023 1291 1134 1311 sensum
1170 1283 1303 1311 deliniant
1341 1283 1435 1310 suavia
1460 1283 1565 1310 effecta.
1593 1283 1672 1316 Quod
1702 1289 1728 1310 ct

943 1330 1057 1357 medicis
1075 1330 1102 1356 in
1115 1337 1190 1356 more
1202 1329 1320 1364 positum
1332 1333 1383 1361 est,
1398 1336 1459 1356 cum
1475 1336 1596 1356 amarum
1609 1331 1728 1363 potuque

943 1376 1120 1410 injucundum
1151 1375 1378 1402 medicamentum
1413 1382 1497 1402 suave
1523 1379 1548 1402 et
1577 1374 1727 1409 jucundum

943 1422 1052 1456 mgrotis
1080 1420 1211 1453 clliciuut,
1230 1421 1294 1448 dum
1309 1421 1374 1448 illud
1390 1421 1476 1448 mellis
1504 1421 1649 1448 dulcedine
1660 1428 1727 1448 con-

941 1465 1031 1494 diunt.
1051 1466 1078 1493 Si
1106 1466 1187 1500 igitur
1202 1465 1322 1500 perfecte
1352 1473 1366 1492 a
1394 1465 1474 1492 nobis
1493 1465 1589 1492 tradita
1606 1470 1648 1493 est
1667 1466 1728 1493 vitae

107 1511 340 1546 ἐπιτηδευμάτων,
358 1510 415 1539 εἶτα
432 1507 559 1548 ὲκάτερον
579 1513 666 1540 αὐτῶν
684 1514 721 1548 τῷ
744 1514 801 1549 ἰδίῳ
822 1523 892 1547 γνω-

946 1515 1045 1539 sancta:
1069 1511 1216 1543 institutio,
1234 1511 1370 1542 videlicet,
1391 1510 1463 1545 quod
1481 1503 1664 1538 necessarium
1681 1511 1726 1541 sit,

109 1555 220 1591 ρίσματι
236 1557 450 1592 σημειώσασθαι,
469 1559 515 1585 καὶ
532 1558 601 1594 μετὰ
620 1559 698 1586 τοῦτο
713 1560 742 1586 τὸ
759 1560 807 1594 μὲν
829 1561 892 1587 ἀπο-

107 1601 238 1636 σεμνύναι
259 1603 296 1636 τῷ
311 1603 391 1638 λόγῳ,
407 1604 436 1630 τὸ
450 1604 477 1630 δὲ
492 1604 606 1639 φευκτὸν
621 1605 652 1631 ἐκ
669 1605 793 1640 διαϐολῆς
806 1606 892 1641 ἁπερ-

105 1647 242 1680 γάσασθαι
253 1656 260 1663 ·
276 1650 331 1680 τοῖς
347 1657 376 1674 τε
389 1649 442 1676 τῶν
454 1650 596 1685 ἐπισήμων
609 1650 712 1686 ἀνδρῶν
727 1651 891 1686 ὑποδείγμα-

107 1701 149 1719 σιν
163 1694 314 1729 ἐπιρρῶσαι
331 1695 399 1729 πρὸς
414 1695 541 1730 ἑκάτερον
554 1695 602 1730 τὴν
618 1695 748 1727 διάνοιαν,
766 1697 814 1723 καὶ
832 1698 893 1729 ταῖς

107 1740 233 1773 μερικαίς
251 1739 401 1775 ὑποθήκαις
423 1741 471 1775 τήν
484 1749 514 1766 τε
529 1740 596 1775 πρὸς
607 1740 636 1766 τὸ
653 1741 752 1774 ἀγαθὸν
772 1741 891 1775 ἄγουσαν

105 1783 164 1810 ὁδὸν
181 1785 328 1818 ὑποδεῖξαι,
353 1786 399 1812 καὶ
418 1786 571 1821 ἀποτρέψαι
592 1786 639 1812 τοῦ
656 1787 790 1822 χείρονος·
815 1787 846 1814 τό
862 1796 891 1813 τε

105 1831 291 1865 κατεσκληκδς
305 1832 352 1858 καὶ
373 1832 506 1867 ἀνδρῶδες
525 1833 575 1867 τῆς
590 1833 699 1868 ἀρετῆς,
717 1833 765 1867 ἡδὺ
779 1835 890 1868 ποιῆσαι

105 1877 162 1906 τοῖς
189 1877 360 1911 νηπιάζουσι,
384 1878 428 1904 διὰ
453 1887 524 1909 τινος
547 1878 601 1905 τῶν
623 1878 820 1912 εὐφραινόντων
841 1879 890 1914 τὴν

105 1920 231 1956 αἴσθησιν
256 1923 332 1958 ἡμῶν
346 1923 566 1959 γλυκαινόμενον,
588 1924 682 1959 καιρὸς
701 1924 733 1951 ἂν
745 1924 786 1960 εἴη
807 1933 891 1951 κατα-

105 1969 212 2003 νοῆσαι,
228 1968 287 2000 πῶς
311 1969 354 1995 διὰ
376 1971 424 2004 τῆς
448 1969 631 2005 θεωρηθείσης
653 1969 754 2004 ταύτης
774 1970 893 2005 τεχνολο-

105 2011 180 2044 γίας,
192 2013 267 2039 ’πᾶσα
281 2015 416 2049 προῆκται
427 2015 493 2049 ἡμῖν
505 2015 520 2050 ἡ
533 2014 577 2041 διὰ
585 2014 638 2041 τῶν
645 2015 759 2050 ψαλμῶν
769 2015 893 2042 διδασκα-

105 2058 162 2090 λία,
197 2061 246 2094 τῆς
270 2068 300 2086 τε
324 2060 422 2092 κακίας
446 2061 611 2097 ἀπείργουσα
633 2062 680 2088 καὶ
701 2061 769 2098 πρὸς
792 2062 890 2097 ἀρετὴν

105 2104 287 2141 ἐφελκομένη.

943 1558 1019 1592 prius
1030 1564 1155 1591 separare
1172 1564 1186 1583 a
1207 1563 1236 1583 se
1251 1561 1346 1583 mutuo
1360 1556 1485 1591 opposita
1502 1556 1562 1583 vitae
1573 1563 1682 1591 genera,
1701 1561 1729 1583 et

943 1604 982 1631 sic
993 1604 1122 1638 deinceps
1136 1607 1283 1637 utrumque
1295 1603 1353 1630 suis
1364 1603 1436 1629 notis
1449 1603 1604 1630 discernere
1621 1606 1646 1629 et
1659 1601 1728 1629 deli-

943 1651 1013 1680 nire,
1028 1653 1054 1676 et
1070 1653 1126 1675 tum
1138 1649 1238 1676 docere
1251 1648 1365 1675 alterum
1377 1643 1499 1675 oratione
1513 1648 1680 1675 etIerendum
1700 1653 1728 1674 et

944 1694 1194 1726 cohonestandum;
1222 1694 1348 1726 alterum,
1373 1697 1401 1720 ut
1416 1693 1489 1728 quod
1513 1693 1606 1728 fugere
1623 1694 1728 1724 deceat,

943 1740 1144 1776 vituperatione
1164 1739 1333 1766 aﬁicicndum
1363 1746 1439 1771 esse;
1464 1740 1595 1773 exemplis
1622 1747 1730 1774 quoque

944 1786 1091 1813 illustrium
1124 1785 1244 1811 virorum
1272 1783 1474 1810 eontlrmaudas
1497 1787 1524 1810 et
1551 1784 1728 1810 concitandas

944 1834 1048 1858 mentes
1071 1830 1103 1856 ad
1120 1833 1273 1863 utrumque,
1304 1833 1330 1856 et
1359 1828 1523 1863 specialibus
1553 1829 1729 1856 documentis

943 1877 1024 1906 viam,
1037 1883 1097 1910 quae
1110 1875 1185 1902 ducit
1195 1874 1227 1901 ad
1244 1878 1357 1906 rectum,
1373 1874 1577 1906 ostendendam,
1591 1879 1618 1901 et
1634 1875 1666 1901 ab
1679 1875 1730 1901 im-

944 1921 1080 1956 probitate
1092 1919 1212 1946 animum
1225 1918 1431 1948 abducendum:
1445 1919 1610 1953 virtutisque
1625 1919 1729 1954 asperi-

942 1971 1034 1998 tatem,
1044 1969 1071 1993 et
1081 1966 1187 1993 virilem
1198 1965 1276 2000 quasi
1290 1965 1473 1996 severitatem,
1487 1966 1562 1992 velut
1577 1965 1728 1992 infantibus

942 2013 1157 2048 temperandam,
1173 2019 1276 2046 perque
1292 2011 1393 2045 aliquid
1411 2011 1483 2046 quod
1506 2011 1599 2038 sensui
1623 2018 1728 2045 graium

944 2059 990 2092 sit,
1015 2058 1190 2093 mitigandam
1211 2065 1290 2089 esse;
1320 2061 1426 2092 tempus
1452 2057 1507 2091 jam
1532 2057 1640 2091 exigere
1657 2057 1730 2083 vide-

944 2109 999 2138 tur,
1018 2108 1046 2132 ut
1062 2104 1249 2138 explanemus,
1277 2103 1416 2138 quomodo
1441 2102 1590 2130 secundum
1607 2107 1690 2129 artem
1701 2105 1731 2128 et

106 2151 241 2179 rationem
257 2151 433 2186 explicatam,
450 2152 549 2179 tradita
559 2153 637 2181 nobis
649 2153 684 2181 sit
696 2161 743 2188 per
766 2154 889 2183 Psalmos
919 2153 1009 2182 omnis
1037 2150 1173 2183 doctrina,
1197 2157 1257 2184 quae
1271 2157 1286 2176 a
1313 2149 1414 2176 malitia
1440 2156 1492 2176 nos
1511 2152 1625 2180 avertat,
1638 2152 1666 2175 et
1694 2147 1729 2174 all

106 2199 216 2227 virtutis
230 2200 349 2227 studium
366 2200 523 2228 inﬂammet.

377 2267 574 2295 ΚΕΦΛΛΑῙΟΝ
592 2267 628 2295 Ῑ’¹.

142 2348 254 2382 Πρῶτον
281 2347 386 2380 τοίνυν,
413 2348 444 2374 ἐκ
472 2348 525 2384 γὰρ
547 2348 601 2375 τῶν
630 2349 790 2376 τελευταίων
815 2351 896 2385 ἀρχό·

108 2393 177 2428 μεθα
192 2393 247 2428 (25)
261 2393 309 2428 τῆς
326 2392 483 2426 ἐξετάσεως,
500 2394 680 2429 σκοπήσωμεν
700 2395 748 2430 τὴν
763 2396 894 2428 ἐπίνοιαν,

105 2438 138 2464 δι’
154 2436 188 2473 ἧς
202 2437 273 2464 οὕτω
288 2438 408 2473 σκληρὰν
426 2447 456 2464 τε
472 2438 519 2465 καὶ
537 2438 658 2465 σύντονον
672 2437 753 2466 οὖσαν
766 2440 815 2475 τὴν
836 2440 895 2467 κατ’

107 2482 207 2518 ἀρετὴν
221 2482 366 2515 πολιτείαν,
383 2483 431 2518 τήν
455 2491 488 2510 τε
511 2483 564 2510 τῶν
588 2484 742 2520 μυστηρίων
766 2486 893 2520 αἰνιγμα-

106 2528 178 2562 τώδη
194 2528 376 2562 διδασκαλίαν,
393 2529 439 2555 καὶ
455 2529 502 2564 τὴν
513 2529 666 2565 ἀπόρρητόν
676 2539 705 2556 τε
716 2531 760 2556 καὶ
771 2538 854 2565 κεκρυ
859 2539 893 2566 μ-

109 2572 192 2608 μένην
210 2573 265 2608 (26)
279 2574 447 2608 δυσεφίκτοις
468 2573 625 2610 θεωρήμασι
647 2575 794 2609 θεολογίαν,
809 2575 893 2607 οὕτως

106 2618 239 2654 εὔληπτόν
255 2628 284 2646 τε
299 2620 344 2646 καὶ
354 2620 481 2654 γλυκεῖαν
498 2621 634 2656 ἐποίησεν,
648 2620 685 2652 ὡς
701 2621 738 2656 μὴ
756 2622 893 2656 μόνον’τε-

143 2708 200 2745 (19)
218 2708 391 2745 ξΥπέρκειται
406 2718 476 2737 unus
488 2709 560 2742 cod.;
577 2710 728 2745 ὑπόκειται,
743 2711 786 2739 ed.

144 2744 201 2777 (20)
217 2744 401 2778 Ἀπέγνωμεν.
413 2745 455 2772 ed.

146 2778 204 2812 (21)
218 2779 277 2804 Ἔτι
296 2785 350 2804 om.
363 2779 406 2806 ed.

146 2813 202 2849 (⁸32)
214 2812 301 2844 Οὕτω,
311 2812 354 2841 cI].

1247 2269 1360 2298 CAPUT
1380 2269 1423 2297 IIl.

979 2351 1117 2387 Principio
1142 2351 1224 2386 igitur
1250 2350 1283 2385 (a
1307 2349 1454 2386 postremis
1478 2349 1549 2377 enim
1573 2348 1729 2385 ordiemur)

945 2405 1056 2426 causam
1076 2396 1282 2430 indagubimus,
1301 2395 1336 2422 ob
1349 2403 1448 2430 quam,
1468 2402 1529 2421 cum
1546 2394 1613 2422 adeo
1628 2395 1682 2421 rita
1695 2402 1729 2421 ex

945 2445 1047 2472 virtute
1071 2447 1131 2470 acta
1158 2442 1274 2469 diﬂieilis
1298 2442 1334 2469 sit
1356 2445 1383 2468 et
1405 2441 1510 2474 ardua;
1538 2440 1728 2476 mysteriorum

946 2492 1037 2517 tamen
1064 2493 1091 2516 et
1113 2488 1268 2515 divinorum
1292 2490 1459 2514 secretorum
1483 2486 1680 2521 mnigmatieam
1703 2489 1727 2512 et

947 2535 1120 2562 umbratilem
1135 2534 1305 2565 doctrinam,
1322 2537 1348 2559 et
1364 2531 1599 2567 inexplicabilibus
1626 2531 1727 2558 involu-

947 2585 1002 2607 tam
1029 2579 1194 2615 tegumentis
1219 2578 1401 2613 theologicam
1427 2577 1648 2608 institutionem,
1674 2579 1728 2602 tam

948 2626 1054 2653 facilem
1069 2630 1149 2660 captu
1165 2628 1189 2652 el
1203 2624 1353 2659 jucundam
1371 2623 1509 2656 ellecerit,
1526 2626 1555 2649 ut
1577 2630 1630 2649 non
1648 2621 1728 2648 modo

983 2713 1039 2746 (25)
1053 2712 1134 2740 Forte
1145 2714 1187 2746 ἐφ’
1200 2709 1221 2746 ᾧ
1236 2711 1396 2746 ἡδυνόμεθα.

985 2747 1041 2780 (Eli)
1055 2747 1134 2774 Forte
1144 2747 1350 2782 τεχνολογεῖται.

984 2783 1040 2816 (25)
1062 2783 1090 2808 ’Λ
1095 2782 1230 2817 ρχώμεθα,
1247 2783 1278 2808 cli
1284 2801 1290 2807 .

983 2817 1038 2851 (:26)
1054 2817 1236 2852 Κεκριμένην,
1247 2817 1290 2844 ςιΙ.
