1986 3080
260 164 312 194 439

260 223 311 251 viri
326 221 463 258 perfecti,
478 225 504 249 et
526 221 627 256 quibus
640 221 697 256 jam
719 220 803 248 animi
825 227 905 248 sensa
928 227 1041 255 perpur-
1055 223 1079 251 Α

259 273 321 304 gata
337 272 420 302 sunt,
435 268 617 295 eruditionem
641 267 711 294 hanc
730 269 921 302 assequamur,
946 266 992 293 sed
1011 269 1043 292 ut

258 314 381 342 eamdem
395 317 423 341 et
440 313 567 341 mulieres
583 312 635 340 sibi
653 317 780 347 tanquam
797 313 939 347 propriam
952 311 1041 338 vindi-

258 363 339 392 cent;
356 348 584 394 Iinfantibusque,
607 358 818 393 crepundiorum
838 346 942 390 instar;
961 357 1040 385 volu-

258 409 361 441 ptatem
378 406 465 441 pariat
480 414 487 439 ;
502 409 529 432 et
543 404 689 439 decrepitis
703 404 794 432 baculi
816 409 842 431 et
857 403 957 439 quietis
979 403 1046 431 loco-

258 453 400 486 obtingat;
415 451 453 478 illi
471 459 552 484 vero,
568 451 668 486 quibus
690 455 755 478 aetas
778 450 867 486 viget,
887 450 968 484 hujus
992 449 1040 477 do-

258 499 354 525 ctrinm
366 497 466 524 donum
481 504 562 525 suum
578 504 641 524 esse
653 496 810 523 existiment
823 504 830 529 ;
849 495 872 523 is
887 499 976 522 autem
993 495 1040 530 qui

258 543 331 570 tristi
348 546 390 570 est
407 542 497 569 animo
512 545 539 568 et
555 541 625 568 male
642 540 738 569 aﬂ'ecto
754 541 790 568 ob
803 544 931 568 eventum
948 546 1041 575 quem-

257 589 348 623 piam,
372 592 483 622 propter
506 596 536 615 se
559 587 702 622 scriptura:
727 586 808 621 hujus
831 586 946 621 gratiam
971 585 1041 612 divi-

258 633 333 660 nitus
353 633 464 660 missam
485 639 545 659 esse
569 632 671 659 credat.
693 631 733 658 Ad
751 631 826 663 haec,
848 631 896 665 qui
918 630 970 658 iter
992 637 1041 657 seu

259 681 331 703 terra
356 684 404 704 seu
426 677 494 703 mari
514 676 636 708 faciunt,
655 676 758 711 quique
777 675 946 702 sedentarias
967 677 1041 701 altcs

259 726 406 753 exercent,
430 725 457 749 et
481 725 510 748 ut
533 729 589 749 rem
613 721 642 748 in
661 728 747 756 pauca
767 720 922 752 conferam,
945 727 1046 747 omnes

258 772 312 794 tam
329 768 382 794 viri
396 775 477 802 quam
499 767 646 799 mulieres,
667 766 850 801 quodcunque
870 766 930 792 vita
955 773 1041 800 genus

259 816 408 845 sectentur,
425 812 490 847 aegri
507 812 588 839 simul
610 819 642 838 ac
666 811 752 844 ﬁrmi,
779 812 909 838 damnum
932 818 961 838 sc
986 812 1040 845 pati

258 858 440 890 arbitrantur,
457 858 481 886 si
499 865 552 885 non
569 864 676 892 semper
692 857 720 884 in
739 864 787 884 ore
808 856 951 883 sublimem
970 856 1040 883 hanc

260 903 460 930 institutionem
485 902 688 930 circumferant.
707 901 766 928 Jam
787 909 851 929 vero
872 905 899 928 et
915 901 1040 928 convivia
1056 890 1078 919 Β

260 954 286 974 et
302 948 435 983 nuptiales
449 948 600 975 hilaritates
613 948 811 982 philosophiam
830 946 915 980 hanc,
931 950 962 973 ut
976 953 1040 981 ναικ-

261 999 315 1021 tem
333 995 449 1026 lzetitiae,
465 994 522 1022 suis
537 993 754 1028 jucunditatibus
770 993 925 1024 asciscant,
949 995 979 1018 ut
999 996 1042 1018 ta-

261 1047 373 1067 ceamus
388 1039 508 1067 divinam
525 1039 600 1065 illam
618 1038 645 1065 in
662 1038 805 1065 nocturnis
826 1036 977 1072 pervigiliis
995 1044 1043 1071 per

258 1085 380 1119 psalmos
395 1085 501 1112 institui
517 1084 627 1111 solitam
644 1083 819 1118 hymnodiam
833 1103 840 1114 ,
859 1082 1049 1117 Ecclesiaeque'

259 1130 288 1157 in
315 1130 359 1158 his
387 1129 564 1157 decantandis
587 1131 742 1156 accuratam
767 1127 950 1156 sedulitatem.

295 1208 362 1240 Quae
378 1208 459 1242 igitur
473 1213 556 1235 causa
570 1205 715 1234 inetiabilis
731 1205 803 1231 illius
816 1204 975 1238 voluptatis,
992 1211 1046 1238 qua

259 1258 357 1282 cantus
371 1261 437 1281 suos
452 1260 567 1288 magnus
576 1251 662 1279 David
675 1251 794 1286 perfudit
807 1259 814 1283 ;
829 1251 864 1278 ob
878 1257 959 1284 quam
976 1249 1045 1276 adeo

258 1304 336 1336 grata
357 1305 383 1327 et
397 1304 506 1334 accepta
518 1302 560 1326 est
584 1298 745 1326 mortalibus
770 1297 938 1324 Psalmorum
961 1296 1045 1323 disci-

258 1346 357 1382 plina?
382 1345 511 1372 Fortasse
533 1343 619 1371 cuivis
643 1347 799 1378 promptum
821 1341 903 1369 fuerit
935 1348 1046 1368 causam

258 1393 362 1424 dicere,
372 1397 484 1426 propter
497 1397 580 1425 quam
590 1388 658 1416 adeo
668 1388 844 1419 delectamur,
857 1394 918 1414 cum
930 1386 963 1414 ad
973 1386 1048 1413 Psal-

259 1446 321 1466 mos
335 1445 427 1465 curam
442 1440 470 1464 et
486 1434 677 1470 cogitationem
693 1433 887 1461 convertimus.
897 1431 1047 1460 Verborum

259 1485 332 1512 enim
363 1483 509 1510 melodiam
536 1485 682 1516 aptamque
703 1479 916 1507 concinnitatem
936 1485 1048 1505 causam

260 1537 333 1562 csse,
342 1535 392 1555 cur
403 1531 478 1554 tanta
493 1526 592 1553 mentis
605 1524 750 1552 dulcedine
760 1523 856 1551 deillis
869 1523 1045 1550 disseramus.

260 1574 318 1609 Ego
327 1580 403 1605 vero,
417 1572 469 1600 etsi
479 1572 505 1599 id
522 1579 614 1598 verum
628 1577 690 1598 esse
704 1569 800 1597 lubens
812 1568 909 1601 fateor,
921 1567 1048 1595 existimo
1061 1557 1082 1587 (ἶ

261 1625 352 1647 tamen
363 1619 415 1646 hoc
427 1619 516 1653 ipsum
528 1624 583 1644 non
597 1615 815 1651 praetereundum
825 1634 832 1647 ,
843 1615 891 1642 sed
904 1614 1048 1648 diligenter

261 1664 462 1693 discutiendum
473 1671 545 1691 esse.
558 1662 672 1689 Videtur
686 1662 758 1689 enim
774 1661 863 1695 majus
877 1659 1006 1695 quiddam
1021 1665 1048 1687 et

261 1709 439 1745 praestantius
463 1707 597 1736 insinuari
621 1715 702 1742 quam
731 1706 808 1733 multi
833 1705 976 1740 judicent,
1000 1712 1048 1738 per

261 1755 463 1791 philosophiam
479 1755 506 1781 in
518 1754 634 1782 melodia
648 1754 849 1787 verborumque
861 1751 1048 1779 modulatione

262 1803 354 1830 sitam.
372 1801 444 1835 Quid
465 1801 548 1837 igitur
570 1805 629 1834 est,
650 1800 725 1836 quod
740 1799 824 1826 volo?
844 1798 942 1826 Audivi
958 1805 1048 1833 quem-

261 1849 324 1876 dam
339 1856 372 1876 ex
388 1848 542 1883 sapientum
558 1855 689 1879 numero,
706 1853 768 1874 cum
784 1845 818 1872 de
834 1848 931 1872 natura
948 1850 1045 1871 nostra

262 1894 417 1926 dissereret,
427 1893 560 1921 atlirmare
568 1893 704 1920 hominem
713 1899 774 1919 esse
781 1890 895 1926 parvum
902 1889 1031 1917 mumdum
1038 1909 1044 1920 ,

261 1940 354 1966 omnia
369 1940 396 1966 in
411 1947 440 1967 se
455 1940 677 1974 complectentem
691 1958 698 1970 ,
714 1945 774 1972 quae
788 1937 815 1964 in
831 1943 930 1971 magno
945 1935 1048 1962 mundo

263 1986 449 2020 reperiuntur.
472 1985 506 2012 At
528 1984 648 2012 universi
671 1983 755 2017 hujus
776 1981 920 2016 dispositio
941 1980 1047 2008 musica

262 2032 387 2068 quaedam
405 2031 546 2058 harmonia
561 2034 588 2058 ct
604 2029 793 2057 convenientia
808 2031 864 2058 est,
887 2025 1047 2054 multiformi

263 2077 381 2111 quodam
397 2077 529 2110 varioque
542 2075 639 2102 ordine
652 2078 679 2101 et
695 2073 880 2100 concinnitate
893 2078 985 2099 secum
1000 2078 1047 2097 co-

262 2125 372 2161 pulata,
386 2123 493 2158 sibique
511 2123 571 2157 ipsa
586 2120 782 2152 consentiens;
804 2127 820 2146 a
840 2126 894 2153 quo
912 2122 1047 2145 concentu

262 2171 339 2198 nullo
351 2176 470 2209 unquam
483 2174 604 2203 tempore
618 2166 696 2194 avelli
711 2169 815 2200 potest,
831 2165 893 2191 licet
906 2163 1047 2197 multiplex

889 164 918 191 S.
938 161 1105 191 GREGORII'
1113 162 1260 192 NYSSENI

1845 157 1882 186 ιο

1091 220 1172 252 λείοις
1184 219 1294 255 ἀνδράσι
1308 218 1364 249 τοῖς
1377 217 1428 252 ἤδη
1445 213 1659 250 κεκαθαρμένοις
1675 212 1708 239 τὰ
1727 213 1778 248 τῆς
1790 212 1879 248 ψυχῆς

1091 267 1253 302 αἰσθητήρια
1270 265 1319 300 τὴν
1337 262 1509 290 διδασκαλίαν
1533 259 1634 295 ταύτην
1664 258 1878 292 σπουδάζεσθαι,

1091 312 1158 339 ἀλλὰ
1181 310 1292 345 καὶτῆς
1313 306 1528 342 γυναικωνίτιδος
1546 305 1610 331 ι’διον
1634 302 1759 338 γενέσθαι
1776 304 1879 338 κτῆμα,

1092 357 1138 384 καὶ
1150 356 1256 392 νηπίοις
1272 354 1310 387 ὥς
1326 363 1353 381 τι
1371 353 1424 380 τῶν
1439 351 1602 388 ἀθυρμάτων
1616 349 1711 386 ἡδονὴν
1719 349 1820 384 φέρειν,
1832 349 1880 376 καὶ

1091 404 1146 434 τοῖς
1167 400 1405 437 παρηλικεστέροις
1434 398 1488 433 (27)
1510 396 1570 423 ἀντὶ
1598 395 1747 431 βακτηρίας
1773 403 1803 421 τε
1831 395 1881 422 καὶ

1091 447 1270 478 ἀναπαύσεως
1285 445 1416 481 γίνεσθαι,
1433 444 1478 470 τόν
1494 451 1524 469 τε
1542 441 1763 477 φαιδρυνόμενον,
1780 439 1879 466 ἑαυτοῦ

1091 494 1210 530 νομίζειν
1236 491 1303 519 εἶναι
1328 492 1376 526 τῆς
1404 489 1577 519 διδασκαλίας
1599 487 1700 522 ταύτης
1723 487 1753 513 τὸ
1775 486 1861 521 δῶρον
1870 493 1882 500 ’λ

1091 539 1137 566 καὶ
1153 539 1198 566 τὸν
1212 537 1380 574 σκυθρωπῶς
1395 538 1427 563 ὲκ
1447 534 1631 570 περιστάσεως
1652 533 1830 568 διακείμενον,
1845 531 1880 558 δι’

1091 585 1171 612 αὐτὸν
1186 584 1289 611 οίεσθαι
1307 583 1356 618 τὴν
1370 581 1496 616 τοιαύτην
1516 580 1566 615 τῆς
1587 579 1697 615 γραφῆς
1712 578 1790 614 χάριν
1805 577 1879 604 δεδό-

1092 631 1163 658 σθαι.
1185 627 1399 664 Ὀδοιποροῦντές
1427 635 1457 653 τε.
1481 625 1549 662 πρὺς
1575 625 1679 655 τούτοις
1704 624 1750 650 καὶ
1778 622 1878 649 θαλατ-

1090 677 1213 708 τεύοντες
1238 675 1391 710 ἅνθρωποι,
1416 673 1432 707 ἡ
1454 679 1524 698 τισιν
1549 670 1710 705 ἐπιδιφρίοις
1737 668 1879 703 ἐργασίαις

1091 721 1364 758 προσασχολούμενοι,
1393 719 1438 745 καὶ
1461 717 1560 748 πάντες
1586 716 1642 751 (2‘!)
1663 714 1829 747 ἁπαξαπλῶς
1849 714 1881 740 ὲν

1091 770 1174 796 πᾶσιν
1199 767 1408 802 ἐπιτηδεύμασιν
1434 764 1529 799 ἄνδρες
1557 771 1586 789 τε
1613 761 1658 788 καὶ
1683 761 1822 795 γυναῖκες,
1848 760 1878 785 ὲν

1093 815 1171 850 ὑγεία
1185 823 1213 841 τε
1231 814 1278 840 καὶ
1292 811 1441 847 ἀρρωστίᾳ,
1454 809 1554 844 ζημίαν
1570 806 1718 838 ποιοῦνται,
1733 806 1763 831 τὸ
1781 805 1818 841 μὴ
1833 805 1882 831 διὰ

1093 860 1225 895 στόματος
1249 858 1297 893 τὴν
1325 856 1428 892 ὑψηλὴν
1452 855 1553 889 ταύτην
1579 852 1749 880 διδασκαλίαν
1775 851 1876 885 φέρειν.

1095 905 1164 939 Ἤδη
1181 904 1210 930 δὲ
1234 903 1281 929 καὶ
1298 903 1332 928 τὰ
1353 901 1499 937 συμπόσια,
1519 899 1566 926 καὶ
1589 900 1617 925 at
1633 896 1749 932 γαμικαὶ
1771 896 1879 930 φαιδρό-

1093 958 1181 985 τητες,
1199 949 1236 981 ὡς
1254 948 1335 983 μέρος
1357 946 1523 982 εὐφροσύνης
1544 944 1592 980 τὴν
1607 943 1763 979 φιλοσοφίαν
1779 942 1879 976 ταύτην

1094 997 1122 1023 ἐν
1149 996 1208 1026 ταῖς
1234 993 1376 1029 θυμηδίαις
1402 991 1669 1027 παραλαμὸάνουσιν,
1685 989 1727 1015 ἵνα
1750 987 1883 1022 παρῶμεν

1093 1041 1142 1075 τὴν
1156 1040 1243 1066 ἔνθεον
1265 1040 1293 1064 ἐν
1314 1038 1375 1068 ταῖς
1399 1035 1540 1070 παννυχίσι
1558 1034 1601 1061 διὰ
1617 1033 1718 1060 τούτων
1734 1032 1878 1068 ὑμνῳδίαν.

1094 1087 1140 1113 καὶ
1158 1085 1211 1112 τῶν
1236 1078 1385 1119 ἐκκλησιῶν
1408 1079 1628 1115 ἐσπουδασμένην
1642 1080 1670 1106 ὲν
1689 1078 1792 1109 τούτοις
1807 1077 1881 1111 φιλο-

1097 1140 1199 1166 σοφιαν.

1131 1210 1178 1241 Τίς
1193 1209 1239 1236 οὖν
1250 1209 1266 1243 ὴ
1279 1208 1384 1235 ἐπίνοια
1403 1207 1452 1242 τῆς
1472 1207 1610 1242 ἀφράστου
1627 1205 1728 1240 ταύτης
1746 1203 1793 1230 καὶ
1807 1202 1883 1233 θείας

1096 1256 1202 1292 ἡδονῆς,
1217 1255 1249 1290 ἢν
1264 1254 1375 1289 κατέχεε
1389 1253 1442 1280 τῶν
1458 1253 1628 1287 διδαγμάτων
1651 1251 1664 1277 ὁ
1687 1250 1772 1285 μέγας
1788 1248 1880 1279 Δαδὶδ,

1095 1301 1139 1328 διὰ
1159 1299 1192 1337 ἧς
1217 1300 1287 1326 οὕτω
1315 1299 1426 1334 γέγονεν
1448 1298 1648 1333 εὐπαράδεκτον
1675 1297 1709 1331 τῇ
1731 1295 1809 1330 φύσει
1828 1293 1886 1320 τῶν

1097 1347 1246 1382 ἀνθρώπων
1270 1345 1301 1372 τὸ
1325 1345 1455 1380 μάθημα;
1478 1345 1620 1380 πρόχειρον
1641 1343 1690 1378 μὲν
1713 1342 1778 1372 ἴσως
1803 1339 1886 1366 παντὶ

1098 1393 1182 1419 εἰπεῖν
1196 1391 1244 1427 τὴν
1261 1391 1359 1421 αἰτίαν,
1380 1389 1439 1416 καθ’
1455 1390 1488 1424 ἢν
1509 1390 1537 1416 ὲν
1558 1389 1637 1424 ἡδονῇ
1651 1387 1699 1423 τὴν
1724 1388 1752 1413 ὲν
1779 1386 1885 1416 τούτοις

1100 1438 1212 1473 μελέτην
1228 1435 1384 1472 ποιούμεθα·
1403 1435 1432 1461 τὸ
1447 1435 1502 1469 γὰρ
1522 1433 1647 1469 μελῳδεῖν
1664 1433 1697 1459 sit
1712 1432 1830 1468 ῥήματα,
1844 1429 1887 1455 εί-

1099 1493 1144 1511 ποι
1157 1494 1198 1516 τις
1211 1484 1243 1511 ἂν
1255 1485 1339 1510 αἴτιον
1361 1481 1429 1508 εἶναι
1453 1480 1500 1507 τοῦ
1525 1479 1582 1515 μεθ’
1595 1478 1689 1514 ἡδονῆς
1704 1477 1767 1512 περὶ
1783 1475 1886 1502 τούτων

1099 1532 1232 1564 διεξιέναι.
1256 1530 1325 1564 Ἐγὼ
1342 1529 1370 1555 δὲ
1390 1527 1442 1554 κᾶν
1455 1523 1578 1561 ἀληθὲςῇ
1594 1524 1682 1558 τοῦτο,
1698 1522 1769 1557 φημὶ
1779 1521 1832 1547 δεῖν
1847 1519 1891 1556 μὴ

1100 1577 1220 1613 παριδεῖν
1246 1575 1408 1610 ἀθεώρητον.
1421 1573 1512 1599 Ἔοικε
1535 1571 1589 1606 γὰρ
1613 1569 1702 1604 μεῖζόν
1724 1567 1792 1613 τι,
1814 1566 1889 1613 κατὰ.

1098 1625 1146 1660 τὴν
1168 1623 1223 1650 τῶν
1242 1620 1345 1648 πολλῶν
1361 1619 1478 1646 διάνοιαν
1502 1614 1708 1651 ὑποσημαίνειν,
1732 1613 1748 1648 ή
1769 1611 1813 1638 διὰ
1836 1609 1888 1644 τῆς

1100 1655 1229 1704 μελῳδίας
1249 1664 1399 1701 φιλοσοφία.
1415 1663 1447 1689 Τί
1470 1660 1515 1688 οὖν
1540 1661 1612 1687 ἐστιν
1629 1659 1643 1684 ὂ
1663 1657 1747 1692 φημί,
1763 1655 1890 1682 Ἤκουσα

1097 1722 1168 1745 τινος
1182 1712 1236 1740 τῶν
1251 1711 1340 1747 σοφῶν
1354 1711 1398 1738 τὸν
1412 1709 1477 1746 περὶ
1493 1708 1542 1743 τῆς
1559 1707 1664 1742 φύσεως
1681 1704 1758 1740 ἡμῶν
1778 1702 1889 1735 διεξιόν-

1097 1769 1142 1792 τος
1160 1759 1249 1793 λόγον,
1261 1759 1302 1785 ὃτι
1320 1756 1415 1792 μικρός
1438 1764 1479 1786 τις
1503 1753 1602 1787 κόσμος
1618 1750 1690 1777 ἐστὶν
1705 1750 1718 1775 ὁ
1733 1749 1891 1793 ἄνθρωπος,

1099 1791 1186 1833 πάντα
1197 1791 1265 1840 ἔχων
1281 1804 1309 1829 ὲν
1321 1791 1416 1836 γὲαυτῷ
1427 1800 1460 1827 τὰ
1478 1798 1525 1826 τοῦ
1549 1797 1666 1833 μεγάλου
1681 1795 1793 1829 κόσμου.
1813 1793 1846 1818 Ἦ
1858 1791 1889 1817 δὲ

1097 1851 1144 1878 τοῦ
1167 1838 1267 1880 παντὸς
1288 1848 1475 1882 διακόσμησις,
1495 1843 1611 1880 ἁρμονία
1628 1843 1668 1873 τίς
1689 1841 1747 1866 ἐστι
1771 1838 1890 1874 μουσικὴ

1098 1893 1242 1924 πολυειδῶς
1258 1894 1304 1920 καὶ
1321 1891 1449 1922 ποικίλως
1471 1889 1542 1916 κατά
1559 1896 1618 1914 τινα
1635 1885 1710 1918 τάξιν
1729 1886 1776 1911 καὶ
1788 1882 1890 1918 ῥυθμὸν

1099 1937 1166 1972 πρὸς
1182 1935 1279 1971 ἑαυτὴν
1295 1934 1466 1970 ἡρμοσμένη,
1488 1933 1534 1959 καὶ
1556 1932 1639 1966 ἑαυτῇ
1665 1929 1824 1964 συνᾴδουσα,
1841 1927 1891 1952 καὶ

1100 1982 1233 2018 μηδέποτε
1257 1981 1312 2016 (“2.9)
1328 1980 1376 2014 τῆς
1397 1977 1555 2013 συμφωνίας
1580 1975 1681 2010 ταύτης
1702 1971 1892 2007 διασπωμένη,

1098 2028 1121 2053 εἰ
1136 2027 1181 2053 καὶ
1196 2025 1279 2060 πολλή
1300 2033 1342 2056 τις
1359 2025 1388 2050 ἐν
1409 2024 1465 2054 τοῖς
1490 2021 1549 2048 καθ’
1562 2020 1674 2046 ἕκαστον
1695 2019 1712 2052 ἡ
1733 2017 1786 2044 τῶν
1805 2016 1892 2042 ὅντων

1097 2072 1211 2107 διαφορὰ
1225 2071 1376 2106 θεωρεῖται.
1393 2066 1453 2095 Οἷον
1473 2068 1525 2102 γὰρ
1543 2067 1588 2093 ἐπὶ
1602 2065 1648 2092 τοῦ
1664 2064 1800 2100 πλήκτρου
1817 2062 1894 2095 γίνε-

1097 2127 1141 2144 ται
1154 2117 1200 2144 τοῦ
1215 2115 1347 2150 τεχνικῶς
1359 2114 1510 2149 ἁπτομένου
1528 2112 1580 2138 τῶν
1597 2111 1690 2143 τόνων,
1708 2109 1754 2135 καὶ
1769 2108 1799 2134 τὸ
1811 2107 1893 2142 μέλος

1098 2162 1126 2188 ὲν
1151 2162 1184 2196 τῇ
1199 2160 1319 2195 ποικιλίᾳ
1338 2159 1392 2185 τῶν
1414 2158 1540 2192 φθόγγων
1566 2155 1747 2191 προάγοντος,
1772 2152 1808 2183 ὠς
1832 2151 1891 2185 εἴτε

262 2218 300 2246 sit
314 2218 341 2244 in
354 2207 473 2251 singulis
487 2221 580 2242 rerum
598 2212 743 2247 generibus
755 2210 909 2238 diﬂ‘erentia
921 2213 949 2236 et
963 2213 1047 2235 nuitu-

1101 2207 1237 2243 μονοειδής
1251 2214 1293 2237 τις
1307 2206 1335 2232 ὲν
1348 2206 1429 2231 πᾶσιν
1449 2205 1462 2230 ὁ
1476 2203 1591 2237 φθόγγος
1605 2200 1650 2236 ἦν»
1661 2200 1713 2226 οὐδ’
1729 2199 1761 2225 ἂν
1776 2197 1894 2232 συνέστη

1241 2252 1245 2254 Α
1296 2252 1309 2254 ..
1391 2250 1402 2254 ,ι
1511 2249 1516 2254 ι
1545 2249 1551 2254 ι
1605 2247 1617 2252 ~
1697 2246 1712 2254 ιι
1786 2245 1824 2254 1,,
1835 2252 1843 2254 Α
1863 2244 1873 2254 ι
1891 2251 1894 2254 .

263 2264 312 2291 tio.
334 2262 411 2296 Quod
426 2261 498 2288 enim
521 2261 549 2287 in
570 2259 672 2293 plectro
697 2264 744 2284 seu
770 2256 971 2286 instrumento,
993 2262 1048 2289 quo

262 2309 387 2335 musicus
403 2307 502 2338 utitur,
517 2304 652 2338 contingit
662 2323 669 2335 ,
684 2303 749 2330 dum
766 2300 915 2328 artiﬁciose
931 2300 1048 2327 chordas

262 2353 366 2388 tangit,
390 2355 610 2385 eonccntnmque
632 2348 764 2376 varietate
788 2353 919 2373 sonorum
940 2346 1050 2372 concin-

263 2407 329 2426 num
352 2398 492 2434 producit,
513 2397 551 2424 ita
576 2400 605 2422 ut
626 2395 650 2422 si
673 2395 700 2422 in
725 2394 853 2421 omnibus
873 2393 943 2420 idem
965 2399 1049 2419 sonus

263 2448 353 2475 esset,
375 2449 548 2477 nequaquam
568 2439 674 2466 varium
695 2438 761 2466 illud
777 2438 863 2465 melos
878 2437 1047 2465 efﬁceretur:

263 2489 336 2517 idem
348 2489 377 2515 in
390 2488 473 2522 hujus
486 2485 605 2514 universi
619 2489 832 2520 temperamento
846 2483 943 2510 accidit
956 2491 963 2515 ;
977 2482 1050 2516 quod

263 2542 296 2561 ex
313 2533 493 2569 singularium
508 2538 600 2558 rerum
614 2529 796 2556 mutabilitate
811 2533 942 2554 constans
953 2545 960 2558 ,
977 2526 1050 2553 ordi-

264 2584 328 2607 nata
352 2578 469 2614 quadam
489 2582 515 2605 et
535 2576 698 2604 immutabili
716 2575 786 2602 serie
809 2577 835 2601 et
861 2573 1050 2600 convenientia

265 2626 318 2654 sibi
339 2625 519 2656 connectitur,
534 2623 707 2658 partiumque
726 2627 788 2648 cum
802 2623 860 2646 toto
876 2618 1049 2646 concordiam

266 2678 294 2699 et
320 2671 550 2706 conspirationem
575 2667 712 2698 elﬁciens,
739 2664 927 2692 harmonicam
951 2663 1050 2696 istam,

266 2718 373 2753 sibique
391 2705 431 2744 fex
450 2716 524 2744 omni
545 2718 622 2750 parte
644 2711 833 2740 concinentem
855 2708 999 2737 melodiam
1025 2705 1052 2736 Et

303 2824 358 2857 (27)
372 2821 619 2858 Παρηλικωτέροις,
633 2819 678 2848 ed.

305 2858 360 2895 (28)
372 2859 402 2885 Οἱ
416 2857 478 2884 add.
495 2857 537 2884 cd.

1100 2255 1208 2284 πάντως
1223 2252 1253 2278 τὸ
1269 2252 1362 2287 μέλος·
1375 2250 1460 2281 οὕτως
1475 2249 1522 2276 καὶ
1540 2249 1557 2282 ἡ
1573 2247 1618 2274 τοῦ
1636 2246 1733 2277 παντὸς
1746 2245 1843 2280 κρᾶσις
1861 2244 1896 2268 ὲ‹

1101 2299 1232 2330 ποικίλοις
1245 2298 1298 2324 τῶν
1313 2297 1372 2324 καθ’
1384 2296 1497 2322 ἕκαστον
1522 2295 1549 2320 ἐν
1571 2293 1609 2328 τῷ
1629 2292 1722 2326 κόσμῳ
1738 2288 1893 2324 θεωρουμέ-

1102 2354 1154 2372 νων
1167 2344 1211 2371 διά.
1223 2352 1295 2374 τινος
1306 2341 1471 2376 τεταγμένου
1483 2348 1511 2366 τε
1531 2339 1576 2365 καὶ
1591 2337 1767 2373 ὰπαροιῧάτου
1788 2334 1894 2370 ῥυθμοῦ

1103 2390 1170 2425 αὐτὴ
1185 2388 1284 2423 ἑαυτῆς
1296 2387 1445 2422 ἁπτομένη,
1461 2386 1507 2412 καὶ
1526 2384 1573 2420 τὴν
1588 2383 1641 2410 τῶν
1668 2382 1757 2418 μερῶν
1776 2380 1842 2416 πρὸς
1861 2379 1897 2405 τὸ

1102 2437 1161 2464 ὅλον
1175 2434 1356 2469 εὐαρμοστίαν
1366 2432 1545 2469 ἐργαζομένη,
1561 2430 1609 2465 τὴν
1625 2428 1807 2463 παναρμόνιον
1825 2425 1895 2452 ταύ-

1102 2491 1151 2518 την
1168 2483 1196 2508 ὲν
1266 2479 1347 2506 παντὶ
1361 2478 1524 2514 μουσουργεῖ
1538 2475 1680 2512 μελῳδίαν,
1701 2472 1735 2509 ἦς
1757 2470 1897 2506 ἀκροατὴς

1102 2529 1116 2555 ὁ
1131 2528 1193 2558 νοῦς
1205 2527 1318 2560 γίνεται,
1335 2525 1393 2551 κατ’
1406 2524 1480 2550 οὐδὲν
1501 2524 1534 2557 τῇ
1549 2522 1616 2556 ἀκοῇ
1632 2518 1717 2555 ταύτῃ
1737 2516 1899 2552 συγχρώμεσ
1917 2535 1921 2539 .

1104 2581 1158 2604 νος,
1176 2571 1233 2598 ἀλλ’
1248 2570 1429 2605 ὑπερκύπτων
1445 2568 1480 2594 τὰ
1493 2568 1542 2602 τῆς
1557 2565 1655 2601 σαρκὸς
1670 2563 1831 2598 αἰσθητήρια
1848 2561 1899 2587 καὶ

1102 2619 1158 2645 ἄνω
1172 2618 1326 2652 γενόμενος,
1340 2615 1425 2645 οὕτως
1445 2614 1534 2640 ἐπαΐει
1549 2613 1599 2647 τῆς
1620 2610 1674 2637 τῶν
1690 2608 1811 2645 οὐρανῶν
1831 2607 1900 2641 ὑμν-

1104 2664 1196 2698 ῳδίας.
1214 2663 1263 2693 Ὣς
1281 2670 1325 2697 μοι
1342 2662 1415 2687 δοκεῖ
1439 2660 1486 2686 καὶ
1507 2660 1521 2686 ὁ
1541 2659 1625 2694 μέγας
1643 2655 1788 2691 ἀκηκοέναι
1804 2652 1887 2679 Δαδὶδ

1104 2710 1148 2735 ὅτε
1178 2708 1223 2735 διὰ
1247 2707 1298 2742 τῆς
1323 2705 1512 2741 θεωρουμένης
1532 2704 1621 2734 αὐτοῖς
1646 2700 1771 2736 τεχνικῆς
1793 2707 1822 2725 τε
1849 2697 1898 2724 καὶ

1144 2818 1198 2853 (29)
1215 2818 1338 2853 Μήποτε,
1355 2816 1396 2843 cd.
