  <div class='ocr_page' id='page_1' title='image "/cluster/home/n/w/nwhite01/storage/ocr_20150623/44/njp.32101009003169/226.png"; bbox 0 0 1986 3080; ppageno 0'>
   <div class='ocr_carea' id='block_1_1' title="bbox 151 148 201 176">
    <p class='ocr_par' dir='ltr' id='par_1_1' title="bbox 151 148 201 176">
     <span class='ocr_line' id='line_1_1' title="bbox 151 148 201 176; baseline 0 0"><span class='ocrx_word' id='word_1_1' title='bbox 151 148 201 176; x_wconf 67' lang='grc'><strong>441</strong></span> 
     </span>
    </p>
   </div>
   <div class='ocr_carea' id='block_1_2' title="bbox 826 148 1054 177">
    <p class='ocr_par' dir='ltr' id='par_1_2' title="bbox 826 148 1054 177">
     <span class='ocr_line' id='line_1_2' title="bbox 826 148 1054 177; baseline -0.004 -1"><span class='ocrx_word' id='word_1_2' title='bbox 826 149 859 176; x_wconf 71' lang='lat' dir='ltr'><strong>RN</strong></span> <span class='ocrx_word' id='word_1_3' title='bbox 879 148 1054 177; x_wconf 77' lang='lat' dir='ltr'><strong>PSALMOS.</strong></span> 
     </span>
    </p>
   </div>
   <div class='ocr_carea' id='block_1_3' title="bbox 1722 147 1776 173">
    <p class='ocr_par' dir='ltr' id='par_1_3' title="bbox 1722 147 1776 173">
     <span class='ocr_line' id='line_1_3' title="bbox 1722 147 1776 173; baseline 0.019 -1"><span class='ocrx_word' id='word_1_4' title='bbox 1722 147 1776 173; x_wconf 63' lang='grc' dir='ltr'>ΗΞ</span> 
     </span>
    </p>
   </div>
   <div class='ocr_carea' id='block_1_4' title="bbox 150 201 934 239">
    <p class='ocr_par' dir='ltr' id='par_1_4' title="bbox 150 202 934 239">
     <span class='ocr_line' id='line_1_4' title="bbox 150 202 934 239; baseline 0.001 -10"><span class='ocrx_word' id='word_1_5' title='bbox 150 203 288 238; x_wconf 80' lang='grc' dir='ltr'>πανσόφου</span> <span class='ocrx_word' id='word_1_6' title='bbox 304 203 448 238; x_wconf 76' lang='grc' dir='ltr'>κινήσεως,</span> <span class='ocrx_word' id='word_1_7' title='bbox 464 203 513 239; x_wconf 80' lang='grc' dir='ltr'>τὴν</span> <span class='ocrx_word' id='word_1_8' title='bbox 528 202 606 236; x_wconf 78' lang='grc' dir='ltr'>δόξαν</span> <span class='ocrx_word' id='word_1_9' title='bbox 628 203 675 231; x_wconf 70' lang='grc' dir='ltr'>τοῦ</span> <span class='ocrx_word' id='word_1_10' title='bbox 696 203 725 230; x_wconf 81' lang='grc' dir='ltr'>ὲν</span> <span class='ocrx_word' id='word_1_11' title='bbox 748 203 839 235; x_wconf 79' lang='grc' dir='ltr'>αὐτοῖς</span> <span class='ocrx_word' id='word_1_12' title='bbox 854 203 934 230; x_wconf 73' lang='grc' dir='ltr'>ταῦτα</span> 
     </span>
    </p>
   </div>
   <div class='ocr_carea' id='block_1_5' title="bbox 987 201 1774 239">
    <p class='ocr_par' dir='ltr' id='par_1_5' title="bbox 991 201 1774 237">
     <span class='ocr_line' id='line_1_5' title="bbox 991 201 1774 237; baseline -0.004 -6"><span class='ocrx_word' id='word_1_13' title='bbox 991 206 1199 231; x_wconf 80' lang='lat' dir='ltr'><strong>consonantiam</strong></span> <span class='ocrx_word' id='word_1_14' title='bbox 1219 204 1308 237; x_wconf 83' lang='lat' dir='ltr'><strong>parit.</strong></span> <span class='ocrx_word' id='word_1_15' title='bbox 1328 202 1408 237; x_wconf 80' lang='lat' dir='ltr'><strong>cujus</strong></span> <span class='ocrx_word' id='word_1_16' title='bbox 1422 201 1528 230; x_wconf 85' lang='lat' dir='ltr'><strong>auditor</strong></span> <span class='ocrx_word' id='word_1_17' title='bbox 1542 205 1584 230; x_wconf 91' lang='lat' dir='ltr'><strong>est</strong></span> <span class='ocrx_word' id='word_1_18' title='bbox 1597 201 1721 233; x_wconf 86' lang='lat' dir='ltr'><strong>animus,</strong></span> <span class='ocrx_word' id='word_1_19' title='bbox 1740 202 1774 228; x_wconf 83' lang='lat' dir='ltr'><strong>ab</strong></span> 
     </span>
    </p>
   </div>
   <div class='ocr_carea' id='block_1_6' title="bbox 150 248 821 284">
    <p class='ocr_par' dir='ltr' id='par_1_6' title="bbox 150 248 821 284">
     <span class='ocr_line' id='line_1_6' title="bbox 150 248 821 284; baseline 0.001 -10"><span class='ocrx_word' id='word_1_20' title='bbox 150 248 325 284; x_wconf 71' lang='grc' dir='ltr'><strong>ἐνεργοῦντος</strong></span> <span class='ocrx_word' id='word_1_21' title='bbox 342 248 409 274; x_wconf 81' lang='grc' dir='ltr'>Θεοῦ</span> <span class='ocrx_word' id='word_1_22' title='bbox 426 248 610 284; x_wconf 83' lang='grc' dir='ltr'><strong>διηγουμένων</strong></span> <span class='ocrx_word' id='word_1_23' title='bbox 623 248 821 284; x_wconf 76' lang='grc' dir='ltr'>ὲπηκροάσατο.</span> 
     </span>
    </p>
   </div>
   <div class='ocr_carea' id='block_1_7' title="bbox 991 247 1776 282">
    <p class='ocr_par' dir='ltr' id='par_1_7' title="bbox 991 247 1776 282">
     <span class='ocr_line' id='line_1_7' title="bbox 991 247 1776 282; baseline -0.003 -6"><span class='ocrx_word' id='word_1_24' title='bbox 991 249 1086 276; x_wconf 79' lang='lat' dir='ltr'><strong>auditu</strong></span> <span class='ocrx_word' id='word_1_25' title='bbox 1110 248 1162 275; x_wconf 81' lang='lat' dir='ltr'><strong>hoc</strong></span> <span class='ocrx_word' id='word_1_26' title='bbox 1187 255 1318 282; x_wconf 87' lang='lat' dir='ltr'><strong>corporeo</strong></span> <span class='ocrx_word' id='word_1_27' title='bbox 1337 253 1510 282; x_wconf 77' lang='lat' dir='ltr'><strong>segregatus,</strong></span> <span class='ocrx_word' id='word_1_28' title='bbox 1531 251 1558 276; x_wconf 84' lang='lat' dir='ltr'><strong>et</strong></span> <span class='ocrx_word' id='word_1_29' title='bbox 1577 255 1658 282; x_wconf 87' lang='lat' dir='ltr'><strong>supra</strong></span> <span class='ocrx_word' id='word_1_30' title='bbox 1684 247 1776 275; x_wconf 84' lang='lat' dir='ltr'><strong>carnis</strong></span> 
     </span>
    </p>
   </div>
   <div class='ocr_carea' id='block_1_8' title="bbox 150 292 1776 330">
    <p class='ocr_par' dir='ltr' id='par_1_8' title="bbox 150 292 1776 330">
     <span class='ocr_line' id='line_1_8' title="bbox 150 292 1776 330; baseline -0.002 -9"><span class='ocrx_word' id='word_1_31' title='bbox 150 295 233 329; x_wconf 84' lang='lat' dir='ltr'><strong>hujus</strong></span> <span class='ocrx_word' id='word_1_32' title='bbox 247 302 431 329; x_wconf 82' lang='lat' dir='ltr'><strong>sensuumque</strong></span> <span class='ocrx_word' id='word_1_33' title='bbox 443 302 543 330; x_wconf 70' lang='lat' dir='ltr'><strong>organa</strong></span> <span class='ocrx_word' id='word_1_34' title='bbox 558 299 668 323; x_wconf 88' lang='lat' dir='ltr'><strong>evectus</strong></span> <span class='ocrx_word' id='word_1_35' title='bbox 682 305 688 322; x_wconf 90' lang='lat'>:</span> <span class='ocrx_word' id='word_1_36' title='bbox 703 295 743 323; x_wconf 89' lang='lat' dir='ltr'><strong>sic</strong></span> <span class='ocrx_word' id='word_1_37' title='bbox 755 295 826 322; x_wconf 89' lang='lat' dir='ltr'><strong>enim</strong></span> <span class='ocrx_word' id='word_1_38' title='bbox 843 294 996 323; x_wconf 71' lang='lat' dir='ltr'><strong>cmiestium</strong></span> <span class='ocrx_word' id='word_1_39' title='bbox 1012 298 1195 322; x_wconf 87' lang='lat' dir='ltr'><strong>concentuum</strong></span> <span class='ocrx_word' id='word_1_40' title='bbox 1212 294 1241 321; x_wconf 84' lang='lat' dir='ltr'><strong>ﬁt</strong></span> <span class='ocrx_word' id='word_1_41' title='bbox 1253 301 1337 329; x_wconf 78' lang='lat' dir='ltr'><strong>capax</strong></span> <span class='ocrx_word' id='word_1_42' title='bbox 1351 303 1359 327; x_wconf 82' lang='lat'><strong>;</strong></span> <span class='ocrx_word' id='word_1_43' title='bbox 1388 301 1467 328; x_wconf 85' lang='lat' dir='ltr'><strong>quos,</strong></span> <span class='ocrx_word' id='word_1_44' title='bbox 1483 301 1543 320; x_wconf 90' lang='lat' dir='ltr'><strong>meo</strong></span> <span class='ocrx_word' id='word_1_45' title='bbox 1573 292 1685 328; x_wconf 87' lang='lat' dir='ltr'><strong>judicio,</strong></span> <span class='ocrx_word' id='word_1_46' title='bbox 1717 299 1776 318; x_wconf 86' lang='lat' dir='ltr'><strong>rna-</strong></span> 
     </span>
    </p>
   </div>
   <div class='ocr_carea' id='block_1_9' title="bbox 149 338 1776 378">
    <p class='ocr_par' dir='ltr' id='par_1_9' title="bbox 149 338 1776 378">
     <span class='ocr_line' id='line_1_9' title="bbox 149 338 1776 378; baseline -0.001 -10"><span class='ocrx_word' id='word_1_47' title='bbox 149 349 220 376; x_wconf 69' lang='lat' dir='ltr'><strong>gnus</strong></span> <span class='ocrx_word' id='word_1_48' title='bbox 234 341 329 369; x_wconf 85' lang='lat' dir='ltr'><strong>itidem</strong></span> <span class='ocrx_word' id='word_1_49' title='bbox 337 341 421 369; x_wconf 80' lang='lat' dir='ltr'><strong>David</strong></span> <span class='ocrx_word' id='word_1_50' title='bbox 433 341 695 377; x_wconf 87' lang='lat' dir='ltr'><strong>percepit,quando</strong></span> <span class='ocrx_word' id='word_1_51' title='bbox 706 350 754 377; x_wconf 84' lang='lat' dir='ltr'><strong>per</strong></span> <span class='ocrx_word' id='word_1_52' title='bbox 766 342 857 374; x_wconf 82' lang='lat' dir='ltr'><strong>illam,</strong></span> <span class='ocrx_word' id='word_1_53' title='bbox 874 350 934 378; x_wconf 61' lang='lat' dir='ltr'><strong>quae</strong></span> <span class='ocrx_word' id='word_1_54' title='bbox 964 343 992 370; x_wconf 89' lang='lat' dir='ltr'><strong>in</strong></span> <span class='ocrx_word' id='word_1_55' title='bbox 1021 343 1099 370; x_wconf 71' lang='lat' dir='ltr'><strong>caelis</strong></span> <span class='ocrx_word' id='word_1_56' title='bbox 1124 345 1252 377; x_wconf 89' lang='lat' dir='ltr'><strong>apparet,</strong></span> <span class='ocrx_word' id='word_1_57' title='bbox 1275 340 1504 376; x_wconf 81' lang='lat' dir='ltr'><strong>sapientissimam</strong></span> <span class='ocrx_word' id='word_1_58' title='bbox 1525 344 1552 367; x_wconf 90' lang='lat' dir='ltr'><strong>et</strong></span> <span class='ocrx_word' id='word_1_59' title='bbox 1583 338 1776 367; x_wconf 82' lang='lat' dir='ltr'><strong>artitieiosissi—</strong></span> 
     </span>
    </p>
   </div>
   <div class='ocr_carea' id='block_1_10' title="bbox 149 386 1774 424">
    <p class='ocr_par' dir='ltr' id='par_1_10' title="bbox 149 386 1774 424">
     <span class='ocr_line' id='line_1_10' title="bbox 149 386 1774 424; baseline 0 -11"><span class='ocrx_word' id='word_1_60' title='bbox 149 394 222 413; x_wconf 88' lang='lat' dir='ltr'><strong>mam</strong></span> <span class='ocrx_word' id='word_1_61' title='bbox 253 387 417 422; x_wconf 76' lang='lat' dir='ltr'><strong>motionem,</strong></span> <span class='ocrx_word' id='word_1_62' title='bbox 433 388 548 424; x_wconf 75' lang='lat' dir='ltr'><strong>gloriam</strong></span> <span class='ocrx_word' id='word_1_63' title='bbox 573 388 631 421; x_wconf 88' lang='lat' dir='ltr'><strong>Dei,</strong></span> <span class='ocrx_word' id='word_1_64' title='bbox 654 392 759 416; x_wconf 89' lang='lat' dir='ltr'><strong>motum</strong></span> <span class='ocrx_word' id='word_1_65' title='bbox 784 389 860 416; x_wconf 92' lang='lat' dir='ltr'><strong>illum</strong></span> <span class='ocrx_word' id='word_1_66' title='bbox 879 389 907 416; x_wconf 89' lang='lat' dir='ltr'><strong>in</strong></span> <span class='ocrx_word' id='word_1_67' title='bbox 935 389 1095 417; x_wconf 71' lang='lat' dir='ltr'><strong>cmlestibus</strong></span> <span class='ocrx_word' id='word_1_68' title='bbox 1118 388 1280 424; x_wconf 84' lang='lat' dir='ltr'><strong>corporibus</strong></span> <span class='ocrx_word' id='word_1_69' title='bbox 1303 387 1462 419; x_wconf 83' lang='lat' dir='ltr'><strong>eﬂicientis,</strong></span> <span class='ocrx_word' id='word_1_70' title='bbox 1487 386 1574 414; x_wconf 57' lang='lat' dir='ltr'><strong>caelos</strong></span> <span class='ocrx_word' id='word_1_71' title='bbox 1599 391 1774 421; x_wconf 82' lang='lat' dir='ltr'><strong>enarrantes,</strong></span> 
     </span>
    </p>
   </div>
   <div class='ocr_carea' id='block_1_11' title="bbox 149 433 305 461">
    <p class='ocr_par' dir='ltr' id='par_1_11' title="bbox 149 433 305 461">
     <span class='ocr_line' id='line_1_11' title="bbox 149 433 305 461; baseline 0.006 -1"><span class='ocrx_word' id='word_1_72' title='bbox 149 433 254 460; x_wconf 82' lang='lat' dir='ltr'><strong>audivit</strong></span> <span class='ocrx_word' id='word_1_73' title='bbox 269 434 305 461; x_wconf 73' lang='lat'><strong>&quot;.</strong></span> 
     </span>
    </p>
   </div>
   <div class='ocr_carea' id='block_1_12' title="bbox 190 499 938 539">
    <p class='ocr_par' dir='ltr' id='par_1_12' title="bbox 190 499 938 539">
     <span class='ocr_line' id='line_1_12' title="bbox 190 499 938 539; baseline 0.004 -12"><span class='ocrx_word' id='word_1_74' title='bbox 190 500 309 536; x_wconf 81' lang='grc' dir='ltr'><strong>Ἀληθῶς</strong></span> <span class='ocrx_word' id='word_1_75' title='bbox 325 499 380 536; x_wconf 74' lang='grc' dir='ltr'><strong>γὰρ</strong></span> <span class='ocrx_word' id='word_1_76' title='bbox 393 501 442 536; x_wconf 83' lang='grc' dir='ltr'>τῆς</span> <span class='ocrx_word' id='word_1_77' title='bbox 454 501 597 536; x_wconf 81' lang='grc' dir='ltr'><strong>ἀνεφίκτου</strong></span> <span class='ocrx_word' id='word_1_78' title='bbox 611 510 641 528; x_wconf 86' lang='grc' dir='ltr'><strong>τε</strong></span> <span class='ocrx_word' id='word_1_79' title='bbox 654 502 702 529; x_wconf 74' lang='grc' dir='ltr'><strong>καὶ</strong></span> <span class='ocrx_word' id='word_1_80' title='bbox 716 502 854 539; x_wconf 83' lang='grc' dir='ltr'>ἁφράστου</span> <span class='ocrx_word' id='word_1_81' title='bbox 870 503 938 530; x_wconf 83' lang='grc' dir='ltr'><strong>Θεοῦ</strong></span> 
     </span>
    </p>
   </div>
   <div class='ocr_carea' id='block_1_13' title="bbox 148 545 938 585">
    <p class='ocr_par' dir='ltr' id='par_1_13' title="bbox 148 545 938 585">
     <span class='ocr_line' id='line_1_13' title="bbox 148 545 938 585; baseline 0.005 -13"><span class='ocrx_word' id='word_1_82' title='bbox 148 546 243 581; x_wconf 80' lang='grc' dir='ltr'><strong>δόξης,</strong></span> <span class='ocrx_word' id='word_1_83' title='bbox 265 545 348 582; x_wconf 79' lang='grc' dir='ltr'>ὕμνος</span> <span class='ocrx_word' id='word_1_84' title='bbox 370 547 428 573; x_wconf 74' lang='grc' dir='ltr'>ἐστὶ</span> <span class='ocrx_word' id='word_1_85' title='bbox 440 546 479 582; x_wconf 86' lang='grc' dir='ltr'>τῷ</span> <span class='ocrx_word' id='word_1_86' title='bbox 508 548 620 583; x_wconf 83' lang='grc' dir='ltr'><strong>τοιούτῳ</strong></span> <span class='ocrx_word' id='word_1_87' title='bbox 645 548 740 584; x_wconf 74' lang='grc' dir='ltr'>ῥυθμῷ</span> <span class='ocrx_word' id='word_1_88' title='bbox 766 549 938 585; x_wconf 84' lang='grc' dir='ltr'>προσαγόμε-</span> 
     </span>
    </p>
   </div>
   <div class='ocr_carea' id='block_1_14' title="bbox 148 592 936 630">
    <p class='ocr_par' dir='ltr' id='par_1_14' title="bbox 148 592 936 630">
     <span class='ocr_line' id='line_1_14' title="bbox 148 592 936 630; baseline 0.001 -10"><span class='ocrx_word' id='word_1_89' title='bbox 148 600 193 624; x_wconf 81' lang='grc' dir='ltr'><strong>νος</strong></span> <span class='ocrx_word' id='word_1_90' title='bbox 207 592 273 628; x_wconf 78' lang='lat'><strong>(30),</strong></span> <span class='ocrx_word' id='word_1_91' title='bbox 289 594 305 627; x_wconf 86' lang='grc' dir='ltr'><strong>ἠ</strong></span> <span class='ocrx_word' id='word_1_92' title='bbox 318 593 368 628; x_wconf 85' lang='grc' dir='ltr'>τῆς</span> <span class='ocrx_word' id='word_1_93' title='bbox 383 592 497 624; x_wconf 82' lang='grc' dir='ltr'><strong>κτίσεως</strong></span> <span class='ocrx_word' id='word_1_94' title='bbox 511 593 600 628; x_wconf 80' lang='grc' dir='ltr'><strong>πάσης</strong></span> <span class='ocrx_word' id='word_1_95' title='bbox 616 593 684 629; x_wconf 81' lang='grc' dir='ltr'>πρὸς</span> <span class='ocrx_word' id='word_1_96' title='bbox 698 594 797 629; x_wconf 72' lang='grc' dir='ltr'>ἑαυτὴν</span> <span class='ocrx_word' id='word_1_97' title='bbox 812 594 936 630; x_wconf 87' lang='grc' dir='ltr'>συνῳδία,</span> 
     </span>
    </p>
   </div>
   <div class='ocr_carea' id='block_1_15' title="bbox 148 638 937 675">
    <p class='ocr_par' dir='ltr' id='par_1_15' title="bbox 148 638 937 675">
     <span class='ocr_line' id='line_1_15' title="bbox 148 638 937 675; baseline 0.003 -11"><span class='ocrx_word' id='word_1_98' title='bbox 148 638 193 665; x_wconf 77' lang='grc' dir='ltr'><strong>διὰ</strong></span> <span class='ocrx_word' id='word_1_99' title='bbox 219 638 274 665; x_wconf 86' lang='grc' dir='ltr'>τῶν</span> <span class='ocrx_word' id='word_1_100' title='bbox 307 638 435 664; x_wconf 75' lang='grc' dir='ltr'><strong>ἐναντίων</strong></span> <span class='ocrx_word' id='word_1_101' title='bbox 471 639 690 675; x_wconf 84' lang='grc' dir='ltr'>συγκεκραμένη.</span> <span class='ocrx_word' id='word_1_102' title='bbox 716 639 857 670; x_wconf 83' lang='grc' dir='ltr'>Ἐναντίως</span> <span class='ocrx_word' id='word_1_103' title='bbox 883 639 937 674; x_wconf 80' lang='grc' dir='ltr'><strong>γὰρ</strong></span> 
     </span>
    </p>
   </div>
   <div class='ocr_carea' id='block_1_16' title="bbox 148 682 937 719">
    <p class='ocr_par' dir='ltr' id='par_1_16' title="bbox 148 682 937 719">
     <span class='ocr_line' id='line_1_16' title="bbox 148 682 937 719; baseline 0.004 -10"><span class='ocrx_word' id='word_1_104' title='bbox 148 682 204 718; x_wconf 73' lang='grc' dir='ltr'>ἔχει</span> <span class='ocrx_word' id='word_1_105' title='bbox 220 683 287 718; x_wconf 78' lang='grc' dir='ltr'>πρὸς</span> <span class='ocrx_word' id='word_1_106' title='bbox 303 682 402 718; x_wconf 75' lang='grc' dir='ltr'>ἄλληλα</span> <span class='ocrx_word' id='word_1_107' title='bbox 418 682 512 715; x_wconf 81' lang='grc' dir='ltr'><strong>στάσις</strong></span> <span class='ocrx_word' id='word_1_108' title='bbox 536 684 582 710; x_wconf 79' lang='grc' dir='ltr'>καὶ</span> <span class='ocrx_word' id='word_1_109' title='bbox 608 684 723 719; x_wconf 84' lang='grc' dir='ltr'>κίνησις,</span> <span class='ocrx_word' id='word_1_110' title='bbox 738 685 831 712; x_wconf 83' lang='grc' dir='ltr'>Ταῦτα</span> <span class='ocrx_word' id='word_1_111' title='bbox 847 685 875 712; x_wconf 79' lang='grc' dir='ltr'><strong>δὲ</strong></span> <span class='ocrx_word' id='word_1_112' title='bbox 893 686 937 712; x_wconf 83' lang='grc' dir='ltr'>κέ-</span> 
     </span>
    </p>
   </div>
   <div class='ocr_carea' id='block_1_17' title="bbox 147 729 936 764">
    <p class='ocr_par' dir='ltr' id='par_1_17' title="bbox 147 729 936 764">
     <span class='ocr_line' id='line_1_17' title="bbox 147 729 936 764; baseline 0.005 -10"><span class='ocrx_word' id='word_1_113' title='bbox 147 737 246 764; x_wconf 82' lang='grc' dir='ltr'>κραται</span> <span class='ocrx_word' id='word_1_114' title='bbox 265 730 323 763; x_wconf 78' lang='grc' dir='ltr'>μετ’</span> <span class='ocrx_word' id='word_1_115' title='bbox 339 729 459 764; x_wconf 83' lang='grc' dir='ltr'>ἀλλήλων</span> <span class='ocrx_word' id='word_1_116' title='bbox 480 730 509 755; x_wconf 82' lang='grc' dir='ltr'>ὲν</span> <span class='ocrx_word' id='word_1_117' title='bbox 529 730 562 764; x_wconf 83' lang='grc' dir='ltr'>τῇ</span> <span class='ocrx_word' id='word_1_118' title='bbox 591 729 671 763; x_wconf 79' lang='grc' dir='ltr'>φύσει</span> <span class='ocrx_word' id='word_1_119' title='bbox 697 729 752 756; x_wconf 84' lang='grc' dir='ltr'><strong>τῶν</strong></span> <span class='ocrx_word' id='word_1_120' title='bbox 770 730 864 758; x_wconf 72' lang='grc' dir='ltr'>ὄντων.</span> <span class='ocrx_word' id='word_1_121' title='bbox 881 731 936 758; x_wconf 81' lang='grc' dir='ltr'>Καί</span> 
     </span>
    </p>
   </div>
   <div class='ocr_carea' id='block_1_18' title="bbox 146 774 936 810">
    <p class='ocr_par' dir='ltr' id='par_1_18' title="bbox 146 774 936 810">
     <span class='ocr_line' id='line_1_18' title="bbox 146 774 936 810; baseline 0.003 -10"><span class='ocrx_word' id='word_1_122' title='bbox 146 783 189 806; x_wconf 85' lang='grc' dir='ltr'><strong>τις</strong></span> <span class='ocrx_word' id='word_1_123' title='bbox 203 774 342 810; x_wconf 79' lang='grc' dir='ltr'>ἀμήχανος</span> <span class='ocrx_word' id='word_1_124' title='bbox 356 775 384 800; x_wconf 82' lang='grc' dir='ltr'><strong>ὲν</strong></span> <span class='ocrx_word' id='word_1_125' title='bbox 398 775 488 806; x_wconf 80' lang='grc' dir='ltr'>αὐτοῖς</span> <span class='ocrx_word' id='word_1_126' title='bbox 502 774 649 810; x_wconf 76' lang='grc' dir='ltr'><strong>καθορᾶται</strong></span> <span class='ocrx_word' id='word_1_127' title='bbox 669 775 723 802; x_wconf 86' lang='grc' dir='ltr'>τῶν</span> <span class='ocrx_word' id='word_1_128' title='bbox 743 776 936 810; x_wconf 80' lang='grc' dir='ltr'><strong>ἀντικειμένων</strong></span> 
     </span>
    </p>
   </div>
   <div class='ocr_carea' id='block_1_19' title="bbox 1027 497 1774 534">
    <p class='ocr_par' dir='ltr' id='par_1_19' title="bbox 1027 497 1774 534">
     <span class='ocr_line' id='line_1_19' title="bbox 1027 497 1774 534; baseline -0.007 -5"><span class='ocrx_word' id='word_1_129' title='bbox 1027 501 1097 529; x_wconf 88' lang='lat' dir='ltr'><strong>Vere</strong></span> <span class='ocrx_word' id='word_1_130' title='bbox 1111 501 1184 529; x_wconf 89' lang='lat' dir='ltr'><strong>enim</strong></span> <span class='ocrx_word' id='word_1_131' title='bbox 1207 502 1353 528; x_wconf 61' lang='lat' dir='ltr'><strong>inaccessa:</strong></span> <span class='ocrx_word' id='word_1_132' title='bbox 1366 504 1395 527; x_wconf 83' lang='lat' dir='ltr'><strong>et</strong></span> <span class='ocrx_word' id='word_1_133' title='bbox 1411 497 1612 534; x_wconf 72' lang='lat' dir='ltr'><strong>inexplicabilis</strong></span> <span class='ocrx_word' id='word_1_134' title='bbox 1627 497 1719 533; x_wconf 76' lang='lat' dir='ltr'><strong>gloriae</strong></span> <span class='ocrx_word' id='word_1_135' title='bbox 1732 497 1774 525; x_wconf 85' lang='lat' dir='ltr'><strong>di—</strong></span> 
     </span>
    </p>
   </div>
   <div class='ocr_carea' id='block_1_20' title="bbox 994 544 1774 582">
    <p class='ocr_par' dir='ltr' id='par_1_20' title="bbox 994 544 1774 582">
     <span class='ocr_line' id='line_1_20' title="bbox 994 544 1774 582; baseline -0.005 -8"><span class='ocrx_word' id='word_1_136' title='bbox 994 547 1063 575; x_wconf 75' lang='lat' dir='ltr'><strong>vina:</strong></span> <span class='ocrx_word' id='word_1_137' title='bbox 1077 547 1194 582; x_wconf 83' lang='lat' dir='ltr'><strong>hymnus</strong></span> <span class='ocrx_word' id='word_1_138' title='bbox 1207 554 1239 574; x_wconf 80' lang='lat' dir='ltr'><strong>ex</strong></span> <span class='ocrx_word' id='word_1_139' title='bbox 1263 547 1314 574; x_wconf 87' lang='lat' dir='ltr'><strong>ista</strong></span> <span class='ocrx_word' id='word_1_140' title='bbox 1330 544 1517 573; x_wconf 78' lang='lat' dir='ltr'><strong>convenientia</strong></span> <span class='ocrx_word' id='word_1_141' title='bbox 1538 547 1635 571; x_wconf 82' lang='lat' dir='ltr'><strong>enatus</strong></span> <span class='ocrx_word' id='word_1_142' title='bbox 1649 548 1709 575; x_wconf 89' lang='lat' dir='ltr'><strong>est,</strong></span> <span class='ocrx_word' id='word_1_143' title='bbox 1725 551 1774 571; x_wconf 94' lang='lat' dir='ltr'><strong>cu-</strong></span> 
     </span>
    </p>
   </div>
   <div class='ocr_carea' id='block_1_21' title="bbox 988 590 1774 628">
    <p class='ocr_par' dir='ltr' id='par_1_21' title="bbox 988 590 1774 628">
     <span class='ocr_line' id='line_1_21' title="bbox 988 590 1774 628; baseline -0.006 -8"><span class='ocrx_word' id='word_1_144' title='bbox 988 593 1102 628; x_wconf 88' lang='lat' dir='ltr'><strong>juslibet</strong></span> <span class='ocrx_word' id='word_1_145' title='bbox 1116 596 1248 620; x_wconf 73' lang='lat' dir='ltr'><strong>creaturae</strong></span> <span class='ocrx_word' id='word_1_146' title='bbox 1260 599 1352 619; x_wconf 90' lang='lat' dir='ltr'><strong>secum</strong></span> <span class='ocrx_word' id='word_1_147' title='bbox 1364 595 1391 619; x_wconf 86' lang='lat' dir='ltr'><strong>et</strong></span> <span class='ocrx_word' id='word_1_148' title='bbox 1407 598 1469 619; x_wconf 91' lang='lat' dir='ltr'><strong>cum</strong></span> <span class='ocrx_word' id='word_1_149' title='bbox 1485 590 1547 618; x_wconf 86' lang='lat' dir='ltr'><strong>aliis</strong></span> <span class='ocrx_word' id='word_1_150' title='bbox 1561 593 1726 622; x_wconf 85' lang='lat' dir='ltr'><strong>concentus,</strong></span> <span class='ocrx_word' id='word_1_151' title='bbox 1741 596 1774 616; x_wconf 87' lang='lat' dir='ltr'><strong>ex</strong></span> 
     </span>
    </p>
   </div>
   <div class='ocr_carea' id='block_1_22' title="bbox 990 634 1775 671">
    <p class='ocr_par' dir='ltr' id='par_1_22' title="bbox 990 634 1775 671">
     <span class='ocr_line' id='line_1_22' title="bbox 990 634 1775 671; baseline -0.006 -6"><span class='ocrx_word' id='word_1_152' title='bbox 990 637 1136 665; x_wconf 83' lang='lat' dir='ltr'><strong>contrariis</strong></span> <span class='ocrx_word' id='word_1_153' title='bbox 1152 640 1360 671; x_wconf 85' lang='lat' dir='ltr'><strong>attemperatus.</strong></span> <span class='ocrx_word' id='word_1_154' title='bbox 1376 635 1519 663; x_wconf 78' lang='lat' dir='ltr'><strong>Contraria</strong></span> <span class='ocrx_word' id='word_1_155' title='bbox 1541 634 1613 661; x_wconf 90' lang='lat' dir='ltr'><strong>enim</strong></span> <span class='ocrx_word' id='word_1_156' title='bbox 1636 638 1701 661; x_wconf 85' lang='lat' dir='ltr'><strong>sunt</strong></span> <span class='ocrx_word' id='word_1_157' title='bbox 1717 641 1775 661; x_wconf 64' lang='lat' dir='ltr'><strong>nico</strong></span> 
     </span>
    </p>
   </div>
   <div class='ocr_carea' id='block_1_23' title="bbox 990 681 1774 718">
    <p class='ocr_par' dir='ltr' id='par_1_23' title="bbox 990 681 1774 718">
     <span class='ocr_line' id='line_1_23' title="bbox 990 681 1774 718; baseline -0.006 -8"><span class='ocrx_word' id='word_1_158' title='bbox 990 687 1035 711; x_wconf 89' lang='lat' dir='ltr'><strong>tus</strong></span> <span class='ocrx_word' id='word_1_159' title='bbox 1050 687 1077 710; x_wconf 87' lang='lat' dir='ltr'><strong>et</strong></span> <span class='ocrx_word' id='word_1_160' title='bbox 1091 683 1180 718; x_wconf 84' lang='lat' dir='ltr'><strong>quies.</strong></span> <span class='ocrx_word' id='word_1_161' title='bbox 1197 683 1230 709; x_wconf 86' lang='lat' dir='ltr'><strong>At</strong></span> <span class='ocrx_word' id='word_1_162' title='bbox 1251 682 1309 708; x_wconf 68' lang='lat' dir='ltr'><strong>haec</strong></span> <span class='ocrx_word' id='word_1_163' title='bbox 1328 686 1423 709; x_wconf 88' lang='lat' dir='ltr'><strong>mutuo</strong></span> <span class='ocrx_word' id='word_1_164' title='bbox 1440 681 1468 708; x_wconf 92' lang='lat' dir='ltr'><strong>in</strong></span> <span class='ocrx_word' id='word_1_165' title='bbox 1485 687 1575 708; x_wconf 83' lang='lat' dir='ltr'><strong>rerum</strong></span> <span class='ocrx_word' id='word_1_166' title='bbox 1595 683 1691 706; x_wconf 88' lang='lat' dir='ltr'><strong>natura</strong></span> <span class='ocrx_word' id='word_1_167' title='bbox 1707 684 1774 706; x_wconf 85' lang='lat' dir='ltr'><strong>teru-</strong></span> 
     </span>
    </p>
   </div>
   <div class='ocr_carea' id='block_1_24' title="bbox 990 725 1772 762">
    <p class='ocr_par' dir='ltr' id='par_1_24' title="bbox 990 725 1772 762">
     <span class='ocr_line' id='line_1_24' title="bbox 990 725 1772 762; baseline -0.005 -8"><span class='ocrx_word' id='word_1_168' title='bbox 990 731 1083 762; x_wconf 83' lang='lat' dir='ltr'><strong>perata</strong></span> <span class='ocrx_word' id='word_1_169' title='bbox 1105 731 1184 758; x_wconf 83' lang='lat' dir='ltr'><strong>sunt,</strong></span> <span class='ocrx_word' id='word_1_170' title='bbox 1204 726 1350 760; x_wconf 85' lang='lat' dir='ltr'><strong>videreque</strong></span> <span class='ocrx_word' id='word_1_171' title='bbox 1368 729 1410 753; x_wconf 86' lang='lat' dir='ltr'><strong>est</strong></span> <span class='ocrx_word' id='word_1_172' title='bbox 1428 726 1457 752; x_wconf 78' lang='lat' dir='ltr'><strong>in</strong></span> <span class='ocrx_word' id='word_1_173' title='bbox 1475 725 1543 759; x_wconf 82' lang='lat' dir='ltr'><strong>ipsis</strong></span> <span class='ocrx_word' id='word_1_174' title='bbox 1563 725 1772 752; x_wconf 86' lang='lat' dir='ltr'><strong>inenarrabilent</strong></span> 
     </span>
    </p>
   </div>
   <div class='ocr_carea' id='block_1_25' title="bbox 990 771 1773 807">
    <p class='ocr_par' dir='ltr' id='par_1_25' title="bbox 990 771 1773 807">
     <span class='ocr_line' id='line_1_25' title="bbox 990 771 1773 807; baseline -0.003 -9"><span class='ocrx_word' id='word_1_175' title='bbox 990 772 1135 807; x_wconf 81' lang='lat' dir='ltr'><strong>quamdam</strong></span> <span class='ocrx_word' id='word_1_176' title='bbox 1160 771 1360 798; x_wconf 89' lang='lat' dir='ltr'><strong>contrariorum</strong></span> <span class='ocrx_word' id='word_1_177' title='bbox 1388 771 1544 798; x_wconf 88' lang='lat' dir='ltr'><strong>mistionem</strong></span> <span class='ocrx_word' id='word_1_178' title='bbox 1560 791 1568 803; x_wconf 93' lang='lat'><strong>,</strong></span> <span class='ocrx_word' id='word_1_179' title='bbox 1592 773 1622 797; x_wconf 86' lang='lat' dir='ltr'><strong>ut</strong></span> <span class='ocrx_word' id='word_1_180' title='bbox 1646 771 1674 797; x_wconf 93' lang='lat' dir='ltr'><strong>in</strong></span> <span class='ocrx_word' id='word_1_181' title='bbox 1698 775 1773 797; x_wconf 88' lang='lat' dir='ltr'><strong>motu</strong></span> 
     </span>
    </p>
   </div>
   <div class='ocr_carea' id='block_1_26' title="bbox 149 815 934 856">
    <p class='ocr_par' dir='ltr' id='par_1_26' title="bbox 149 819 934 856">
     <span class='ocr_line' id='line_1_26' title="bbox 149 819 934 856; baseline 0.004 -11"><span class='ocrx_word' id='word_1_182' title='bbox 149 819 230 855; x_wconf 78' lang='grc' dir='ltr'>μίξις,</span> <span class='ocrx_word' id='word_1_183' title='bbox 247 820 284 852; x_wconf 82' lang='grc' dir='ltr'>ὡς</span> <span class='ocrx_word' id='word_1_184' title='bbox 301 820 348 846; x_wconf 80' lang='grc' dir='ltr'><strong>καὶ</strong></span> <span class='ocrx_word' id='word_1_185' title='bbox 363 821 391 846; x_wconf 86' lang='grc' dir='ltr'><strong>ὲν</strong></span> <span class='ocrx_word' id='word_1_186' title='bbox 408 821 439 856; x_wconf 87' lang='grc' dir='ltr'>τῇ</span> <span class='ocrx_word' id='word_1_187' title='bbox 458 821 563 855; x_wconf 84' lang='grc' dir='ltr'><strong>κινήσει</strong></span> <span class='ocrx_word' id='word_1_188' title='bbox 577 820 608 846; x_wconf 72' lang='grc' dir='ltr'>τὸ</span> <span class='ocrx_word' id='word_1_189' title='bbox 630 821 759 856; x_wconf 76' lang='grc' dir='ltr'>στάσιμον</span> <span class='ocrx_word' id='word_1_190' title='bbox 773 821 934 854; x_wconf 77' lang='grc' dir='ltr'><strong>δείκνυσθαι,</strong></span> 
     </span>
    </p>
   </div>
   <div class='ocr_carea' id='block_1_27' title="bbox 987 815 1773 856">
    <p class='ocr_par' dir='ltr' id='par_1_27' title="bbox 989 815 1773 852">
     <span class='ocr_line' id='line_1_27' title="bbox 989 815 1773 852; baseline -0.001 -9"><span class='ocrx_word' id='word_1_191' title='bbox 989 818 1067 852; x_wconf 86' lang='lat' dir='ltr'><strong>quies</strong></span> <span class='ocrx_word' id='word_1_192' title='bbox 1090 817 1243 848; x_wconf 86' lang='lat' dir='ltr'><strong>elucescat,</strong></span> <span class='ocrx_word' id='word_1_193' title='bbox 1268 820 1295 843; x_wconf 88' lang='lat' dir='ltr'><strong>et</strong></span> <span class='ocrx_word' id='word_1_194' title='bbox 1319 816 1347 843; x_wconf 88' lang='lat' dir='ltr'><strong>in</strong></span> <span class='ocrx_word' id='word_1_195' title='bbox 1368 823 1400 843; x_wconf 91' lang='lat' dir='ltr'><strong>eo</strong></span> <span class='ocrx_word' id='word_1_196' title='bbox 1423 816 1496 850; x_wconf 87' lang='lat' dir='ltr'><strong>quod</strong></span> <span class='ocrx_word' id='word_1_197' title='bbox 1516 823 1571 843; x_wconf 91' lang='lat' dir='ltr'><strong>non</strong></span> <span class='ocrx_word' id='word_1_198' title='bbox 1591 820 1724 847; x_wconf 85' lang='lat' dir='ltr'><strong>movetur,</strong></span> <span class='ocrx_word' id='word_1_199' title='bbox 1745 815 1773 842; x_wconf 89' lang='lat' dir='ltr'><strong>id</strong></span> 
     </span>
    </p>
   </div>
   <div class='ocr_carea' id='block_1_28' title="bbox 147 865 936 902">
    <p class='ocr_par' dir='ltr' id='par_1_28' title="bbox 147 865 936 902">
     <span class='ocr_line' id='line_1_28' title="bbox 147 865 936 902; baseline 0 -10"><span class='ocrx_word' id='word_1_200' title='bbox 147 865 194 892; x_wconf 75' lang='grc' dir='ltr'>καὶ</span> <span class='ocrx_word' id='word_1_201' title='bbox 210 867 238 892; x_wconf 75' lang='grc' dir='ltr'>ἐν</span> <span class='ocrx_word' id='word_1_202' title='bbox 251 865 289 901; x_wconf 85' lang='grc' dir='ltr'>τῷ</span> <span class='ocrx_word' id='word_1_203' title='bbox 304 866 340 901; x_wconf 86' lang='grc' dir='ltr'>μὴ</span> <span class='ocrx_word' id='word_1_204' title='bbox 362 866 511 901; x_wconf 80' lang='grc' dir='ltr'>κινουμένῳ</span> <span class='ocrx_word' id='word_1_205' title='bbox 524 865 553 892; x_wconf 79' lang='grc' dir='ltr'>τὸ</span> <span class='ocrx_word' id='word_1_206' title='bbox 571 866 734 901; x_wconf 78' lang='grc' dir='ltr'>ἀεικίνητον.</span> <span class='ocrx_word' id='word_1_207' title='bbox 749 866 871 893; x_wconf 86' lang='grc' dir='ltr'>’Κινεῖται</span> <span class='ocrx_word' id='word_1_208' title='bbox 887 867 936 902; x_wconf 79' lang='grc' dir='ltr'>μὲν</span> 
     </span>
    </p>
   </div>
   <div class='ocr_carea' id='block_1_29' title="bbox 145 911 938 961">
    <p class='ocr_par' dir='ltr' id='par_1_29' title="bbox 145 911 938 961">
     <span class='ocr_line' id='line_1_29' title="bbox 145 911 938 961; baseline 0 -23"><span class='ocrx_word' id='word_1_209' title='bbox 145 912 202 947; x_wconf 82' lang='grc' dir='ltr'><strong>γὰρ</strong></span> <span class='ocrx_word' id='word_1_210' title='bbox 221 912 253 938; x_wconf 85' lang='grc' dir='ltr'>τὰ</span> <span class='ocrx_word' id='word_1_211' title='bbox 270 912 329 961; x_wconf 47' lang='grc' dir='ltr'>κατ’</span> <span class='ocrx_word' id='word_1_212' title='bbox 348 912 459 947; x_wconf 74' lang='grc' dir='ltr'>οὐρανὸν</span> <span class='ocrx_word' id='word_1_213' title='bbox 475 912 517 938; x_wconf 80' lang='grc' dir='ltr'><strong>ἀεὶ</strong></span> <span class='ocrx_word' id='word_1_214' title='bbox 530 912 628 944; x_wconf 78' lang='grc' dir='ltr'>πάντα,</span> <span class='ocrx_word' id='word_1_215' title='bbox 648 911 664 947; x_wconf 82' lang='grc' dir='ltr'>ἦ</span> <span class='ocrx_word' id='word_1_216' title='bbox 684 911 722 947; x_wconf 83' lang='grc' dir='ltr'><strong>τῷ</strong></span> <span class='ocrx_word' id='word_1_217' title='bbox 742 911 856 938; x_wconf 81' lang='grc' dir='ltr'>ἀπλανεί</span> <span class='ocrx_word' id='word_1_218' title='bbox 872 920 938 947; x_wconf 90' lang='grc' dir='ltr'>συμ-</span> 
     </span>
    </p>
   </div>
   <div class='ocr_carea' id='block_1_30' title="bbox 146 956 937 992">
    <p class='ocr_par' dir='ltr' id='par_1_30' title="bbox 146 956 937 992">
     <span class='ocr_line' id='line_1_30' title="bbox 146 956 937 992; baseline 0.003 -10"><span class='ocrx_word' id='word_1_219' title='bbox 146 956 343 992; x_wconf 70' lang='grc' dir='ltr'>περιπολοῦντα</span> <span class='ocrx_word' id='word_1_220' title='bbox 370 956 470 992; x_wconf 79' lang='grc' dir='ltr'>κύκλῳ,</span> <span class='ocrx_word' id='word_1_221' title='bbox 489 956 505 992; x_wconf 85' lang='grc' dir='ltr'><strong>ἦ</strong></span> <span class='ocrx_word' id='word_1_222' title='bbox 531 956 602 984; x_wconf 75' lang='grc' dir='ltr'>κατὰ</span> <span class='ocrx_word' id='word_1_223' title='bbox 625 957 656 983; x_wconf 79' lang='grc' dir='ltr'>τὺ</span> <span class='ocrx_word' id='word_1_224' title='bbox 678 957 797 983; x_wconf 83' lang='grc' dir='ltr'>ἐναντίον</span> <span class='ocrx_word' id='word_1_225' title='bbox 817 957 861 983; x_wconf 84' lang='grc' dir='ltr'><strong>διὰ</strong></span> <span class='ocrx_word' id='word_1_226' title='bbox 883 957 937 984; x_wconf 86' lang='grc' dir='ltr'>τῶν</span> 
     </span>
    </p>
   </div>
   <div class='ocr_carea' id='block_1_31' title="bbox 147 1002 937 1038">
    <p class='ocr_par' dir='ltr' id='par_1_31' title="bbox 147 1002 937 1038">
     <span class='ocr_line' id='line_1_31' title="bbox 147 1002 937 1038; baseline 0.001 -10"><span class='ocrx_word' id='word_1_227' title='bbox 147 1002 291 1037; x_wconf 80' lang='grc' dir='ltr'>πλανητῶν</span> <span class='ocrx_word' id='word_1_228' title='bbox 321 1002 522 1038; x_wconf 84' lang='grc' dir='ltr'>ἁνελισσόμενα.</span> <span class='ocrx_word' id='word_1_229' title='bbox 547 1003 666 1038; x_wconf 77' lang='grc' dir='ltr'>Ἐστηκε</span> <span class='ocrx_word' id='word_1_230' title='bbox 691 1003 719 1029; x_wconf 82' lang='grc' dir='ltr'><strong>δὲ</strong></span> <span class='ocrx_word' id='word_1_231' title='bbox 746 1002 860 1029; x_wconf 77' lang='grc' dir='ltr'>πάντοτε</span> <span class='ocrx_word' id='word_1_232' title='bbox 888 1003 937 1030; x_wconf 74' lang='grc' dir='ltr'><strong>καὶ</strong></span> 
     </span>
    </p>
   </div>
   <div class='ocr_carea' id='block_1_32' title="bbox 147 1047 936 1083">
    <p class='ocr_par' dir='ltr' id='par_1_32' title="bbox 147 1047 936 1083">
     <span class='ocr_line' id='line_1_32' title="bbox 147 1047 936 1083; baseline 0.003 -11"><span class='ocrx_word' id='word_1_233' title='bbox 147 1047 194 1073; x_wconf 68' lang='grc' dir='ltr'><strong>ἐπὶ</strong></span> <span class='ocrx_word' id='word_1_234' title='bbox 217 1047 265 1081; x_wconf 81' lang='grc' dir='ltr'><strong>τῆς</strong></span> <span class='ocrx_word' id='word_1_235' title='bbox 285 1047 447 1082; x_wconf 79' lang='grc' dir='ltr'>ταυτότητος</span> <span class='ocrx_word' id='word_1_236' title='bbox 465 1047 566 1083; x_wconf 86' lang='grc' dir='ltr'>μένειὸ</span> <span class='ocrx_word' id='word_1_237' title='bbox 582 1048 610 1074; x_wconf 82' lang='grc' dir='ltr'><strong>ὲν</strong></span> <span class='ocrx_word' id='word_1_238' title='bbox 632 1047 736 1083; x_wconf 62' lang='grc' dir='ltr'>τοιξτοις</span> <span class='ocrx_word' id='word_1_239' title='bbox 756 1048 858 1083; x_wconf 77' lang='grc' dir='ltr'>είρμὸς,</span> <span class='ocrx_word' id='word_1_240' title='bbox 875 1048 936 1074; x_wconf 83' lang='grc' dir='ltr'>οὐδέ</span> 
     </span>
    </p>
   </div>
   <div class='ocr_carea' id='block_1_33' title="bbox 146 1080 935 1128">
    <p class='ocr_par' dir='ltr' id='par_1_33' title="bbox 146 1080 935 1128">
     <span class='ocr_line' id='line_1_33' title="bbox 146 1080 935 1128; baseline 0.001 -11"><span class='ocrx_word' id='word_1_241' title='bbox 146 1099 212 1117; x_wconf 76' lang='grc' dir='ltr'>ποτε</span> <span class='ocrx_word' id='word_1_242' title='bbox 230 1080 284 1117; x_wconf 72' lang='grc' dir='ltr'><strong>ἀπὸ</strong></span> <span class='ocrx_word' id='word_1_243' title='bbox 302 1091 349 1117; x_wconf 76' lang='grc' dir='ltr'>τοῦ</span> <span class='ocrx_word' id='word_1_244' title='bbox 374 1080 402 1117; x_wconf 78' lang='grc' dir='ltr'><strong>ἐν</strong></span> <span class='ocrx_word' id='word_1_245' title='bbox 466 1080 538 1119; x_wconf 63' lang='grc' dir='ltr'>ἔστιν</span> <span class='ocrx_word' id='word_1_246' title='bbox 558 1093 599 1126; x_wconf 78' lang='grc' dir='ltr'><strong>ἐφ’</strong></span> <span class='ocrx_word' id='word_1_247' title='bbox 616 1080 708 1127; x_wconf 60' lang='grc' dir='ltr'>ἕτερόν</span> <span class='ocrx_word' id='word_1_248' title='bbox 722 1100 747 1118; x_wconf 82' lang='grc' dir='ltr'><strong>τι</strong></span> <span class='ocrx_word' id='word_1_249' title='bbox 762 1080 854 1119; x_wconf 73' lang='grc' dir='ltr'>καινὸν</span> <span class='ocrx_word' id='word_1_250' title='bbox 868 1092 935 1128; x_wconf 83' lang='grc' dir='ltr'>μεθ-</span> 
     </span>
    </p>
   </div>
   <div class='ocr_carea' id='block_1_34' title="bbox 148 1136 936 1173">
    <p class='ocr_par' dir='ltr' id='par_1_34' title="bbox 148 1136 936 1173">
     <span class='ocr_line' id='line_1_34' title="bbox 148 1136 936 1173; baseline 0.003 -11"><span class='ocrx_word' id='word_1_251' title='bbox 148 1137 298 1171; x_wconf 80' lang='grc' dir='ltr'>ιστάμενος,</span> <span class='ocrx_word' id='word_1_252' title='bbox 319 1136 376 1163; x_wconf 74' lang='grc' dir='ltr'>ἀλλ’</span> <span class='ocrx_word' id='word_1_253' title='bbox 395 1137 438 1163; x_wconf 74' lang='grc' dir='ltr'><strong>ἀεὶ</strong></span> <span class='ocrx_word' id='word_1_254' title='bbox 453 1137 580 1168; x_wconf 77' lang='grc' dir='ltr'><strong>ὡσαύτως</strong></span> <span class='ocrx_word' id='word_1_255' title='bbox 595 1137 674 1172; x_wconf 77' lang='grc' dir='ltr'>ἔχων,</span> <span class='ocrx_word' id='word_1_256' title='bbox 695 1138 741 1164; x_wconf 83' lang='grc' dir='ltr'>καὶ</span> <span class='ocrx_word' id='word_1_257' title='bbox 757 1139 786 1164; x_wconf 83' lang='grc' dir='ltr'>ὲν</span> <span class='ocrx_word' id='word_1_258' title='bbox 800 1137 839 1172; x_wconf 79' lang='grc' dir='ltr'>τῷ</span> <span class='ocrx_word' id='word_1_259' title='bbox 862 1137 936 1173; x_wconf 82' lang='grc' dir='ltr'>αὐτῷ</span> 
     </span>
    </p>
   </div>
   <div class='ocr_carea' id='block_1_35' title="bbox 145 1181 935 1218">
    <p class='ocr_par' dir='ltr' id='par_1_35' title="bbox 145 1181 935 1218">
     <span class='ocr_line' id='line_1_35' title="bbox 145 1181 935 1218; baseline 0.001 -10"><span class='ocrx_word' id='word_1_260' title='bbox 145 1181 289 1217; x_wconf 80' lang='grc' dir='ltr'><strong>διαμένων.</strong></span> <span class='ocrx_word' id='word_1_261' title='bbox 311 1183 343 1209; x_wconf 81' lang='grc' dir='ltr'><strong>Ἦ</strong></span> <span class='ocrx_word' id='word_1_262' title='bbox 357 1183 445 1209; x_wconf 84' lang='grc' dir='ltr'>τοίνυν</span> <span class='ocrx_word' id='word_1_263' title='bbox 461 1183 506 1210; x_wconf 82' lang='grc' dir='ltr'>τοῦ</span> <span class='ocrx_word' id='word_1_264' title='bbox 523 1183 638 1215; x_wconf 78' lang='grc' dir='ltr'>ἑστῶτος</span> <span class='ocrx_word' id='word_1_265' title='bbox 651 1183 718 1218; x_wconf 84' lang='grc' dir='ltr'>πρὸς</span> <span class='ocrx_word' id='word_1_266' title='bbox 732 1182 762 1209; x_wconf 79' lang='grc' dir='ltr'>τὸ</span> <span class='ocrx_word' id='word_1_267' title='bbox 779 1183 935 1218; x_wconf 84' lang='grc' dir='ltr'>κινούμενον</span> 
     </span>
    </p>
   </div>
   <div class='ocr_carea' id='block_1_36' title="bbox 147 1227 934 1265">
    <p class='ocr_par' dir='ltr' id='par_1_36' title="bbox 147 1227 934 1265">
     <span class='ocr_line' id='line_1_36' title="bbox 147 1227 934 1265; baseline 0.001 -11"><span class='ocrx_word' id='word_1_268' title='bbox 147 1227 254 1259; x_wconf 81' lang='grc' dir='ltr'>σύνοδος</span> <span class='ocrx_word' id='word_1_269' title='bbox 278 1229 307 1254; x_wconf 83' lang='grc' dir='ltr'>ὲν</span> <span class='ocrx_word' id='word_1_270' title='bbox 326 1228 477 1264; x_wconf 76' lang='grc' dir='ltr'>τεταγμένῃ</span> <span class='ocrx_word' id='word_1_271' title='bbox 491 1229 542 1255; x_wconf 79' lang='grc' dir='ltr'>τινὶ</span> <span class='ocrx_word' id='word_1_272' title='bbox 558 1229 604 1255; x_wconf 77' lang='grc' dir='ltr'><strong>καὶ</strong></span> <span class='ocrx_word' id='word_1_273' title='bbox 621 1229 789 1264; x_wconf 80' lang='grc' dir='ltr'>ἁπαραὸάτῳ</span> <span class='ocrx_word' id='word_1_274' title='bbox 808 1229 934 1265; x_wconf 79' lang='grc' dir='ltr'><strong>γινομένη</strong></span> 
     </span>
    </p>
   </div>
   <div class='ocr_carea' id='block_1_37' title="bbox 145 1271 935 1308">
    <p class='ocr_par' dir='ltr' id='par_1_37' title="bbox 145 1271 935 1308">
     <span class='ocr_line' id='line_1_37' title="bbox 145 1271 935 1308; baseline 0.004 -11"><span class='ocrx_word' id='word_1_275' title='bbox 145 1271 190 1297; x_wconf 74' lang='grc' dir='ltr'><strong>διὰ</strong></span> <span class='ocrx_word' id='word_1_276' title='bbox 207 1271 306 1303; x_wconf 82' lang='grc' dir='ltr'>παντὸς</span> <span class='ocrx_word' id='word_1_277' title='bbox 323 1272 498 1308; x_wconf 79' lang='grc' dir='ltr'>εὐαρμοστίᾳ,</span> <span class='ocrx_word' id='word_1_278' title='bbox 520 1273 635 1308; x_wconf 82' lang='grc' dir='ltr'>μουσική</span> <span class='ocrx_word' id='word_1_279' title='bbox 657 1274 699 1304; x_wconf 86' lang='grc' dir='ltr'><strong>τίς</strong></span> <span class='ocrx_word' id='word_1_280' title='bbox 722 1273 795 1299; x_wconf 80' lang='grc' dir='ltr'>ἐστιν</span> <span class='ocrx_word' id='word_1_281' title='bbox 818 1273 935 1308; x_wconf 84' lang='grc' dir='ltr'>ἁρμονία</span> 
     </span>
    </p>
   </div>
   <div class='ocr_carea' id='block_1_38' title="bbox 147 1314 935 1353">
    <p class='ocr_par' dir='ltr' id='par_1_38' title="bbox 147 1314 935 1353">
     <span class='ocr_line' id='line_1_38' title="bbox 147 1314 935 1353; baseline 0.005 -13"><span class='ocrx_word' id='word_1_282' title='bbox 147 1314 299 1350; x_wconf 82' lang='grc' dir='ltr'>σύγκρατον</span> <span class='ocrx_word' id='word_1_283' title='bbox 316 1316 362 1342; x_wconf 60' lang='grc' dir='ltr'><strong>καὶ</strong></span> <span class='ocrx_word' id='word_1_284' title='bbox 378 1316 522 1343; x_wconf 85' lang='grc' dir='ltr'>θεσπεσίαν</span> <span class='ocrx_word' id='word_1_285' title='bbox 544 1317 594 1351; x_wconf 84' lang='grc' dir='ltr'>τῆς</span> <span class='ocrx_word' id='word_1_286' title='bbox 614 1317 644 1343; x_wconf 85' lang='grc' dir='ltr'>τὸ</span> <span class='ocrx_word' id='word_1_287' title='bbox 667 1318 720 1344; x_wconf 79' lang='grc' dir='ltr'><strong>πᾶν</strong></span> <span class='ocrx_word' id='word_1_288' title='bbox 739 1317 935 1353; x_wconf 80' lang='grc' dir='ltr'>διακρατοὺσης</span> 
     </span>
    </p>
   </div>
   <div class='ocr_carea' id='block_1_39' title="bbox 145 1359 934 1398">
    <p class='ocr_par' dir='ltr' id='par_1_39' title="bbox 145 1359 934 1398">
     <span class='ocr_line' id='line_1_39' title="bbox 145 1359 934 1398; baseline 0.004 -11"><span class='ocrx_word' id='word_1_289' title='bbox 145 1361 286 1396; x_wconf 77' lang='grc' dir='ltr'>δυνάμεως</span> <span class='ocrx_word' id='word_1_290' title='bbox 299 1362 432 1397; x_wconf 74' lang='grc' dir='ltr'>ὑμνῳδίαν</span> <span class='ocrx_word' id='word_1_291' title='bbox 448 1362 624 1390; x_wconf 79' lang='grc' dir='ltr'>ἀποτελοῦσα.</span> <span class='ocrx_word' id='word_1_292' title='bbox 644 1359 697 1395; x_wconf 86' lang='grc' dir='ltr'>Ἦς</span> <span class='ocrx_word' id='word_1_293' title='bbox 716 1372 760 1398; x_wconf 90' lang='grc' dir='ltr'><strong>μοι</strong></span> <span class='ocrx_word' id='word_1_294' title='bbox 775 1363 847 1390; x_wconf 84' lang='grc' dir='ltr'>δοκεῖ</span> <span class='ocrx_word' id='word_1_295' title='bbox 861 1364 906 1390; x_wconf 73' lang='grc' dir='ltr'>καὶ</span> <span class='ocrx_word' id='word_1_296' title='bbox 921 1365 934 1391; x_wconf 81' lang='grc' dir='ltr'><strong>ὁ</strong></span> 
     </span>
    </p>
   </div>
   <div class='ocr_carea' id='block_1_40' title="bbox 148 1406 934 1443">
    <p class='ocr_par' dir='ltr' id='par_1_40' title="bbox 148 1406 934 1443">
     <span class='ocr_line' id='line_1_40' title="bbox 148 1406 934 1443; baseline 0.005 -11"><span class='ocrx_word' id='word_1_297' title='bbox 148 1406 234 1442; x_wconf 82' lang='grc' dir='ltr'>μέγας</span> <span class='ocrx_word' id='word_1_298' title='bbox 241 1407 321 1433; x_wconf 76' lang='grc' dir='ltr'>Δαυῒδ</span> <span class='ocrx_word' id='word_1_299' title='bbox 331 1408 358 1434; x_wconf 83' lang='grc' dir='ltr'>ὲν</span> <span class='ocrx_word' id='word_1_300' title='bbox 372 1408 502 1443; x_wconf 76' lang='grc' dir='ltr'>ἀκροάσει</span> <span class='ocrx_word' id='word_1_301' title='bbox 515 1408 658 1443; x_wconf 82' lang='grc' dir='ltr'>γενόμενος</span> <span class='ocrx_word' id='word_1_302' title='bbox 672 1409 758 1435; x_wconf 74' lang='grc' dir='ltr'>εἰπεῖν</span> <span class='ocrx_word' id='word_1_303' title='bbox 773 1408 801 1435; x_wconf 78' lang='grc' dir='ltr'><strong>ἐν</strong></span> <span class='ocrx_word' id='word_1_304' title='bbox 815 1417 866 1435; x_wconf 91' lang='grc' dir='ltr'>τινι</span> <span class='ocrx_word' id='word_1_305' title='bbox 880 1408 934 1436; x_wconf 85' lang='grc' dir='ltr'>τῶν</span> 
     </span>
    </p>
   </div>
   <div class='ocr_carea' id='block_1_41' title="bbox 144 1452 932 1489">
    <p class='ocr_par' dir='ltr' id='par_1_41' title="bbox 144 1452 932 1489">
     <span class='ocr_line' id='line_1_41' title="bbox 144 1452 932 1489; baseline 0.003 -11"><span class='ocrx_word' id='word_1_306' title='bbox 144 1452 270 1488; x_wconf 77' lang='grc' dir='ltr'>ψαλμῶν,</span> <span class='ocrx_word' id='word_1_307' title='bbox 285 1453 325 1479; x_wconf 80' lang='grc' dir='ltr'><strong>ὅτι</strong></span> <span class='ocrx_word' id='word_1_308' title='bbox 342 1454 444 1480; x_wconf 76' lang='grc' dir='ltr'>αἰνοῦσι</span> <span class='ocrx_word' id='word_1_309' title='bbox 463 1454 508 1480; x_wconf 79' lang='grc' dir='ltr'><strong>τὸν</strong></span> <span class='ocrx_word' id='word_1_310' title='bbox 528 1454 593 1480; x_wconf 73' lang='grc' dir='ltr'>Θεὸν</span> <span class='ocrx_word' id='word_1_311' title='bbox 612 1454 642 1480; x_wconf 73' lang='grc' dir='ltr'>αἴ</span> <span class='ocrx_word' id='word_1_312' title='bbox 659 1463 689 1480; x_wconf 86' lang='grc' dir='ltr'><strong>τε</strong></span> <span class='ocrx_word' id='word_1_313' title='bbox 705 1454 781 1481; x_wconf 81' lang='grc' dir='ltr'>ἄλλαι</span> <span class='ocrx_word' id='word_1_314' title='bbox 795 1454 932 1489; x_wconf 83' lang='grc' dir='ltr'>δυνάμεις,</span> 
     </span>
    </p>
   </div>
   <div class='ocr_carea' id='block_1_42' title="bbox 147 1495 932 1534">
    <p class='ocr_par' dir='ltr' id='par_1_42' title="bbox 147 1495 932 1534">
     <span class='ocr_line' id='line_1_42' title="bbox 147 1495 932 1534; baseline 0.005 -13"><span class='ocrx_word' id='word_1_315' title='bbox 147 1495 204 1529; x_wconf 78' lang='grc'><strong>(51)</strong></span> <span class='ocrx_word' id='word_1_316' title='bbox 221 1497 248 1522; x_wconf 79' lang='grc' dir='ltr'>αἱ</span> <span class='ocrx_word' id='word_1_317' title='bbox 259 1497 317 1522; x_wconf 82' lang='grc' dir='ltr'>κατ’</span> <span class='ocrx_word' id='word_1_318' title='bbox 331 1497 444 1532; x_wconf 79' lang='grc' dir='ltr'>οὐρανὸν</span> <span class='ocrx_word' id='word_1_319' title='bbox 458 1498 552 1528; x_wconf 79' lang='grc' dir='ltr'>πᾶσαι,</span> <span class='ocrx_word' id='word_1_320' title='bbox 563 1497 608 1524; x_wconf 73' lang='grc' dir='ltr'><strong>καὶ</strong></span> <span class='ocrx_word' id='word_1_321' title='bbox 623 1498 653 1524; x_wconf 68' lang='grc' dir='ltr'>τὸ</span> <span class='ocrx_word' id='word_1_322' title='bbox 664 1499 784 1534; x_wconf 84' lang='grc' dir='ltr'>ἀστρῶον</span> <span class='ocrx_word' id='word_1_323' title='bbox 795 1499 861 1533; x_wconf 80' lang='grc' dir='ltr'>φῶς,</span> <span class='ocrx_word' id='word_1_324' title='bbox 874 1500 888 1526; x_wconf 87' lang='grc' dir='ltr'>ὅ</span> <span class='ocrx_word' id='word_1_325' title='bbox 903 1508 932 1525; x_wconf 90' lang='grc' dir='ltr'><strong>τε</strong></span> 
     </span>
    </p>
   </div>
   <div class='ocr_carea' id='block_1_43' title="bbox 146 1541 934 1580">
    <p class='ocr_par' dir='ltr' id='par_1_43' title="bbox 146 1541 934 1580">
     <span class='ocr_line' id='line_1_43' title="bbox 146 1541 934 1580; baseline 0.005 -13"><span class='ocrx_word' id='word_1_326' title='bbox 146 1541 222 1576; x_wconf 68' lang='grc' dir='ltr'>ἥλιος</span> <span class='ocrx_word' id='word_1_327' title='bbox 231 1542 278 1568; x_wconf 67' lang='grc' dir='ltr'><strong>καὶ</strong></span> <span class='ocrx_word' id='word_1_328' title='bbox 287 1543 303 1577; x_wconf 85' lang='grc' dir='ltr'><strong>ή</strong></span> <span class='ocrx_word' id='word_1_329' title='bbox 315 1542 423 1578; x_wconf 76' lang='grc' dir='ltr'>σελήνη,</span> <span class='ocrx_word' id='word_1_330' title='bbox 434 1543 480 1569; x_wconf 80' lang='grc' dir='ltr'>καὶ</span> <span class='ocrx_word' id='word_1_331' title='bbox 489 1544 512 1569; x_wconf 84' lang='grc' dir='ltr'>οἱ</span> <span class='ocrx_word' id='word_1_332' title='bbox 522 1543 575 1569; x_wconf 81' lang='grc' dir='ltr'><strong>τῶν</strong></span> <span class='ocrx_word' id='word_1_333' title='bbox 586 1544 707 1578; x_wconf 81' lang='grc' dir='ltr'>οὐρανῶν</span> <span class='ocrx_word' id='word_1_334' title='bbox 718 1544 836 1580; x_wconf 82' lang='grc' dir='ltr'>οὐρανοὶ,</span> <span class='ocrx_word' id='word_1_335' title='bbox 848 1545 894 1572; x_wconf 72' lang='grc' dir='ltr'><strong>καὶ</strong></span> <span class='ocrx_word' id='word_1_336' title='bbox 903 1545 934 1571; x_wconf 86' lang='grc' dir='ltr'>τὸ</span> 
     </span>
    </p>
   </div>
   <div class='ocr_carea' id='block_1_44' title="bbox 146 1587 934 1625">
    <p class='ocr_par' dir='ltr' id='par_1_44' title="bbox 146 1587 934 1625">
     <span class='ocr_line' id='line_1_44' title="bbox 146 1587 934 1625; baseline 0.005 -12"><span class='ocrx_word' id='word_1_337' title='bbox 146 1587 340 1623; x_wconf 79' lang='grc' dir='ltr'>ὑπερουράνιον</span> <span class='ocrx_word' id='word_1_338' title='bbox 352 1587 438 1624; x_wconf 78' lang='grc' dir='ltr'>ὕδωρ,</span> <span class='ocrx_word' id='word_1_339' title='bbox 457 1589 511 1622; x_wconf 63' lang='lat'><strong>(5‘1)</strong></span> <span class='ocrx_word' id='word_1_340' title='bbox 530 1589 569 1615; x_wconf 77' lang='grc' dir='ltr'>ὃτι</span> <span class='ocrx_word' id='word_1_341' title='bbox 587 1590 652 1615; x_wconf 75' lang='grc' dir='ltr'>ποτὲ</span> <span class='ocrx_word' id='word_1_342' title='bbox 669 1590 698 1616; x_wconf 69' lang='grc' dir='ltr'>τὸ</span> <span class='ocrx_word' id='word_1_343' title='bbox 713 1590 784 1625; x_wconf 79' lang='grc' dir='ltr'>ὕδωρ</span> <span class='ocrx_word' id='word_1_344' title='bbox 800 1590 871 1624; x_wconf 82' lang='grc' dir='ltr'>λέγει</span> <span class='ocrx_word' id='word_1_345' title='bbox 888 1591 934 1617; x_wconf 80' lang='grc' dir='ltr'><strong>καὶ</strong></span> 
     </span>
    </p>
   </div>
   <div class='ocr_carea' id='block_1_45' title="bbox 144 1631 934 1670">
    <p class='ocr_par' dir='ltr' id='par_1_45' title="bbox 144 1631 934 1670">
     <span class='ocr_line' id='line_1_45' title="bbox 144 1631 934 1670; baseline 0.005 -12"><span class='ocrx_word' id='word_1_346' title='bbox 144 1631 179 1658; x_wconf 78' lang='grc' dir='ltr'>τὰ</span> <span class='ocrx_word' id='word_1_347' title='bbox 198 1632 261 1667; x_wconf 78' lang='grc' dir='ltr'><strong>ἑξῆς</strong></span> <span class='ocrx_word' id='word_1_348' title='bbox 283 1633 370 1660; x_wconf 82' lang='grc' dir='ltr'>πάντα</span> <span class='ocrx_word' id='word_1_349' title='bbox 393 1633 442 1660; x_wconf 81' lang='grc' dir='ltr'>ὃσα</span> <span class='ocrx_word' id='word_1_350' title='bbox 455 1634 472 1669; x_wconf 82' lang='grc' dir='ltr'>ἡ</span> <span class='ocrx_word' id='word_1_351' title='bbox 489 1634 575 1665; x_wconf 79' lang='grc' dir='ltr'>κτίσις</span> <span class='ocrx_word' id='word_1_352' title='bbox 593 1634 659 1668; x_wconf 74' lang='grc' dir='ltr'>ἔχει.</span> <span class='ocrx_word' id='word_1_353' title='bbox 682 1635 713 1660; x_wconf 84' lang='lat' dir='ltr'><strong>&#39;H</strong></span> <span class='ocrx_word' id='word_1_354' title='bbox 727 1634 781 1670; x_wconf 78' lang='grc' dir='ltr'>γὰρ</span> <span class='ocrx_word' id='word_1_355' title='bbox 796 1635 850 1661; x_wconf 81' lang='grc' dir='ltr'><strong>τῶν</strong></span> <span class='ocrx_word' id='word_1_356' title='bbox 866 1635 934 1662; x_wconf 81' lang='grc' dir='ltr'><strong>πάν-</strong></span> 
     </span>
    </p>
   </div>
   <div class='ocr_carea' id='block_1_46' title="bbox 144 1677 934 1714">
    <p class='ocr_par' dir='ltr' id='par_1_46' title="bbox 144 1677 934 1714">
     <span class='ocr_line' id='line_1_46' title="bbox 144 1677 934 1714; baseline 0.005 -11"><span class='ocrx_word' id='word_1_357' title='bbox 144 1685 200 1703; x_wconf 78' lang='grc' dir='ltr'><strong>των</strong></span> <span class='ocrx_word' id='word_1_358' title='bbox 215 1677 283 1712; x_wconf 73' lang='grc' dir='ltr'>πρὸς</span> <span class='ocrx_word' id='word_1_359' title='bbox 296 1677 398 1712; x_wconf 75' lang='grc' dir='ltr'>ἄλληλα</span> <span class='ocrx_word' id='word_1_360' title='bbox 413 1677 548 1712; x_wconf 72' lang='grc' dir='ltr'>σύμπνοια</span> <span class='ocrx_word' id='word_1_361' title='bbox 566 1687 593 1704; x_wconf 86' lang='grc' dir='ltr'><strong>τε</strong></span> <span class='ocrx_word' id='word_1_362' title='bbox 611 1679 657 1705; x_wconf 71' lang='grc' dir='ltr'><strong>καὶ</strong></span> <span class='ocrx_word' id='word_1_363' title='bbox 679 1680 843 1714; x_wconf 69' lang='grc' dir='ltr'>συμπάθεια,</span> <span class='ocrx_word' id='word_1_364' title='bbox 859 1680 934 1713; x_wconf 78' lang='grc' dir='ltr'>τάξει</span> 
     </span>
    </p>
   </div>
   <div class='ocr_carea' id='block_1_47' title="bbox 145 1722 933 1762">
    <p class='ocr_par' dir='ltr' id='par_1_47' title="bbox 145 1722 933 1762">
     <span class='ocr_line' id='line_1_47' title="bbox 145 1722 933 1762; baseline 0.006 -14"><span class='ocrx_word' id='word_1_365' title='bbox 145 1722 193 1748; x_wconf 74' lang='grc' dir='ltr'><strong>καὶ</strong></span> <span class='ocrx_word' id='word_1_366' title='bbox 207 1722 301 1757; x_wconf 80' lang='grc' dir='ltr'>κόσμῳ</span> <span class='ocrx_word' id='word_1_367' title='bbox 324 1723 372 1749; x_wconf 77' lang='grc' dir='ltr'>καὶ</span> <span class='ocrx_word' id='word_1_368' title='bbox 390 1723 533 1760; x_wconf 76' lang='grc' dir='ltr'>ἀκολουθίᾳ</span> <span class='ocrx_word' id='word_1_369' title='bbox 555 1725 737 1761; x_wconf 74' lang='grc' dir='ltr'>διοικουμένῃ,</span> <span class='ocrx_word' id='word_1_370' title='bbox 755 1727 770 1761; x_wconf 86' lang='grc' dir='ltr'>ἡ</span> <span class='ocrx_word' id='word_1_371' title='bbox 789 1726 884 1762; x_wconf 76' lang='grc' dir='ltr'>πρώτη</span> <span class='ocrx_word' id='word_1_372' title='bbox 904 1736 933 1753; x_wconf 89' lang='grc' dir='ltr'><strong>τε</strong></span> 
     </span>
    </p>
   </div>
   <div class='ocr_carea' id='block_1_48' title="bbox 144 1768 934 1808">
    <p class='ocr_par' dir='ltr' id='par_1_48' title="bbox 144 1768 934 1808">
     <span class='ocr_line' id='line_1_48' title="bbox 144 1768 934 1808; baseline 0.008 -15"><span class='ocrx_word' id='word_1_373' title='bbox 144 1768 191 1794; x_wconf 72' lang='grc' dir='ltr'>καὶ</span> <span class='ocrx_word' id='word_1_374' title='bbox 214 1768 366 1803; x_wconf 74' lang='grc' dir='ltr'>ἀρχέτυπος</span> <span class='ocrx_word' id='word_1_375' title='bbox 394 1769 441 1796; x_wconf 83' lang='grc' dir='ltr'>καὶ</span> <span class='ocrx_word' id='word_1_376' title='bbox 460 1770 564 1805; x_wconf 81' lang='grc' dir='ltr'>ἀληθής</span> <span class='ocrx_word' id='word_1_377' title='bbox 587 1771 643 1798; x_wconf 75' lang='grc' dir='ltr'>ἐστι</span> <span class='ocrx_word' id='word_1_378' title='bbox 664 1773 793 1807; x_wconf 82' lang='grc' dir='ltr'>μουσική·</span> <span class='ocrx_word' id='word_1_379' title='bbox 810 1773 843 1808; x_wconf 76' lang='grc' dir='ltr'>ἢν</span> <span class='ocrx_word' id='word_1_380' title='bbox 860 1773 874 1799; x_wconf 86' lang='grc' dir='ltr'><strong><em>ὁ</em></strong></span> <span class='ocrx_word' id='word_1_381' title='bbox 887 1773 934 1799; x_wconf 78' lang='grc' dir='ltr'>τοῦ</span> 
     </span>
    </p>
   </div>
   <div class='ocr_carea' id='block_1_49' title="bbox 145 1814 934 1853">
    <p class='ocr_par' dir='ltr' id='par_1_49' title="bbox 145 1814 934 1853">
     <span class='ocr_line' id='line_1_49' title="bbox 145 1814 934 1853; baseline 0.006 -13"><span class='ocrx_word' id='word_1_382' title='bbox 145 1815 244 1846; x_wconf 78' lang='grc' dir='ltr'>παντὸς</span> <span class='ocrx_word' id='word_1_383' title='bbox 263 1814 411 1850; x_wconf 81' lang='grc' dir='ltr'>ἁρμοστὴς,</span> <span class='ocrx_word' id='word_1_384' title='bbox 430 1815 469 1850; x_wconf 78' lang='grc' dir='ltr'><strong>τῷ</strong></span> <span class='ocrx_word' id='word_1_385' title='bbox 490 1817 600 1852; x_wconf 69' lang='grc' dir='ltr'>ἀρρήτῳ</span> <span class='ocrx_word' id='word_1_386' title='bbox 617 1817 666 1852; x_wconf 81' lang='grc' dir='ltr'>τῆς</span> <span class='ocrx_word' id='word_1_387' title='bbox 688 1818 784 1852; x_wconf 79' lang='grc' dir='ltr'>σοφίας</span> <span class='ocrx_word' id='word_1_388' title='bbox 804 1818 874 1853; x_wconf 85' lang='grc' dir='ltr'><strong>λόγῳ</strong></span> <span class='ocrx_word' id='word_1_389' title='bbox 891 1819 934 1845; x_wconf 76' lang='grc' dir='ltr'><strong>διὰ</strong></span> 
     </span>
    </p>
   </div>
   <div class='ocr_carea' id='block_1_50' title="bbox 144 1859 935 1897">
    <p class='ocr_par' dir='ltr' id='par_1_50' title="bbox 144 1859 935 1897">
     <span class='ocr_line' id='line_1_50' title="bbox 144 1859 935 1897; baseline 0.008 -12"><span class='ocrx_word' id='word_1_390' title='bbox 144 1859 199 1886; x_wconf 81' lang='grc' dir='ltr'>τῶν</span> <span class='ocrx_word' id='word_1_391' title='bbox 220 1859 263 1886; x_wconf 74' lang='grc' dir='ltr'><strong>ἀεὶ</strong></span> <span class='ocrx_word' id='word_1_392' title='bbox 283 1860 463 1895; x_wconf 76' lang='grc' dir='ltr'>ὲγγινομένων</span> <span class='ocrx_word' id='word_1_393' title='bbox 487 1861 542 1896; x_wconf 80' lang='grc'>(55)</span> <span class='ocrx_word' id='word_1_394' title='bbox 562 1862 590 1887; x_wconf 83' lang='grc' dir='ltr'><strong>ἐν</strong></span> <span class='ocrx_word' id='word_1_395' title='bbox 612 1862 691 1896; x_wconf 82' lang='grc' dir='ltr'>σοφίᾳ</span> <span class='ocrx_word' id='word_1_396' title='bbox 712 1863 844 1897; x_wconf 78' lang='grc' dir='ltr'>τεχνικῶς</span> <span class='ocrx_word' id='word_1_397' title='bbox 868 1865 935 1891; x_wconf 81' lang='grc' dir='ltr'>ἁνα-</span> 
     </span>
    </p>
   </div>
   <div class='ocr_carea' id='block_1_51' title="bbox 144 1903 934 1944">
    <p class='ocr_par' dir='ltr' id='par_1_51' title="bbox 144 1903 934 1944">
     <span class='ocr_line' id='line_1_51' title="bbox 144 1903 934 1944; baseline 0.009 -14"><span class='ocrx_word' id='word_1_398' title='bbox 144 1904 282 1939; x_wconf 83' lang='grc' dir='ltr'>κροὺεται.</span> <span class='ocrx_word' id='word_1_399' title='bbox 297 1905 328 1931; x_wconf 85' lang='grc' dir='ltr'>Εί</span> <span class='ocrx_word' id='word_1_400' title='bbox 341 1903 387 1931; x_wconf 72' lang='grc' dir='ltr'>οὖν</span> <span class='ocrx_word' id='word_1_401' title='bbox 399 1906 413 1931; x_wconf 80' lang='grc' dir='ltr'>ὁ</span> <span class='ocrx_word' id='word_1_402' title='bbox 428 1905 574 1940; x_wconf 80' lang='grc' dir='ltr'>διάκοσμος</span> <span class='ocrx_word' id='word_1_403' title='bbox 587 1907 646 1938; x_wconf 85' lang='grc' dir='ltr'>ὅλος</span> <span class='ocrx_word' id='word_1_404' title='bbox 667 1909 782 1943; x_wconf 84' lang='grc' dir='ltr'>μουσική</span> <span class='ocrx_word' id='word_1_405' title='bbox 795 1917 837 1940; x_wconf 82' lang='grc' dir='ltr'><strong>τις</strong></span> <span class='ocrx_word' id='word_1_406' title='bbox 848 1909 934 1944; x_wconf 85' lang='grc' dir='ltr'>ἁρμο-</span> 
     </span>
    </p>
   </div>
   <div class='ocr_carea' id='block_1_52' title="bbox 145 1948 935 1988">
    <p class='ocr_par' dir='ltr' id='par_1_52' title="bbox 145 1948 935 1988">
     <span class='ocr_line' id='line_1_52' title="bbox 145 1948 935 1988; baseline 0.006 -12"><span class='ocrx_word' id='word_1_407' title='bbox 145 1949 190 1976; x_wconf 87' lang='grc' dir='ltr'><strong>νία</strong></span> <span class='ocrx_word' id='word_1_408' title='bbox 206 1951 288 1983; x_wconf 74' lang='grc' dir='ltr'>ἐστὶν,</span> <span class='ocrx_word' id='word_1_409' title='bbox 303 1948 337 1986; x_wconf 76' lang='grc' dir='ltr'>ἦς</span> <span class='ocrx_word' id='word_1_410' title='bbox 354 1951 477 1986; x_wconf 76' lang='grc' dir='ltr'>τεχνίτης</span> <span class='ocrx_word' id='word_1_411' title='bbox 495 1952 541 1978; x_wconf 68' lang='grc' dir='ltr'>καὶ</span> <span class='ocrx_word' id='word_1_412' title='bbox 552 1951 715 1988; x_wconf 75' lang='grc' dir='ltr'>δημιουργὸς</span> <span class='ocrx_word' id='word_1_413' title='bbox 727 1954 741 1979; x_wconf 79' lang='grc' dir='ltr'>ὁ</span> <span class='ocrx_word' id='word_1_414' title='bbox 754 1954 829 1985; x_wconf 79' lang='grc' dir='ltr'>Θεὸς,</span> <span class='ocrx_word' id='word_1_415' title='bbox 845 1954 935 1986; x_wconf 78' lang='grc' dir='ltr'>καθώς</span> 
     </span>
    </p>
   </div>
   <div class='ocr_carea' id='block_1_53' title="bbox 145 1997 933 2034">
    <p class='ocr_par' dir='ltr' id='par_1_53' title="bbox 145 1997 933 2034">
     <span class='ocr_line' id='line_1_53' title="bbox 145 1997 933 2034; baseline 0.006 -12"><span class='ocrx_word' id='word_1_416' title='bbox 145 2004 227 2031; x_wconf 79' lang='grc' dir='ltr'>φησιν</span> <span class='ocrx_word' id='word_1_417' title='bbox 244 1997 258 2023; x_wconf 81' lang='grc' dir='ltr'>ὁ</span> <span class='ocrx_word' id='word_1_418' title='bbox 276 1997 448 2028; x_wconf 75' lang='grc' dir='ltr'>’Λπόστολος-</span> <span class='ocrx_word' id='word_1_419' title='bbox 470 1997 565 2032; x_wconf 76' lang='grc' dir='ltr'>μικρὸς</span> <span class='ocrx_word' id='word_1_420' title='bbox 586 1997 614 2024; x_wconf 79' lang='grc' dir='ltr'><strong>δὲ</strong></span> <span class='ocrx_word' id='word_1_421' title='bbox 632 1999 733 2034; x_wconf 81' lang='grc' dir='ltr'>κόσμος</span> <span class='ocrx_word' id='word_1_422' title='bbox 750 2001 765 2026; x_wconf 79' lang='grc' dir='ltr'>ὁ</span> <span class='ocrx_word' id='word_1_423' title='bbox 783 2000 933 2034; x_wconf 75' lang='grc' dir='ltr'>ἄνθρωπος,</span> 
     </span>
    </p>
   </div>
   <div class='ocr_carea' id='block_1_54' title="bbox 144 2040 934 2082">
    <p class='ocr_par' dir='ltr' id='par_1_54' title="bbox 144 2040 934 2082">
     <span class='ocr_line' id='line_1_54' title="bbox 144 2040 934 2082; baseline 0.008 -15"><span class='ocrx_word' id='word_1_424' title='bbox 144 2042 160 2068; x_wconf 86' lang='grc' dir='ltr'><strong>ό</strong></span> <span class='ocrx_word' id='word_1_425' title='bbox 181 2041 208 2068; x_wconf 78' lang='grc' dir='ltr'><strong>δὲ</strong></span> <span class='ocrx_word' id='word_1_426' title='bbox 228 2042 307 2073; x_wconf 77' lang='grc' dir='ltr'>αὐτὸς</span> <span class='ocrx_word' id='word_1_427' title='bbox 328 2040 403 2075; x_wconf 75' lang='grc' dir='ltr'>οὗτος</span> <span class='ocrx_word' id='word_1_428' title='bbox 426 2044 471 2070; x_wconf 72' lang='grc' dir='ltr'><strong>καὶ</strong></span> <span class='ocrx_word' id='word_1_429' title='bbox 491 2044 602 2080; x_wconf 80' lang='grc' dir='ltr'>μίμημα</span> <span class='ocrx_word' id='word_1_430' title='bbox 617 2044 663 2072; x_wconf 81' lang='grc' dir='ltr'>τοῦ</span> <span class='ocrx_word' id='word_1_431' title='bbox 683 2046 874 2082; x_wconf 76' lang='grc' dir='ltr'>ἁρμοσαμένου</span> <span class='ocrx_word' id='word_1_432' title='bbox 890 2047 934 2073; x_wconf 77' lang='grc' dir='ltr'>τὸν</span> 
     </span>
    </p>
   </div>
   <div class='ocr_carea' id='block_1_55' title="bbox 145 2085 934 2127">
    <p class='ocr_par' dir='ltr' id='par_1_55' title="bbox 145 2085 934 2127">
     <span class='ocr_line' id='line_1_55' title="bbox 145 2085 934 2127; baseline 0.008 -15"><span class='ocrx_word' id='word_1_433' title='bbox 145 2087 246 2122; x_wconf 83' lang='grc' dir='ltr'>κόσμον</span> <span class='ocrx_word' id='word_1_434' title='bbox 270 2088 431 2124; x_wconf 79' lang='grc' dir='ltr'>πεποίηται’</span> <span class='ocrx_word' id='word_1_435' title='bbox 457 2089 524 2124; x_wconf 81' lang='grc' dir='ltr'>ὅπερ</span> <span class='ocrx_word' id='word_1_436' title='bbox 546 2091 592 2116; x_wconf 75' lang='grc' dir='ltr'><strong>ἐπὶ</strong></span> <span class='ocrx_word' id='word_1_437' title='bbox 613 2090 660 2116; x_wconf 76' lang='grc' dir='ltr'>τοῦ</span> <span class='ocrx_word' id='word_1_438' title='bbox 688 2091 804 2125; x_wconf 79' lang='grc' dir='ltr'>μεγάλου</span> <span class='ocrx_word' id='word_1_439' title='bbox 833 2085 934 2127; x_wconf 66' lang='grc' dir='ltr'>κόσμου</span> 
     </span>
    </p>
   </div>
   <div class='ocr_carea' id='block_1_56' title="bbox 143 2130 934 2172">
    <p class='ocr_par' dir='ltr' id='par_1_56' title="bbox 143 2130 934 2172">
     <span class='ocr_line' id='line_1_56' title="bbox 143 2130 934 2172; baseline 0.006 -14"><span class='ocrx_word' id='word_1_440' title='bbox 143 2130 214 2158; x_wconf 77' lang='grc' dir='ltr'>οἶδεν</span> <span class='ocrx_word' id='word_1_441' title='bbox 227 2133 242 2158; x_wconf 83' lang='grc' dir='ltr'><strong>ὸ</strong></span> <span class='ocrx_word' id='word_1_442' title='bbox 257 2132 345 2166; x_wconf 78' lang='grc' dir='ltr'>λόγος,</span> <span class='ocrx_word' id='word_1_443' title='bbox 365 2133 441 2160; x_wconf 79' lang='grc' dir='ltr'>τοῦτο</span> <span class='ocrx_word' id='word_1_444' title='bbox 463 2134 533 2161; x_wconf 79' lang='grc' dir='ltr'>κατὰ</span> <span class='ocrx_word' id='word_1_445' title='bbox 552 2135 581 2161; x_wconf 76' lang='grc' dir='ltr'>τὸ</span> <span class='ocrx_word' id='word_1_446' title='bbox 596 2135 668 2167; x_wconf 78' lang='grc' dir='ltr'>εἰκὸς</span> <span class='ocrx_word' id='word_1_447' title='bbox 679 2137 725 2162; x_wconf 78' lang='grc' dir='ltr'><strong>καὶ</strong></span> <span class='ocrx_word' id='word_1_448' title='bbox 746 2137 773 2163; x_wconf 85' lang='grc' dir='ltr'><strong>ὲν</strong></span> <span class='ocrx_word' id='word_1_449' title='bbox 790 2136 828 2171; x_wconf 81' lang='grc' dir='ltr'>τῷ</span> <span class='ocrx_word' id='word_1_450' title='bbox 844 2137 934 2172; x_wconf 81' lang='grc' dir='ltr'>μικρῷ</span> 
     </span>
    </p>
   </div>
   <div class='ocr_carea' id='block_1_57' title="bbox 145 2178 934 2217">
    <p class='ocr_par' dir='ltr' id='par_1_57' title="bbox 145 2178 934 2217">
     <span class='ocr_line' id='line_1_57' title="bbox 145 2178 934 2217; baseline 0.006 -13"><span class='ocrx_word' id='word_1_451' title='bbox 145 2178 239 2213; x_wconf 79' lang='grc' dir='ltr'>βλέπει</span> <span class='ocrx_word' id='word_1_452' title='bbox 250 2187 256 2194; x_wconf 94' lang='grc'><strong>·</strong></span> <span class='ocrx_word' id='word_1_453' title='bbox 276 2179 306 2206; x_wconf 83' lang='grc' dir='ltr'>τὸ</span> <span class='ocrx_word' id='word_1_454' title='bbox 318 2179 372 2215; x_wconf 79' lang='grc' dir='ltr'>γὰρ</span> <span class='ocrx_word' id='word_1_455' title='bbox 397 2180 479 2215; x_wconf 81' lang='grc' dir='ltr'>μέρος</span> <span class='ocrx_word' id='word_1_456' title='bbox 495 2181 541 2207; x_wconf 80' lang='grc' dir='ltr'>τοῦ</span> <span class='ocrx_word' id='word_1_457' title='bbox 560 2181 632 2213; x_wconf 80' lang='grc' dir='ltr'>ὅλου,</span> <span class='ocrx_word' id='word_1_458' title='bbox 649 2182 778 2217; x_wconf 76' lang='grc' dir='ltr'>ὁμογενές</span> <span class='ocrx_word' id='word_1_459' title='bbox 797 2183 853 2209; x_wconf 83' lang='grc' dir='ltr'>ἐστι</span> <span class='ocrx_word' id='word_1_460' title='bbox 868 2183 934 2210; x_wconf 83' lang='grc' dir='ltr'><strong>πάν-</strong></span> 
     </span>
    </p>
   </div>
   <div class='ocr_carea' id='block_1_58' title="bbox 143 2224 934 2263">
    <p class='ocr_par' dir='ltr' id='par_1_58' title="bbox 143 2224 934 2263">
     <span class='ocr_line' id='line_1_58' title="bbox 143 2224 934 2263; baseline 0.006 -13"><span class='ocrx_word' id='word_1_461' title='bbox 143 2231 198 2255; x_wconf 82' lang='grc' dir='ltr'><strong>τως</strong></span> <span class='ocrx_word' id='word_1_462' title='bbox 215 2224 253 2259; x_wconf 85' lang='grc' dir='ltr'>τῷ</span> <span class='ocrx_word' id='word_1_463' title='bbox 268 2225 323 2259; x_wconf 61' lang='grc'><strong>(54)</strong></span> <span class='ocrx_word' id='word_1_464' title='bbox 348 2226 410 2260; x_wconf 77' lang='grc' dir='ltr'><strong>ὅλῳ.</strong></span> <span class='ocrx_word' id='word_1_465' title='bbox 427 2227 530 2262; x_wconf 78' lang='grc' dir='ltr'>Ὥσπερ</span> <span class='ocrx_word' id='word_1_466' title='bbox 549 2227 602 2262; x_wconf 74' lang='grc' dir='ltr'>γὰρ</span> <span class='ocrx_word' id='word_1_467' title='bbox 624 2228 653 2253; x_wconf 83' lang='grc' dir='ltr'>ὲν</span> <span class='ocrx_word' id='word_1_468' title='bbox 679 2227 717 2262; x_wconf 85' lang='grc' dir='ltr'>τῷ</span> <span class='ocrx_word' id='word_1_469' title='bbox 739 2228 795 2263; x_wconf 73' lang='lat'><strong>(55)</strong></span> <span class='ocrx_word' id='word_1_470' title='bbox 810 2227 934 2263; x_wconf 64' lang='grc' dir='ltr'>ψήγματι</span> 
     </span>
    </p>
   </div>
   <div class='ocr_carea' id='block_1_59' title="bbox 145 2268 934 2307">
    <p class='ocr_par' dir='ltr' id='par_1_59' title="bbox 145 2268 934 2307">
     <span class='ocr_line' id='line_1_59' title="bbox 145 2268 934 2307; baseline 0.004 -12"><span class='ocrx_word' id='word_1_471' title='bbox 145 2268 275 2304; x_wconf 84' lang='grc' dir='ltr'>βραχείας</span> <span class='ocrx_word' id='word_1_472' title='bbox 293 2270 372 2297; x_wconf 79' lang='grc' dir='ltr'>ὑάλου</span> <span class='ocrx_word' id='word_1_473' title='bbox 391 2271 462 2297; x_wconf 78' lang='grc' dir='ltr'>κατὰ</span> <span class='ocrx_word' id='word_1_474' title='bbox 485 2271 516 2298; x_wconf 81' lang='grc' dir='ltr'><strong>τὸ</strong></span> <span class='ocrx_word' id='word_1_475' title='bbox 539 2272 645 2298; x_wconf 75' lang='grc' dir='ltr'>στίλϐον</span> <span class='ocrx_word' id='word_1_476' title='bbox 664 2272 754 2307; x_wconf 88' lang='grc' dir='ltr'>μέρος,</span> <span class='ocrx_word' id='word_1_477' title='bbox 779 2272 839 2298; x_wconf 80' lang='grc' dir='ltr'>ὅλον</span> <span class='ocrx_word' id='word_1_478' title='bbox 862 2272 934 2299; x_wconf 78' lang='grc' dir='ltr'>ἔστιν</span> 
     </span>
    </p>
   </div>
   <div class='ocr_carea' id='block_1_60' title="bbox 146 2315 934 2352">
    <p class='ocr_par' dir='ltr' id='par_1_60' title="bbox 146 2315 934 2352">
     <span class='ocr_line' id='line_1_60' title="bbox 146 2315 934 2352; baseline 0.004 -12"><span class='ocrx_word' id='word_1_479' title='bbox 146 2315 209 2341; x_wconf 80' lang='grc' dir='ltr'>ίδετν</span> <span class='ocrx_word' id='word_1_480' title='bbox 218 2315 285 2350; x_wconf 79' lang='lat'><strong>(36),</strong></span> <span class='ocrx_word' id='word_1_481' title='bbox 301 2316 339 2347; x_wconf 81' lang='grc' dir='ltr'>ὡς</span> <span class='ocrx_word' id='word_1_482' title='bbox 355 2317 383 2342; x_wconf 82' lang='grc' dir='ltr'><strong>ὲν</strong></span> <span class='ocrx_word' id='word_1_483' title='bbox 397 2316 550 2352; x_wconf 84' lang='grc' dir='ltr'>κατόπτρῳ,</span> <span class='ocrx_word' id='word_1_484' title='bbox 565 2317 611 2344; x_wconf 77' lang='grc' dir='ltr'><strong>τὸν</strong></span> <span class='ocrx_word' id='word_1_485' title='bbox 622 2317 719 2343; x_wconf 80' lang='grc' dir='ltr'>κύκλον</span> <span class='ocrx_word' id='word_1_486' title='bbox 727 2316 773 2343; x_wconf 77' lang='grc' dir='ltr'>τοῦ</span> <span class='ocrx_word' id='word_1_487' title='bbox 790 2317 864 2352; x_wconf 85' lang='grc' dir='ltr'>ἡλίου</span> <span class='ocrx_word' id='word_1_488' title='bbox 879 2317 934 2343; x_wconf 87' lang='grc' dir='ltr'>δει-</span> 
     </span>
    </p>
   </div>
   <div class='ocr_carea' id='block_1_61' title="bbox 146 2361 932 2398">
    <p class='ocr_par' dir='ltr' id='par_1_61' title="bbox 146 2361 932 2398">
     <span class='ocr_line' id='line_1_61' title="bbox 146 2361 932 2398; baseline 0.003 -11"><span class='ocrx_word' id='word_1_489' title='bbox 146 2361 290 2396; x_wconf 81' lang='grc' dir='ltr'>κνύμενον,</span> <span class='ocrx_word' id='word_1_490' title='bbox 313 2361 403 2393; x_wconf 86' lang='grc' dir='ltr'>καθὼς</span> <span class='ocrx_word' id='word_1_491' title='bbox 421 2364 504 2397; x_wconf 86' lang='grc' dir='ltr'><strong>χωρεῖ</strong></span> <span class='ocrx_word' id='word_1_492' title='bbox 521 2363 537 2397; x_wconf 77' lang='grc' dir='ltr'><strong>ἡ</strong></span> <span class='ocrx_word' id='word_1_493' title='bbox 557 2362 694 2398; x_wconf 81' lang='grc' dir='ltr'>βραχύτης</span> <span class='ocrx_word' id='word_1_494' title='bbox 710 2362 755 2389; x_wconf 80' lang='grc' dir='ltr'>τοῦ</span> <span class='ocrx_word' id='word_1_495' title='bbox 771 2363 932 2394; x_wconf 69' lang='grc' dir='ltr'>πίλὸοντοςο</span> 
     </span>
    </p>
   </div>
   <div class='ocr_carea' id='block_1_62' title="bbox 145 2405 933 2444">
    <p class='ocr_par' dir='ltr' id='par_1_62' title="bbox 145 2405 933 2444">
     <span class='ocr_line' id='line_1_62' title="bbox 145 2405 933 2444; baseline 0.003 -12"><span class='ocrx_word' id='word_1_496' title='bbox 145 2405 217 2433; x_wconf 80' lang='grc' dir='ltr'>οὕτω</span> <span class='ocrx_word' id='word_1_497' title='bbox 238 2407 284 2433; x_wconf 77' lang='grc' dir='ltr'>καὶ</span> <span class='ocrx_word' id='word_1_498' title='bbox 299 2408 328 2434; x_wconf 88' lang='grc' dir='ltr'>ὲν</span> <span class='ocrx_word' id='word_1_499' title='bbox 344 2407 383 2442; x_wconf 86' lang='grc' dir='ltr'>τῷ</span> <span class='ocrx_word' id='word_1_500' title='bbox 401 2407 489 2443; x_wconf 83' lang='grc' dir='ltr'>μικρῷ</span> <span class='ocrx_word' id='word_1_501' title='bbox 516 2408 619 2443; x_wconf 75' lang='grc' dir='ltr'>κόσμῳ,</span> <span class='ocrx_word' id='word_1_502' title='bbox 638 2409 671 2443; x_wconf 85' lang='grc' dir='ltr'>τῇ</span> <span class='ocrx_word' id='word_1_503' title='bbox 689 2408 846 2444; x_wconf 78' lang='grc' dir='ltr'>ἀνθρωπίνῃ</span> <span class='ocrx_word' id='word_1_504' title='bbox 863 2408 933 2442; x_wconf 89' lang='grc' dir='ltr'>λέγω</span> 
     </span>
    </p>
   </div>
   <div class='ocr_carea' id='block_1_63' title="bbox 146 2451 932 2490">
    <p class='ocr_par' dir='ltr' id='par_1_63' title="bbox 146 2451 932 2490">
     <span class='ocr_line' id='line_1_63' title="bbox 146 2451 932 2490; baseline 0.003 -12"><span class='ocrx_word' id='word_1_505' title='bbox 146 2451 236 2486; x_wconf 81' lang='grc' dir='ltr'>φύσει,</span> <span class='ocrx_word' id='word_1_506' title='bbox 261 2453 337 2479; x_wconf 83' lang='grc' dir='ltr'>πᾶσα</span> <span class='ocrx_word' id='word_1_507' title='bbox 359 2454 375 2488; x_wconf 84' lang='grc' dir='ltr'><strong>ή</strong></span> <span class='ocrx_word' id='word_1_508' title='bbox 398 2454 427 2479; x_wconf 85' lang='grc' dir='ltr'>ὲν</span> <span class='ocrx_word' id='word_1_509' title='bbox 454 2453 492 2488; x_wconf 87' lang='grc' dir='ltr'>τῷ</span> <span class='ocrx_word' id='word_1_510' title='bbox 515 2454 594 2480; x_wconf 74' lang='grc' dir='ltr'>παντὶ</span> <span class='ocrx_word' id='word_1_511' title='bbox 618 2453 789 2490; x_wconf 82' lang='grc' dir='ltr'>θεωρουμένη</span> <span class='ocrx_word' id='word_1_512' title='bbox 818 2454 932 2489; x_wconf 86' lang='grc' dir='ltr'>μουσικὴ</span> 
     </span>
    </p>
   </div>
   <div class='ocr_carea' id='block_1_64' title="bbox 146 2497 933 2534">
    <p class='ocr_par' dir='ltr' id='par_1_64' title="bbox 146 2497 933 2534">
     <span class='ocr_line' id='line_1_64' title="bbox 146 2497 933 2534; baseline 0.004 -11"><span class='ocrx_word' id='word_1_513' title='bbox 146 2497 305 2531; x_wconf 73' lang='grc' dir='ltr'>καθορᾶται,</span> <span class='ocrx_word' id='word_1_514' title='bbox 321 2498 487 2533; x_wconf 80' lang='grc' dir='ltr'>ἁναλογοῠσα</span> <span class='ocrx_word' id='word_1_515' title='bbox 511 2499 551 2534; x_wconf 84' lang='grc' dir='ltr'>τῷ</span> <span class='ocrx_word' id='word_1_516' title='bbox 572 2499 624 2534; x_wconf 80' lang='grc' dir='ltr'>ὅλῳ</span> <span class='ocrx_word' id='word_1_517' title='bbox 648 2499 692 2526; x_wconf 82' lang='grc' dir='ltr'><strong>διὰ</strong></span> <span class='ocrx_word' id='word_1_518' title='bbox 706 2499 752 2526; x_wconf 78' lang='grc' dir='ltr'>τοῦ</span> <span class='ocrx_word' id='word_1_519' title='bbox 774 2499 881 2534; x_wconf 78' lang='grc' dir='ltr'>μέρους,</span> <span class='ocrx_word' id='word_1_520' title='bbox 895 2499 933 2531; x_wconf 84' lang='grc' dir='ltr'>ὡς</span> 
     </span>
    </p>
   </div>
   <div class='ocr_carea' id='block_1_65' title="bbox 145 2543 933 2580">
    <p class='ocr_par' dir='ltr' id='par_1_65' title="bbox 145 2543 933 2580">
     <span class='ocr_line' id='line_1_65' title="bbox 145 2543 933 2580; baseline 0.001 -10"><span class='ocrx_word' id='word_1_521' title='bbox 145 2544 273 2578; x_wconf 70' lang='grc' dir='ltr'>γωρετται</span> <span class='ocrx_word' id='word_1_522' title='bbox 287 2543 318 2570; x_wconf 80' lang='grc' dir='ltr'>τὸ</span> <span class='ocrx_word' id='word_1_523' title='bbox 334 2544 394 2570; x_wconf 81' lang='grc' dir='ltr'>ὅλον</span> <span class='ocrx_word' id='word_1_524' title='bbox 411 2544 464 2570; x_wconf 74' lang='grc' dir='ltr'><strong>ὑπὸ</strong></span> <span class='ocrx_word' id='word_1_525' title='bbox 476 2544 523 2570; x_wconf 83' lang='grc' dir='ltr'>τοῦ</span> <span class='ocrx_word' id='word_1_526' title='bbox 545 2545 653 2580; x_wconf 81' lang='grc' dir='ltr'>μέρους.</span> <span class='ocrx_word' id='word_1_527' title='bbox 672 2544 795 2571; x_wconf 84' lang='grc' dir='ltr'>Δείκνυσι</span> <span class='ocrx_word' id='word_1_528' title='bbox 810 2545 839 2571; x_wconf 82' lang='grc' dir='ltr'><strong>δὲ</strong></span> <span class='ocrx_word' id='word_1_529' title='bbox 855 2544 933 2571; x_wconf 76' lang='grc' dir='ltr'>τοῦτο</span> 
     </span>
    </p>
   </div>
   <div class='ocr_carea' id='block_1_66' title="bbox 178 2631 870 2670">
    <p class='ocr_par' dir='ltr' id='par_1_66' title="bbox 178 2631 870 2670">
     <span class='ocr_line' id='line_1_66' title="bbox 178 2631 870 2670; baseline 0.003 -11"><span class='ocrx_word' id='word_1_530' title='bbox 178 2631 200 2648; x_wconf 68' lang='grc'>’⁸</span> <span class='ocrx_word' id='word_1_531' title='bbox 211 2631 284 2661; x_wconf 84' lang='lat' dir='ltr'><strong>Psal.</strong></span> <span class='ocrx_word' id='word_1_532' title='bbox 299 2639 375 2666; x_wconf 79' lang='lat' dir='ltr'><strong>xvnt,</strong></span> <span class='ocrx_word' id='word_1_533' title='bbox 391 2633 408 2659; x_wconf 76' lang='lat'><strong>2</strong></span> <span class='ocrx_word' id='word_1_534' title='bbox 422 2639 481 2668; x_wconf 86' lang='lat' dir='ltr'><strong>sqq.</strong></span> <span class='ocrx_word' id='word_1_535' title='bbox 519 2633 542 2649; x_wconf 81' lang='lat'>&quot;</span> <span class='ocrx_word' id='word_1_536' title='bbox 552 2632 623 2661; x_wconf 85' lang='lat' dir='ltr'><strong>Psal.</strong></span> <span class='ocrx_word' id='word_1_537' title='bbox 641 2641 752 2666; x_wconf 61' lang='grc' dir='ltr'>ωειλ-ιιι,</span> <span class='ocrx_word' id='word_1_538' title='bbox 778 2633 787 2660; x_wconf 81' lang='grc' dir='ltr'><strong>Ι</strong></span> <span class='ocrx_word' id='word_1_539' title='bbox 811 2642 870 2670; x_wconf 83' lang='lat' dir='ltr'><strong>sqq.</strong></span> 
     </span>
    </p>
   </div>
   <div class='ocr_carea' id='block_1_67' title="bbox 181 2716 505 2754">
    <p class='ocr_par' dir='ltr' id='par_1_67' title="bbox 181 2716 505 2754">
     <span class='ocr_line' id='line_1_67' title="bbox 181 2716 505 2754; baseline 0.003 -10"><span class='ocrx_word' id='word_1_540' title='bbox 181 2716 237 2754; x_wconf 61' lang='lat'><strong>(50)</strong></span> <span class='ocrx_word' id='word_1_541' title='bbox 249 2719 272 2744; x_wconf 82' lang='lat' dir='ltr'><strong>ll</strong></span> <span class='ocrx_word' id='word_1_542' title='bbox 276 2718 449 2754; x_wconf 85' lang='grc' dir='ltr'>ροαγόμενος,</span> <span class='ocrx_word' id='word_1_543' title='bbox 463 2719 505 2745; x_wconf 87' lang='lat' dir='ltr'><strong>ed.</strong></span> 
     </span>
    </p>
   </div>
   <div class='ocr_carea' id='block_1_68' title="bbox 181 2753 438 2786">
    <p class='ocr_par' dir='ltr' id='par_1_68' title="bbox 181 2753 438 2786">
     <span class='ocr_line' id='line_1_68' title="bbox 181 2753 438 2786; baseline 0.008 -7"><span class='ocrx_word' id='word_1_544' title='bbox 181 2753 238 2786; x_wconf 68' lang='lat' dir='ltr'><strong>t5!)</strong></span> <span class='ocrx_word' id='word_1_545' title='bbox 247 2754 301 2780; x_wconf 82' lang='grc' dir='ltr'><strong>Καί</strong></span> <span class='ocrx_word' id='word_1_546' title='bbox 316 2753 378 2780; x_wconf 82' lang='lat' dir='ltr'><strong>add.</strong></span> <span class='ocrx_word' id='word_1_547' title='bbox 394 2754 438 2781; x_wconf 89' lang='lat' dir='ltr'><strong>ed.</strong></span> 
     </span>
    </p>
   </div>
   <div class='ocr_carea' id='block_1_69' title="bbox 180 2787 647 2824">
    <p class='ocr_par' dir='ltr' id='par_1_69' title="bbox 180 2787 647 2824">
     <span class='ocr_line' id='line_1_69' title="bbox 180 2787 647 2824; baseline 0.002 -10"><span class='ocrx_word' id='word_1_548' title='bbox 180 2787 236 2824; x_wconf 62' lang='grc' dir='ltr'><strong>(ζῆ)</strong></span> <span class='ocrx_word' id='word_1_549' title='bbox 252 2788 314 2824; x_wconf 51' lang='grc' dir='ltr'>ξοτι</span> <span class='ocrx_word' id='word_1_550' title='bbox 333 2788 399 2824; x_wconf 66' lang='grc' dir='ltr'>ποτὲ</span> <span class='ocrx_word' id='word_1_551' title='bbox 410 2787 521 2824; x_wconf 24' lang='grc' dir='ltr'>τὺμῦδωρ</span> <span class='ocrx_word' id='word_1_552' title='bbox 533 2794 587 2816; x_wconf 84' lang='grc' dir='ltr'>οιη.</span> <span class='ocrx_word' id='word_1_553' title='bbox 604 2787 647 2816; x_wconf 88' lang='lat' dir='ltr'><strong>ed.</strong></span> 
     </span>
    </p>
   </div>
   <div class='ocr_carea' id='block_1_70' title="bbox 180 2822 464 2858">
    <p class='ocr_par' dir='ltr' id='par_1_70' title="bbox 180 2822 464 2858">
     <span class='ocr_line' id='line_1_70' title="bbox 180 2822 464 2858; baseline -0.004 -6"><span class='ocrx_word' id='word_1_554' title='bbox 180 2823 236 2856; x_wconf 76' lang='lat'><strong>(55)</strong></span> <span class='ocrx_word' id='word_1_555' title='bbox 251 2823 413 2858; x_wconf 83' lang='grc' dir='ltr'>Γινομένων,</span> <span class='ocrx_word' id='word_1_556' title='bbox 421 2822 464 2851; x_wconf 80' lang='lat' dir='ltr'><strong>ed.</strong></span> 
     </span>
    </p>
   </div>
   <div class='ocr_carea' id='block_1_71' title="bbox 988 861 1771 898">
    <p class='ocr_par' dir='ltr' id='par_1_71' title="bbox 988 861 1771 898">
     <span class='ocr_line' id='line_1_71' title="bbox 988 861 1771 898; baseline -0.003 -9"><span class='ocrx_word' id='word_1_557' title='bbox 988 863 1060 898; x_wconf 92' lang='lat' dir='ltr'><strong>quod</strong></span> <span class='ocrx_word' id='word_1_558' title='bbox 1088 869 1196 898; x_wconf 85' lang='lat' dir='ltr'><strong>semper</strong></span> <span class='ocrx_word' id='word_1_559' title='bbox 1220 866 1355 889; x_wconf 86' lang='lat' dir='ltr'><strong>movetur.</strong></span> <span class='ocrx_word' id='word_1_560' title='bbox 1380 861 1522 889; x_wconf 84' lang='lat' dir='ltr'><strong>Moventur</strong></span> <span class='ocrx_word' id='word_1_561' title='bbox 1546 861 1618 889; x_wconf 90' lang='lat' dir='ltr'><strong>enim</strong></span> <span class='ocrx_word' id='word_1_562' title='bbox 1643 865 1771 896; x_wconf 84' lang='lat' dir='ltr'><strong>perpetuo</strong></span> 
     </span>
    </p>
   </div>
   <div class='ocr_carea' id='block_1_72' title="bbox 988 907 1773 944">
    <p class='ocr_par' dir='ltr' id='par_1_72' title="bbox 988 907 1773 944">
     <span class='ocr_line' id='line_1_72' title="bbox 988 907 1773 944; baseline -0.005 -8"><span class='ocrx_word' id='word_1_563' title='bbox 988 909 1080 937; x_wconf 88' lang='lat' dir='ltr'><strong>omnia</strong></span> <span class='ocrx_word' id='word_1_564' title='bbox 1094 917 1154 944; x_wconf 71' lang='lat' dir='ltr'><strong>qua:</strong></span> <span class='ocrx_word' id='word_1_565' title='bbox 1169 908 1195 935; x_wconf 90' lang='lat' dir='ltr'><strong>in</strong></span> <span class='ocrx_word' id='word_1_566' title='bbox 1209 908 1279 935; x_wconf 79' lang='lat' dir='ltr'><strong>coelo</strong></span> <span class='ocrx_word' id='word_1_567' title='bbox 1289 929 1297 940; x_wconf 89' lang='lat'><strong>,</strong></span> <span class='ocrx_word' id='word_1_568' title='bbox 1314 907 1355 934; x_wconf 81' lang='lat' dir='ltr'><strong>vel</strong></span> <span class='ocrx_word' id='word_1_569' title='bbox 1371 915 1433 934; x_wconf 90' lang='lat' dir='ltr'><strong>cum</strong></span> <span class='ocrx_word' id='word_1_570' title='bbox 1450 907 1622 934; x_wconf 83' lang='lat' dir='ltr'><strong>ﬁrmamento</strong></span> <span class='ocrx_word' id='word_1_571' title='bbox 1637 907 1773 933; x_wconf 87' lang='lat' dir='ltr'><strong>circuma-</strong></span> 
     </span>
    </p>
   </div>
   <div class='ocr_carea' id='block_1_73' title="bbox 987 951 1773 989">
    <p class='ocr_par' dir='ltr' id='par_1_73' title="bbox 987 951 1773 989">
     <span class='ocr_line' id='line_1_73' title="bbox 987 951 1773 989; baseline -0.004 -10"><span class='ocrx_word' id='word_1_572' title='bbox 987 955 1086 989; x_wconf 75' lang='lat' dir='ltr'><strong>gitata,</strong></span> <span class='ocrx_word' id='word_1_573' title='bbox 1104 953 1147 980; x_wconf 82' lang='lat' dir='ltr'><strong>vel</strong></span> <span class='ocrx_word' id='word_1_574' title='bbox 1170 961 1185 980; x_wconf 91' lang='lat' dir='ltr'><strong>e</strong></span> <span class='ocrx_word' id='word_1_575' title='bbox 1209 952 1349 980; x_wconf 88' lang='lat' dir='ltr'><strong>contrario</strong></span> <span class='ocrx_word' id='word_1_576' title='bbox 1373 951 1493 979; x_wconf 89' lang='lat' dir='ltr'><strong>motibus</strong></span> <span class='ocrx_word' id='word_1_577' title='bbox 1521 951 1691 985; x_wconf 81' lang='lat' dir='ltr'><strong>planetarum</strong></span> <span class='ocrx_word' id='word_1_578' title='bbox 1706 957 1773 978; x_wconf 89' lang='lat' dir='ltr'><strong>con-</strong></span> 
     </span>
    </p>
   </div>
   <div class='ocr_carea' id='block_1_74' title="bbox 987 996 1773 1032">
    <p class='ocr_par' dir='ltr' id='par_1_74' title="bbox 987 996 1773 1032">
     <span class='ocr_line' id='line_1_74' title="bbox 987 996 1773 1032; baseline -0.008 -5"><span class='ocrx_word' id='word_1_579' title='bbox 987 1007 1077 1027; x_wconf 87' lang='lat' dir='ltr'><strong>versa.</strong></span> <span class='ocrx_word' id='word_1_580' title='bbox 1090 998 1180 1026; x_wconf 81' lang='lat' dir='ltr'><strong>Manet</strong></span> <span class='ocrx_word' id='word_1_581' title='bbox 1191 1006 1255 1026; x_wconf 88' lang='lat' dir='ltr'><strong>vero</strong></span> <span class='ocrx_word' id='word_1_582' title='bbox 1271 1005 1379 1032; x_wconf 82' lang='lat' dir='ltr'><strong>semper</strong></span> <span class='ocrx_word' id='word_1_583' title='bbox 1391 997 1541 1032; x_wconf 87' lang='lat' dir='ltr'><strong>eodemque</strong></span> <span class='ocrx_word' id='word_1_584' title='bbox 1555 996 1666 1031; x_wconf 82' lang='lat' dir='ltr'><strong>perenni</strong></span> <span class='ocrx_word' id='word_1_585' title='bbox 1678 998 1773 1023; x_wconf 83' lang='lat' dir='ltr'><strong>tenore</strong></span> 
     </span>
    </p>
   </div>
   <div class='ocr_carea' id='block_1_75' title="bbox 987 1041 1772 1078">
    <p class='ocr_par' dir='ltr' id='par_1_75' title="bbox 987 1041 1772 1078">
     <span class='ocr_line' id='line_1_75' title="bbox 987 1041 1772 1078; baseline -0.006 -6"><span class='ocrx_word' id='word_1_586' title='bbox 987 1045 1067 1073; x_wconf 88' lang='lat' dir='ltr'><strong>durat</strong></span> <span class='ocrx_word' id='word_1_587' title='bbox 1079 1044 1234 1072; x_wconf 82' lang='lat' dir='ltr'><strong>earumdem</strong></span> <span class='ocrx_word' id='word_1_588' title='bbox 1251 1044 1385 1071; x_wconf 87' lang='lat' dir='ltr'><strong>revolutio</strong></span> <span class='ocrx_word' id='word_1_589' title='bbox 1395 1063 1402 1075; x_wconf 94' lang='lat'><strong>,</strong></span> <span class='ocrx_word' id='word_1_590' title='bbox 1418 1050 1505 1078; x_wconf 86' lang='lat' dir='ltr'><strong>neque</strong></span> <span class='ocrx_word' id='word_1_591' title='bbox 1519 1049 1638 1077; x_wconf 88' lang='lat' dir='ltr'><strong>unquam</strong></span> <span class='ocrx_word' id='word_1_592' title='bbox 1653 1041 1686 1068; x_wconf 66' lang='lat' dir='ltr'><strong>ali</strong></span> <span class='ocrx_word' id='word_1_593' title='bbox 1699 1048 1730 1069; x_wconf 87' lang='lat' dir='ltr'><strong>ea</strong></span> <span class='ocrx_word' id='word_1_594' title='bbox 1744 1041 1772 1067; x_wconf 89' lang='lat' dir='ltr'><strong>in</strong></span> 
     </span>
    </p>
   </div>
   <div class='ocr_carea' id='block_1_76' title="bbox 988 1086 1773 1125">
    <p class='ocr_par' dir='ltr' id='par_1_76' title="bbox 988 1086 1773 1125">
     <span class='ocr_line' id='line_1_76' title="bbox 988 1086 1773 1125; baseline -0.006 -8"><span class='ocrx_word' id='word_1_595' title='bbox 988 1098 1043 1125; x_wconf 83' lang='lat' dir='ltr'><strong>qua</strong></span> <span class='ocrx_word' id='word_1_596' title='bbox 1056 1094 1097 1117; x_wconf 85' lang='lat' dir='ltr'><strong>est</strong></span> <span class='ocrx_word' id='word_1_597' title='bbox 1111 1091 1180 1117; x_wconf 88' lang='lat' dir='ltr'><strong>serie</strong></span> <span class='ocrx_word' id='word_1_598' title='bbox 1196 1089 1237 1116; x_wconf 85' lang='lat' dir='ltr'><strong>vel</strong></span> <span class='ocrx_word' id='word_1_599' title='bbox 1253 1089 1337 1116; x_wconf 90' lang='lat' dir='ltr'><strong>latum</strong></span> <span class='ocrx_word' id='word_1_600' title='bbox 1355 1096 1472 1124; x_wconf 80' lang='lat' dir='ltr'><strong>unguem</strong></span> <span class='ocrx_word' id='word_1_601' title='bbox 1487 1087 1621 1119; x_wconf 85' lang='lat' dir='ltr'><strong>discedit,</strong></span> <span class='ocrx_word' id='word_1_602' title='bbox 1643 1086 1688 1114; x_wconf 88' lang='lat' dir='ltr'><strong>sed</strong></span> <span class='ocrx_word' id='word_1_603' title='bbox 1710 1094 1773 1121; x_wconf 84' lang='lat' dir='ltr'><strong>per-</strong></span> 
     </span>
    </p>
   </div>
   <div class='ocr_carea' id='block_1_77' title="bbox 989 1131 1772 1171">
    <p class='ocr_par' dir='ltr' id='par_1_77' title="bbox 989 1131 1772 1171">
     <span class='ocr_line' id='line_1_77' title="bbox 989 1131 1772 1171; baseline -0.008 -8"><span class='ocrx_word' id='word_1_604' title='bbox 989 1136 1072 1171; x_wconf 90' lang='lat' dir='ltr'><strong>petim</strong></span> <span class='ocrx_word' id='word_1_605' title='bbox 1088 1136 1182 1164; x_wconf 84' lang='lat' dir='ltr'><strong>eodem</strong></span> <span class='ocrx_word' id='word_1_606' title='bbox 1204 1135 1285 1162; x_wconf 90' lang='lat' dir='ltr'><strong>modo</strong></span> <span class='ocrx_word' id='word_1_607' title='bbox 1310 1143 1370 1162; x_wconf 87' lang='lat' dir='ltr'><strong>sese</strong></span> <span class='ocrx_word' id='word_1_608' title='bbox 1394 1135 1490 1166; x_wconf 80' lang='lat' dir='ltr'><strong>habet,</strong></span> <span class='ocrx_word' id='word_1_609' title='bbox 1515 1134 1664 1166; x_wconf 79' lang='lat' dir='ltr'><strong>eodemque</strong></span> <span class='ocrx_word' id='word_1_610' title='bbox 1687 1131 1772 1158; x_wconf 79' lang='lat' dir='ltr'><strong>fertur</strong></span> 
     </span>
    </p>
   </div>
   <div class='ocr_carea' id='block_1_78' title="bbox 989 1177 1770 1215">
    <p class='ocr_par' dir='ltr' id='par_1_78' title="bbox 989 1177 1770 1215">
     <span class='ocr_line' id='line_1_78' title="bbox 989 1177 1770 1215; baseline -0.008 -7"><span class='ocrx_word' id='word_1_611' title='bbox 989 1189 1083 1208; x_wconf 76' lang='lat' dir='ltr'><strong>cursu.</strong></span> <span class='ocrx_word' id='word_1_612' title='bbox 1110 1180 1201 1215; x_wconf 87' lang='lat' dir='ltr'><strong>Itaque</strong></span> <span class='ocrx_word' id='word_1_613' title='bbox 1225 1180 1285 1214; x_wconf 87' lang='lat' dir='ltr'><strong>ejus</strong></span> <span class='ocrx_word' id='word_1_614' title='bbox 1308 1179 1380 1215; x_wconf 89' lang='lat' dir='ltr'><strong>quod</strong></span> <span class='ocrx_word' id='word_1_615' title='bbox 1407 1179 1539 1214; x_wconf 85' lang='lat' dir='ltr'><strong>quiescit,</strong></span> <span class='ocrx_word' id='word_1_616' title='bbox 1562 1186 1622 1205; x_wconf 89' lang='lat' dir='ltr'><strong>cum</strong></span> <span class='ocrx_word' id='word_1_617' title='bbox 1648 1185 1680 1204; x_wconf 89' lang='lat' dir='ltr'><strong>eo</strong></span> <span class='ocrx_word' id='word_1_618' title='bbox 1698 1177 1770 1211; x_wconf 85' lang='lat' dir='ltr'><strong>quod</strong></span> 
     </span>
    </p>
   </div>
   <div class='ocr_carea' id='block_1_79' title="bbox 989 1223 1772 1260">
    <p class='ocr_par' dir='ltr' id='par_1_79' title="bbox 989 1223 1772 1260">
     <span class='ocr_line' id='line_1_79' title="bbox 989 1223 1772 1260; baseline -0.005 -8"><span class='ocrx_word' id='word_1_619' title='bbox 989 1230 1113 1253; x_wconf 84' lang='lat' dir='ltr'><strong>moretur</strong></span> <span class='ocrx_word' id='word_1_620' title='bbox 1128 1225 1300 1260; x_wconf 88' lang='lat' dir='ltr'><strong>conjunctio,</strong></span> <span class='ocrx_word' id='word_1_621' title='bbox 1314 1225 1438 1252; x_wconf 88' lang='lat' dir='ltr'><strong>ordinata</strong></span> <span class='ocrx_word' id='word_1_622' title='bbox 1456 1225 1571 1259; x_wconf 84' lang='lat' dir='ltr'><strong>quadam</strong></span> <span class='ocrx_word' id='word_1_623' title='bbox 1594 1228 1620 1250; x_wconf 89' lang='lat' dir='ltr'><strong>et</strong></span> <span class='ocrx_word' id='word_1_624' title='bbox 1640 1223 1668 1250; x_wconf 91' lang='lat' dir='ltr'><strong>in</strong></span> <span class='ocrx_word' id='word_1_625' title='bbox 1692 1230 1772 1249; x_wconf 79' lang='lat' dir='ltr'><strong>omne</strong></span> 
     </span>
    </p>
   </div>
   <div class='ocr_carea' id='block_1_80' title="bbox 986 1267 1771 1304">
    <p class='ocr_par' dir='ltr' id='par_1_80' title="bbox 986 1267 1771 1304">
     <span class='ocr_line' id='line_1_80' title="bbox 986 1267 1771 1304; baseline -0.005 -6"><span class='ocrx_word' id='word_1_626' title='bbox 986 1279 1074 1298; x_wconf 60' lang='lat' dir='ltr'><strong>avum</strong></span> <span class='ocrx_word' id='word_1_627' title='bbox 1097 1271 1246 1299; x_wconf 86' lang='lat' dir='ltr'><strong>inviolabili</strong></span> <span class='ocrx_word' id='word_1_628' title='bbox 1269 1271 1339 1298; x_wconf 88' lang='lat' dir='ltr'><strong>serie</strong></span> <span class='ocrx_word' id='word_1_629' title='bbox 1360 1278 1500 1302; x_wconf 78' lang='lat' dir='ltr'><strong>connexa.</strong></span> <span class='ocrx_word' id='word_1_630' title='bbox 1523 1269 1643 1296; x_wconf 88' lang='lat' dir='ltr'><strong>musicus</strong></span> <span class='ocrx_word' id='word_1_631' title='bbox 1662 1267 1771 1304; x_wconf 83' lang='lat' dir='ltr'><strong>quidam</strong></span> 
     </span>
    </p>
   </div>
   <div class='ocr_carea' id='block_1_81' title="bbox 988 1313 1772 1353">
    <p class='ocr_par' dir='ltr' id='par_1_81' title="bbox 988 1313 1772 1353">
     <span class='ocr_line' id='line_1_81' title="bbox 988 1313 1772 1353; baseline -0.006 -9"><span class='ocrx_word' id='word_1_632' title='bbox 988 1322 1139 1353; x_wconf 75' lang='lat' dir='ltr'><strong>concentus</strong></span> <span class='ocrx_word' id='word_1_633' title='bbox 1154 1321 1210 1350; x_wconf 86' lang='lat' dir='ltr'><strong>est,</strong></span> <span class='ocrx_word' id='word_1_634' title='bbox 1227 1316 1347 1344; x_wconf 79' lang='lat' dir='ltr'><strong>eiliciens</strong></span> <span class='ocrx_word' id='word_1_635' title='bbox 1367 1316 1540 1343; x_wconf 77' lang='lat' dir='ltr'><strong>commixtam</strong></span> <span class='ocrx_word' id='word_1_636' title='bbox 1564 1315 1636 1342; x_wconf 83' lang='lat' dir='ltr'><strong>illam</strong></span> <span class='ocrx_word' id='word_1_637' title='bbox 1661 1318 1687 1341; x_wconf 90' lang='lat' dir='ltr'><strong>et</strong></span> <span class='ocrx_word' id='word_1_638' title='bbox 1707 1313 1772 1340; x_wconf 85' lang='lat' dir='ltr'><strong>divi-</strong></span> 
     </span>
    </p>
   </div>
   <div class='ocr_carea' id='block_1_82' title="bbox 988 1361 1770 1397">
    <p class='ocr_par' dir='ltr' id='par_1_82' title="bbox 988 1361 1770 1397">
     <span class='ocr_line' id='line_1_82' title="bbox 988 1361 1770 1397; baseline -0.003 -9"><span class='ocrx_word' id='word_1_639' title='bbox 988 1370 1050 1389; x_wconf 84' lang='lat' dir='ltr'><strong>nam</strong></span> <span class='ocrx_word' id='word_1_640' title='bbox 1074 1363 1135 1396; x_wconf 87' lang='lat' dir='ltr'><strong>ejus</strong></span> <span class='ocrx_word' id='word_1_641' title='bbox 1152 1363 1276 1393; x_wconf 81' lang='lat' dir='ltr'><strong>virtutis.</strong></span> <span class='ocrx_word' id='word_1_642' title='bbox 1298 1370 1358 1397; x_wconf 68' lang='lat' dir='ltr'><strong>qua:</strong></span> <span class='ocrx_word' id='word_1_643' title='bbox 1378 1363 1536 1389; x_wconf 75' lang='lat' dir='ltr'><strong>universum</strong></span> <span class='ocrx_word' id='word_1_644' title='bbox 1560 1361 1610 1388; x_wconf 83' lang='lat' dir='ltr'><strong>hoc</strong></span> <span class='ocrx_word' id='word_1_645' title='bbox 1633 1361 1770 1391; x_wconf 89' lang='lat' dir='ltr'><strong>continet,</strong></span> 
     </span>
    </p>
   </div>
   <div class='ocr_carea' id='block_1_83' title="bbox 986 1405 1771 1442">
    <p class='ocr_par' dir='ltr' id='par_1_83' title="bbox 986 1405 1771 1442">
     <span class='ocr_line' id='line_1_83' title="bbox 986 1405 1771 1442; baseline -0.004 -8"><span class='ocrx_word' id='word_1_646' title='bbox 986 1408 1161 1442; x_wconf 81' lang='lat' dir='ltr'><strong>llytnnodiam</strong></span> <span class='ocrx_word' id='word_1_647' title='bbox 1177 1416 1183 1440; x_wconf 91' lang='lat'>;</span> <span class='ocrx_word' id='word_1_648' title='bbox 1198 1416 1279 1442; x_wconf 87' lang='lat' dir='ltr'><strong>quam</strong></span> <span class='ocrx_word' id='word_1_649' title='bbox 1299 1407 1364 1434; x_wconf 87' lang='lat' dir='ltr'><strong>mihi</strong></span> <span class='ocrx_word' id='word_1_650' title='bbox 1379 1407 1471 1434; x_wconf 85' lang='lat' dir='ltr'><strong>itidem</strong></span> <span class='ocrx_word' id='word_1_651' title='bbox 1487 1414 1602 1440; x_wconf 80' lang='lat' dir='ltr'><strong>magnus</strong></span> <span class='ocrx_word' id='word_1_652' title='bbox 1615 1405 1696 1432; x_wconf 83' lang='lat' dir='ltr'><strong>David</strong></span> <span class='ocrx_word' id='word_1_653' title='bbox 1712 1405 1771 1439; x_wconf 66' lang='lat' dir='ltr'><strong>ejus</strong></span> 
     </span>
    </p>
   </div>
   <div class='ocr_carea' id='block_1_84' title="bbox 990 1451 1770 1487">
    <p class='ocr_par' dir='ltr' id='par_1_84' title="bbox 990 1451 1770 1487">
     <span class='ocr_line' id='line_1_84' title="bbox 990 1451 1770 1487; baseline -0.004 -8"><span class='ocrx_word' id='word_1_654' title='bbox 990 1453 1098 1480; x_wconf 81' lang='lat' dir='ltr'><strong>auditor</strong></span> <span class='ocrx_word' id='word_1_655' title='bbox 1115 1453 1213 1485; x_wconf 80' lang='lat' dir='ltr'><strong>factus,</strong></span> <span class='ocrx_word' id='word_1_656' title='bbox 1230 1453 1384 1487; x_wconf 75' lang='lat' dir='ltr'><strong>signiﬁcare</strong></span> <span class='ocrx_word' id='word_1_657' title='bbox 1400 1451 1508 1479; x_wconf 84' lang='lat' dir='ltr'><strong>videtur</strong></span> <span class='ocrx_word' id='word_1_658' title='bbox 1522 1452 1550 1478; x_wconf 93' lang='lat' dir='ltr'><strong>in</strong></span> <span class='ocrx_word' id='word_1_659' title='bbox 1571 1451 1688 1486; x_wconf 79' lang='lat' dir='ltr'><strong>quodam</strong></span> <span class='ocrx_word' id='word_1_660' title='bbox 1705 1451 1770 1484; x_wconf 88' lang='lat' dir='ltr'><strong>psal-</strong></span> 
     </span>
    </p>
   </div>
   <div class='ocr_carea' id='block_1_85' title="bbox 985 1495 1769 1532">
    <p class='ocr_par' dir='ltr' id='par_1_85' title="bbox 985 1495 1769 1532">
     <span class='ocr_line' id='line_1_85' title="bbox 985 1495 1769 1532; baseline -0.004 -7"><span class='ocrx_word' id='word_1_661' title='bbox 985 1507 1030 1525; x_wconf 87' lang='lat' dir='ltr'><strong>mo</strong></span> <span class='ocrx_word' id='word_1_662' title='bbox 1040 1520 1046 1532; x_wconf 90' lang='lat'><strong>,</strong></span> <span class='ocrx_word' id='word_1_663' title='bbox 1060 1507 1121 1526; x_wconf 92' lang='lat' dir='ltr'><strong>cum</strong></span> <span class='ocrx_word' id='word_1_664' title='bbox 1138 1499 1176 1525; x_wconf 83' lang='lat' dir='ltr'><strong>ait</strong></span> <span class='ocrx_word' id='word_1_665' title='bbox 1190 1500 1212 1514; x_wconf 83' lang='lat'>”</span> <span class='ocrx_word' id='word_1_666' title='bbox 1226 1520 1234 1532; x_wconf 92' lang='lat'><strong>,</strong></span> <span class='ocrx_word' id='word_1_667' title='bbox 1259 1499 1343 1526; x_wconf 88' lang='lat' dir='ltr'><strong>Deum</strong></span> <span class='ocrx_word' id='word_1_668' title='bbox 1367 1498 1473 1525; x_wconf 82' lang='lat' dir='ltr'><strong>laudari</strong></span> <span class='ocrx_word' id='word_1_669' title='bbox 1488 1495 1549 1525; x_wconf 85' lang='lat' dir='ltr'><strong>cum</strong></span> <span class='ocrx_word' id='word_1_670' title='bbox 1564 1498 1598 1524; x_wconf 75' lang='lat' dir='ltr'><strong>ab</strong></span> <span class='ocrx_word' id='word_1_671' title='bbox 1611 1497 1672 1524; x_wconf 86' lang='lat' dir='ltr'><strong>aliis</strong></span> <span class='ocrx_word' id='word_1_672' title='bbox 1688 1497 1769 1523; x_wconf 72' lang='lat' dir='ltr'><strong>virtu-</strong></span> 
     </span>
    </p>
   </div>
   <div class='ocr_carea' id='block_1_86' title="bbox 986 1540 1771 1578">
    <p class='ocr_par' dir='ltr' id='par_1_86' title="bbox 986 1540 1771 1578">
     <span class='ocr_line' id='line_1_86' title="bbox 986 1540 1771 1578; baseline -0.004 -9"><span class='ocrx_word' id='word_1_673' title='bbox 986 1543 1058 1571; x_wconf 83' lang='lat' dir='ltr'><strong>tibus</strong></span> <span class='ocrx_word' id='word_1_674' title='bbox 1068 1563 1076 1575; x_wconf 84' lang='lat'><strong>,</strong></span> <span class='ocrx_word' id='word_1_675' title='bbox 1091 1548 1146 1570; x_wconf 89' lang='lat' dir='ltr'><strong>tum</strong></span> <span class='ocrx_word' id='word_1_676' title='bbox 1161 1544 1194 1571; x_wconf 88' lang='lat' dir='ltr'><strong>al)</strong></span> <span class='ocrx_word' id='word_1_677' title='bbox 1207 1544 1334 1571; x_wconf 87' lang='lat' dir='ltr'><strong>omnibus</strong></span> <span class='ocrx_word' id='word_1_678' title='bbox 1347 1550 1407 1578; x_wconf 67' lang='lat' dir='ltr'><strong>qua:</strong></span> <span class='ocrx_word' id='word_1_679' title='bbox 1421 1543 1448 1569; x_wconf 93' lang='lat' dir='ltr'><strong>in</strong></span> <span class='ocrx_word' id='word_1_680' title='bbox 1462 1542 1532 1569; x_wconf 71' lang='lat' dir='ltr'><strong>cmlo</strong></span> <span class='ocrx_word' id='word_1_681' title='bbox 1545 1545 1625 1574; x_wconf 85' lang='lat' dir='ltr'><strong>sunt,</strong></span> <span class='ocrx_word' id='word_1_682' title='bbox 1640 1548 1654 1567; x_wconf 89' lang='lat' dir='ltr'><strong>a</strong></span> <span class='ocrx_word' id='word_1_683' title='bbox 1671 1540 1771 1567; x_wconf 82' lang='lat' dir='ltr'><strong>lumine</strong></span> 
     </span>
    </p>
   </div>
   <div class='ocr_carea' id='block_1_87' title="bbox 985 1585 1771 1622">
    <p class='ocr_par' dir='ltr' id='par_1_87' title="bbox 985 1585 1771 1622">
     <span class='ocr_line' id='line_1_87' title="bbox 985 1585 1771 1622; baseline -0.005 -6"><span class='ocrx_word' id='word_1_684' title='bbox 985 1589 1122 1622; x_wconf 88' lang='lat' dir='ltr'><strong>siderum,</strong></span> <span class='ocrx_word' id='word_1_685' title='bbox 1138 1589 1195 1616; x_wconf 83' lang='lat' dir='ltr'><strong>sole</strong></span> <span class='ocrx_word' id='word_1_686' title='bbox 1217 1593 1244 1616; x_wconf 88' lang='lat' dir='ltr'><strong>et</strong></span> <span class='ocrx_word' id='word_1_687' title='bbox 1266 1589 1340 1620; x_wconf 85' lang='lat' dir='ltr'><strong>luna,</strong></span> <span class='ocrx_word' id='word_1_688' title='bbox 1360 1592 1388 1615; x_wconf 88' lang='lat' dir='ltr'><strong>et</strong></span> <span class='ocrx_word' id='word_1_689' title='bbox 1411 1595 1424 1614; x_wconf 89' lang='lat' dir='ltr'><strong>a</strong></span> <span class='ocrx_word' id='word_1_690' title='bbox 1439 1587 1516 1615; x_wconf 85' lang='lat' dir='ltr'><strong>ccelis</strong></span> <span class='ocrx_word' id='word_1_691' title='bbox 1531 1587 1662 1614; x_wconf 70' lang='lat' dir='ltr'><strong>caelorum</strong></span> <span class='ocrx_word' id='word_1_692' title='bbox 1674 1605 1681 1617; x_wconf 92' lang='lat'><strong>,</strong></span> <span class='ocrx_word' id='word_1_693' title='bbox 1696 1589 1723 1612; x_wconf 88' lang='lat' dir='ltr'><strong>et</strong></span> <span class='ocrx_word' id='word_1_694' title='bbox 1738 1585 1771 1612; x_wconf 81' lang='lat' dir='ltr'><strong>ab</strong></span> 
     </span>
    </p>
   </div>
   <div class='ocr_carea' id='block_1_88' title="bbox 985 1632 1769 1670">
    <p class='ocr_par' dir='ltr' id='par_1_88' title="bbox 985 1632 1769 1670">
     <span class='ocr_line' id='line_1_88' title="bbox 985 1632 1769 1670; baseline -0.006 -8"><span class='ocrx_word' id='word_1_695' title='bbox 985 1635 1063 1669; x_wconf 84' lang='lat' dir='ltr'><strong>aquis</strong></span> <span class='ocrx_word' id='word_1_696' title='bbox 1079 1643 1161 1670; x_wconf 87' lang='lat' dir='ltr'><strong>supra</strong></span> <span class='ocrx_word' id='word_1_697' title='bbox 1177 1635 1276 1662; x_wconf 74' lang='lat' dir='ltr'><strong>cmlum</strong></span> <span class='ocrx_word' id='word_1_698' title='bbox 1299 1634 1411 1669; x_wconf 82' lang='lat' dir='ltr'><strong>positis;</strong></span> <span class='ocrx_word' id='word_1_699' title='bbox 1430 1634 1476 1660; x_wconf 87' lang='lat' dir='ltr'><strong>ubi</strong></span> <span class='ocrx_word' id='word_1_700' title='bbox 1496 1637 1522 1660; x_wconf 84' lang='lat' dir='ltr'><strong>et</strong></span> <span class='ocrx_word' id='word_1_701' title='bbox 1537 1633 1589 1659; x_wconf 89' lang='lat' dir='ltr'><strong>alia</strong></span> <span class='ocrx_word' id='word_1_702' title='bbox 1609 1640 1669 1667; x_wconf 69' lang='lat' dir='ltr'><strong>qna-</strong></span> <span class='ocrx_word' id='word_1_703' title='bbox 1685 1632 1712 1658; x_wconf 92' lang='lat' dir='ltr'><strong>in</strong></span> <span class='ocrx_word' id='word_1_704' title='bbox 1728 1638 1769 1658; x_wconf 85' lang='lat' dir='ltr'><strong>rc-</strong></span> 
     </span>
    </p>
   </div>
   <div class='ocr_carea' id='block_1_89' title="bbox 984 1679 1770 1715">
    <p class='ocr_par' dir='ltr' id='par_1_89' title="bbox 984 1679 1770 1715">
     <span class='ocr_line' id='line_1_89' title="bbox 984 1679 1770 1715; baseline -0.001 -8"><span class='ocrx_word' id='word_1_705' title='bbox 984 1681 1036 1708; x_wconf 90' lang='lat' dir='ltr'><strong>bus</strong></span> <span class='ocrx_word' id='word_1_706' title='bbox 1047 1681 1146 1707; x_wconf 88' lang='lat' dir='ltr'><strong>creatis</strong></span> <span class='ocrx_word' id='word_1_707' title='bbox 1157 1681 1341 1715; x_wconf 85' lang='lat' dir='ltr'><strong>reperiuntur,</strong></span> <span class='ocrx_word' id='word_1_708' title='bbox 1353 1683 1563 1707; x_wconf 80' lang='lat' dir='ltr'><strong>commemorat:</strong></span> <span class='ocrx_word' id='word_1_709' title='bbox 1577 1686 1637 1705; x_wconf 90' lang='lat' dir='ltr'><strong>nam</strong></span> <span class='ocrx_word' id='word_1_710' title='bbox 1651 1679 1770 1706; x_wconf 84' lang='lat' dir='ltr'><strong>omnium</strong></span> 
     </span>
    </p>
   </div>
   <div class='ocr_carea' id='block_1_90' title="bbox 985 1723 1770 1761">
    <p class='ocr_par' dir='ltr' id='par_1_90' title="bbox 985 1723 1770 1761">
     <span class='ocr_line' id='line_1_90' title="bbox 985 1723 1770 1761; baseline -0.004 -8"><span class='ocrx_word' id='word_1_711' title='bbox 985 1727 1056 1753; x_wconf 80' lang='lat' dir='ltr'><strong>inter</strong></span> <span class='ocrx_word' id='word_1_712' title='bbox 1069 1733 1098 1753; x_wconf 89' lang='lat' dir='ltr'><strong>se</strong></span> <span class='ocrx_word' id='word_1_713' title='bbox 1112 1726 1283 1761; x_wconf 87' lang='lat' dir='ltr'><strong>conspiratio</strong></span> <span class='ocrx_word' id='word_1_714' title='bbox 1297 1730 1323 1752; x_wconf 88' lang='lat' dir='ltr'><strong>ct</strong></span> <span class='ocrx_word' id='word_1_715' title='bbox 1340 1725 1486 1752; x_wconf 88' lang='lat' dir='ltr'><strong>consensio</strong></span> <span class='ocrx_word' id='word_1_716' title='bbox 1496 1744 1503 1755; x_wconf 91' lang='lat'><strong>,</strong></span> <span class='ocrx_word' id='word_1_717' title='bbox 1524 1723 1637 1756; x_wconf 85' lang='lat' dir='ltr'><strong>ordine,</strong></span> <span class='ocrx_word' id='word_1_718' title='bbox 1658 1729 1753 1751; x_wconf 88' lang='lat' dir='ltr'><strong>ornatu</strong></span> <span class='ocrx_word' id='word_1_719' title='bbox 1763 1745 1770 1755; x_wconf 87' lang='grc'><strong>,</strong></span> 
     </span>
    </p>
   </div>
   <div class='ocr_carea' id='block_1_91' title="bbox 984 1769 1769 1806">
    <p class='ocr_par' dir='ltr' id='par_1_91' title="bbox 984 1769 1769 1806">
     <span class='ocr_line' id='line_1_91' title="bbox 984 1769 1769 1806; baseline -0.003 -9"><span class='ocrx_word' id='word_1_720' title='bbox 984 1775 1012 1798; x_wconf 86' lang='lat' dir='ltr'><strong>et</strong></span> <span class='ocrx_word' id='word_1_721' title='bbox 1025 1775 1086 1806; x_wconf 84' lang='lat' dir='ltr'><strong>apta</strong></span> <span class='ocrx_word' id='word_1_722' title='bbox 1102 1771 1172 1798; x_wconf 89' lang='lat' dir='ltr'><strong>serie</strong></span> <span class='ocrx_word' id='word_1_723' title='bbox 1186 1771 1318 1805; x_wconf 68' lang='lat' dir='ltr'><strong>disposita</strong></span> <span class='ocrx_word' id='word_1_724' title='bbox 1330 1790 1337 1802; x_wconf 94' lang='lat'><strong>,</strong></span> <span class='ocrx_word' id='word_1_725' title='bbox 1353 1770 1438 1804; x_wconf 86' lang='lat' dir='ltr'><strong>prima</strong></span> <span class='ocrx_word' id='word_1_726' title='bbox 1451 1769 1580 1796; x_wconf 83' lang='lat' dir='ltr'><strong>videlicet</strong></span> <span class='ocrx_word' id='word_1_727' title='bbox 1595 1772 1636 1795; x_wconf 84' lang='lat' dir='ltr'><strong>est</strong></span> <span class='ocrx_word' id='word_1_728' title='bbox 1651 1773 1677 1795; x_wconf 86' lang='lat' dir='ltr'><strong>et</strong></span> <span class='ocrx_word' id='word_1_729' title='bbox 1689 1769 1769 1803; x_wconf 63' lang='lat' dir='ltr'><strong>origi«</strong></span> 
     </span>
    </p>
   </div>
   <div class='ocr_carea' id='block_1_92' title="bbox 985 1814 1766 1850">
    <p class='ocr_par' dir='ltr' id='par_1_92' title="bbox 985 1814 1766 1850">
     <span class='ocr_line' id='line_1_92' title="bbox 985 1814 1766 1850; baseline -0.001 -8"><span class='ocrx_word' id='word_1_730' title='bbox 985 1816 1055 1843; x_wconf 84' lang='lat' dir='ltr'><strong>nalis</strong></span> <span class='ocrx_word' id='word_1_731' title='bbox 1066 1820 1092 1843; x_wconf 88' lang='lat' dir='ltr'><strong>et</strong></span> <span class='ocrx_word' id='word_1_732' title='bbox 1104 1823 1166 1842; x_wconf 86' lang='lat' dir='ltr'><strong>vera</strong></span> <span class='ocrx_word' id='word_1_733' title='bbox 1181 1816 1304 1842; x_wconf 83' lang='lat' dir='ltr'><strong>musica:</strong></span> <span class='ocrx_word' id='word_1_734' title='bbox 1321 1823 1401 1850; x_wconf 86' lang='lat' dir='ltr'><strong>quant</strong></span> <span class='ocrx_word' id='word_1_735' title='bbox 1416 1815 1499 1842; x_wconf 88' lang='lat' dir='ltr'><strong>totius</strong></span> <span class='ocrx_word' id='word_1_736' title='bbox 1515 1814 1633 1840; x_wconf 83' lang='lat' dir='ltr'><strong>universi</strong></span> <span class='ocrx_word' id='word_1_737' title='bbox 1655 1815 1766 1841; x_wconf 83' lang='lat' dir='ltr'><strong>conciu-</strong></span> 
     </span>
    </p>
   </div>
   <div class='ocr_carea' id='block_1_93' title="bbox 985 1859 1768 1895">
    <p class='ocr_par' dir='ltr' id='par_1_93' title="bbox 985 1859 1768 1895">
     <span class='ocr_line' id='line_1_93' title="bbox 985 1859 1768 1895; baseline -0.004 -8"><span class='ocrx_word' id='word_1_738' title='bbox 985 1865 1065 1888; x_wconf 88' lang='lat' dir='ltr'><strong>nator</strong></span> <span class='ocrx_word' id='word_1_739' title='bbox 1085 1861 1214 1887; x_wconf 81' lang='lat' dir='ltr'><strong>inelTabili</strong></span> <span class='ocrx_word' id='word_1_740' title='bbox 1235 1861 1376 1895; x_wconf 75' lang='lat' dir='ltr'><strong>sapientia:</strong></span> <span class='ocrx_word' id='word_1_741' title='bbox 1396 1867 1453 1888; x_wconf 75' lang='lat' dir='ltr'><strong>sua:</strong></span> <span class='ocrx_word' id='word_1_742' title='bbox 1469 1859 1589 1892; x_wconf 85' lang='lat' dir='ltr'><strong>ratione,</strong></span> <span class='ocrx_word' id='word_1_743' title='bbox 1604 1867 1651 1893; x_wconf 83' lang='lat' dir='ltr'><strong>per</strong></span> <span class='ocrx_word' id='word_1_744' title='bbox 1664 1866 1696 1885; x_wconf 91' lang='lat' dir='ltr'><strong>ea</strong></span> <span class='ocrx_word' id='word_1_745' title='bbox 1711 1867 1768 1893; x_wconf 71' lang='lat' dir='ltr'><strong>quas</strong></span> 
     </span>
    </p>
   </div>
   <div class='ocr_carea' id='block_1_94' title="bbox 985 1905 1769 1942">
    <p class='ocr_par' dir='ltr' id='par_1_94' title="bbox 985 1905 1769 1942">
     <span class='ocr_line' id='line_1_94' title="bbox 985 1905 1769 1942; baseline -0.004 -7"><span class='ocrx_word' id='word_1_746' title='bbox 985 1915 1092 1942; x_wconf 84' lang='lat' dir='ltr'><strong>semper</strong></span> <span class='ocrx_word' id='word_1_747' title='bbox 1114 1907 1254 1942; x_wconf 85' lang='lat' dir='ltr'><strong>sapienter</strong></span> <span class='ocrx_word' id='word_1_748' title='bbox 1274 1907 1359 1939; x_wconf 82' lang='lat' dir='ltr'><strong>ﬁunt,</strong></span> <span class='ocrx_word' id='word_1_749' title='bbox 1374 1907 1453 1934; x_wconf 88' lang='lat' dir='ltr'><strong>docte</strong></span> <span class='ocrx_word' id='word_1_750' title='bbox 1476 1911 1502 1934; x_wconf 91' lang='lat' dir='ltr'><strong>et</strong></span> <span class='ocrx_word' id='word_1_751' title='bbox 1522 1906 1608 1941; x_wconf 84' lang='lat' dir='ltr'><strong>perite</strong></span> <span class='ocrx_word' id='word_1_752' title='bbox 1628 1905 1719 1933; x_wconf 76' lang='lat' dir='ltr'><strong>efficit.</strong></span> <span class='ocrx_word' id='word_1_753' title='bbox 1741 1905 1769 1933; x_wconf 83' lang='lat' dir='ltr'><strong>Si</strong></span> 
     </span>
    </p>
   </div>
   <div class='ocr_carea' id='block_1_95' title="bbox 985 1953 1767 1988">
    <p class='ocr_par' dir='ltr' id='par_1_95' title="bbox 985 1953 1767 1988">
     <span class='ocr_line' id='line_1_95' title="bbox 985 1953 1767 1988; baseline -0.003 -8"><span class='ocrx_word' id='word_1_754' title='bbox 985 1954 1066 1988; x_wconf 77' lang='lat' dir='ltr'><strong>igitur</strong></span> <span class='ocrx_word' id='word_1_755' title='bbox 1079 1957 1154 1981; x_wconf 85' lang='lat' dir='ltr'><strong>totus</strong></span> <span class='ocrx_word' id='word_1_756' title='bbox 1169 1953 1213 1981; x_wconf 86' lang='lat' dir='ltr'><strong>hic</strong></span> <span class='ocrx_word' id='word_1_757' title='bbox 1229 1953 1347 1980; x_wconf 90' lang='lat' dir='ltr'><strong>mundus</strong></span> <span class='ocrx_word' id='word_1_758' title='bbox 1360 1953 1465 1980; x_wconf 84' lang='lat' dir='ltr'><strong>musica</strong></span> <span class='ocrx_word' id='word_1_759' title='bbox 1481 1953 1605 1987; x_wconf 75' lang='lat' dir='ltr'><strong>quaedam</strong></span> <span class='ocrx_word' id='word_1_760' title='bbox 1619 1960 1767 1980; x_wconf 73' lang='lat' dir='ltr'><strong>censorum</strong></span> 
     </span>
    </p>
   </div>
   <div class='ocr_carea' id='block_1_96' title="bbox 984 1997 1768 2033">
    <p class='ocr_par' dir='ltr' id='par_1_96' title="bbox 984 1997 1768 2033">
     <span class='ocr_line' id='line_1_96' title="bbox 984 1997 1768 2033; baseline -0.003 -9"><span class='ocrx_word' id='word_1_761' title='bbox 984 1998 1023 2024; x_wconf 87' lang='lat' dir='ltr'><strong>tia</strong></span> <span class='ocrx_word' id='word_1_762' title='bbox 1037 2002 1095 2030; x_wconf 80' lang='lat' dir='ltr'><strong>est,</strong></span> <span class='ocrx_word' id='word_1_763' title='bbox 1110 1999 1188 2032; x_wconf 88' lang='lat' dir='ltr'><strong>cujus</strong></span> <span class='ocrx_word' id='word_1_764' title='bbox 1204 1997 1295 2033; x_wconf 78' lang='lat' dir='ltr'><strong>opifex</strong></span> <span class='ocrx_word' id='word_1_765' title='bbox 1314 2002 1341 2025; x_wconf 90' lang='lat' dir='ltr'><strong>et</strong></span> <span class='ocrx_word' id='word_1_766' title='bbox 1360 1997 1472 2025; x_wconf 81' lang='lat' dir='ltr'><strong>etIector</strong></span> <span class='ocrx_word' id='word_1_767' title='bbox 1495 1997 1566 2025; x_wconf 89' lang='lat' dir='ltr'><strong>Deus</strong></span> <span class='ocrx_word' id='word_1_768' title='bbox 1577 2018 1583 2028; x_wconf 89' lang='lat'><strong>.</strong></span> <span class='ocrx_word' id='word_1_769' title='bbox 1609 2003 1638 2024; x_wconf 90' lang='lat' dir='ltr'><strong>ut</strong></span> <span class='ocrx_word' id='word_1_770' title='bbox 1660 2003 1687 2024; x_wconf 88' lang='lat' dir='ltr'><strong>et</strong></span> <span class='ocrx_word' id='word_1_771' title='bbox 1701 1998 1768 2032; x_wconf 82' lang='lat' dir='ltr'><strong>Apo-</strong></span> 
     </span>
    </p>
   </div>
   <div class='ocr_carea' id='block_1_97' title="bbox 985 2043 1768 2079">
    <p class='ocr_par' dir='ltr' id='par_1_97' title="bbox 985 2043 1768 2079">
     <span class='ocr_line' id='line_1_97' title="bbox 985 2043 1768 2079; baseline -0.003 -8"><span class='ocrx_word' id='word_1_772' title='bbox 985 2044 1072 2072; x_wconf 86' lang='lat' dir='ltr'><strong>stolus</strong></span> <span class='ocrx_word' id='word_1_773' title='bbox 1085 2043 1151 2071; x_wconf 88' lang='lat' dir='ltr'><strong>dicit</strong></span> <span class='ocrx_word' id='word_1_774' title='bbox 1166 2053 1172 2070; x_wconf 90' lang='lat'><strong>:</strong></span> <span class='ocrx_word' id='word_1_775' title='bbox 1191 2052 1291 2079; x_wconf 82' lang='lat' dir='ltr'><strong>parvus</strong></span> <span class='ocrx_word' id='word_1_776' title='bbox 1307 2051 1371 2072; x_wconf 88' lang='lat' dir='ltr'><strong>vero</strong></span> <span class='ocrx_word' id='word_1_777' title='bbox 1386 2043 1503 2071; x_wconf 89' lang='lat' dir='ltr'><strong>mundus</strong></span> <span class='ocrx_word' id='word_1_778' title='bbox 1515 2043 1596 2070; x_wconf 84' lang='lat' dir='ltr'><strong>homo</strong></span> <span class='ocrx_word' id='word_1_779' title='bbox 1609 2047 1660 2076; x_wconf 86' lang='lat' dir='ltr'><strong>est,</strong></span> <span class='ocrx_word' id='word_1_780' title='bbox 1674 2044 1768 2070; x_wconf 48' lang='lat' dir='ltr'><strong>sintu!‘</strong></span> 
     </span>
    </p>
   </div>
   <div class='ocr_carea' id='block_1_98' title="bbox 986 2089 1772 2124">
    <p class='ocr_par' dir='ltr' id='par_1_98' title="bbox 986 2089 1772 2124">
     <span class='ocr_line' id='line_1_98' title="bbox 986 2089 1772 2124; baseline -0.001 -7"><span class='ocrx_word' id='word_1_781' title='bbox 986 2098 1039 2124; x_wconf 87' lang='lat' dir='ltr'><strong>que</strong></span> <span class='ocrx_word' id='word_1_782' title='bbox 1055 2090 1205 2118; x_wconf 89' lang='lat' dir='ltr'><strong>similitudo</strong></span> <span class='ocrx_word' id='word_1_783' title='bbox 1218 2094 1244 2118; x_wconf 88' lang='lat' dir='ltr'><strong>et</strong></span> <span class='ocrx_word' id='word_1_784' title='bbox 1260 2090 1378 2117; x_wconf 86' lang='lat' dir='ltr'><strong>imitatio</strong></span> <span class='ocrx_word' id='word_1_785' title='bbox 1394 2089 1516 2124; x_wconf 67' lang='lat' dir='ltr'><strong>quaedam</strong></span> <span class='ocrx_word' id='word_1_786' title='bbox 1532 2089 1592 2124; x_wconf 80' lang='lat' dir='ltr'><strong>ejus</strong></span> <span class='ocrx_word' id='word_1_787' title='bbox 1603 2110 1610 2123; x_wconf 96' lang='lat'><strong>,</strong></span> <span class='ocrx_word' id='word_1_788' title='bbox 1626 2090 1672 2124; x_wconf 85' lang='lat' dir='ltr'><strong>qui</strong></span> <span class='ocrx_word' id='word_1_789' title='bbox 1694 2097 1772 2116; x_wconf 73' lang='lat' dir='ltr'><strong>mno-</strong></span> 
     </span>
    </p>
   </div>
   <div class='ocr_carea' id='block_1_99' title="bbox 986 2135 1767 2169">
    <p class='ocr_par' dir='ltr' id='par_1_99' title="bbox 986 2135 1767 2169">
     <span class='ocr_line' id='line_1_99' title="bbox 986 2135 1767 2169; baseline -0.001 -6"><span class='ocrx_word' id='word_1_790' title='bbox 986 2135 1050 2163; x_wconf 92' lang='lat' dir='ltr'><strong>dum</strong></span> <span class='ocrx_word' id='word_1_791' title='bbox 1069 2136 1266 2163; x_wconf 81' lang='lat' dir='ltr'><strong>concinnavit:</strong></span> <span class='ocrx_word' id='word_1_792' title='bbox 1289 2143 1402 2163; x_wconf 88' lang='lat' dir='ltr'><strong>necesse</strong></span> <span class='ocrx_word' id='word_1_793' title='bbox 1426 2140 1484 2169; x_wconf 86' lang='lat' dir='ltr'><strong>est,</strong></span> <span class='ocrx_word' id='word_1_794' title='bbox 1509 2140 1538 2162; x_wconf 90' lang='lat' dir='ltr'><strong>ut</strong></span> <span class='ocrx_word' id='word_1_795' title='bbox 1561 2135 1632 2169; x_wconf 88' lang='lat' dir='ltr'><strong>quod</strong></span> <span class='ocrx_word' id='word_1_796' title='bbox 1653 2135 1724 2162; x_wconf 88' lang='lat' dir='ltr'><strong>ratio</strong></span> <span class='ocrx_word' id='word_1_797' title='bbox 1743 2135 1767 2162; x_wconf 93' lang='lat' dir='ltr'><strong>in</strong></span> 
     </span>
    </p>
   </div>
   <div class='ocr_carea' id='block_1_100' title="bbox 987 2180 1767 2216">
    <p class='ocr_par' dir='ltr' id='par_1_100' title="bbox 987 2180 1767 2216">
     <span class='ocr_line' id='line_1_100' title="bbox 987 2180 1767 2216; baseline -0.001 -9"><span class='ocrx_word' id='word_1_798' title='bbox 987 2188 1085 2216; x_wconf 78' lang='lat' dir='ltr'><strong>magno</strong></span> <span class='ocrx_word' id='word_1_799' title='bbox 1103 2181 1151 2209; x_wconf 91' lang='lat' dir='ltr'><strong>illo</strong></span> <span class='ocrx_word' id='word_1_800' title='bbox 1166 2186 1193 2209; x_wconf 89' lang='lat' dir='ltr'><strong>et</strong></span> <span class='ocrx_word' id='word_1_801' title='bbox 1217 2181 1338 2216; x_wconf 85' lang='lat' dir='ltr'><strong>spatioso</strong></span> <span class='ocrx_word' id='word_1_802' title='bbox 1351 2181 1453 2207; x_wconf 91' lang='lat' dir='ltr'><strong>mundo</strong></span> <span class='ocrx_word' id='word_1_803' title='bbox 1466 2180 1579 2215; x_wconf 80' lang='lat' dir='ltr'><strong>reperit,</strong></span> <span class='ocrx_word' id='word_1_804' title='bbox 1595 2181 1646 2206; x_wconf 84' lang='lat' dir='ltr'><strong>hoc</strong></span> <span class='ocrx_word' id='word_1_805' title='bbox 1657 2200 1663 2211; x_wconf 87' lang='lat'><strong>,</strong></span> <span class='ocrx_word' id='word_1_806' title='bbox 1679 2184 1706 2206; x_wconf 92' lang='lat' dir='ltr'><strong>ut</strong></span> <span class='ocrx_word' id='word_1_807' title='bbox 1722 2187 1767 2214; x_wconf 85' lang='lat' dir='ltr'><strong>par</strong></span> 
     </span>
    </p>
   </div>
   <div class='ocr_carea' id='block_1_101' title="bbox 984 2224 1767 2260">
    <p class='ocr_par' dir='ltr' id='par_1_101' title="bbox 984 2224 1767 2260">
     <span class='ocr_line' id='line_1_101' title="bbox 984 2224 1767 2260; baseline -0.001 -7"><span class='ocrx_word' id='word_1_808' title='bbox 984 2232 1023 2254; x_wconf 85' lang='lat' dir='ltr'><strong>est</strong></span> <span class='ocrx_word' id='word_1_809' title='bbox 1034 2246 1040 2257; x_wconf 89' lang='lat'><strong>,</strong></span> <span class='ocrx_word' id='word_1_810' title='bbox 1057 2227 1084 2252; x_wconf 89' lang='lat' dir='ltr'><strong>in</strong></span> <span class='ocrx_word' id='word_1_811' title='bbox 1103 2233 1186 2260; x_wconf 89' lang='lat' dir='ltr'><strong>parvo</strong></span> <span class='ocrx_word' id='word_1_812' title='bbox 1207 2226 1299 2253; x_wconf 80' lang='lat' dir='ltr'><strong>itidem</strong></span> <span class='ocrx_word' id='word_1_813' title='bbox 1314 2225 1488 2259; x_wconf 85' lang='lat' dir='ltr'><strong>conspicetur</strong></span> <span class='ocrx_word' id='word_1_814' title='bbox 1499 2236 1506 2254; x_wconf 84' lang='lat'><strong>:</strong></span> <span class='ocrx_word' id='word_1_815' title='bbox 1517 2232 1581 2259; x_wconf 86' lang='lat' dir='ltr'><strong>pars</strong></span> <span class='ocrx_word' id='word_1_816' title='bbox 1598 2224 1670 2251; x_wconf 89' lang='lat' dir='ltr'><strong>enim</strong></span> <span class='ocrx_word' id='word_1_817' title='bbox 1686 2225 1767 2252; x_wconf 77' lang='lat' dir='ltr'><strong>totius</strong></span> 
     </span>
    </p>
   </div>
   <div class='ocr_carea' id='block_1_102' title="bbox 984 2270 1767 2307">
    <p class='ocr_par' dir='ltr' id='par_1_102' title="bbox 984 2270 1767 2307">
     <span class='ocr_line' id='line_1_102' title="bbox 984 2270 1767 2307; baseline -0.003 -9"><span class='ocrx_word' id='word_1_818' title='bbox 984 2275 1100 2307; x_wconf 81' lang='lat' dir='ltr'><strong>cognata</strong></span> <span class='ocrx_word' id='word_1_819' title='bbox 1114 2276 1156 2299; x_wconf 86' lang='lat' dir='ltr'><strong>est</strong></span> <span class='ocrx_word' id='word_1_820' title='bbox 1173 2271 1234 2298; x_wconf 89' lang='lat' dir='ltr'><strong>toti.</strong></span> <span class='ocrx_word' id='word_1_821' title='bbox 1252 2271 1319 2298; x_wconf 82' lang='lat' dir='ltr'><strong>Nam</strong></span> <span class='ocrx_word' id='word_1_822' title='bbox 1339 2271 1567 2305; x_wconf 84' lang='lat' dir='ltr'><strong>quemadmodum</strong></span> <span class='ocrx_word' id='word_1_823' title='bbox 1583 2271 1609 2296; x_wconf 92' lang='lat' dir='ltr'><strong>in</strong></span> <span class='ocrx_word' id='word_1_824' title='bbox 1623 2270 1713 2306; x_wconf 79' lang='lat' dir='ltr'><strong>exigui</strong></span> <span class='ocrx_word' id='word_1_825' title='bbox 1727 2271 1767 2297; x_wconf 82' lang='lat' dir='ltr'><strong>vi-</strong></span> 
     </span>
    </p>
   </div>
   <div class='ocr_carea' id='block_1_103' title="bbox 985 2316 1769 2352">
    <p class='ocr_par' dir='ltr' id='par_1_103' title="bbox 985 2316 1769 2352">
     <span class='ocr_line' id='line_1_103' title="bbox 985 2316 1769 2352; baseline 0 -8"><span class='ocrx_word' id='word_1_826' title='bbox 985 2319 1021 2344; x_wconf 87' lang='lat' dir='ltr'><strong>tri</strong></span> <span class='ocrx_word' id='word_1_827' title='bbox 1038 2317 1191 2352; x_wconf 78' lang='lat' dir='ltr'><strong>fragmento</strong></span> <span class='ocrx_word' id='word_1_828' title='bbox 1211 2325 1259 2352; x_wconf 83' lang='lat' dir='ltr'><strong>per</strong></span> <span class='ocrx_word' id='word_1_829' title='bbox 1272 2321 1376 2351; x_wconf 75' lang='lat' dir='ltr'><strong>portent</strong></span> <span class='ocrx_word' id='word_1_830' title='bbox 1397 2317 1571 2351; x_wconf 86' lang='lat' dir='ltr'><strong>pellucidam,</strong></span> <span class='ocrx_word' id='word_1_831' title='bbox 1596 2320 1681 2343; x_wconf 92' lang='lat' dir='ltr'><strong>totum</strong></span> <span class='ocrx_word' id='word_1_832' title='bbox 1702 2316 1769 2344; x_wconf 85' lang='lat' dir='ltr'><strong>solis</strong></span> 
     </span>
    </p>
   </div>
   <div class='ocr_carea' id='block_1_104' title="bbox 985 2362 1769 2397">
    <p class='ocr_par' dir='ltr' id='par_1_104' title="bbox 985 2362 1769 2397">
     <span class='ocr_line' id='line_1_104' title="bbox 985 2362 1769 2397; baseline -0.004 -7"><span class='ocrx_word' id='word_1_833' title='bbox 985 2363 1095 2395; x_wconf 77' lang='lat' dir='ltr'><strong>orbem,</strong></span> <span class='ocrx_word' id='word_1_834' title='bbox 1111 2362 1183 2389; x_wconf 87' lang='lat' dir='ltr'><strong>sicut</strong></span> <span class='ocrx_word' id='word_1_835' title='bbox 1201 2363 1229 2389; x_wconf 95' lang='lat' dir='ltr'><strong>in</strong></span> <span class='ocrx_word' id='word_1_836' title='bbox 1253 2362 1381 2397; x_wconf 86' lang='lat' dir='ltr'><strong>speculo,</strong></span> <span class='ocrx_word' id='word_1_837' title='bbox 1403 2369 1515 2389; x_wconf 88' lang='lat' dir='ltr'><strong>cernere</strong></span> <span class='ocrx_word' id='word_1_838' title='bbox 1539 2362 1601 2389; x_wconf 85' lang='lat' dir='ltr'><strong>licet</strong></span> <span class='ocrx_word' id='word_1_839' title='bbox 1616 2382 1622 2393; x_wconf 92' lang='lat'><strong>,</strong></span> <span class='ocrx_word' id='word_1_840' title='bbox 1639 2366 1769 2396; x_wconf 87' lang='lat' dir='ltr'><strong>quantum</strong></span> 
     </span>
    </p>
   </div>
   <div class='ocr_carea' id='block_1_105' title="bbox 986 2408 1770 2444">
    <p class='ocr_par' dir='ltr' id='par_1_105' title="bbox 986 2408 1770 2444">
     <span class='ocr_line' id='line_1_105' title="bbox 986 2408 1770 2444; baseline -0.004 -8"><span class='ocrx_word' id='word_1_841' title='bbox 986 2408 1097 2444; x_wconf 84' lang='lat' dir='ltr'><strong>quidem</strong></span> <span class='ocrx_word' id='word_1_842' title='bbox 1112 2409 1185 2444; x_wconf 89' lang='lat' dir='ltr'><strong>capit</strong></span> <span class='ocrx_word' id='word_1_843' title='bbox 1199 2409 1316 2436; x_wconf 85' lang='lat' dir='ltr'><strong>lucentis</strong></span> <span class='ocrx_word' id='word_1_844' title='bbox 1329 2408 1389 2435; x_wconf 87' lang='lat' dir='ltr'><strong>vitri</strong></span> <span class='ocrx_word' id='word_1_845' title='bbox 1403 2409 1539 2443; x_wconf 83' lang='lat' dir='ltr'><strong>parvitas:</strong></span> <span class='ocrx_word' id='word_1_846' title='bbox 1556 2408 1591 2435; x_wconf 85' lang='lat' dir='ltr'><strong>ita</strong></span> <span class='ocrx_word' id='word_1_847' title='bbox 1604 2412 1631 2435; x_wconf 85' lang='lat' dir='ltr'><strong>et</strong></span> <span class='ocrx_word' id='word_1_848' title='bbox 1646 2408 1671 2434; x_wconf 94' lang='lat' dir='ltr'><strong>in</strong></span> <span class='ocrx_word' id='word_1_849' title='bbox 1687 2415 1770 2442; x_wconf 85' lang='lat' dir='ltr'><strong>parvo</strong></span> 
     </span>
    </p>
   </div>
   <div class='ocr_carea' id='block_1_106' title="bbox 987 2454 1770 2488">
    <p class='ocr_par' dir='ltr' id='par_1_106' title="bbox 987 2454 1770 2488">
     <span class='ocr_line' id='line_1_106' title="bbox 987 2454 1770 2488; baseline -0.004 -6"><span class='ocrx_word' id='word_1_850' title='bbox 987 2455 1105 2487; x_wconf 91' lang='lat' dir='ltr'><strong>mundo,</strong></span> <span class='ocrx_word' id='word_1_851' title='bbox 1126 2455 1154 2482; x_wconf 90' lang='lat' dir='ltr'><strong>in</strong></span> <span class='ocrx_word' id='word_1_852' title='bbox 1174 2455 1290 2482; x_wconf 86' lang='lat' dir='ltr'><strong>humana</strong></span> <span class='ocrx_word' id='word_1_853' title='bbox 1306 2454 1416 2488; x_wconf 90' lang='lat' dir='ltr'><strong>inquam</strong></span> <span class='ocrx_word' id='word_1_854' title='bbox 1433 2459 1527 2481; x_wconf 88' lang='lat' dir='ltr'><strong>natura</strong></span> <span class='ocrx_word' id='word_1_855' title='bbox 1539 2474 1546 2487; x_wconf 91' lang='lat'><strong>,</strong></span> <span class='ocrx_word' id='word_1_856' title='bbox 1564 2458 1636 2480; x_wconf 89' lang='lat' dir='ltr'><strong>totus</strong></span> <span class='ocrx_word' id='word_1_857' title='bbox 1654 2454 1697 2480; x_wconf 83' lang='lat' dir='ltr'><strong>ille</strong></span> <span class='ocrx_word' id='word_1_858' title='bbox 1713 2461 1770 2479; x_wconf 75' lang='lat' dir='ltr'><strong>nia-</strong></span> 
     </span>
    </p>
   </div>
   <div class='ocr_carea' id='block_1_107' title="bbox 986 2499 1770 2536">
    <p class='ocr_par' dir='ltr' id='par_1_107' title="bbox 986 2499 1770 2536">
     <span class='ocr_line' id='line_1_107' title="bbox 986 2499 1770 2536; baseline -0.005 -9"><span class='ocrx_word' id='word_1_859' title='bbox 986 2500 1031 2536; x_wconf 76' lang='lat' dir='ltr'><strong>gni</strong></span> <span class='ocrx_word' id='word_1_860' title='bbox 1053 2500 1148 2528; x_wconf 91' lang='lat' dir='ltr'><strong>mundi</strong></span> <span class='ocrx_word' id='word_1_861' title='bbox 1171 2504 1320 2528; x_wconf 91' lang='lat' dir='ltr'><strong>concentus</strong></span> <span class='ocrx_word' id='word_1_862' title='bbox 1342 2500 1489 2531; x_wconf 88' lang='lat' dir='ltr'><strong>elucescit,</strong></span> <span class='ocrx_word' id='word_1_863' title='bbox 1513 2499 1687 2535; x_wconf 87' lang='lat' dir='ltr'><strong>proportione</strong></span> <span class='ocrx_word' id='word_1_864' title='bbox 1701 2506 1770 2532; x_wconf 87' lang='lat' dir='ltr'><strong>qua-</strong></span> 
     </span>
    </p>
   </div>
   <div class='ocr_carea' id='block_1_108' title="bbox 988 2543 1768 2582">
    <p class='ocr_par' dir='ltr' id='par_1_108' title="bbox 988 2543 1768 2582">
     <span class='ocr_line' id='line_1_108' title="bbox 988 2543 1768 2582; baseline -0.005 -8"><span class='ocrx_word' id='word_1_865' title='bbox 988 2547 1051 2574; x_wconf 85' lang='lat' dir='ltr'><strong>dam</strong></span> <span class='ocrx_word' id='word_1_866' title='bbox 1065 2547 1113 2574; x_wconf 83' lang='lat' dir='ltr'><strong>toti</strong></span> <span class='ocrx_word' id='word_1_867' title='bbox 1127 2554 1175 2582; x_wconf 85' lang='lat' dir='ltr'><strong>per</strong></span> <span class='ocrx_word' id='word_1_868' title='bbox 1189 2551 1294 2581; x_wconf 86' lang='lat' dir='ltr'><strong>partem</strong></span> <span class='ocrx_word' id='word_1_869' title='bbox 1311 2545 1497 2581; x_wconf 84' lang='lat' dir='ltr'><strong>respondens.</strong></span> <span class='ocrx_word' id='word_1_870' title='bbox 1514 2549 1645 2580; x_wconf 85' lang='lat' dir='ltr'><strong>quantum</strong></span> <span class='ocrx_word' id='word_1_871' title='bbox 1661 2543 1768 2578; x_wconf 81' lang='lat' dir='ltr'><strong>quidem</strong></span> 
     </span>
    </p>
   </div>
   <div class='ocr_carea' id='block_1_109' title="bbox 1018 2715 1265 2752">
    <p class='ocr_par' dir='ltr' id='par_1_109' title="bbox 1018 2715 1265 2752">
     <span class='ocr_line' id='line_1_109' title="bbox 1018 2715 1265 2752; baseline -0.004 -8"><span class='ocrx_word' id='word_1_872' title='bbox 1018 2717 1074 2752; x_wconf 72' lang='grc'><strong>(54)</strong></span> <span class='ocrx_word' id='word_1_873' title='bbox 1086 2716 1135 2752; x_wconf 54' lang='grc' dir='ltr'><strong>Τῷ</strong></span> <span class='ocrx_word' id='word_1_874' title='bbox 1149 2723 1204 2743; x_wconf 92' lang='lat' dir='ltr'><strong>om.</strong></span> <span class='ocrx_word' id='word_1_875' title='bbox 1221 2715 1265 2743; x_wconf 87' lang='lat' dir='ltr'><strong>ed.</strong></span> 
     </span>
    </p>
   </div>
   <div class='ocr_carea' id='block_1_110' title="bbox 1017 2750 1293 2786">
    <p class='ocr_par' dir='ltr' id='par_1_110' title="bbox 1017 2750 1293 2786">
     <span class='ocr_line' id='line_1_110' title="bbox 1017 2750 1293 2786; baseline -0.011 -7"><span class='ocrx_word' id='word_1_876' title='bbox 1017 2750 1073 2786; x_wconf 79' lang='lat'><strong>(35)</strong></span> <span class='ocrx_word' id='word_1_877' title='bbox 1085 2750 1164 2778; x_wconf 82' lang='lat' dir='ltr'><strong>Forte</strong></span> <span class='ocrx_word' id='word_1_878' title='bbox 1176 2759 1230 2778; x_wconf 90' lang='lat' dir='ltr'><strong>om.</strong></span> <span class='ocrx_word' id='word_1_879' title='bbox 1246 2750 1293 2785; x_wconf 82' lang='grc' dir='ltr'>τῷ.</span> 
     </span>
    </p>
   </div>
   <div class='ocr_carea' id='block_1_111' title="bbox 1017 2786 1242 2820">
    <p class='ocr_par' dir='ltr' id='par_1_111' title="bbox 1017 2786 1242 2820">
     <span class='ocr_line' id='line_1_111' title="bbox 1017 2786 1242 2820; baseline -0.009 -6"><span class='ocrx_word' id='word_1_880' title='bbox 1017 2787 1073 2820; x_wconf 77' lang='grc'><strong>(36)</strong></span> <span class='ocrx_word' id='word_1_881' title='bbox 1087 2787 1183 2819; x_wconf 78' lang='grc' dir='ltr'>Είδεῖν,</span> <span class='ocrx_word' id='word_1_882' title='bbox 1200 2786 1242 2813; x_wconf 83' lang='lat' dir='ltr'><strong>ed.</strong></span> 
     </span>
    </p>
   </div>
  </div>
