1986 3080
214 139 264 167 ΗΞ

831 140 859 167 S.
881 139 1047 168 GREGORil
1066 139 1215 168 NYSSENI

1789 138 1843 166 424

215 204 299 224 totum
323 204 338 223 ιι
363 202 438 230 parte
461 197 520 232 eapi
544 200 571 224 et
591 197 779 232 reprmsentari
804 202 904 232 potest.
931 198 1001 226 idem

1063 199 1100 225 (αἱ
1115 200 1131 233 ἡ
1149 198 1280 234 ὀργανική
1304 197 1350 224 τοῦ
1379 197 1502 233 σώματος
1524 197 1602 233 ἡμῶν
1622 197 1750 232 διασκευὴ
1774 196 1844 233 πρὸς

215 243 334 270 ostendit
353 242 483 277 organica
499 243 624 277 corporis
641 242 727 269 nostri
745 247 883 270 structura
895 263 902 275 ,
923 240 1003 278 quam

216 295 311 316 natura
326 289 359 315 ad
374 289 495 316 musicas
508 289 680 323 operationes
693 288 762 315 scite
773 289 888 316 eﬂlnxit.
904 289 1006 318 Intueri

215 336 287 362 enim
306 336 369 362 licet
385 335 492 362 arteriae
508 335 580 362 velut
599 334 693 361 tibiam
704 355 711 367 ,
727 335 811 369 palati
830 335 908 370 quasi
928 335 1005 362 lami-

218 390 279 407 nnnt
296 389 342 408 seu
359 382 479 408 tabulam
494 401 500 412 ,
519 389 572 415 qtta
594 381 671 408 nervi
695 381 888 413 intenduntur,
907 381 1005 408 modu-

218 428 400 462 lationentque
417 435 477 461 quae
491 427 519 453 tit
534 435 582 461 per
597 427 716 463 linguam
732 432 759 455 et
775 428 901 454 maxillas
915 431 941 454 et
957 435 1005 462 per

218 483 248 503 os
263 474 340 509 quasi
358 481 404 508 per
417 473 542 500 chordas.

253 520 320 547 Cum
337 520 417 554 igitur
430 527 510 547 ontne
524 518 589 545 illud
605 519 676 554 quod
691 519 816 547 naturale
828 523 887 550 est,
900 523 1005 546 naturae

220 567 255 594 sit
278 567 395 592 anticum
409 585 416 597 ,
439 566 714 600 demonstratumth
738 565 790 598 sit,
806 566 937 592 musicam
957 573 1003 592 na-

219 616 288 639 turaz
304 619 364 638 esse
380 615 591 638 consentaneum
605 619 611 643 ;
627 611 662 637 ob
676 610 702 636 id
721 618 836 645 magnus
850 609 932 636 David
945 610 1005 644 phi-

220 656 352 690 losophiae
367 655 401 682 de
414 656 564 682 virtutibus
578 655 722 682 tnelodiam
737 659 763 683 et
777 659 939 682 concentum
955 656 1006 682 itn-

220 701 347 732 miscuit,
373 704 398 726 et
423 700 550 727 sublimia
577 699 622 726 illa
645 699 790 735 dogmata,
815 699 903 727 mellis
927 702 1005 734 quasi

220 746 364 774 dulcedine
382 746 499 780 aspersit
513 754 520 778 ;
537 753 585 780 per
597 753 678 780 quam
691 746 782 780 aliquo
795 745 875 772 tnodo
887 745 1005 781 seipsam

220 795 341 820 intuetur
357 796 384 819 et
400 796 479 818 curat
496 796 605 819 natura.
622 792 734 818 Curatio
751 792 824 819 enim
843 796 948 819 naturae
965 797 1005 820 est

220 840 283 867 vita:
296 839 469 866 concinnitas
478 859 485 871 ,
497 845 579 872 quatn
592 838 658 864 milti
676 838 758 865 tacite
773 845 821 873 per
833 839 1005 873 aanigmatunt

1056 244 1184 280 ἐργασίαν
1198 244 1329 279 μουσικῆς
1343 243 1560 278 φιλοτεχνηοεῐσα
1573 244 1647 278 παρᾶ
1664 243 1713 278 τῆς
1725 242 1843 276 φύσεως.

1061 291 1142 327 Ὁρᾷς
1167 291 1212 317 τὸν
1232 291 1280 325 τῆς
1306 289 1438 325 ἀρτηρίας
1461 289 1551 320 αὐλὸν,
1574 290 1622 324 τὴν
1645 289 1692 324 τῆς
1717 289 1844 324 ὑπερῲας

1059 339 1167 374 μαγάδα
1192 338 1265 372 (57),
1291 337 1339 372 τὴν
1362 337 1406 363 διὰ
1430 336 1553 372 γλώττης
1574 337 1621 362 καὶ
1644 336 1764 371 παρειῶν
1793 336 1839 362 καὶ

1056 385 1197 419 στόματος,
1232 384 1269 415 ὡς
1301 383 1344 410 διὰ
1367 383 1468 418 χορδῶν
1503 383 1549 408 καὶ
1582 382 1719 418 πλήκτρου
1752 381 1845 416 κιθαρ-

1054 429 1135 464 ῳδίαν
1148 437 1154 461 ;

1049 466 1059 476 ο

1097 525 1170 551 Ἐπεὶ
1181 523 1227 551 οἷον
1241 526 1293 552 πᾶν
1304 525 1334 552 τὸ
1349 525 1504 560 κατὰφύσιν
1513 527 1588 562 φίλον
1600 528 1631 562 τῇ
1643 525 1731 561 φύσει,
1743 526 1851 553 ἀπεδει-

1055 570 1106 606 χοη
1119 570 1147 597 δὲ
1163 570 1232 596 κατὰ
1242 570 1321 605 φύσιν
1335 572 1398 606 ἡμῖν
1413 570 1504 607 οὗσαή
1516 572 1640 607 μουσικὴ,
1650 572 1744 598 τούτου
1754 572 1844 606 χάριν,

1055 618 1068 643 ὁ
1085 617 1169 651 μέγας
1181 616 1263 642 Δαυῒδ
1276 618 1308 651 τῇ
1318 617 1380 653 περὶ
1391 616 1443 642 τῶν
1454 616 1557 652 ἀρετῶν
1568 617 1708 652 φιλοσοφίᾳ
1719 617 1766 652 τὴν
1781 617 1846 651 μελυ

1056 663 1135 697 ῳδεαν
1144 662 1286 698 κατέμιξεν
1294 670 1300 677 ·
1313 660 1368 689 οἷόν
1379 671 1438 689 τινα
1451 663 1556 698 μέλιτος
1566 663 1660 697 ἡδονὴν
1672 663 1725 689 τῶν
1736 663 1847 697 ὑψηλῶν

1056 709 1191 744 καταχέας
1210 708 1362 743 δογμάτων,
1385 708 1418 734 δι’
1441 706 1474 744 ἦς
1497 709 1597 743 ἑαυτὴν
1619 709 1767 744 ὰναθεωρεῖ
1787 708 1845 742 (58)

1055 754 1154 788 τρόπον
1175 754 1236 780 τινὰ
1258 753 1304 780 καὶ
1328 753 1472 788 Θεραπεὺει
1491 755 1508 789 ἡ
1531 754 1621 788 φύσις.
1636 754 1772 789 Θεραπεία
1791 754 1847 789 γὰρ

1056 799 1161 834 φύσεώς
1186 800 1258 826 ἐστιν
1282 800 1298 834 ὴ
1321 799 1372 834 τῆς
1393 799 1465 834 ζωῆς
1489 799 1632 834 εὐρυθμία,
1652 800 1685 834 ἦν
1706 808 1750 834 μοι
1773 799 1848 825 δοκεῖ

1058 843 1248 880 συμϐουλεύειν
1271 843 1304 871 δι’
1325 844 1522 878 αἰνιγμάτωνὴ
1541 843 1668 879 μελῳδία.
1694 843 1770 877 Τάχα
1792 843 1847 878 γὰρ

221 885 335 912 umbras
350 884 465 911 suadere
481 883 588 910 videtur
610 883 738 910 melodia.
760 883 793 910 Et
811 883 881 911 forte
898 884 948 910 hoe
965 888 1005 911 to-

1063 889 1122 916 ιιῦτὺ
1138 889 1215 915 τοῦτο
1231 889 1298 924 πρὸς
1313 890 1362 924 τὴν
1377 888 1543 924 ὑψηλοτέραν
1567 888 1613 915 τοῦ
1631 887 1688 923 βίου
1708 888 1847 915 κατάστα-

221 935 280 958 tum
306 930 375 958 nihil
400 929 472 956 aliud
495 933 554 960 est,
571 936 652 963 quatn
669 928 703 955 ad
721 929 897 957 excelsiorem
921 933 947 957 et
973 930 1007 957 ab

223 976 324 1004 intimis
337 975 512 1002 remotiorem
527 975 609 1001 vitam
624 974 820 1009 capessendam
833 975 986 1002 cohortatio
999 985 1007 1009 ;

223 1028 337 1048 monens
356 1020 499 1051 videlicet,
516 1024 545 1046 ut
565 1020 593 1046 in
612 1020 734 1048 moribus
749 1027 843 1047 eorum
859 1021 905 1055 qui
923 1021 1008 1048 virtu-

223 1071 277 1093 tem
291 1066 402 1097 eolunt,
417 1065 486 1092 nihil
502 1065 567 1092 insit
583 1065 777 1092 inconcittnum
793 1070 820 1092 et
833 1073 850 1092 a
863 1070 940 1093 recto
955 1067 1006 1094 ab-

224 1112 342 1138 horrens
353 1130 360 1142 .
378 1116 425 1137 aut
441 1111 584 1137 dissonum
598 1119 605 1143 ;
625 1110 725 1137 [idibus
746 1118 835 1145 neque
851 1119 933 1145 supra
950 1119 1009 1138 mo-

224 1158 288 1184 dum
306 1157 461 1184 contentis:
477 1157 613 1191 rumpitur
625 1157 714 1188 enint,
733 1157 757 1184 si
782 1157 897 1184 nimium
921 1158 1009 1185 inten-

224 1202 475 1230 daturcltordarum
503 1207 564 1237 apta
592 1203 801 1236 convenientia;
826 1211 913 1237 neque
927 1204 1008 1231 etiam

226 1247 316 1275 studio
328 1249 354 1274 in
367 1248 537 1274 contrarium
555 1255 648 1279 verso,
665 1248 778 1274 ttitttiutn
795 1256 843 1283 per
857 1250 1009 1284 voluptates

225 1295 258 1322 ad
273 1294 462 1321 remissionem
477 1294 575 1321 laxatis
590 1303 596 1327 ;
612 1297 685 1320 muta
697 1295 769 1321 enim
783 1299 810 1321 et
823 1295 898 1322 vocis
911 1303 1009 1330 expers

225 1340 349 1367 redditur
367 1347 444 1367 mens
465 1339 508 1366 his
527 1339 718 1366 affectionibus
737 1339 852 1366 nimium
872 1340 1008 1373 obnoxia;

227 1385 333 1419 aliaque
349 1385 373 1411 id
390 1393 476 1419 genus
491 1385 583 1410 omnia
598 1384 695 1416 docet,
712 1388 741 1410 ut
757 1389 782 1411 et
797 1386 953 1419 tempestive
969 1385 1010 1412 itt-

225 1432 369 1458 tendamus
384 1435 410 1458 et
427 1431 597 1458 remittamus
613 1438 722 1461 sonum,
739 1429 766 1457 id
782 1438 865 1457 ttnum
884 1437 1011 1465 spectan-

225 1481 267 1504 tes
279 1497 286 1509 ,
303 1481 332 1503 ut
349 1476 428 1503 nobis
444 1480 574 1510 perpetuo
592 1475 699 1502 vivendi
715 1477 785 1502 ratio
807 1476 875 1503 bene
901 1484 1012 1511 compo-

227 1525 278 1552 sita
294 1528 320 1550 et
337 1526 486 1556 temperata
502 1526 623 1552 constet,
648 1529 736 1556 neque
752 1522 812 1549 sine
835 1522 916 1549 tttodo
937 1530 1012 1550 reso-

227 1570 302 1602 luta;
327 1575 415 1602 neque
436 1575 519 1601 supra
540 1567 650 1594 modum
667 1571 809 1594 contenta.
831 1567 1012 1600 Quamobrem

227 1615 326 1642 divina:
341 1615 422 1641 huius
438 1614 550 1641 musicae
566 1614 694 1648 praeclare
709 1613 779 1640 facta
796 1613 888 1640 Davidi
904 1622 1013 1649 quoque

229 1661 353 1688 attribuit
373 1668 452 1687 sacra
469 1660 603 1692 historia;
619 1667 680 1686 nam
703 1666 764 1686 cum
781 1659 927 1693 aliquando
944 1660 1014 1687 Saft-

230 1708 280 1734 Ietn
298 1706 419 1734 insanire
435 1710 460 1733 et
477 1708 612 1739 potestate
626 1705 725 1731 tnetttis
740 1705 830 1732 exisse
846 1705 1015 1732 animadver-

229 1756 314 1784 teret,
331 1751 371 1778 sic
384 1755 519 1778 concentu
537 1750 707 1777 alfectioncm
723 1750 795 1776 illam
812 1751 995 1785 tranquillavit
1006 1770 1013 1783 ,

231 1802 260 1824 ttt
278 1798 429 1825 naturalem
453 1797 552 1824 metttis
571 1796 727 1823 facultatem
748 1796 892 1830 reciperet.
911 1795 948 1822 Ex
972 1796 1015 1824 his

230 1844 313 1879 igitur
328 1843 501 1870 manifestum
513 1847 707 1877 est,quorsuttt
725 1842 817 1868 tendat
834 1842 958 1868 melodite
975 1842 1017 1868 itt-

230 1890 352 1917 volutum
364 1889 489 1924 aenigma.
504 1888 587 1915 Docet
599 1887 741 1927 videlicet,
756 1887 898 1922 passiones
912 1891 939 1914 et
955 1895 1017 1922 per-

233 1936 401 1963 turbationes
412 1935 495 1962 attittti
508 1933 674 1962 edontattdas
689 1938 714 1960 et
726 1933 925 1960 contrahendas
939 1941 999 1961 esse
1009 1953 1016 1966 ,

234 1988 294 2015 quat
308 1981 391 2007 variis
404 1980 545 2007 eventibus
562 1980 636 2006 varie.
651 1979 679 2005 in
695 1979 745 2006 hac
757 1979 811 2006 vita
826 1979 960 2006 concitari
974 1987 1019 2007 so-

235 2027 300 2053 lent.
314 2025 414 2052 Verum
424 2025 495 2051 enim
505 2032 568 2051 vero
580 2032 667 2059 neque
678 2024 730 2051 hoe
739 2024 789 2051 levi
802 2024 914 2051 brachio
924 2029 1018 2059 praete-

233 2071 367 2098 reundum
379 2074 431 2102 est,
445 2078 552 2104 nempe,
566 2070 615 2097 has
627 2073 738 2097 nostras
749 2070 880 2098 melodias
892 2079 945 2098 non
958 2079 1019 2099 esse

234 2116 321 2144 factas
332 2124 364 2143 eo
376 2115 467 2148 modo.
484 2123 538 2150 quo
553 2119 728 2142 externorum
741 2135 747 2147 ,
760 2120 789 2143 et
799 2122 813 2142 a
827 2120 920 2143 nostra
933 2116 1018 2144 disci-

236 2162 308 2198 plina
323 2161 475 2189 alienorum
492 2161 615 2188 carmina
629 2161 739 2188 condita
756 2165 840 2194 sunt;
858 2169 919 2188 nam
934 2163 1019 2190 melos

234 2212 262 2239 et
275 2208 402 2236 modulus
416 2209 442 2235 in
454 2208 603 2236 dictionum
615 2215 714 2235 sonora
728 2208 800 2236 serie
810 2213 837 2235 et
849 2209 1019 2237 connexione

236 2262 289 2281 non
304 2255 450 2288 consistit;
467 2253 696 2290 quemadmodum
713 2254 785 2288 apud
802 2254 864 2281 illos
879 2254 970 2282 videre
987 2256 1019 2282 li—

235 2303 277 2327 cet
288 2320 295 2330 .
308 2299 408 2334 quibus
422 2299 566 2334 rltythtttus
580 2299 724 2326 conﬁcitur
735 2307 767 2326 ex
779 2304 941 2328 accentuum
956 2305 1019 2335 apta

235 2344 433 2379 compositione
444 2364 451 2377 ,
469 2348 534 2371 tono
553 2344 580 2371 in
596 2345 672 2372 sonis
689 2352 761 2371 nttne
776 2345 927 2379 depresso,
944 2354 1018 2373 nunc

235 2391 352 2422 elevato,
367 2397 440 2416 ttunc
457 2390 591 2422 breviato,
609 2398 682 2417 nuttc
698 2391 853 2425 producto;
875 2391 923 2419 sed
943 2392 1018 2419 nullo

237 2437 326 2465 studio
355 2436 500 2470 quaesitum
528 2441 771 2471 comparatutnque
799 2437 898 2465 divinis
927 2438 1017 2466 verbis

238 2481 323 2509 tnelos
348 2481 505 2511 innectitur,
534 2481 606 2516 quod
631 2481 690 2515 ipsa
713 2481 790 2508 vocis
813 2482 1020 2511 conﬁrmatione

239 2527 388 2554 secundum
404 2526 598 2558 intensionem,
614 2531 641 2554 et
657 2528 854 2562 compositione
867 2528 1019 2562 subjectum

239 2571 329 2599 verbis
348 2579 457 2598 sensum
468 2591 475 2604 ,
492 2571 581 2606 quoad
610 2571 666 2599 ﬁeri
683 2575 788 2606 potest,
806 2572 915 2599 revelat.
932 2571 1020 2599 Obso-

240 2616 314 2642 nium
333 2616 414 2652 igitur
428 2616 509 2651 hujus
522 2616 605 2643 edulii
619 2617 672 2644 tale
686 2621 728 2643 est
738 2637 745 2647 .
760 2625 814 2651 quo
831 2616 908 2649 quasi
924 2616 1020 2644 condi-

242 2662 341 2690 mentis
358 2662 520 2697 quiltusdam
537 2663 670 2690 dulcescit
684 2662 814 2690 doctrina
828 2662 917 2689 cibus.

276 2733 332 2769 (57)
352 2733 473 2769 Μογᾴδα,
487 2733 531 2760 ed.

276 2767 331 2804 (58)
344 2768 559 2804 ᾏναθεωρείται,
572 2767 614 2794 ed.

277 2802 332 2838 ('59)
344 2802 425 2830 Forte
438 2802 569 2837 ἐμμελὴς.

278 2839 333 2873 (40)
354 2839 434 2872 Ἡμῖν
450 2845 502 2865 om.
521 2837 562 2864 ed.

1058 944 1110 966 σιν,
1126 935 1286 970 παραίνεσις
1307 935 1422 969 γίνεται.
1439 935 1475 961 Τὸ
1494 935 1530 970 μὴ
1551 935 1604 960 δεῖν
1621 929 1739 969 ἄμουσδν
1756 943 1784 960 τε
1800 934 1848 960 καὶ

1058 978 1188 1013 ἕκτροπον
1204 980 1249 1005 καὶ
1265 988 1374 1014 παρηχη
1380 979 1457 1014 μένον
1471 979 1524 1005 τῶν
1546 981 1573 1006 ὲν
1589 980 1671 1014 ἀρετῇ
1687 979 1794 1010 ζώντων
1810 977 1848 1004 εἷ-

1057 1030 1101 1048 ναι
1114 1022 1143 1048 τὸ
1156 1020 1232 1057 ἦθος,
1246 1024 1313 1059 μήτε
1326 1024 1394 1058 πέρα
1408 1024 1454 1050 τοῦ
1471 1024 1570 1059 μέτρου
1583 1024 1632 1058 τῆς
1644 1024 1740 1058 χορδῆς
1755 1023 1848 1054 ὀξυτο-

1057 1066 1170 1101 νούσης·
1191 1069 1320 1102 ῥήγνυται
1343 1068 1396 1103 γὰρ
1421 1069 1527 1099 πάντως
1554 1069 1776 1103 ὺπερτεινόμενον
1798 1067 1850 1102 τῆς

1058 1113 1154 1148 χορδῆς
1166 1113 1196 1138 τὸ
1210 1114 1376 1148 εὐάρμοστον
1389 1122 1395 1129 ·
1416 1115 1477 1149 μήτ’
1497 1112 1529 1141 αὖ
1548 1114 1613 1149 πρὸς
1637 1114 1667 1140 τὸ
1687 1114 1804 1140 ἐναντίον
1821 1114 1850 1138 ὲν

1059 1158 1176 1194 ἀμετρίᾳ
1191 1158 1223 1185 δι’
1238 1159 1333 1194 ἡδονῆς
1358 1160 1494 1194 ὑποχαλᾷν
1510 1160 1554 1186 τὸν
1584 1159 1669 1188 τόνον.
1695 1160 1780 1194 Κωφὴ
1796 1159 1851 1194 γὰρ

1059 1204 1106 1231 καὶ
1125 1203 1236 1235 ἄναυδος
1253 1204 1356 1238 γίνεται
1376 1206 1392 1240 ὴ
1412 1205 1484 1240 ψυχὴ
1503 1207 1558 1236 τοῖς
1583 1205 1712 1236 τοιούτοις
1736 1206 1851 1231 πάθεσιν

1060 1249 1275 1284 ὲγχαυνωθεῖσα·
1292 1251 1339 1277 καὶ
1360 1251 1394 1277 τὰ
1410 1252 1477 1278 ἄλλα
1497 1251 1583 1278 πάντα
1600 1251 1730 1283 ὡσαύτως
1747 1251 1851 1277 ἐπιτεί-

1059 1303 1114 1320 νειν
1136 1303 1166 1320 τε
1190 1295 1260 1321 κατὰ
1286 1295 1380 1330 καιρὸν
1404 1297 1451 1322 καὶ
1475 1296 1579 1330 ὑφιέναι
1605 1295 1651 1322 τοῦ
1673 1296 1765 1322 τόνου”
1784 1295 1852 1331 πρὸς

1060 1339 1138 1365 τοῦτο
1151 1339 1306 1374 βλέποντας,
1331 1341 1405 1373 ὅπως
1433 1341 1464 1368 ἂν
1490 1343 1554 1376 ἡμῖν
1579 1341 1623 1368 διὰ
1652 1341 1751 1372 παντὸς
1768 1341 1852 1376 εὐμε-

1060 1384 1108 1419 λής
1124 1393 1153 1410 τε
1169 1385 1216 1410 καὶ
1230 1385 1364 1420 εὔρυθμος
1378 1387 1392 1412 ὁ
1407 1387 1434 1412 ἐν
1448 1386 1550 1418 τούτοις
1564 1386 1640 1421 ἤθεσι
1658 1387 1778 1421 διαμένοι
1791 1386 1854 1421 τρό-

1061 1438 1120 1462 πος,
1139 1430 1205 1464 μήτε
1221 1429 1347 1465 ἀμέτρως
1364 1431 1501 1465 λυόμενος,
1516 1432 1583 1466 μήτε
1600 1431 1671 1466 πέρα
1688 1431 1734 1457 τοῦ
1753 1432 1852 1466 μέτρου

1062 1475 1383 1509 ὑπερτεινόμενος.”0οεν
1395 1477 1441 1502 καὶ
1457 1477 1491 1502 τὰ
1505 1476 1703 1511 κατορθώματα
1717 1477 1765 1511 τῆς
1777 1477 1852 1507 θείας

1063 1521 1162 1557 ταύτης
1177 1521 1307 1556 μουσικῆς
1322 1523 1526 1556 προσμαρτυρεῖ
1541 1521 1579 1556 τῷ
1596 1520 1676 1547 Δαυῖδ
1696 1521 1712 1556 ἡ
1729 1521 1833 1556 ἱστορία
1845 1529 1852 1535 ·

1026 1561 1047 1591 C
1064 1569 1103 1594 ὅτι
1116 1567 1270 1604 παράφορον
1281 1575 1342 1594 ποτε
1355 1567 1512 1594 καταλαϐὼν
1525 1568 1569 1594 τὸν
1579 1567 1672 1598 Σαοὺλ,
1683 1567 1728 1593 καὶ
1743 1567 1854 1601 ἐξεστη-

1065 1614 1130 1641 κότα
1146 1614 1194 1649 τῆς
1211 1614 1338 1645 διανοίας,
1366 1612 1452 1645 οὕτως
1475 1613 1600 1645 ὲξιὰσατο
1626 1613 1784 1648 κατεπᾴδων
1806 1612 1854 1638 τοῦ

1066 1660 1178 1691 πάθους,
1200 1658 1270 1685 ὥστε
1297 1658 1371 1694 αὑτῷ
1392 1659 1473 1686 πάλιν
1493 1659 1561 1694 πρὸς
1583 1658 1613 1685 τὸ
1632 1658 1700 1685 κατὰ
1713 1658 1792 1692 φύσιν
1806 1659 1855 1684 ἐπ-

1065 1705 1186 1731 ανελθεῖν
1201 1705 1249 1739 τὴν
1260 1704 1388 1731 διάνοιαν.
1403 1704 1484 1739 Δῆλον
1497 1702 1542 1730 οὖν
1558 1705 1588 1730 ὲκ
1602 1704 1702 1730 τούτων
1715 1704 1771 1730 ἐστὶ
1786 1703 1854 1738 πρὸς

1065 1751 1079 1777 ὅ
1104 1759 1129 1776 τι
1148 1749 1239 1784 βλέπει
1254 1749 1301 1784 τῆς
1325 1749 1455 1784 μελῳδίας
1481 1749 1510 1775 τὸ
1534 1748 1646 1784 αἴνιγμα
1677 1749 1717 1775 ὅτι
1737 1749 1784 1783 τὴν
1801 1747 1856 1774 τῶν

1066 1796 1234 1831 παθημάτων
1261 1795 1426 1830 καταστολὴν
1447 1795 1622 1829 συμϐουλεύει
1645 1795 1778 1825 ποιεῖσθαι
1802 1794 1856 1820 τῶν

1066 1841 1200 1876 διαφόρως
1217 1842 1280 1876 ἡμῖν
1300 1841 1355 1875 (50)
1379 1839 1559 1875 ἐγγινομένων
1585 1841 1616 1866 ὲκ
1637 1840 1691 1866 τῶν
1723 1839 1856 1874 βιωτικῶν

1068 1887 1261 1921 περιστάσεων.
1278 1886 1357 1912 Ἀλλὰ
1370 1886 1416 1912 καὶ
1426 1885 1502 1912 ret-.10
1521 1885 1652 1920 προσήκει
1670 1884 1705 1920 μὴ
1717 1884 1856 1920 παραδρα-

1069 1934 1130 1968 μεῖν
1142 1932 1305 1967 ἀθεώρητον,
1321 1933 1361 1959 ὅτι
1375 1933 1405 1958 οὗ
1421 1932 1489 1961 κατὰ
1503 1932 1564 1963 τοὺς
1587 1931 1639 1963 ἕξω
1659 1931 1707 1965 τῆς
1721 1931 1856 1965 ἡμετέρας

1069 1978 1164 2012 σοφίας
1182 1978 1357 2013 μελοποιοὺς,
1381 1978 1427 2004 καὶ
1449 1977 1535 2004 ταῦτα
1556 1978 1590 2003 τὰ
1611 1977 1677 2011 μέλη
1696 1976 1854 2009 πεποίηται·

1069 2025 1098 2050 οὺ
1116 2023 1170 2058 γὰρ
1186 2025 1214 2050 ὲν
1229 2023 1267 2058 τῷ
1279 2023 1331 2050 τῶν
1350 2023 1447 2056 λέξεων
1461 2024 1529 2058 τόνῳ
1545 2025 1633 2050 κεῖται
1646 2022 1675 2049 τὸ
1696 2022 1785 2056 μέλος,
1802 2022 1857 2048 ὦσ-

1069 2079 1122 2105 περ
1135 2070 1162 2095 ἐν
1179 2069 1291 2100 ἐκείνοις
1306 2069 1377 2096 ἐστιν
1399 2069 1470 2101 ἰδεῖν,
1491 2069 1554 2104 παρ’
1570 2066 1610 2100 οἷς
1629 2069 1657 2094 ὲν
1671 2069 1703 2104 τῇ
1725 2068 1788 2102 ποιᾷ
1803 2066 1856 2094 τῶν

1071 2115 1226 2151 προσῳδιῶν
1246 2115 1374 2150 συνθήκῃ,
1390 2115 1436 2141 τοῦ
1450 2117 1478 2142 ὲν
1492 2117 1546 2147 τοῖς
1569 2115 1697 2149 φθόγγοις
1717 2113 1794 2140 τόνου
1811 2113 1858 2148 βα-

1071 2160 1216 2197 ρυνομένου
1233 2169 1263 2187 τε
1279 2160 1326 2187 καὶ
1346 2160 1530 2192 ὀξυτονοῦντος
1554 2160 1601 2186 καί⁸
1618 2160 1672 2194 (41)
1690 2158 1856 2194 βραχυνομέ-

1071 2216 1115 2233 νου
1136 2215 1166 2233 τε
1194 2207 1241 2233 καὶ
1267 2207 1485 2242 παρατείνοντος,
1510 2206 1524 2232 ὁ
1544 2206 1644 2241 ῥυθμὸς
1671 2204 1855 2235 ἀποτίκτεται,

1072 2253 1140 2280 ἀλλὰ
1156 2253 1203 2280 καὶ
1218 2252 1274 2288 (42)
1291 2251 1475 2279 ἀκατάσκευόν
1489 2260 1518 2278 τε
1531 2252 1574 2278 καὶ
1586 2251 1790 2286 ἀνεπιτήδευτον
1801 2251 1856 2282 τοῖς

1072 2299 1153 2330 Θείοις
1169 2298 1258 2332 λόγοις
1273 2298 1378 2333 ὲνείρας
1393 2297 1424 2324 τὸ
1442 2298 1531 2333 μέλος,
1555 2296 1715 2333 ἑρμηνεύειν
1739 2297 1770 2331 τῇ
1795 2295 1858 2330 μελ-

1071 2345 1138 2381 ῳδίᾳ
1151 2344 1200 2380 τὴν
1213 2344 1268 2371 τῶν
1279 2343 1431 2379 λεγομένων
1453 2343 1573 2370 διάνοιαν
1594 2343 1727 2378 βούλεται,
1742 2343 1774 2377 τῇ
1792 2342 1856 2376 ποιᾷ

1072 2391 1247 2422 συνδιαθέσει,
1261 2391 1307 2417 τοῦ
1324 2390 1393 2416 κατὰ
1406 2389 1453 2425 τὴν
1472 2389 1563 2424 φωνὴν
1580 2388 1656 2415 τόνου
1669 2388 1714 2414 τὸν
1730 2387 1857 2422 ἐγκείμε-

1071 2445 1115 2464 νον
1128 2438 1183 2468 τοῖς
1201 2437 1302 2472 ῥήμασι
1317 2435 1388 2467 νοῦν,
1409 2435 1446 2467 ὡς
1462 2435 1581 2466 δυνατὸν,
1596 2433 1771 2460 ὲκκαλὺπτων
1791 2433 1857 2468 (45).

1073 2481 1109 2508 Τὸ
1125 2482 1174 2517 μὲν
1187 2479 1233 2508 οὖν
1250 2481 1412 2517 προσόψημα
1426 2480 1476 2515 τῆς
1489 2480 1587 2515 ἐδωδῆς
1602 2479 1729 2511 τοιοῦτον,
1740 2475 1762 2512 ᾧ
1775 2487 1858 2506 κατα-

1074 2527 1245 2561 γλυκαὶνεται
1265 2527 1388 2562 καθάπερ
1413 2526 1482 2553 τισὶν
1506 2525 1690 2562 ἡδύσμασινή
1718 2525 1776 2562 (Η)
1802 2525 1856 2552 τῶν

1074 2573 1245 2608 διδαγμάτων
1263 2573 1361 2608 τροφή.

1117 2732 1172 2766 (ιι)
1186 2731 1240 2758 Καί
1251 2738 1304 2757 om.
1320 2730 1362 2757 ed.

1116 2766 1172 2802 (4'2)
1192 2765 1246 2792 Καί
1256 2772 1310 2802 om.
1323 2765 1365 2792 ed.

1116 2799 1171 2836 (45)
1180 2799 1418 2836 Ἐκκαλύπτοντος,
1431 2800 1473 2827 ed.

1112 2836 1167 2872 (44)
1188 2836 1221 2862 Ἡ
1234 2842 1287 2863 om.
1299 2835 1343 2863 ed.
