1986 3080
98 138 148 170 445

365 209 562 236 ΚΕΦΑΛΑΙΟΝ
581 210 600 235 Δ
610 229 617 236 .

131 274 234 309 Καιρδς
255 273 278 300 δ’
300 274 332 300 ἂν
357 275 398 310 εἴη
415 275 461 301 καὶ
476 275 558 310 αὑτὴν
576 275 625 310 ἤδη
642 274 690 310 τὴν
705 274 758 301 τῶν
776 274 881 309 ἀρετῶν

97 320 257 347 πανδαισίαν
274 321 439 355 κατανοῆται
452 321 491 356 τῷ
506 321 587 356 λόγῳ,
609 321 678 347 κατὰ
690 321 737 356 τὴν
751 330 882 356 προεκτε-

96 366 188 392 θεῖσαν
209 367 274 401 ἡμῖν
305 366 430 400 τεχνικὴν
456 365 582 401 θεωρίαν.
616 366 724 401 Πρῶτον
755 367 802 401 μὲν
828 367 881 402 γὰρ

95 412 222 446 φανεροῖς
249 409 372 446 σημείοις
396 412 604 447 διακεκριμένη]
627 411 700 437 ἔστιν
723 412 811 447 εὑρεῖν
833 412 881 447 τὴν

94 458 196 492 ἀρετὴν
220 458 252 483 ἐκ
272 458 321 491 τῆς
346 456 463 488 κακίας,
496 457 534 488 ὡς
561 457 712 491 ἀσὺγχυτον
737 455 805 483 εἶναι
833 457 881 492 τὴν

94 500 225 535 ἐκατέρου
241 499 342 526 τούτων
355 500 423 534 πρὸς
437 500 467 526 τὸ
481 500 598 526 ἐναντίον
611 501 750 536 δια-ξυρᾶν.
771 501 817 527 Ἐκ
827 501 880 536 γὰρ

93 545 144 580 τῆς
168 545 344 580 ἐγγινομένης
369 546 434 580 ἡμῖν
459 546 505 571 ἀπ’
530 545 619 572 αὑτῶν
642 546 826 582 εὐφροσύνης,
851 546 881 573 τὸ

94 591 234 626 ἐξαίρετον
247 591 295 625 τῆς
313 590 366 617 τῶν
387 590 608 626 ἐπιτηδευμάτων
623 591 753 625 ἰδιότητος
775 591 879 617 δείκνυ-

92 643 138 661 ται
155 643 162 650 ·
187 635 236 670 τῆς
253 635 303 670 μὲν
319 635 417 666 κακίας
438 635 487 666 τὰς
503 635 566 670 περὶ
583 635 612 661 τὸ
631 635 710 670 σῶμα
731 636 879 671 αἰσθήσεις,

94 680 143 715 τῆς
157 680 185 706 δὲ
202 680 300 715 ἀρετῆς
315 680 363 715 τὴν
377 681 464 715 ψυχὴν
479 680 686 716 εὑερραινούςης.
712 681 755 713 Ὠς
775 681 881 716 ἁπλανῆ

93 735 124 752 τε
137 726 185 753 καὶ
202 726 383 760 ἀναμφίὸολον
402 725 482 757 εἶναι,
502 727 551 762 τὴν
565 726 597 752 ἐκ
613 726 666 752 τῶν
682 727 802 762 σημείων
817 727 878 754 τού·

93 780 147 798 των
164 771 362 808 εὑρισκομένην
378 771 424 798 τοῦ
441 772 621 807 ὑποκειμένου
638 773 728 806 φύσιν.

129 837 183 862 Καὶ
203 835 282 863 τοῦτο
299 836 353 871 (ιιῖί)
382 837 411 869 ἐξ
437 837 524 864 ἄλλων
545 837 575 864 τέ
600 847 688 870 τινων,
713 840 783 867 κατὰ
803 849 834 867 τε
848 840 878 866 τὸ

93 882 247 916 πρόχειρον,
264 882 310 908 καὶ
326 885 396 909 κατὰ
410 883 458 918 τὴν
476 885 503 909 ἐν
520 883 557 918 τῷ
576 883 650 917 βάθει
668 885 794 920 κειμένην
812 885 879 912 05w-

95 928 155 962 ρίαν
178 927 231 953 τῶν
247 928 388 961 νοημάτων
404 929 432 953 ὲν
454 928 558 960 πολλοῖς
572 930 621 962 τῆς
633 930 791 965 ψαλμῳδίας
808 932 879 958 ἔστιν

93 973 194 1008 εὑρεῖν,
221 972 267 998 καὶ
285 973 402 1007 μάλιστά
424 982 454 1007 γε
479 976 551 1000 κατὰ
564 975 609 1001 τὸν
622 974 751 1010 τέταρτον
763 976 878 1011 ψαλμὸν,

93 1019 122 1044 ἐν
139 1014 161 1051 ᾧ
175 1025 251 1052 φησι,
268 1017 464 1053 βαρυκαρῦίους
477 1017 549 1045 εἶναι’
560 1020 622 1051 τοὺς
637 1021 667 1046 τὸ
677 1021 773 1055 ψεῦδος
790 1022 835 1047 καὶ
849 1021 879 1047 τὸ

94 1063 207 1100 μάταιον
225 1064 273 1098 τῆς
297 1064 424 1098 ἀληθείας
451 1064 487 1100 μὴ
514 1065 569 1100 (46)
594 1066 797 1101 διακρίνοντας,
823 1067 878 1093 ἁλλ’

92 1110 257 1143 ἀγαπῶντας
274 1110 321 1144 μὲν
337 1110 366 1136 τὺ
382 1110 568 1145 ἀνύπαρκτον,
594 1112 777 1147 περιορῶντας
800 1112 827 1138 δὲ
849 1112 880 1139 τὺ

96 1155 186 1189 μένον,
211 1156 257 1181 καὶ
278 1154 324 1180 τοῦ
346 1155 503 1189 ἀγαπᾶσθαι
521 1156 602 1188 ἄξιον.
627 1157 719 1191 Μάνην
743 1157 796 1192 γὰρ
819 1155 879 1183 εἷπε

93 1200 252 1235 θαυμαστὴν
270 1200 376 1236 ἀληθῶς
398 1199 466 1227 εἶναι
483 1201 531 1236 τὴν
547 1201 683 1236 ὁσιότητα,
708 1202 740 1228 τὰ
761 1203 789 1228 δὲ
813 1203 879 1229 ἄλλα

91 1245 182 1272 πάντα
197 1245 229 1272 τὰ
246 1245 300 1281 (47)
323 1246 381 1272 ἀντὶ
399 1246 451 1272 τῶν
475 1247 582 1280 ἀγαθῶν
605 1248 806 1282 σπουδαζόμενα
823 1249 879 1279 τοῖς

92 1290 245 1325 ἀνθρώποις
259 1292 286 1316 ἑν
299 1291 429 1326 ὑπολήψει
442 1293 560 1324 κεῖσθαι,
572 1293 614 1327 ἐφ’
626 1293 730 1320 ἑαυτῶν
745 1294 794 1320 οὐκ
804 1293 878 1328 ὄντα,

91 1336 149 1362 ἀλλ’
173 1337 202 1362 ὲν
228 1338 260 1372 τῇ
286 1338 387 1372 ματαία
405 1338 457 1363 τῶν
484 1338 635 1374 ἀνθρώπων
655 1340 742 1374 οἰήσει
765 1340 794 1366 τδ
811 1339 878 1367 εἶναι

91 1381 163 1417 ἔχειν
183 1382 322 1410 δοκοῦντα.
348 1384 401 1409 Καὶ
415 1383 451 1414 ὡς
469 1383 501 1410 ἂν
519 1385 703 1420 φανερώτερον
718 1386 878 1420 ἐκκαλύψειε

91 1427 122 1453 τὸ
139 1429 202 1463 περὶ
221 1428 322 1455 τούτων
336 1429 433 1464 δόγμα,
456 1430 557 1464 προϊών
579 1440 671 1466 φησιν,
688 1432 728 1458 ὅτι
749 1432 772 1458 οἱ
789 1433 880 1458 πολλοὶ

90 1473 121 1499 τὸ
138 1473 238 1507 ἀγαθὸν
255 1474 283 1500 ὲν
307 1475 363 1506 τοῖς
386 1476 555 1510 φαινομένοις
579 1476 732 1509 ὁρίζονται,
755 1477 879 1511 λέγοντες

91 1518 179 1544 ἐκεῖνο
189 1518 266 1553 μόνον
276 1517 345 1546 εἶναι
357 1519 466 1553 ἀγαθὸν,
475 1521 541 1556 ὅπερ
551 1521 581 1548 ἄν
592 1530 632 1554 τις
640 1523 672 1557 τῇ
683 1523 805 1558 αἰσθήσει
813 1532 878 1558 προ-

90 1563 165 1599 δείξῃ
190 1564 378 1598 (48).ίΙΙοὩιοὶ
403 1565 465 1600 γὰρ,
493 1566 569 1602 φησὶ,
592 1566 711 1600 λέγουσι,
730 1568 776 1600 Τίς
798 1569 877 1601 δείξει

90 1610 156 1643 ἡμῖν
172 1609 206 1636 τὰ
222 1610 336 1643 ἀγαθάν
349 1611 377 1636 Ὀ
392 1611 420 1637 δὲ
438 1612 505 1646 πρὸς
522 1612 569 1647 τὴν
587 1613 686 1648 ἀρετὴν
703 1613 809 1648 βλέπων
830 1615 878 1650 τὴν

93 1653 142 1687 μὲν
161 1654 352 1689 ἀνδραποδώδη
366 1655 467 1690 ταύτην
480 1656 526 1683 τοῦ
543 1657 624 1683 καλοῦ
639 1659 728 1692 κρίσιν
745 1661 859 1695 περιορᾷ
869 1668 876 1675 ’

90 1697 120 1722 ἐν
144 1697 172 1723 δὲ
193 1698 232 1732 τῷ
252 1700 323 1732 φωτὶ
339 1699 368 1725 τὸ
393 1700 472 1727 καλὸν
488 1701 590 1736 βλέπει.
610 1703 665 1728 Καὶ
679 1703 765 1735 οὕτως
781 1705 877 1740 ἐπιση-

92 1743 217 1778 μειοῦται
243 1744 291 1779 τὴν
320 1744 421 1781 θεοειδῆ
445 1755 474 1772 τε
499 1748 545 1774 καὶ
569 1747 672 1783 ὑψηλὴν
698 1743 876 1785 εὐφροσύνην.

89 1790 150 1821 Φῶς
176 1790 204 1816 δὲ
227 1791 313 1817 ἐκεῖνο
341 1792 429 1826 λέγει,
454 1793 485 1819 τὺ
507 1794 538 1820 ἐκ
562 1794 608 1819 τοῦ
635 1794 706 1820 θείου
733 1795 877 1830 προσώπου

89 1835 324 1871 ὰπαυγαζόμενον,
335 1835 366 1864 οὗ
380 1838 539 1865 καθικέσθαι
554 1839 608 1874 (49)
625 1841 640 1875 ἠ
657 1840 781 1876 αἴσθησις
798 1841 877 1875 φύσιν

90 1880 140 1907 οὐκ
156 1881 220 1916 ἔχει.
232 1891 240 1907 t
258 1883 427 1919 Ἐσημειώθη
443 1884 507 1920 γὰρ,
519 1885 610 1920 φησὶν,
627 1886 669 1919 ἐφ’
686 1886 758 1920 ἡμᾶς
776 1887 805 1912 τὺ
820 1887 877 1921 φῶς

89 1927 135 1955 τοῦ
152 1928 297 1963 προσώπου
311 1938 368 1961 σου,
386 1930 481 1965 Κύριε.
500 1939 510 1956 ι
523 1931 588 1957 Θεοῦ
614 1931 668 1967 γὰρ
690 1933 833 1967 πρόσωπον
848 1935 877 1961 ὲν

90 1974 261 2009 χαρακτῆρσι
275 1975 470 2010 θεωρούμενον,
493 1976 523 2002 οὑ
539 1986 584 2012 μοι
606 1977 680 2004 δοκεῖ
696 1978 787 2014 ἕτερον
802 1980 877 2014 παρὰ

89 2018 139 2049 τὰς
154 2019 254 2054 ἀρετὰς
267 2022 336 2046 νοεῖν
348 2021 361 2046 ὁ
372 2022 519 2057 Προφήτης
531 2030 537 2036 ·
561 2022 671 2054 ταύταις
685 2022 740 2058 γὰρ
761 2023 790 2050 τὸ
807 2024 876 2051 θεῖον

89 2062 160 2095 εἶδος
182 2066 424 2101 χαρακτηρίζεται.
450 2068 504 2094 Καὶ
523 2068 602 2095 τοῦτο
625 2069 718 2102 εἰπὼν,
732 2069 761 2095 τὸ
776 2070 877 2097 τέλειον

89 2109 237 2145 γνώρισμα
251 2110 324 2144 λέγει
347 2112 395 2146 τῆς
410 2112 519 2148 ἀρετῆς.
539 2123 547 2138 ι
568 2113 690 2145 Ἔδωκας
711 2115 877 2151 εὐφροσύνην

88 2156 129 2186 εἰς
147 2156 197 2188 τὴν
217 2157 329 2192 καρδίαν
346 2166 413 2192 μου·
427 2168 437 2185 ι
452 2159 512 2185 ἀντὶ
532 2159 581 2192 τῆς
602 2159 690 2195 ψυχῆς
705 2161 751 2187 καὶ
769 2161 814 2187 τοῦ
830 2162 875 2188 νοῦ

792 142 826 170 ΙΝ
846 141 1013 169 PSALMOS.

1660 135 1712 163 ΗΘ

1231 204 1345 232 CAPUT
1365 204 1408 232 IV.

966 273 1084 308 Tempus
1099 279 1181 308 porro
1198 272 1330 308 postulat,
1345 276 1372 298 ut
1387 272 1454 306 jam,
1467 272 1616 300 secundum
1630 278 1713 306 supra

937 327 952 346 a
980 321 1058 346 nobis
1076 319 1169 345 initam
1195 319 1340 350 rationem,
1357 318 1446 353 ipsum
1462 318 1604 350 virtutum,
1630 322 1659 344 ut
1673 318 1713 345 sic

931 365 1030 398 dicam,
1050 365 1232 391 lautissimum
1249 364 1358 398 epulum
1375 363 1565 397 inspiciamus.
1581 363 1619 390 Ac
1636 364 1712 398 prin-

932 412 1003 446 cipio
1020 411 1128 446 quidem
1145 410 1361 437 animadvertere
1378 410 1451 441 licet,
1465 410 1593 436 virtutem
1608 411 1714 444 perspi-

932 457 992 483 cuis
1009 461 1035 483 et
1062 455 1235 482 evidentibus
1251 455 1324 482 notis
1340 463 1354 481 a
1374 455 1477 480 malitia
1492 458 1624 481 secretam
1641 462 1712 487 esse.

932 501 969 527 ita
988 505 1016 526 ut
1037 500 1181 526 inconfusa
1196 499 1242 529 sit.
1262 505 1288 526 et
1306 507 1320 525 a
1337 499 1477 526 contrario
1499 506 1612 533 prorsus
1629 498 1713 526 libera

931 547 1075 581 utriusque
1088 546 1185 573 horum
1203 545 1366 572 differentia.
1381 545 1419 571 Ex
1432 545 1613 571 delectatione
1629 545 1712 577 enim,

932 600 1011 628 quam
1027 593 1081 619 illa:
1095 591 1122 618 in
1142 591 1222 618 nobis
1247 591 1378 622 excitant,
1397 590 1563 621 ostenditur,
1588 597 1713 624 quamam

932 639 1029 666 horum
1057 638 1210 665 studiorum
1242 637 1278 663 sit
1311 636 1484 670 proprietas.
1513 643 1573 663 cum
1610 636 1713 662 malitia

931 690 1030 709 sensus
1054 681 1189 716 corporis,
1208 680 1296 707 virtus
1311 681 1433 707 animum
1451 680 1587 707 oblectet:
1603 680 1671 707 adeo
1685 684 1714 706 ut

930 727 1009 761 ejus,
1042 726 1114 761 quod
1151 725 1304 760 subjectum
1335 729 1387 756 est,
1413 728 1522 757 natura,
1551 725 1610 751 sine
1639 725 1712 751 omni

929 780 1023 800 onore
1035 777 1062 800 et
1074 772 1251 807 ambiguitate
1262 779 1295 799 ex
1308 771 1351 798 bis
1366 770 1476 798 indiciis
1489 770 1605 798 inveniri
1620 774 1710 805 queat.

971 838 1004 865 Et
1018 838 1070 865 hoc
1087 846 1141 865 non
1157 838 1276 870 aliunde,
1293 845 1373 872 quam
1399 845 1431 864 ex
1453 837 1499 869 iis,
1531 845 1592 871 qua;
1617 837 1659 864 vel
1683 837 1711 863 in

931 887 1056 919 promptu
1073 886 1137 910 sunt
1155 883 1255 918 posita,
1273 883 1315 910 vel
1331 883 1359 909 in
1373 883 1467 910 multis
1487 883 1608 917 psalmis,
1628 882 1706 917 quasi

931 928 1067 964 profundo
1084 929 1279 956 sententiarum
1307 935 1417 955 recessu
1436 928 1527 955 abdita
1554 929 1649 960 latcnt,
1668 928 1712 954 in-

931 974 1055 1009 telligere
1072 974 1156 1007 licet;
1173 974 1290 1000 maxime
1305 981 1337 1000 ex
1354 977 1451 1008 quarto
1481 973 1596 1007 psalmo,
1615 973 1640 999 in
1659 981 1713 1007 quo

931 1019 1090 1054 pronuntiat
1113 1018 1189 1045 corde
1202 1026 1303 1053 graves,
1318 1018 1364 1052 qui
1381 1018 1552 1045 mendacium
1570 1022 1596 1045 et
1610 1018 1713 1044 \anita-

931 1068 984 1091 tem
1002 1071 1017 1090 a
1045 1064 1158 1091 veritate
1174 1063 1283 1098 quidem
1312 1063 1514 1096 internoscunt,
1543 1064 1590 1091 sed
1620 1068 1711 1091 tamen

930 1109 1046 1144 diligunt
1063 1109 1088 1136 id
1108 1109 1181 1143 quod
1199 1116 1252 1135 non
1279 1109 1418 1140 subsistit,
1435 1110 1560 1143 neglecto
1582 1117 1614 1136 eo
1639 1110 1714 1144 quod

930 1159 1082 1189 permanet,
1096 1156 1222 1190 quodque
1234 1155 1307 1181 omni
1320 1162 1411 1181 amore
1427 1154 1538 1189 dignum
1551 1158 1593 1182 cst
1606 1163 1613 1188 ς
1626 1156 1710 1182 solam

930 1201 1001 1227 enim
1012 1194 1191 1228 sanctitatem
1205 1201 1273 1228 dixit
1283 1208 1345 1228 vere
1360 1208 1421 1228 esse
1435 1201 1623 1228 admirandam
1639 1209 1645 1232 ;
1659 1201 1711 1227 alia

930 1246 1031 1276 omnia,
1045 1254 1105 1280 qme
1122 1254 1220 1280 magno
1235 1246 1336 1278 studio,
1352 1246 1484 1273 bonorum
1499 1247 1570 1279 vice,
1583 1255 1711 1282 qumrun-

931 1295 974 1318 tur
994 1292 1027 1318 ab
1057 1291 1225 1323 hominibus,
1258 1292 1284 1318 in
1312 1293 1441 1326 Opinione
1469 1293 1520 1319 sita
1543 1296 1656 1323 essc,et
1684 1293 1710 1319 in

929 1337 1030 1372 scipsis
1057 1345 1111 1363 non
1140 1337 1310 1370 subsistere;
1341 1337 1388 1364 sed
1415 1337 1442 1363 in
1470 1345 1540 1364 vana
1570 1337 1710 1364 hominum

929 1381 1132 1409 existimatione
1145 1381 1241 1414 videri,
1259 1383 1337 1416 quasi
1353 1390 1414 1409 esse
1426 1381 1562 1416 quoddam
1575 1382 1710 1409 habeant:

929 1433 999 1456 etut
1019 1428 1171 1455 doctrinam
1193 1428 1244 1455 hac
1267 1428 1300 1455 de
1316 1436 1345 1455 re
1375 1428 1550 1455 illustriorem
1574 1428 1710 1459 redderet,

930 1482 1075 1509 progressu
1092 1474 1227 1500 orationis
1242 1473 1279 1500 ait
1295 1483 1301 1501 :
1316 1475 1417 1501 multos
1432 1474 1534 1502 honuni
1548 1474 1661 1501 deﬁnire
1678 1474 1711 1501 iis

929 1526 990 1554 quae
1013 1523 1167 1554 apparent;
1198 1523 1353 1547 asserentes
1381 1519 1448 1547 illud
1476 1520 1562 1547 solum
1580 1520 1607 1547 in
1631 1520 1711 1547 bonis

929 1566 1139 1598 numerandum,
1156 1565 1228 1600 quod
1245 1565 1296 1592 sub
1311 1573 1421 1593 sensum
1438 1566 1510 1592 cadit
1527 1575 1534 1593 :
1557 1574 1566 1591 ι
1586 1565 1675 1596 Mulli.
1699 1575 1709 1591 ι

928 1611 1028 1646 inquit,
1047 1620 1056 1636 ι
1083 1611 1188 1643 dicunt,
1205 1610 1272 1643 Quis
1297 1611 1422 1638 ostendet
1455 1612 1535 1639 nobis
1550 1611 1619 1638 bona
1633 1611 1681 1638 “3?
1700 1621 1708 1636 ι

927 1657 961 1683 At
975 1657 1020 1691 qui
1037 1657 1132 1684 oculos
1152 1657 1186 1683 ad
1213 1657 1340 1684 virtutem
1365 1659 1512 1689 convertit,
1538 1657 1584 1684 ille
1612 1658 1731 1686 servile,

929 1704 980 1730 hoc
995 1704 1028 1731 de
1047 1704 1119 1731 bono
1141 1703 1273 1738 judicium
1298 1707 1471 1738 aspernatur,
1498 1709 1658 1738 rectumque
1679 1711 1711 1730 ac

930 1750 1074 1777 honestum
1091 1750 1176 1776 multo
1193 1749 1295 1776 lumine
1310 1750 1489 1776 collustratus
1503 1750 1635 1776 intuetur.
1651 1749 1711 1781 Quo

928 1795 1042 1822 denotat
1057 1795 1177 1822 divinam
1194 1795 1267 1821 illam
1283 1798 1310 1822 et
1327 1795 1472 1822 sublimem
1487 1795 1710 1826 exsultationem,

928 1845 953 1867 ct
968 1839 1151 1870 lumenillud.
1177 1840 1249 1874 quod
1265 1847 1296 1866 ex
1320 1839 1412 1866 divina
1442 1839 1513 1866 faeie
1541 1839 1708 1873 resplendet,

928 1887 1057 1921 quodque
1069 1894 1198 1913 sensuum
1213 1890 1319 1913 natura;
1334 1886 1444 1921 assequi
1461 1893 1515 1913 non
1539 1886 1710 1914 conceditur.

930 1942 939 1958 ι
959 1931 1101 1967 Signatum
1125 1936 1168 1959 est
1192 1932 1277 1963 enim,
1303 1932 1401 1966 inquit,
1433 1940 1516 1967 super
1545 1940 1594 1960 nos
1618 1932 1711 1959 lumen

928 1979 1019 2006 vultus
1036 1978 1086 2010 tui,
1097 1977 1221 2005 Domine.
1238 1987 1248 2004 ι
1262 1977 1313 2005 Per
1328 1977 1376 2005 Dei
1393 1977 1489 2006 faciem
1502 1978 1712 2006 eharacteribns

931 2024 1095 2059 quibusdam
1121 2029 1147 2051 et
1162 2024 1238 2057 notis
1250 2024 1427 2058 descriptam,
1444 2033 1499 2051 non
1513 2025 1620 2051 videtur
1644 2025 1711 2052 milii

927 2070 1062 2105 Propheta
1075 2069 1151 2097 aliud
1167 2070 1291 2097 indicare
1303 2071 1383 2102 velle,
1397 2078 1478 2104 quam
1494 2071 1609 2098 virtutes
1623 2079 1630 2102 ;
1648 2079 1710 2098 nam

927 2117 971 2145 bis
987 2116 1093 2151 species
1106 2116 1199 2143 divina
1210 2116 1382 2151 designatur.
1392 2116 1440 2143 [iis
1455 2116 1546 2147 dictis.
1562 2116 1709 2151 perfectam

927 2162 1036 2190 virtutis
1052 2165 1143 2188 notam
1158 2162 1290 2189 adduxit:
1305 2171 1314 2187 ι
1328 2161 1431 2188 Dedisti
1447 2161 1566 2188 lzetitiam
1584 2162 1611 2188 in
1627 2162 1713 2188 corde

88 2200 138 2236 τὴν
162 2201 275 2236 καρδίαν
296 2201 393 2236 λέγων.
416 2203 453 2229 Οὐ
477 2206 531 2238 γὰρ
556 2203 614 2231 ἕττι
638 2206 695 2235 τοῖς
719 2206 750 2231 ὲκ
776 2206 875 2237 κακίας

930 2215 1009 2240 meo;
1028 2216 1038 2232 ›
1057 2207 1142 2234 animi
1170 2210 1197 2234 et
1214 2207 1314 2234 mentis
1347 2207 1407 2234 loco
1433 2215 1481 2234 cor
1501 2215 1626 2241 ponens:
1655 2215 1710 2234 non

88 2245 255 2281 δελεάσμασι
281 2246 325 2272 τὸν
340 2247 402 2273 νοῦν
414 2247 537 2282 ἡσθῆναι.
560 2248 778 2275 Ἀντιδιαστέλλει
800 2250 827 2276 δὲ
842 2251 874 2285 τῇ

88 2291 139 2325 τῆς
156 2291 267 2326 καρδίας
281 2292 432 2328 εὐφροσύνῃ
448 2293 495 2328 τὴν
508 2293 593 2329 ὑλώδη
609 2294 709 2330 ταύτην
724 2296 770 2322 καὶ
785 2296 876 2330 βιωτι-

89 2336 140 2372 κὴν
163 2336 290 2369 εὐθηνίαν
311 2338 381 2372 (50),
404 2337 490 2372 λέγων
511 2340 567 2371 τοῖς
583 2339 611 2366 τὸ
629 2340 714 2375 παρὸν
732 2341 814 2376 ὁρῶσι
827 2341 875 2376 τὴν

89 2383 210 2418 γαστέρα
235 2383 281 2410 τοῦ
307 2383 389 2410 καλοῦ
415 2386 554 2420 κριτήριον
571 2385 701 2419 γίνεσθαι.
729 2387 805 2413 Σῖτον
822 2388 875 2423 γὰρ

88 2429 137 2455 καὶ
153 2426 223 2454 οἶνον
241 2429 325 2457 εἰπὼν
339 2431 395 2462 τοῖς
408 2430 538 2462 τοιούτοις
552 2432 744 2467 πληθύνετοαι,
760 2433 813 2459 ἀπὸ
828 2434 875 2468 μέ-

90 2481 154 2508 ρους
167 2473 256 2506 πάσας
269 2474 319 2505 τὰς
332 2475 396 2510 περὶ
411 2476 530 2511 γαστέρα
552 2477 599 2503 καὶ
616 2477 707 2512 θοίνην
725 2477 821 2513 ἡδονὰς
837 2478 875 2513 τῷ

87 2519 161 2554 λόγῳ
182 2520 419 2556 συμπεριέλαὸεν·
449 2523 476 2549 αἶ
503 2523 593 2559 πάσης
621 2524 749 2559 ἄρχουσιν
780 2524 875 2559 ὑλικῆς

85 2563 227 2600 ἀσχολίας,
245 2565 309 2601 περὶ
322 2565 340 2592 ἃ.
359 2567 375 2602 ἡ
392 2567 494 2602 σπουδὴ
515 2569 554 2600 εἰς
578 2568 653 2595 οὐδὲν
675 2568 811 2595 εὐοδοῦται
827 2569 874 2596 πέ-

120 2665 145 2680 ⁹⁶
161 2664 232 2694 Psal.
249 2674 286 2700 ιν,
300 2666 316 2694 6
333 2675 393 2702 sqq.

122 2754 179 2789 (ιὲ)
199 2755 255 2782 οὐκ
275 2756 337 2784 add.
355 2757 398 2784 cd.

122 2789 180 2861 $46)
197 2791 241 2826 Μή
253 2798 308 2818 om.
325 2792 380 2824 ed.;
393 2793 415 2818 εὶ
431 2791 508 2820 codd.
526 2792 589 2828 aliq.

133 2825 177 2861 47)
191 2824 231 2851 Τὰ
248 2833 301 2853 om.
317 2827 359 2853 ed.

133 2825 177 2861 47)
191 2824 301 2853 Τὰόιιι.
317 2827 359 2853 ed.

929 2253 1000 2280 enim
1017 2253 1074 2280 ﬁeri
1093 2256 1192 2288 potest,
1209 2257 1238 2280 ιιι
1253 2252 1363 2279 malitia:
1383 2252 1577 2280 blandimentis
1602 2253 1712 2280 animus

929 2298 1126 2326 demulceatur.
1143 2297 1268 2333 Sejungit
1282 2306 1348 2325 vero
1363 2306 1378 2325 a
1394 2298 1486 2325 cordis
1502 2298 1594 2325 laetitia
1610 2305 1710 2333 corpo-

929 2351 1004 2370 ream
1020 2343 1090 2370 hane
1106 2347 1132 2370 et
1149 2343 1212 2370 vitae
1227 2343 1308 2378 hujus
1322 2343 1542 2375 oblectationem,
1557 2351 1619 2371 cum
1631 2344 1709 2375 dicit,

930 2389 963 2416 iis
978 2389 1023 2423 qui
1037 2389 1180 2423 praesentia
1197 2391 1302 2416 tantum
1328 2389 1480 2420 intuentur,
1504 2394 1625 2416 ventrem
1643 2396 1710 2417 recn

929 2434 1097 2469 dijudicandi
1122 2434 1243 2469 regulam
1271 2441 1352 2467 esse;
1383 2434 1548 2462 frumentum
1578 2435 1650 2462 enim
1683 2441 1710 2461 et

928 2479 1022 2506 vinum
1034 2478 1078 2506 his
1091 2479 1191 2506 talibus
1208 2478 1385 2513 multiplicari
1400 2479 1438 2506 ait
1453 2488 1460 2512 ;
1474 2486 1506 2506 ex
1523 2483 1600 2513 parte
1614 2487 1711 2506 omnes

925 2523 1123 2558 jucunditates,
1138 2530 1199 2558 qua:
1213 2522 1247 2550 ad
1272 2528 1394 2550 ventrem
1417 2527 1444 2551 et
1461 2523 1555 2558 epulas
1574 2528 1708 2558 spectant.

927 2568 1108 2602 complexus;
1131 2575 1191 2603 qua:
1218 2567 1295 2594 initia
1312 2571 1376 2595 sunt
1404 2568 1494 2596 omnis
1522 2568 1711 2604 occupationis

963 2758 1017 2791 (48)
1033 2758 1178 2793 Προδείξει,
1198 2760 1242 2786 ed.

962 2793 1016 2826 (49)
1036 2794 1201 2827 Ἐφικὲσθαι,
1217 2794 1260 2821 ed.

961 2828 1016 2862 (50)
1038 2829 1184 2864 Εὑθυμίαν,
1200 2829 1244 2857 ed.
