1986 3080
282 138 333 167 647

912 137 940 165 S.
962 137 1126 166 GBEGORll
1144 136 1291 166 NYSSENI

1859 138 1910 165 “8

282 198 356 224 circa
382 196 524 224 materiam
553 196 633 224 istam
659 201 832 231 corporatam
860 196 1018 229 versantis;
1041 199 1067 224 in

1122 206 1180 232 ρας.
1198 197 1236 223 Οὐ
1256 195 1310 230 γάρ
1326 195 1383 221 ἐστι
1398 194 1448 229 τῆς
1462 195 1490 220 ὲν
1507 194 1604 229 ἀκαρεῖ
1623 194 1773 229 γινομένης
1792 194 1850 226 τοῖς
1864 196 1909 221 ἀν-

281 242 383 277 quibus
402 242 523 269 studium
541 245 568 268 et
597 249 708 275 operam
733 248 845 275 ponere,
865 242 933 268 nihil
959 242 1067 276 penitus

281 288 461 316 emolumenti
477 287 573 315 aﬂ‘erat
588 297 594 321 ;
616 295 670 314 non
691 288 762 314 enim
779 291 822 314 est
838 286 979 315 fruitionis
995 288 1067 316 illius

282 339 310 361 et
324 334 484 369 voluptatis,
500 341 561 368 qua:
580 337 720 359 momento
735 332 867 367 temporis
882 332 922 362 lit,
937 333 964 359 in
980 333 1069 360 homi-

283 387 348 406 num
366 384 465 406 natura
479 387 561 414 penu,
574 383 603 405 ut
615 379 825 405 delectationem
840 378 913 404 illam
927 386 1068 406 asservare

284 430 311 451 et
336 423 486 450 recondere
503 423 621 457 possint,
644 430 725 457 quam
742 422 816 448 omni
832 429 883 457 ope
908 429 1068 456 comparare

284 473 420 495 conantur
434 476 441 501 ;
458 468 503 495 sed
516 469 602 495 instar
614 467 749 494 fallaciam
762 467 993 501 phantasmatum,
1005 473 1067 507 cum

283 515 371 542 teneri
390 522 405 541 a
434 515 604 548 voluptatum
630 513 798 540 amatoribus
828 513 962 544 creditur,
987 512 1068 539 «lere-

284 563 365 594 peute
379 559 529 590 evanescit,
544 563 569 584 et
582 558 609 584 in
625 557 739 584 nihilum
752 556 859 584 recidit.
876 556 964 591 Hujus
977 561 1068 583 autem

284 603 347 630 vani
377 603 476 638 spectri
505 603 616 630 unicum
645 602 789 637 vestigium
819 602 981 636 relinquitur
1007 605 1069 636 post

284 648 479 680 recessionem,
494 648 602 682 pudor;
619 648 673 674 alta
684 652 712 675 et
724 647 862 674 indelebili
878 648 918 675 eis
936 647 1068 682 impressa

285 697 361 724 nota,
379 701 428 728 per
441 701 501 728 qua:
516 692 625 720 transiit
640 701 647 725 ;
664 692 794 727 possibile
808 695 836 718 ut
850 692 897 723 sit,
908 696 1068 719 venatorum

286 746 362 765 more
377 743 403 766 et
418 743 486 768 arte,
503 746 535 765 ex
553 738 620 773 ipsis
639 737 762 773 vestigiis
789 736 853 764 ferte
875 742 1002 763 naturam
1020 743 1068 763 co-

285 791 430 820 gnoscere.
447 783 553 811 Etenim
570 784 621 816 illi,
639 783 750 818 quando
767 782 825 810 fera
849 782 994 811 manifesta
1014 791 1068 810 non

285 835 338 863 est,
354 830 469 865 vestigio
486 837 545 857 eam
563 834 743 864 cognoscunt.

322 886 351 913 Si
362 886 445 921 igitur
453 893 517 921 aper
527 889 574 912 aut
585 886 626 912 leo
635 885 751 920 propriis
763 885 886 920 vestigiis
897 885 1070 920 agnoscitur,

287 939 458 966 consequens
470 935 522 963 est,
538 935 567 958 ut
580 936 607 958 et
620 930 767 965 voluptatis
784 935 881 957 natura
897 930 924 957 in
938 931 1072 966 impresso

287 985 302 1003 a
315 985 345 1004 se
362 976 476 1011 vestigio
489 977 636 1003 eluceseat.
652 976 734 1010 Atqui
753 975 895 1010 vestigium
910 975 969 1010 ejus
984 977 1072 1010 pudor

286 1026 329 1050 est
347 1030 353 1047 :
376 1029 440 1057 ergo
454 1025 481 1049 et
496 1022 565 1056 ipsa,
583 1029 643 1056 qua:
662 1021 793 1056 imprimit
805 1021 896 1047 animo
915 1020 1072 1055 hujusmodi

286 1072 391 1100 notam,
415 1068 457 1095 vel
479 1068 592 1102 ipsemet
606 1067 693 1102 pudor
717 1066 809 1098 fuerit,
837 1065 880 1093 vel
899 1071 972 1093 certe
988 1075 1071 1094 causa

285 1113 407 1140 effectrix
418 1112 541 1147 pudoris.
553 1112 652 1139 Verum
666 1112 721 1139 haec
737 1113 824 1140 obiter
837 1118 864 1141 et
878 1113 950 1140 aliud
967 1112 1071 1147 agendo

288 1165 304 1184 a
324 1158 404 1185 nobis
431 1158 504 1184 dicta
521 1160 595 1185 sunt.
613 1156 696 1184 Nobis
719 1158 791 1184 enim
810 1159 982 1193 potissimum
1007 1165 1071 1192 pro-

287 1203 405 1238 positum
421 1206 479 1229 eral.
496 1209 542 1236 per
555 1202 677 1238 ipsorum
696 1201 868 1229 Psalmorum
886 1202 1007 1236 exempla
1023 1201 1071 1228 de-

288 1251 450 1280 monstrare,
467 1247 556 1282 qualis
571 1246 607 1274 sit
621 1247 711 1274 exitus
723 1247 785 1274 vitae
798 1252 852 1275 tam
867 1248 972 1278 virtuti,
989 1254 1070 1281 quam

286 1294 361 1320 vitiis
375 1293 499 1320 addictze.
518 1292 610 1326 Itaque
621 1293 649 1319 in
664 1292 792 1326 prtedicto
805 1293 908 1327 psalmo
920 1292 1000 1319 finem
1015 1293 1071 1318 vir-

287 1340 353 1367 tutis
372 1339 467 1366 statuit
486 1345 580 1373 pacem
605 1342 633 1366 et
652 1338 875 1373 tranquillitatem
889 1360 896 1372 ,
916 1342 943 1366 et
968 1337 1072 1365 unifor—

288 1392 358 1412 mem
376 1385 460 1415 illam,
477 1388 502 1411 et
518 1384 712 1418 impcrmistam
730 1384 763 1410 ad
777 1384 918 1418 passiones
932 1384 1071 1418 animique

289 1430 506 1464 perturbationes
522 1429 691 1456 aﬂeetioncm
703 1434 727 1456 et
740 1429 956 1464 dispositionem,
972 1438 1032 1464 quae
1043 1430 1071 1456 in

288 1481 335 1508 spe
354 1473 452 1500 divina:
468 1474 665 1501 communionis
684 1475 871 1501 constituitur.
896 1475 1070 1502 Contrarium

288 1526 353 1546 vero
378 1519 440 1546 huic
459 1522 570 1550 statum,
599 1519 658 1554 ipso
683 1520 793 1546 silentio
821 1520 956 1554 patefecit.
987 1519 1071 1548 Porro

289 1565 390 1599 sa-pius
399 1565 426 1591 in
436 1564 551 1591 Psalmis
559 1565 657 1591 clamat
666 1574 671 1591 :
685 1575 693 1589 ι
705 1565 798 1599 lnjusti
811 1566 970 1598 interibunt,
978 1573 1071 1593 semen

289 1610 432 1644 impiorum
460 1610 604 1645 peribit".
631 1609 684 1644 Qui
710 1610 798 1644 diligit
822 1611 991 1645 iniquitatem
1015 1612 1072 1638 odit

290 1656 408 1682 animam
433 1664 521 1687 suam,
543 1656 617 1691 pluet
638 1664 719 1691 super
733 1661 890 1690 peccatores
908 1656 1068 1692 laqueos”,t

289 1706 316 1729 et
335 1702 386 1728 alia
406 1702 510 1728 inlinita
532 1701 576 1729 his
589 1702 697 1728 similia.
716 1701 763 1729 Est
789 1706 880 1730 autem
900 1707 973 1730 totus
995 1703 1072 1730 Psal-

290 1755 395 1775 rnorum
411 1747 480 1774 liber
501 1747 618 1774 refertus
635 1747 745 1775 virtutis
767 1747 902 1779 laudibus.
930 1753 957 1775 et
972 1749 1073 1783 impro-

289 1794 386 1820 horum
396 1793 615 1827 reprehensione,
626 1793 964 1828 spectatquehistoriarum
972 1794 1072 1821 mentio

289 1839 358 1866 duos
371 1839 505 1874 praecipue
521 1839 603 1871 ﬁnes;
621 1838 705 1866 efﬁcit
719 1839 818 1874 quippe
835 1843 864 1865 ut
886 1844 912 1866 et
927 1839 1072 1866 illustrium

290 1886 408 1912 virorum
429 1886 554 1912 virtutem
568 1886 704 1913 mmuleris
723 1889 749 1912 et
762 1886 907 1920 suspicias,
932 1886 1073 1920 fugiasque

290 1939 384 1958 eorum
399 1931 610 1965 improbitatem,
626 1931 671 1966 qui
687 1939 747 1958 sese
756 1930 865 1965 ﬂagitiis
879 1936 950 1958 totos
963 1931 1073 1958 dedide-

292 1983 364 2004 runt.
383 1977 449 2003 Nam
465 1985 526 2004 cum
542 1981 567 2004 te
580 1977 612 2004 ad
629 1977 754 2004 virtutem
766 1984 814 2011 per
825 1978 947 2012 exempla
960 1978 1071 2009 excitat,

291 2027 348 2048 tum
363 2022 416 2049 ait:
440 2031 448 2046 ι
459 2021 565 2057 Moyses
577 2027 603 2049 et
616 2023 706 2048 Aaron
722 2022 749 2048 in
762 2022 948 2049 sacerdotibus
963 2023 1032 2056 ejus,
1047 2027 1073 2050 et

293 2066 402 2092 Samuel
429 2065 500 2092 inter
522 2073 580 2097 eos,
599 2066 646 2100 qui
671 2066 798 2093 invocant
819 2074 917 2093 nomen
938 2067 1007 2101 ejus.
1029 2067 1072 2094 ln-

291 2112 424 2139 vocabant
443 2111 597 2142 Dominum,
615 2115 642 2138 et
657 2111 715 2146 ipse
725 2112 887 2139 exaudiebat
903 2121 961 2140 eos.
983 2113 1010 2140 In
1029 2121 1072 2141 c0-

291 2158 382 2184 lumna
397 2157 478 2185 nubis
489 2157 650 2193 loquebatur
663 2157 697 2184 ad
705 2158 790 2185 eos”.
803 2167 813 2183 ι
823 2158 975 2192 Atquando
987 2160 1074 2187 oculis

1119 242 1237 277 θρώποις
1259 239 1435 270 ἀπολαύσεως
1458 239 1486 264 ὲν
1509 239 1541 274 τῇ
1566 238 1644 273 φύσει
1672 240 1801 273 ταμιεῖον
1823 239 1908 269 οὐδὲν,

1118 288 1188 314 ὥστε
1216 285 1346 312 ἀπόθετον
1369 285 1474 316 ἑαυτοῖς
1497 283 1630 310 ποιεῖσθαι
1654 284 1703 318 τὴν
1728 285 1851 320 ἡδονὴν,
1878 287 1909 322 ἣν

1119 323 1189 360 κατὰ
1206 333 1294 358 πᾶσαν
1319 330 1434 357 κτῶνται
1459 329 1573 365 σπουδήν
1587 338 1594 346 ·
1621 329 1678 356 ἀλλ’
1700 329 1801 366 ὥσπερ
1815 340 1842 357 τι
1858 332 1909 358 τῶν

1119 376 1265 411 ἀπατηλῶν
1282 375 1481 410 φαντασμάτων
1500 375 1684 410 κεκρατῆσθαι
1699 375 1781 410 παρὰ
1797 376 1852 402 τῶν
1867 385 1909 411 φι-

1119 423 1235 458 ληδόνων
1253 422 1340 455 δόξαν,
1363 420 1444 453 εὐθὺς
1458 420 1605 455 ἠφανίσθη,
1632 420 1679 447 καὶ
1702 422 1745 452 εἰς
1769 422 1802 447 τὸ
1830 422 1867 457 μὴ
1883 423 1910 448 ὂν

1120 466 1303 502 μετεχώρησε.
1327 465 1380 492 Τοῦ
1406 465 1434 491 δὲ
1455 464 1574 491 τοιούτου
1601 465 1747 500 φάσματος
1783 465 1814 492 ἓν
1839 465 1911 501 ἴχνος

1119 511 1308 539 καταλείπεται
1325 510 1393 546 μετὰ
1404 510 1452 545 τὴν
1466 509 1636 545 ἀναχώρησιν
1650 511 1666 545 ἡ
1682 511 1814 546 αἰσχύνη,
1829 512 1909 546 βαθύν

1118 566 1147 584 τε
1162 558 1208 584 καὶ
1220 555 1425 588 δυσεξάλειπτον
1441 556 1650 591 ὲνσημηναμένη
1665 556 1775 588 τούτοις
1798 557 1845 584 τὸν
1865 557 1909 584 τύ-

1119 610 1169 628 πον
1185 602 1278 628 τοῦτον
1293 601 1358 636 (51),
1381 601 1415 627 δι’
1429 597 1465 627 ὧν
1480 600 1512 627 ἂν
1529 600 1666 636 παρέλθῃ,
1687 600 1727 632 ὡς
1743 601 1857 628 δυνατὸν
1871 601 1908 628 εἷ-

1119 655 1172 679 ναι,
1190 646 1261 673 κατὰ
1282 645 1332 680 τὴν
1352 645 1449 680 τέχνην
1471 645 1524 671 τῶν
1546 645 1728 681 θηρευόντων,
1753 647 1812 677 τοῖς
1828 647 1910 681 ἴχνεσι

1119 691 1306 725 διαγινώσκειν
1323 689 1370 717 τοῦ
1388 690 1483 726 θηρίου
1501 689 1551 725 τὴν
1565 690 1655 725 φύσιν.
1673 690 1727 717 Καὶ
1744 691 1801 727 γὰρ
1815 693 1910 718 ἐκεῖνοι

1120 737 1183 763 ὅταν
1205 734 1338 772 ἀφανὲςῇ
1361 736 1391 762 τὸ
1405 735 1525 771 θήραμα,
1542 735 1586 762 διὰ
1608 736 1653 763 τοῦ
1674 736 1767 771 ίχνους
1790 737 1822 763 τὸ
1845 737 1910 769 ζῶον

1120 782 1306 818 γνωρίζουσιν.

1085 866 1108 894 Β
1157 881 1188 907 El
1203 878 1249 907 οὖν
1263 881 1278 907 ὁ
1291 879 1339 911 σῦς
1355 880 1371 915 ἧ
1386 880 1400 906 ὁ
1414 879 1481 907 λέων
1495 880 1550 911 τοῖς
1566 879 1650 915 ἴχνεσι
1662 881 1720 912 τοῖς
1738 879 1816 912 ἰδίοις
1831 888 1911 906 κατα-

1123 926 1280 963 μηνύονται,
1305 926 1452 952 ἀκόλουθον
1475 926 1582 957 πάντως
1602 926 1649 952 καὶ
1673 926 1726 961 τῆς
1749 926 1847 961 ἡδονῆς
1862 926 1910 960 τὴν

1122 972 1202 1006 φύσιν
1224 972 1252 997 ἐν
1276 970 1315 1006 τῷ
1330 971 1517 1005 ὑπολειφθέντι
1533 971 1616 1006 αὐτῆς
1633 970 1702 1005 ἴχνει
1716 970 1907 1005 γνωρίζεσθαι.

1128 1017 1206 1044 Ἀλλὰ
1224 1017 1276 1053 μὴν
1291 1016 1320 1043 τὸ
1335 1017 1406 1051 ῐχνος
1429 1017 1513 1051 αὐτῆς
1530 1015 1642 1051 αἰσχύνη
1666 1016 1751 1042 ἐστίν.
1777 1017 1847 1051 "Ap:
1865 1016 1909 1042 καὶ

1121 1064 1138 1098 ἡ
1153 1063 1362 1098 ἐνσημηναμένη
1383 1063 1415 1097 τῇ
1432 1062 1504 1097 ψυχῇ
1530 1062 1575 1088 τὸν
1593 1062 1648 1097 (52)
1674 1062 1800 1089 τοιοῦτον
1816 1063 1906 1095 τύπον,

1121 1108 1138 1143 ἢ
1154 1108 1218 1134 αὐτὸ
1233 1108 1289 1143 (55)
1307 1108 1414 1139 πάντως
1437 1107 1549 1143 αἰσχύνη
1569 1108 1652 1138 ἐστὶν,
1675 1107 1692 1142 ἢ
1711 1107 1841 1143 ποιητικὴ
1861 1107 1907 1142 τῆς

1121 1153 1261 1188 αἰσχύνης.
1283 1153 1361 1179 Ἀλλὰ
1375 1153 1455 1179 τοῦτο
1478 1153 1527 1188 μὲν
1545 1154 1610 1189 ἡμῖν
1629 1154 1658 1180 ἐν
1680 1154 1834 1189 παρεξοδίῳ
1847 1162 1907 1188 προ-

1122 1199 1260 1235 εοεωρήθη
1276 1199 1314 1234 τῷ
1335 1200 1408 1234 τόπῳ
1423 1208 1430 1215 ·
1455 1199 1538 1231 δεῖξαι
1557 1200 1611 1235 γὰρ
1635 1200 1707 1226 κατὰ
1731 1201 1762 1226 τὸ
1777 1199 1906 1234 προηγού-

1123 1253 1201 1280 μενον
1225 1244 1277 1270 ἔδει
1300 1245 1343 1271 διὰ
1363 1245 1413 1279 τῆς
1433 1244 1606 1280 ψαλμῳδίας,
1634 1243 1690 1272 οἷον
1707 1246 1840 1281 ἑκατέρου
1856 1245 1906 1271 τῶν

1099 1303 1102 1307 -
1122 1291 1180 1317 κατ’
1199 1290 1299 1326 ἀρετήν
1323 1298 1352 1316 τε
1375 1291 1422 1316 καὶ
1444 1290 1541 1316 κακίαν
1564 1290 1789 1326 ἐπιτηδευμάτων
1809 1290 1865 1317 ἐστὶ
1880 1290 1906 1316 τὸ

1122 1337 1217 1372 πέρας.
1240 1336 1283 1362 Ἐν
1303 1335 1391 1362 τοίνυν
1410 1336 1448 1371 τῷ
1464 1336 1655 1371 προειρημένῳ
1675 1337 1736 1371 (5.5)
1756 1336 1863 1371 ψαλμῷ,
1879 1335 1906 1362 τὸ

1121 1383 1171 1417 τῆς
1190 1382 1289 1417 ἀρετῆς
1306 1381 1390 1408 εἰπὼν
1410 1382 1486 1413 τέλος
1510 1382 1621 1417 είρήνην
1645 1380 1716 1408 εἶναι
1739 1383 1786 1408 καὶ
1809 1382 1905 1412 ἄνεσιν,

1121 1430 1167 1456 καὶ
1181 1430 1229 1465 τὴν
1246 1430 1367 1465 μονοειδῆ
1384 1438 1413 1456 τε
1437 1430 1483 1456 κοιλ¹
1504 1430 1681 1464 ἀνεπίμικτον
1699 1430 1769 1465 πρὸς
1788 1430 1821 1456 τὰ
1838 1429 1906 1463 πάθη

1121 1476 1289 1511 κατοίκησιν,
1299 1476 1348 1511 τὴν
1361 1476 1402 1502 ἐπ’
1415 1476 1502 1502 ἐλπίδι
1576 1476 1626 1510 τῆς
1633 1475 1678 1502 τοῦ
1688 1475 1758 1502 Θεοῦ
1769 1474 1906 1510 μετουσίας

1085 1541 1106 1569 C
1123 1522 1341 1557 κατορθουμένην
1350 1541 1357 1554 ,
1374 1522 1406 1548 τὸ
1417 1522 1601 1556 ἀντικείμενον
1611 1521 1699 1556 τούτῳ
1795 1519 1906 1547 ἐνταῦθα

1125 1568 1174 1604 μὲν
1189 1568 1232 1595 διὰ
1250 1569 1299 1602 τῆς
1315 1568 1418 1603 σιωπῆς
1435 1568 1593 1601 ἐνεδείξατο.
1609 1568 1737 1603 Πολλαχῆ
1757 1568 1784 1594 δὲ
1807 1567 1850 1593 διὰ
1861 1567 1905 1600 τῆς

1122 1613 1281 1648 ψαλμῳδὶας
1293 1613 1351 1648 βοᾷ,
1364 1613 1465 1646 λέγων’
1476 1623 1484 1639 ‹
1501 1614 1531 1640 Οἱ
1543 1614 1571 1640 δὲ
1586 1615 1741 1649 παράνομοι
1755 1612 1903 1646 ἐξολοθρευα

1123 1660 1259 1694 θήσονται,
1277 1660 1324 1686 καὶ
1347 1660 1456 1696 σπέρμα
1478 1659 1584 1686 ἀσεϐῶν
1609 1659 1873 1694 ὲξολοθρευθήσεται.
1893 1665 1902 1681 ι

1122 1706 1186 1737 Καὶ,
1205 1715 1213 1731 ι
1235 1705 1265 1732 '0
1280 1705 1396 1739 ἀγαπῶν
1409 1706 1458 1740 τὴν
1471 1705 1577 1731 ἀδικίαν
1595 1706 1668 1740 μισεῖ
1683 1706 1734 1740 τὴν
1749 1703 1844 1730 ἑαυτοῦ
1857 1703 1903 1737 ψυ-

1122 1752 1183 1786 χήν·
1202 1751 1248 1777 καὶ
1268 1750 1406 1786 ὲπιϐρὲξει
1424 1751 1469 1776 ἐπὶ
1483 1751 1661 1785 ἁμαρτωλοὺς
1678 1751 1806 1785 παγίδας,
1825 1759 1834 1775 ι
1859 1749 1901 1774 καὶ

1122 1797 1188 1824 ἄλλα
1206 1796 1288 1832 μυρία
1302 1797 1405 1828 τούτοις
1427 1797 1603 1832 ὁμοιότροπα.
1628 1796 1712 1831 Γέμει
1729 1797 1757 1823 δὲ
1771 1797 1844 1822 πᾶσα
1859 1795 1904 1828 τῆς

1113 1841 1281 1876 Ψαλμῳδίας
1295 1843 1311 1876 ὴ
1331 1841 1418 1876 βίϐλος
1430 1841 1484 1867 τῶν
1499 1850 1528 1867 τε
1544 1841 1592 1874 τῆς
1609 1841 1709 1876 ἀρετῆς
1723 1841 1847 1871 ἐπαίνων,
1861 1838 1903 1865 καὶ

1122 1886 1171 1920 τῆς
1181 1886 1345 1920 κατηγορίας
1357 1885 1410 1911 τῶν
1422 1887 1449 1912 ἐν
1461 1885 1543 1920 κακία
1557 1885 1673 1917 ζώντων.
1687 1887 1725 1912 "Ii
1737 1895 1765 1912 τε
1776 1885 1827 1911 τῶν
1839 1885 1902 1910 ἱστο-

1124 1931 1190 1965 ριῶν
1208 1931 1303 1966 μνήμη
1319 1931 1387 1966 πρὸς
1401 1931 1462 1962 τοὺς
1477 1931 1523 1957 δύο
1535 1931 1651 1962 σκοποὺς
1669 1931 1844 1967 μεριζομένη,
1861 1928 1902 1962 ζη-

1125 1975 1213 2011 λωτὴν
1241 1976 1290 2010 μὲν
1311 1975 1385 2002 ποιεῖ
1405 1976 1455 2011 τὴν
1472 1977 1571 2011 ἀρετὴν
1586 1976 1638 2003 τῶν
1655 1977 1805 2010 εὐδοκίμων
1824 1982 1902 2010 προσ-

1124 2021 1206 2047 ώπων
1216 2030 1222 2037 ·
1241 2021 1359 2056 φευκτὴν
1374 2021 1402 2048 δὲ
1416 2022 1460 2048 διὰ
1475 2022 1529 2048 τῶν
1543 2023 1776 2057 κατεγνωσμένων
1800 2021 1846 2055 τὴν
1859 2028 1901 2045 πο-

1124 2067 1230 2101 νηρίαν,
1247 2067 1330 2093 Ὅταν
1344 2067 1393 2101 μὲν
1408 2067 1462 2102 γάρ
1479 2076 1508 2093 σε
1527 2067 1594 2103 πρὸς
1608 2068 1708 2103 ἀρετὴν
1723 2067 1848 2102 ἐπεγείρῃ
1868 2064 1900 2098 τῷ

1125 2113 1311 2147 ὑποδείγματι·
1336 2113 1421 2147 λέγει,
1451 2123 1460 2139 ι
1475 2114 1594 2148 Μωῡσῆς
1613 2114 1659 2140 καὶ
1678 2113 1783 2149 Ἀαρὼν
1804 2113 1830 2138 ὲν
1851 2112 1899 2140 τοῖς

1127 2159 1242 2194 ἱερεῦσιν
1257 2158 1348 2191 αὐτοῦ,
1368 2160 1414 2185 καὶ
1433 2160 1560 2194 Σαμουὴλ
1576 2161 1604 2186 ὲν
1618 2161 1673 2192 τοῖς
1686 2158 1899 2193 ἐπικαλουμένοις

291 2204 477 2231 miserandum
496 2204 608 2230 malitia:
620 2203 724 2230 exitum
743 2203 878 2238 subjicere
893 2204 1003 2239 cogitat,
1018 2211 1070 2231 tum

1127 2205 1217 2231 αὐτόν.
1235 2204 1430 2232 Ἐπεκαλοῦντο
1446 2206 1490 2232 τὸν
1505 2205 1665 2241 Κύριον,καὶ
1676 2206 1756 2237 αὐτὸς
1769 2204 1898 2238 εἰσήκουεν

292 2254 426 2283 recenset,
441 2250 571 2284 quidnam
589 2249 712 2284 perpessi
729 2249 794 2282 sint,
811 2250 857 2284 qui
871 2257 931 2277 sese
945 2251 1075 2286 nequitia:

292 2296 399 2330 penitus
412 2299 612 2323 consecrarunt
624 2304 631 2322 :
645 2305 654 2320 ε
668 2295 768 2330 Aperta
785 2299 828 2322 est
840 2300 924 2328 terra,
941 2301 968 2323 et
980 2296 1075 2331 deglu-

292 2341 352 2367 tivit
373 2341 497 2372 Dathan,
530 2345 557 2368 et
582 2341 691 2375 operuit
723 2348 806 2375 super
834 2343 1074 2376 congregationem

292 2386 409 2419 Abiron;
422 2386 530 2413 ﬂamma
547 2386 697 2414 combtrssit
710 2390 868 2421 peccatores
879 2387 899 2414 ί.
910 2396 918 2412 ι
932 2387 964 2413 Et
977 2396 984 2414 ε
999 2397 1008 2412 ‹
1020 2387 1075 2414 Fac

292 2432 354 2459 illos
369 2433 440 2459 sicut
454 2431 560 2459 Madian
571 2436 597 2459 et
612 2431 705 2460 Sisara
715 2433 752 2459 ³.)
770 2432 817 2460 Et:
831 2442 840 2458 ε
852 2433 926 2460 Pone
936 2433 1074 2468 principes

291 2485 386 2505 eorum
400 2479 471 2505 sicut
485 2477 568 2512 Oreb,
594 2483 621 2506 et
639 2478 704 2511 Zeb,
717 2482 744 2505 et
759 2478 856 2511 Zebee,
885 2483 912 2505 et
935 2479 1072 2510 Salmana,

292 2533 387 2553 omnes
403 2525 540 2561 principes
559 2534 655 2554 eorum
670 2527 699 2560 a;
718 2536 728 2552 ι
754 2531 780 2554 et
794 2527 820 2554 id
844 2533 930 2561 genus
949 2526 1002 2552 alia
1019 2534 1072 2553 non

1125 2251 1224 2278 αὐτῶν.
1253 2251 1297 2278 Ἐν
1324 2251 1410 2286 στύλῳ
1434 2252 1547 2287 νεφέλης
1571 2252 1659 2278 ἐλάλει
1684 2251 1751 2287 πρὸς
1772 2248 1896 2279 αὑ*οὗς-¹

1126 2296 1212 2322 Ὅταν
1228 2296 1257 2323 δὲ
1272 2296 1301 2323 τὸ
1316 2297 1432 2332 πονηρὸν
1446 2297 1493 2332 τῆς
1513 2297 1610 2328 κακίας
1626 2296 1794 2323 ὑποδεικνύει
1810 2298 1897 2328 πῇοαςν

1125 2342 1159 2369 τὰ
1176 2342 1248 2378 πάθη
1272 2342 1325 2369 τῶν
1343 2343 1371 2369 ἐν
1391 2343 1508 2379 πονηρίᾳ
1530 2345 1758 2378 κατεγνωσμένων
1773 2340 1895 2371 διέξεισιν-

1129 2398 1138 2413 (
1159 2388 1285 2424 Ἦνοίχθη
1307 2390 1322 2424 ἡ
1347 2390 1382 2424 γῆ
1398 2389 1445 2415 καὶ
1459 2389 1586 2416 κατέπιεν
1603 2390 1701 2422 Δαοὰν,
1716 2389 1761 2415 καὶ
1775 2383 1898 2418 ἐκάλυψεν

1129 2435 1175 2462 ἐπὶ
1209 2435 1258 2471 τὴν
1295 2435 1454 2470 συναγωγὴν
1489 2435 1627 2471 ’Δεειρών.
1659 2436 1724 2468 Φλὺξ
1747 2429 1897 2465 κατέῳλεξεν

1127 2481 1311 2516 ἁμαρτωλούς.
1326 2491 1335 2506 ι
1349 2482 1413 2513 Καὶ,
1428 2481 1557 2516 «Ποίησον
1572 2481 1669 2513 αὐτοὺς
1684 2481 1721 2512 ὡς
1732 2481 1764 2515 τῇ
1778 2478 1829 2514 (56)
1843 2476 1896 2502 Μα-

1098 2536 1102 2541 “
1126 2527 1184 2554 διὰν
1197 2528 1240 2554 καὶ
1249 2527 1287 2563 τῷ
1301 2527 1412 2563 Σισάρα.
1421 2537 1429 2552 ι
1444 2528 1507 2560 Καὶ,
1520 2527 1586 2554 (Θοῦ
1599 2528 1660 2559 τοὺς
1668 2528 1794 2563 ἄρχοντας
1806 2520 1894 2551 αὑτῶνι

327 2627 349 2642 9⁷
364 2625 436 2654 Psal.
455 2633 547 2659 xxxvr,
562 2626 605 2653 58.
639 2626 662 2642 ’⁸
680 2624 750 2653 Psal.
762 2633 789 2659 ι,
807 2625 834 2653 6.
867 2625 889 2642 θ’
905 2627 1070 2657 Psal.xcvnl

1157 2627 1164 2642 ¹
1178 2626 1250 2654 Psal.
1263 2634 1306 2659 cv,
1322 2626 1355 2653 i7
1369 2634 1429 2662 sqq.
1463 2628 1473 2643 '
1485 2626 1555 2654 Psal.
1572 2634 1674 2662 uxvn,
1689 2626 1732 2654 to.
1762 2624 1773 2639 ⁸
1785 2620 1846 2650 ibid.
1856 2618 1893 2646 {2.

329 2718 384 2750 (Si)
397 2718 515 2750 Τούτων,
532 2717 576 2745 ed.

329 2753 385 2787 (ii-ll
400 2754 451 2780 Τόν
467 2761 521 2780 om.
537 2753 581 2779 ed.

328 2789 384 2821 (53)
404 2787 492 2822 Λὺτῴ,
510 2788 553 2815 ed.

329 2823 384 2860 (δι)
403 2822 611 2859 ἰῐροηγουμένῳ,
629 2822 673 2850 ed.

1168 2717 1224 2749 (55)
1242 2717 1360 2748 Ἐλπίδα,
1377 2718 1419 2745 ed.

1166 2753 1233 2785 (55')
1249 2752 1367 2784 Τούτων,
1377 2753 1419 2780 ed.

1166 2787 1221 2822 (36)
1239 2787 1323 2815 Τὸν...
1340 2787 1448 2822 τόν,ρι1.
1474 2804 1477 2806 ~
