1986 3080
97 134 149 162 ΗΟ

793 128 830 155 ΙΝ
847 127 1017 156 PSALMOS.

1663 130 1717 159 ‘50

98 191 135 223 ὡς
159 190 204 217 τὸν
227 189 320 225 Ὦρὴϐ,
343 189 390 216 καὶ
403 188 468 224 Ζὴὸ,
486 188 533 216 καὶ
552 187 643 220 Ζεόεέ,
661 188 712 214 καὶ
727 187 880 223 Σαλμανὰν,

934 194 1030 222 pauca.
1056 186 1241 213 Particulares
1268 194 1332 214 vero
1358 187 1564 216 cohortationes
1583 187 1617 215 ab
1636 188 1715 216 initio

99 237 202 268 πάντας
226 236 289 267 τοὺς
309 235 443 270 ἄρχοντας
466 234 566 262 αὐτῶν.
589 244 598 260 ι
629 235 683 262 Καὶ
705 233 790 260 πολλὰ
802 234 884 269 ἕτερα

98 281 225 308 τοιαῦτα·
241 281 290 311 τάς
303 289 334 307 τε
351 280 466 315 μερικὰς
489 280 641 315 συμϐουλὰς
658 280 747 311 πάσας
773 288 813 305 σοι
835 279 885 314 βοᾷ

99 327 145 354 ἀπ’
165 326 252 361 ἀρχῆς
277 327 316 358 είς
339 325 415 357 τέλος
435 324 617 361 ἡΨαλμῳδία
635 346 642 358 ,
661 324 692 352 ἐν
705 325 792 352 οὐδενὶ
806 325 884 360 μέρει

98 372 147 407 τὴν
160 372 228 407 πρὸς
239 371 268 397 τὸ
283 371 364 398 καλὸν
379 372 482 407 τροπὴν
497 371 552 406 (57)
565 371 778 406 παραλείπουσα,
794 371 840 397 καὶ
851 371 883 398 δι’

98 415 136 445 ὧν
150 418 183 445 ἄν
197 426 239 449 τις
252 418 332 452 φύγοι
349 418 398 453 τὴν
422 418 522 445 κακίαν
535 425 541 432 ·
566 417 656 444 πάντα
679 417 738 449 ταῖς
760 417 828 453 πρὸς
854 417 884 443 τὺ

99 465 180 492 καλὸν
197 464 356 499 ὁδηγούσαις
371 463 612 499 συμπαρέζευκται
630 463 761 498 γνώμαις.
783 463 815 490 Ἡ
830 463 884 498 γὰρ

98 511 145 538 τοῦ
161 510 264 545 ἀγαθοῦ
281 511 387 546 κτῆσις,
403 510 477 545 φυγὴ
490 510 537 536 τοῦ
552 510 671 537 ἐναντίου
684 510 731 536 καὶ
745 509 883 544 ἀναίρεσις

99 556 212 591 γίνεται.
230 555 368 591 Παρέλκον
388 555 409 581 δ’
424 555 457 581 ἂν
473 556 516 590 εἴη
535 555 624 581 πάντα
638 555 724 581 ταῦτα
749 554 783 581 δι’
803 555 883 590 ἀκρι-

99 602 173 633 ϐείας
190 601 354 632 ἐκτίθεσθαι,
373 601 493 636 φανερᾶς
513 600 595 636 οὔσης
617 601 673 632 τοῖς
691 601 882 636 ἐντυγχάνουσι

97 648 132 683 τῇ
150 648 240 683 γραφῇ
263 646 349 681 ταύτῃ
364 646 414 680 τῆς
429 645 493 681 περὶ
510 645 544 672 τὰ
557 645 669 673 τοιαῦτα
693 646 812 681 σπουδῆς
835 645 882 673 τοῦ

98 692 186 727 λόγου.

363 760 560 787 ΚΕΦΑΛΑῘΟΝ
579 761 617 788 E'.

133 826 271 862 Τέτμηται
291 826 318 852 δὲ
335 826 453 860 πενταχῆ
472 826 546 851 πᾶσα
568 826 584 860 ἡ
606 825 660 851 τῶν
675 825 790 860 ψαλμῶν
813 834 883 861 πρα-

96 872 224 908 γματεία.
260 872 315 898 Καὶ
336 871 376 902 τίς
399 872 471 897 ἐστιν
495 872 524 897 ὲν
545 872 601 902 τοῖς
628 872 752 906 τμήμασι
780 871 882 902 τούτοις

97 918 208 953 τεχνικὴ
220 917 350 952 διασκευὴ
365 917 411 943 καὶ
422 916 562 952 διαίρεσις.
580 916 612 942 Ἦ
623 916 651 942 δὲ
663 916 819 952 περιγραφὴ
829 917 882 943 τῶν

97 964 248 999 τμημάτων
265 963 369 998 φανερὰ
385 963 488 997 γίνεται
502 982 509 994 ,
533 962 617 994 θείαις
642 963 698 989 τισὶ
720 961 883 997 δοξολογίαις

97 1009 282 1045 ὁμοιοτρόπως
299 1009 520 1044 ἑναπολήγουσα,
546 1008 578 1040 ἃς
604 1007 709 1040 ἔξεστιν
735 1008 882 1043 ἐπιγνῶναι

98 1055 168 1082 κατὰ
186 1055 236 1090 τὴν
263 1056 326 1090 παρ’
353 1054 430 1090 ἡμῶν
450 1054 679 1090 ύποδεικνυμένην
699 1054 754 1089 (58)
774 1055 803 1080 ἐν
825 1056 883 1086 ταῖς

96 1100 267 1137 ψαλμῳδίαις
290 1101 430 1136 διαίρεσιν.
460 1100 539 1127 Ἔστι
561 1100 590 1126 δὲ
605 1099 719 1126 ἑκάστου
741 1101 882 1135 τμήματος

97 1146 213 1182 ἀριθμὸς
228 1146 282 1172 τῶν
298 1145 460 1181 ψαλμῳδιῶν
475 1143 569 1176 οὗτος·
580 1143 633 1170 Τοῦ
650 1143 768 1179 πρώτου,
784 1153 882 1170 τεσσα-

98 1192 225 1228 ράκοντα.
249 1191 301 1217 Τοῦ
318 1191 458 1226 δευτέρου.
483 1188 522 1222 εἷς
546 1191 592 1217 καὶ
614 1191 769 1225 τριάκοντα.
799 1190 882 1216 Ἑπτὰ

97 1238 144 1264 καὶ
160 1237 224 1264 δέκα
238 1237 266 1264 δέ
284 1237 330 1264 τοῦ
344 1237 445 1273 τρίτου,
468 1237 514 1263 καὶ
536 1236 580 1263 τοῦ
604 1235 734 1271 τετάρτου
751 1235 881 1268 τοσοῦτοι,

97 1282 143 1309 τοῦ
173 1284 200 1310 δὲ
238 1283 360 1318 πέμπτου
393 1283 472 1310 πέντε
503 1282 559 1317 (59)
590 1283 638 1309 καὶ
668 1283 880 1317 τεσσαράκοντα.

99 1328 220 1355 Ἵσταται
233 1326 278 1354 οὖν
294 1328 323 1354 τὸ
337 1327 443 1362 πρῶτον
457 1328 539 1363 μέρος
552 1327 597 1353 ἐπὶ
608 1328 653 1353 τὴν
667 1327 882 1363 τεσσαρακοστὸν

97 1375 130 1401 ἐκ
141 1374 188 1400 τοῦ
204 1373 323 1409 πρώτου,
337 1369 366 1400 οὗ
380 1373 465 1408 πέρας
479 1373 552 1400 ἐστίν
565 1381 572 1388 ”
596 1383 605 1399 ‹
621 1373 771 1409 Εὐλογητὸς
782 1372 882 1408 Κύριος

97 1418 112 1444 ὁ
127 1418 191 1450 Θεὸς
214 1417 320 1454 Ἰσραὴλ
339 1418 393 1444 ἀπὸ
412 1418 459 1443 τοῦ
482 1417 578 1450 αἰῶνος
600 1418 647 1444 καὶ
663 1419 702 1449 είς
721 1417 766 1444 τὸν
785 1417 881 1450 αἰῶνα,

97 1465 210 1498 γένοιτο,
222 1464 335 1498 γένοιτο.
353 1474 361 1489 ι
385 1465 406 1490 Τ
408 1464 421 1490 ὸ
431 1463 565 1499 δεύτερον,
575 1463 621 1489 ἐπὶ
630 1463 675 1489 τὸν
687 1463 883 1498 ἑϐδομηκοστόν

96 1519 126 1537 τε
135 1511 182 1537 καὶ
194 1511 311 1546 πρῶτον,
330 1505 359 1536 οὗ
374 1510 404 1536 τὸ
423 1509 498 1540 τέλος
508 1509 593 1541 οὓτως
612 1510 667 1543 ἔχει
681 1518 687 1524 ·
711 1519 720 1534 ι
731 1508 882 1543 Εὐλογητὸς

96 1556 198 1592 Κύριος
216 1555 306 1587 ὁθεὸς
323 1555 432 1591 Ἰσραὴλ
449 1556 462 1581 ὁ
480 1554 565 1581 ποιῶν
577 1553 716 1589 θαυμάσια
735 1553 824 1588 μόνος,
836 1553 881 1580 καὶ

97 1602 242 1638 εὐλογητὺν
264 1602 293 1628 τὸ
312 1602 396 1637 ὄνομα
412 1602 461 1637 τῆς
480 1600 558 1636 δόξης
575 1600 658 1627 αὑτοῦ
674 1600 714 1631 είς
731 1599 775 1626 τὸν
786 1599 881 1630 αἰῶνα,

96 1649 144 1676 καὶ
154 1649 193 1680 είς
203 1649 248 1675 τῦν
261 1649 346 1675 αίῶνα
357 1648 403 1674 τοῦ
419 1647 524 1678 αἰῶνος.
543 1646 598 1672 Καὶ
613 1645 821 1681 πληρωθήσεται
833 1643 882 1679 τῆς

96 1694 174 1729 δόξης
186 1694 267 1720 αὑτοῦ
281 1694 352 1720 πᾶσα
362 1695 378 1728 ἡ
391 1693 436 1728 γῆ,
448 1692 562 1726 γένοιτο,
574 1691 687 1725 γένοιτο.
704 1700 713 1715 ι
734 1690 770 1716 Τὸ
781 1690 881 1725 τρίτον,

96 1740 143 1766 ἐπὶ
157 1739 201 1766 τὸν
212 1738 387 1774 ὀγδοηκοστόν
398 1745 426 1763 τε
443 1738 490 1764 καὶ
505 1737 607 1771 ὄγδοον,
624 1735 772 1770 καταλήγει
791 1734 819 1760 δὲ
836 1734 881 1761 καὶ

95 1785 174 1812 τοῦτο
194 1786 233 1816 εἰς
255 1785 345 1819 ὅμοιον
367 1784 462 1818 πέρας.
485 1783 562 1817 Ἔχει
581 1781 634 1816 γὰρ
654 1781 740 1812 οὕτως
753 1786 760 1794 '
777 1790 786 1806 ι
801 1779 883 1806 Εὐλο-

95 1832 179 1867 γητδς
195 1831 296 1867 Κύριος
317 1831 356 1861 εἰς
375 1831 419 1856 τὸν
430 1829 527 1860 αἰῶνα,
539 1828 652 1862 γένοιτο,
663 1827 778 1861 γένοιτο.
795 1835 804 1851 ›
829 1825 882 1852 Τοῦ

95 1877 124 1903 δὲ
144 1876 274 1911 τετάρτου
299 1876 441 1911 τμήματος
463 1875 566 1909 πέρας,
588 1874 602 1900 ὁ
622 1872 767 1904 ἐκατοστός
786 1881 816 1898 τε
836 1872 882 1898 καὶ

96 1922 241 1958 πέμπτος,
265 1919 295 1948 οὗ
324 1921 354 1948 ἰδ
375 1921 451 1952 τέλος
476 1922 531 1951 τοῖς
556 1919 659 1950 λοιποῖς
682 1917 880 1953 παραπλήσιον·

98 1977 108 1994 ε
123 1968 277 2003 Εὐλογητὸς
292 1967 390 2002 Κύριος
406 1967 420 1993 ὁ
437 1966 502 1998 Θεὸς
522 1965 629 2001 Ἰσραὴλ
645 1964 698 1991 ἀπὺ
714 1963 760 1990 τοῦ
774 1963 881 1997 αἰῶνος,

94 2014 144 2042 καὶ
164 2015 217 2046 ἕως
240 2014 286 2041 τοῦ
311 2014 417 2047 αἰῶνος,
436 2013 483 2040 καὶ
506 2013 564 2049 ἐρεῖ
578 2012 632 2043 πᾶς
651 2012 664 2037 ὁ
679 2010 751 2043 λαὸς,
765 2009 881 2042 Γένοιτο,

95 2060 210 2096 γένοιτο.
226 2070 235 2087 ι
264 2061 392 2095 Πέμπτον
415 2060 444 2086 δὲ
468 2059 549 2095 μέρος
572 2059 645 2085 ἐστὶν
663 2057 717 2084 ἀπὸ
732 2057 826 2084 τούτου
843 2057 882 2088 εἰς

94 2107 126 2133 τδ
141 2107 196 2141 (60)
219 2106 340 2142 ἔσχατον,
363 2102 393 2133 οὗ
413 2105 499 2141 πέρας
511 2127 517 2139 ,
542 2115 551 2131 ι
567 2105 648 2132 Πᾶσα
661 2103 730 2140 πνοὴ
749 2103 882 2130 αἰνεσάτω

94 2152 142 2179 τὸν
155 2151 264 2187 Κύριον.
290 2161 298 2177 1

936 232 970 260 ad
1003 232 1082 259 linem
1110 240 1197 267 usque
1223 232 1379 262 Psalmodia
1408 233 1456 260 libi
1477 226 1618 268 suggerit;
1640 234 1714 261 nulla

934 281 1012 312 parte
1026 277 1237 305 admonitionem
1250 277 1283 304 ad
1303 277 1452 306 honestatis
1469 278 1576 306 laudem
1591 283 1617 306 et
1632 279 1716 307 decus

935 323 1145 359 praetermittens
1159 333 1167 357 ;
1185 327 1214 351 ut
1227 327 1254 351 et
1268 323 1345 356 illud,
1367 331 1422 359 quo
1435 328 1515 359 pacto
1532 325 1636 352 malitia
1659 326 1716 353 evi—

931 370 987 397 tari
1000 374 1082 405 queat
1101 379 1108 396 :
1125 370 1216 397 onmia
1231 373 1305 397 certe
1323 370 1466 397 sententiis
1486 370 1518 397 ad
1543 370 1714 398 honestatem

935 416 1128 444 inducentibus
1142 415 1223 450 plena
1239 419 1322 443 sunt:
1339 423 1403 443 nam
1429 415 1574 450 acquisitio
1593 416 1657 443 boui
1672 420 1714 443 est

934 463 1030 498 utique
1051 463 1183 490 contrarii
1208 462 1271 498 fuga
1294 465 1321 490 et
1346 462 1528 496 interemptio.
1547 461 1716 496 Supervaca-

934 517 1014 537 neum
1031 512 1120 537 autem
1137 508 1219 536 fuerit
1231 508 1323 536 omnia
1337 508 1394 535 haec
1406 508 1561 535 accuratius
1574 507 1644 535 velle
1656 515 1717 542 per—

934 554 1022 590 sequi,
1038 562 1099 581 cum
1113 555 1177 587 illis,
1193 554 1239 589 qui
1254 553 1426 582 Psalmorum
1437 554 1564 582 volumen
1575 554 1716 585 evolvunt,

935 608 982 635 per
995 608 1024 627 se
1035 605 1128 628 notum
1143 600 1179 628 sit
1203 600 1230 627 id
1245 600 1318 635 quod
1334 599 1379 627 hic
1396 600 1521 628 oratione
1543 599 1716 628 accuratiore

933 645 1152 681 patefaciendum
1172 650 1257 674 esset.

1240 756 1353 784 CAPle
1374 756 1407 784 ν.

969 825 1002 852 At
1026 826 1098 852 enim
1122 829 1176 853 tota
1196 825 1364 852 Psalmorum
1390 826 1518 852 tractatio
1543 825 1570 852 in
1595 826 1715 861 quinque

899 863 920 890 Β
934 875 1024 906 partes
1037 870 1184 897 distributa
1199 875 1252 899 est.
1264 871 1474 905 contineturque
1486 871 1513 897 in
1527 871 1570 898 his
1582 872 1715 898 sectioui‘

896 1535 918 1564 C

933 916 985 943 bus
1009 915 1156 942 artiliciosa
1187 915 1309 950 quaedam
1335 919 1473 942 structura
1504 921 1532 943 et
1559 916 1670 948 divisio;
1689 922 1715 944 et

933 969 1014 996 quam
1033 962 1087 988 late
1103 965 1193 996 pateat
1217 961 1342 996 quaelibet
1372 962 1469 994 sectio,
1495 962 1605 996 planum
1633 963 1713 991 lith

933 1007 1034 1034 divinis
1051 1008 1214 1042 quibusdam
1233 1007 1321 1034 laudis
1337 1007 1438 1034 divinre
1464 1008 1715 1043 praedicationibus,

932 1053 959 1080 in
972 1061 1040 1088 quas
1049 1053 1145 1080 eodem
1157 1054 1238 1080 modo
1250 1060 1345 1080 omnes
1357 1053 1504 1080 desinunt:
1516 1061 1585 1088 quas
1597 1055 1716 1089 reperire

932 1099 996 1126 licet
1010 1099 1161 1126 secundum
1177 1100 1391 1127 demonstratam
1414 1108 1428 1126 a
1444 1101 1524 1127 nobis
1542 1099 1713 1128 Psalmorum

932 1145 1164 1172 distributionem.
1185 1145 1271 1178 Quem
1294 1152 1359 1172 vero
1374 1145 1543 1173 Psalmorum
1572 1154 1715 1174 numerum

932 1191 1062 1226 qumlibet
1079 1192 1167 1218 sectio
1195 1192 1401 1226 complectatur,
1430 1192 1470 1219 sic
1494 1192 1587 1227 accipe
1604 1192 1713 1219 :Prima

933 1237 1014 1264 habet
1028 1237 1206 1272 quadraginta
1217 1246 1224 1270 ;
1235 1238 1364 1269 secunda,
1381 1245 1464 1265 unum
1482 1245 1565 1273 supra
1580 1238 1690 1273 triginta
1705 1247 1712 1271 ;

933 1284 1024 1314 tertia,
1057 1283 1249 1318 septemdecim
1271 1293 1277 1316 ;
1306 1287 1414 1318 quarta,
1441 1284 1575 1315 totidem;
1607 1284 1714 1319 quinta,

934 1330 1116 1366 quadraginta
1139 1330 1270 1364 quinque.
1298 1329 1405 1357 Finitur
1431 1329 1512 1365 igitur
1538 1330 1624 1365 prima
1652 1338 1716 1364 pars

933 1376 1037 1410 psalmo
1053 1376 1273 1410 quadragesimo,
1290 1376 1368 1410 cujus
1383 1376 1443 1404 linis
1456 1380 1508 1408 est,
1526 1386 1535 1401 ι
1552 1376 1716 1404 Benedictus

933 1421 1065 1449 Dominus
1090 1421 1163 1449 Deus
1193 1422 1286 1453 Israel,
1310 1430 1324 1449 a
1350 1423 1450 1449 smculo
1464 1426 1491 1450 et
1515 1423 1541 1449 in
1563 1423 1715 1450 saeculum:

934 1467 991 1499 liat,
1011 1468 1066 1494 liat.
1089 1477 1098 1493 ν
1117 1467 1208 1494 Altera
1227 1475 1289 1502 pars
1308 1468 1471 1495 terminatur
1490 1470 1594 1507 psalmq
1609 1474 1716 1504 septua-

933 1514 1036 1548 gesimo
1051 1513 1152 1548 primo,
1173 1513 1252 1548 cujus
1266 1514 1327 1540 liuis
1342 1523 1348 1540 :
1368 1523 1378 1538 ‹
1404 1514 1568 1542 Benedictus
1585 1514 1716 1543 Dominus

935 1558 1007 1586 Dcus
1034 1558 1127 1589 Israel,
1146 1559 1190 1593 qui
1210 1558 1274 1586 facit
1291 1559 1426 1586 mirabilia
1441 1560 1527 1592 solus,
1543 1564 1570 1587 et
1588 1560 1716 1588 benedic-

936 1608 994 1631 tum
1021 1612 1121 1631 nomen
1152 1604 1303 1639 majestatis
1329 1605 1389 1639 ejus
1409 1605 1436 1631 in
1468 1606 1610 1637 smculum,
1637 1609 1664 1634 et
1688 1607 1715 1633 iu

933 1650 1061 1677 saeculum
1089 1650 1200 1682 saeculi;
1231 1654 1257 1677 et
1289 1650 1447 1684 implebitur
1484 1651 1626 1685 majestate
1655 1651 1715 1686 ejus

933 1695 1023 1722 omnis
1038 1698 1111 1721 terra
1126 1704 1132 1722 :
1150 1694 1206 1726 liat,
1224 1695 1280 1721 ﬁat.
1299 1704 1308 1720 ›
1329 1694 1420 1722 Tertia
1436 1702 1498 1729 pars
1513 1696 1716 1724 circumscribi--

932 1742 978 1766 tur
995 1740 1101 1774 psalmo
1115 1739 1282 1774 octogesimo
1297 1743 1403 1770 octavo,
1419 1743 1446 1767 et
1467 1741 1493 1766 in
1511 1740 1626 1767 similem
1653 1749 1717 1768 sen-

933 1785 1047 1811 tentiam
1081 1785 1157 1812 exit:
1189 1785 1228 1812 sic
1259 1786 1331 1812 enim
1365 1785 1469 1813 habet:
1505 1795 1514 1811 ‹
1556 1786 1716 1813 Benedictus

933 1830 1066 1857 Dominus
1080 1830 1106 1856 in
1123 1833 1270 1862 retentum;
1287 1830 1341 1863 liat,
1357 1830 1412 1857 liat.
1427 1840 1436 1856 ι
1457 1829 1565 1863 Quarta:
1583 1833 1716 1858 sectionis

933 1876 1067 1902 terminus
1084 1880 1126 1903 est
1142 1875 1309 1902 centesimus
1324 1880 1350 1902 et
1366 1876 1479 1910 quintus
1490 1876 1621 1910 psalmus,
1636 1877 1715 1911 cujus

934 1921 996 1948 ﬁnis
1013 1921 1128 1956 reliquis
1144 1925 1186 1948 est
1204 1921 1333 1948 assimilis
1348 1929 1355 1947 :
1375 1931 1384 1947 ι
1403 1920 1564 1949 Benedictus
1584 1922 1715 1950 Dominus

933 1966 1006 1994 Deus
1019 1967 1101 1994 Israel
1116 1975 1131 1993 a
1147 1967 1257 1998 saeculo.
1275 1972 1301 1993 et
1318 1974 1404 2001 usque
1420 1967 1447 1994 in
1464 1967 1592 1994 sarculum
1607 1977 1614 1995 :
1631 1972 1658 1995 et
1675 1968 1717 1995 di-

933 2017 977 2040 cet
999 2013 1089 2041 omnis
1113 2013 1240 2048 populus,
1253 2011 1322 2044 Fiat,
1348 2012 1402 2040 liat.
1419 2022 1428 2039 ι
1447 2013 1546 2046 Quinta
1570 2022 1634 2049 pars
1654 2014 1717 2042 inde

933 2065 1021 2093 usque
1051 2058 1083 2085 ad
1114 2058 1238 2085 ultimum
1266 2059 1399 2093 psalmum
1426 2060 1607 2094 protenditur,
1638 2060 1716 2096 cujus

934 2103 997 2131 ﬁnis
1013 2112 1020 2130 :
1040 2103 1165 2130 LOmnis
1179 2103 1292 2138 spiritus
1308 2102 1398 2130 laudet
1414 2102 1569 2131 Dominum.
1588 2113 1598 2130 ι

131 2209 197 2235 Τίνα
215 2209 304 2235 τοίνυν
329 2209 377 2243 τὴν
399 2208 427 2234 ὲν
448 2207 550 2238 τούτοις
572 2204 697 2241 τεχνικὴν
721 2204 796 2238 τάξιν
813 2212 879 2230 κατ-

971 2203 1036 2238 Qum
1050 2203 1132 2239 igitur
1146 2204 1233 2232 subsit
1250 2204 1314 2231 huic
1327 2204 1511 2232 distributioni
1527 2212 1572 2232 ars
1589 2209 1616 2232 et
1635 2205 1714 2237 ratio,

93 2255 245 2290 ενοήσαμεν
256 2273 264 2286 ,
289 2254 383 2289 καιρὸς
400 2254 432 2280 ἂν
448 2254 489 2288 εἴη
505 2253 538 2280 δι’
553 2252 650 2287 ὀλίγων
666 2252 763 2279 εἰπεῖν.
786 2251 829 2277 Ἐν
841 2249 879 2285 τῷ

95 2301 197 2336 πρώτῳ
220 2300 282 2331 τοὺς
305 2301 333 2326 ὲν
349 2299 433 2335 κακίᾳ.
447 2299 550 2331 ζῶντας
571 2298 662 2332 ἵστησι
680 2297 729 2332 μὲν
745 2295 795 2331 τῆς
817 2296 881 2322 ἀτό-

94 2355 146 2373 που
165 2346 269 2380 πλάνης
280 2354 286 2361 ·
311 2345 455 2380 ἐφέλκεται
471 2344 498 2370 δὲ
515 2344 582 2380 πρὸς
598 2343 652 2378 (6|)
671 2343 720 2378 τὴν
732 2342 777 2369 τοῦ
794 2341 884 2377 κρείτ-

93 2401 170 2423 τονος
190 2393 307 2428 αἵρεσιν,
324 2392 361 2423 ὠς
382 2391 480 2427 μηκέτι
492 2392 552 2421 ταῖς
571 2390 624 2416 τῶν
644 2389 749 2416 ἀσεϐῶν
764 2388 883 2419 ἀπάταις

94 2437 307 2472 ἐπιπορεύεσθαι
334 2436 409 2471 (62),
440 2435 507 2471 μηδὲ
524 2436 558 2471 τῇ
587 2435 692 2469 πονηρᾷ
722 2432 807 2468 τρίϐῳ
832 2432 883 2467 τῆς

95 2475 231 2519 ἁμαρτίας
256 2482 299 2509 διὰ
316 2482 413 2517 βάθους
435 2481 598 2514 ἐνίστασθαι,
618 2479 684 2515 μηδὲ
702 2478 830 2513 ἀκίνητόν
853 2485 882 2504 τε

93 2529 142 2556 καὶ
165 2528 366 2564 καθιδρυμένην
381 2528 492 2560 ,ἑαυτοῖς
509 2526 558 2561 τὴν
582 2525 682 2552 κακίαν
697 2523 880 2559 ἐπιτηδεύειν,

92 2574 163 2601 ἀλλὰ
181 2574 220 2609 τῷ
246 2574 309 2608 θείῳ
326 2572 507 2600 συνάπτεσθαι
522 2571 610 2606 νόμῳ,
635 2570 680 2597 διὰ
699 2570 814 2606 μελέτης
830 2569 880 2604 τὴν

92 2620 204 2654 ἀπλανῆ
225 2620 336 2655 πορείαν
360 2620 466 2650 ἑαυτοῖς
483 2617 723 2653 κατορθώσαντας,
739 2616 776 2647 ὡς
793 2615 825 2642 ἃν
840 2616 883 2651 te

93 2665 224 2701 ριζωθείη
238 2664 321 2700 φυτοῦ
333 2664 409 2699 δίκην
422 2664 513 2695 αὐτοῖς
525 2664 541 2698 ἡ
554 2662 621 2698 πρὸς
635 2662 665 2688 τὸ
680 2663 801 2697 κρεῖττον
814 2661 884 2697 ἕξις,

131 2755 186 2791 (57)
203 2755 284 2782 Forte
296 2755 461 2791 προτροπὴν.

129 2791 186 2825 (58)
211 2790 365 2817 ’Δποδεικνυ
370 2790 462 2825 μένην,
479 2790 522 2819 ed.

131 2825 186 2859 (59)
201 2825 283 2853 Πέντε
298 2833 352 2855 οω.
367 2825 411 2853 cd.

933 2253 1041 2285 tempus
1054 2258 1127 2277 nunc
1139 2250 1233 2285 exigit,
1248 2253 1277 2276 ut
1289 2250 1384 2285 paucis
1397 2249 1575 2278 declaremus.
1587 2243 1615 2277 ln
1628 2251 1715 2286 prima

934 2299 1013 2330 parte
1036 2294 1146 2322 abducit
1169 2302 1217 2322 eos
1240 2294 1287 2330 qui
1313 2295 1436 2329 improbe
1457 2295 1560 2328 vivunt,
1585 2296 1620 2322 ab
1643 2296 1716 2323 inani

934 2340 1107 2375 absurdaque
1125 2340 1242 2373 fallacia,
1267 2340 1403 2375 simulque
1424 2339 1456 2367 ad
1478 2341 1589 2368 meliora
1609 2345 1718 2369 sectan-

932 2386 967 2414 da
999 2385 1107 2417 invitat,
1139 2389 1168 2412 ut
1195 2386 1233 2412 nil
1264 2386 1381 2421 amplius
1411 2386 1556 2420 impiorum
1583 2385 1718 2420 deceptio-

932 2431 1014 2459 nibus
1028 2431 1171 2466 adjiciam,
1188 2439 1278 2466 neque
1294 2439 1397 2467 asperae
1411 2436 1586 2467 peccatorum
1600 2432 1650 2459 via:
1665 2432 1717 2459 im-

932 2485 1028 2513 presso
1038 2477 1159 2513 ’vestigio
1175 2476 1291 2506 lirmiter
1302 2478 1440 2510 insistant,
1455 2485 1544 2513 neque
1564 2477 1715 2510 immotam,

931 2523 1191 2559 corroboratamque
1215 2524 1348 2551 malitiam
1373 2524 1424 2552 sibi
1453 2532 1549 2559 parere
1576 2523 1716 2556 studeant.

933 2569 981 2597 sed
997 2574 1025 2596 ut
1037 2570 1123 2604 legem
1139 2569 1187 2596 Dei
1205 2570 1420 2605 apprehendant,
1434 2569 1632 2605 diligenterque
1644 2569 1715 2596 viam

932 2615 1035 2643 erroris
1050 2619 1189 2654 expertem
1202 2615 1253 2643 sibi
1271 2616 1405 2647 muniant,
1424 2619 1454 2642 ut
1469 2615 1600 2642 habitudo
1616 2619 1642 2642 et
1657 2622 1718 2649 pro-

932 2661 1028 2696 pensio
1054 2661 1088 2688 ad
1114 2661 1215 2689 bonum
1240 2661 1267 2688 in
1293 2662 1360 2697 ipsis
1379 2661 1478 2697 plantat
1502 2661 1591 2690 instar
1608 2659 1717 2688 radices

970 2751 1026 2787 (60)
1038 2753 1098 2783 Τόν,
1114 2753 1156 2779 ed.

970 2786 1024 2821 (6|)
1035 2788 1089 2814 Kal.
1104 2788 1160 2819 ὲπί,
1175 2788 1219 2815 ed.

972 2821 1028 2856 (62)
1049 2823 1290 2858 Ἐπισωρεύεσθαι,
1303 2822 1347 2850 ed.
