1986 3080
301 149 350 179 451

914 144 948 170 'S.
970 141 1133 170 GREGORII
1155 140 1302 169 NYSSEM

1868 143 1914 170 45;!

302 210 380 242 agat;
400 212 514 232 accessu
531 208 558 232 et
571 204 696 240 ingressu
710 204 743 231 ad
761 206 876 235 rectum,
892 203 939 237 qui
959 202 1026 229 nihil
1044 206 1086 229 est

1141 203 1197 234 ταῖς
1224 201 1309 232 θείαις
1335 199 1516 232 διδασκαλίαις
1540 200 1709 235 ὲπαρδομένη
1729 198 1808 235 (62').
1826 199 1856 226 'H
1871 198 1913 228 οὖν

295 252 374 281 ιοιίιιι]
397 260 478 287 quam
497 259 622 279 recessus
640 259 654 277 a
673 250 821 281 contrario,
845 255 893 284 per
907 256 987 284 quem
1003 248 1085 275 etIici-

301 305 345 328 tur
363 298 426 334 quis
446 306 536 325 rerum
553 296 772 333 praestandorum
798 295 944 330 particeps.

336 365 427 400 Atqui
439 364 495 399 jam
508 364 636 392 virtutem
649 363 813 399 degustarit,
830 362 995 398 propriaque
1009 369 1087 396 expe-

301 412 399 439 rientia
415 411 480 438 boni
498 414 624 437 naturam
640 410 751 443 didicit,
772 410 817 437 ille
840 417 894 436 non
911 412 952 436 est
968 408 1086 443 amplius

302 459 339 485 ita
354 462 540 492 comparatus,
556 460 584 483 ut
600 463 713 483 necesse
728 456 764 482 sit
780 462 841 482 eum
858 454 951 481 multis
961 453 1088 480 cohorta-

301 505 423 532 tionibus
434 504 468 530 ab
478 502 666 530 adeelionibus
677 501 756 528 malis
767 501 936 531 abstrahere,
947 504 973 527 et
985 500 1017 526 ad
1030 499 1086 526 vir-

303 554 388 577 tutem
398 550 529 582 incitare;
543 548 589 576 sed
603 548 662 582 ipse
677 548 720 575 siti
735 546 851 582 quadam
864 546 927 573 boni
939 550 967 573 et
979 545 1087 572 honesti

303 596 380 630 quasi
395 600 502 623 aestuat.
518 594 683 629 Cupiditatis
698 593 770 620 enim
782 592 981 620 vehementiam
995 595 1023 618 et
1034 591 1088 618 vio-

304 643 414 669 lentiam
429 641 473 669 siti
486 644 626 675 comparat
639 639 809 667 Psalmorum
827 640 952 673 scriptor,
971 637 1087 664 adducta

303 685 522 713 siticulosissima
540 692 600 719 quae
617 684 644 710 in
668 683 853 710 animantibus
870 686 911 709 est
930 687 1038 714 natura,
1058 686 1088 709 ut

303 731 421 758 maxime
437 731 517 758 nobis
537 730 571 757 ob
587 730 681 756 oculos
707 734 790 763 ponat
815 729 994 755 inlensionem
1013 728 1088 762 cupi~

304 777 398 803 ditatis
412 784 459 810 per
479 776 590 807 animal,
608 774 680 809 quod
696 782 777 809 supra
792 774 901 800 modum
918 774 963 801 siti
981 773 1087 800 crucia-

304 826 350 849 tur
370 827 397 849 et
414 821 506 854 ardet;
528 821 579 848 hoc
603 825 692 847 autem
711 819 811 846 animal
828 827 923 846 cervus
934 823 976 846 est
991 818 1020 845 δι
1043 818 1087 845 cui

305 871 477 899 consuetum,
494 870 688 894 venenatarum
703 865 852 893 bestiarum
865 865 956 891 cibatu
970 864 1042 891 vesci
1060 867 1087 891 et

305 913 502 948 pinguescere;
525 911 606 938 calidi
625 918 690 937 vero
703 915 730 937 et
751 910 826 945 igniti
850 914 916 937 sunt
930 909 1087 944 huiusmodi

306 958 463 984 animalium
483 957 575 990 succi;
596 957 695 991 quibus
719 957 902 991 ingurgitatus
925 963 1035 987 cervus,
1060 955 1089 982 [it

307 1003 461 1030 necessario
476 1002 589 1035 aridior,
607 1002 702 1028 talium
721 1002 878 1028 animalium
900 1008 993 1032 succo,
1009 1001 1088 1035 quasi

306 1048 397 1075 toxico
408 1047 540 1079 infectus;
551 1051 577 1074 et
587 1047 622 1073 ob
630 1048 656 1073 id
665 1047 853 1073 vehementius
863 1047 966 1081 appetit
977 1053 1088 1080 aquam,

305 1097 335 1119 ut
348 1097 423 1119 curet
439 1096 560 1119 exortam
577 1099 609 1118 ex
622 1091 789 1126 ejuscemodi
803 1091 903 1125 pabulo
921 1090 1088 1118 ariditatem.

305 1138 357 1170 Qui
372 1138 455 1172 igitur
470 1138 497 1164 in
514 1137 599 1172 prima
615 1136 784 1163 Psalmorum
804 1141 881 1171 parte
903 1137 986 1163 vitam
1002 1137 1089 1163 virtu-

305 1185 340 1210 tis
356 1183 506 1211 studiosam
523 1183 672 1215 inchoavit,
688 1187 824 1217 gustuque
835 1182 1004 1209 dulcedinem
1018 1182 1087 1216 ejus,

306 1230 377 1264 quod
394 1229 532 1257 desiderat
550 1229 696 1262 cognovit;
725 1233 752 1256 et
771 1236 879 1255 omnem
895 1228 973 1263 quasi
994 1235 1090 1262 repen-

306 1276 373 1302 tium
395 1275 572 1309 cupiditatum
600 1274 716 1308 speciem
745 1274 771 1300 in
803 1274 894 1307 seipso
926 1273 1089 1307 absumpsit,

307 1320 546 1354 leupcrantichue
560 1318 632 1345 velut
644 1318 785 1348 dentibus.
801 1318 862 1345 loco
876 1317 1026 1352 reptilium,
1044 1318 1090 1343 im-

307 1365 463 1392 moderatus
477 1363 657 1398 appetitiones
675 1369 739 1390 suas
754 1363 904 1393 devoravit,
919 1362 980 1396 plus
995 1361 1053 1389 sitit
1064 1365 1090 1388 et

307 1411 409 1444 expetit
430 1409 476 1436 Dei
500 1409 673 1443 praesentiam
700 1412 728 1434 et
756 1407 986 1438 communionem,
1008 1414 1089 1442 quam

307 1463 404 1483 cervus
427 1455 516 1481 fontes
535 1461 669 1488 aquarum
687 1453 874 1487 concupiscat.
893 1452 1009 1478 Tantum
1026 1459 1090 1486 por-

308 1509 339 1528 ro
356 1501 410 1531 ille,
430 1500 477 1534 qui
493 1499 521 1526 in
537 1499 637 1525 fontem
653 1498 749 1525 incidit
766 1503 827 1532 post
845 1497 984 1524 ardentem
1004 1497 1088 1529 sitim,

308 1554 385 1581 aqua:
399 1545 500 1577 haurit,
514 1549 645 1579 quantum
658 1544 794 1578 cupiditas
809 1545 880 1578 potis
890 1547 932 1570 est
943 1544 1089 1569 attrahere.
1105 1558 1125 1587 Ο

308 1592 360 1624 Qui
374 1598 438 1618 vero
460 1591 532 1618 intra
548 1598 577 1617 se
595 1590 691 1624 recipit
712 1589 778 1616 illud
796 1588 868 1624 quod
884 1588 1049 1622 concupivit,
1068 1587 1091 1615 is

309 1637 406 1672 plenus
419 1640 460 1663 est
473 1637 534 1671 ejus
557 1635 628 1670 quod
644 1635 754 1670 appetiit
774 1642 782 1661 :
803 1642 856 1660 non
874 1634 946 1661 enim
966 1641 999 1661 eo
1013 1632 1092 1660 modo

309 1691 364 1717 quo
389 1682 416 1708 in
434 1689 579 1716 corporum
599 1681 758 1715 repletione,
778 1680 935 1707 exinanitur
952 1679 1041 1706 denuo
1066 1679 1093 1706 id

309 1729 382 1763 quod
398 1728 480 1755 semel
503 1727 638 1762 repletum
654 1726 758 1758 fuerat,
774 1733 862 1760 neque
883 1726 988 1753 otiosus
1005 1725 1031 1751 in
1049 1732 1093 1752 se-

310 1775 370 1809 ipso
387 1779 467 1808 potus
483 1773 528 1799 ille
552 1777 660 1805 manet;
680 1772 728 1799 sed
751 1772 861 1799 divinus
886 1771 958 1801 fons.
980 1771 1008 1798 in
1029 1777 1093 1805 quo-

309 1828 416 1855 cunque
429 1818 573 1850 exstiterit,
601 1817 635 1846 ad
656 1825 716 1845 sese
736 1817 808 1852 rapit
829 1825 890 1844 cum
905 1817 951 1851 qui
974 1823 1094 1844 accesse-

308 1866 354 1899 rit,
371 1866 458 1901 deque
473 1872 522 1893 sua
537 1865 563 1892 vi
578 1867 604 1891 et
619 1863 750 1890 facultate
766 1863 869 1898 aliquid
883 1862 1023 1898 elargitur.

615 1926 730 1954 CAPUT
750 1927 795 1954 Vl.

347 2005 481 2034 Caeterum
495 2005 606 2041 propria
627 2008 668 2033 est
680 2004 837 2033 Divinitatis
850 2013 893 2034 vrs
910 2005 1093 2040 perspiciendi

310 2054 338 2078 ct
351 2049 482 2078 eilicieudi
503 2053 602 2077 cuncta
622 2057 713 2077 rerum
736 2057 846 2085 genera.
866 2050 936 2085 Ergo
958 2050 1004 2084 qui
1023 2050 1094 2077 intra

313 2102 342 2123 se
367 2095 462 2130 recipit
481 2095 533 2122 hoc
557 2095 629 2129 quod
655 2094 840 2127 desideravit,
867 2095 913 2122 ille
939 2096 1020 2122 etiam
1043 2095 1094 2122 hac

313 2139 497 2174 perspiciendi
517 2139 647 2167 facultate
661 2140 789 2173 donatur,
805 2148 952 2175 rerumque
967 2145 1093 2167 naturam

310 2187 522 2221 contemplatur.
538 2185 684 2220 Propterea
695 2187 802 2213 terliam
815 2186 985 2214 Psalmorum
998 2185 1095 2213 sectio-

1137 248 1243 284 πρώτη,
1257 247 1323 283 πρὸς
1335 247 1364 273 τὸ
1379 246 1478 281 ἀγαθὸν
1492 245 1629 281 εἷσοδος,ἦ
1646 246 1700 272 τῶν
1711 246 1837 273 ἐναντίων
1847 247 1914 274 ἐστὶν

1137 293 1295 325 ἀπόστασις,
1308 292 1341 318 δι’
1355 289 1389 327 ἧς
1404 291 1506 326 γίνεται
1518 292 1535 327 ἡ
1551 290 1650 326 μετοχὴ
1661 290 1707 317 τοῦ
1721 290 1861 326 βελτίονος.

1178 362 1208 389 ⁸0
1233 361 1261 388 δὲ
1277 361 1443 396 γευσάμενος
1471 360 1520 394 ἤδη
1550 360 1600 393 τῆς
1620 358 1730 394 ἀρετῆς,
1750 357 1796 384 καὶ⁸
1808 359 1841 393 τῇ
1859 358 1914 384 καθ’

1137 407 1232 434 ἑαυτὸν
1253 407 1336 441 πείρᾳ.
1360 405 1406 432 τοῦ
1428 404 1529 439 ἀγαθοῦ
1560 405 1608 439 τὴν
1632 404 1712 438 φύσιν
1742 403 1915 438 κατανοήσας,

1137 454 1227 481 οὐκέτι
1243 452 1361 483 τοιοῦτός
1380 453 1453 478 ἐστιν
1465 470 1473 482 .
1497 450 1533 481 ὡς
1552 449 1657 485 ἀνάγκῃ
1679 449 1732 475 τινὶ
1758 449 1805 474 καὶ
1829 448 1915 474 νουθε-

1140 500 1186 535 σίᾳ
1212 499 1259 534 τῆς
1288 498 1356 533 πρὸς
1387 497 1437 532 τὴν
1472 496 1571 523 κακίαν
1596 494 1780 530 προσπαθείας
1808 494 1916 528 ἀφέλκε-

1139 545 1219 576 σθαι,
1237 545 1285 571 καὶ
1304 543 1372 579 πρὸς
1394 543 1442 576 τὴν
1459 542 1559 577 ἀρετὴν
1575 541 1691 576 βλέπειν,
1710 540 1767 566 ἀλλ“
1786 539 1916 574 ὑπερδιψᾷ

1139 590 1187 618 τοῦ
1208 590 1350 625 βελτίονος.
1372 589 1409 614 Τὸ
1426 587 1480 622 γὰρ
1495 587 1606 622 ἄσχετον
1632 595 1661 612 τε
1683 586 1729 612 καὶ
1747 585 1858 620 σφοδρὸν
1872 585 1917 620 τῆς

1139 635 1286 670 ἐπιθυμίας
1308 635 1340 668 τῇ
1358 633 1418 668 δίψῃ
1434 630 1606 667 προσεικάζει
1621 630 1635 655 ὁ
1647 629 1734 662 λόγος,
1755 627 1918 662 ἐπιζητήσας

1137 682 1186 717 τὴν
1209 680 1409 715 διψωόεστάτην
1426 679 1455 705 ἐν
1471 679 1526 709 τοῖς
1553 676 1631 708 ζώοις
1651 675 1744 709 φύσιν,
1767 675 1805 705 ὡς
1823 674 1854 700 ἂν
1872 673 1918 708 μά-

1139 728 1218 754 λιστα
1233 726 1263 752 τὸ
1278 724 1470 759 ἐπιτεταμένον
1484 724 1532 758 τῆς
1551 722 1697 756 ἐπιθυμίας
1717 720 1761 747 διὰ
1775 720 1822 746 τοῦ
1841 720 1918 754 ὑπερ-

1139 769 1288 800 ϐαλλόντως
1299 769 1327 794 ὲν
1339 770 1371 803 τῇ
1379 767 1442 803 δίψῃ
1450 766 1589 801 γινομένου
1600 765 1667 797 ζώου
1681 764 1734 800 (63)
1747 763 1916 798 ὲπιδειχθείη.

1138 814 1223 841 Τοῦτο
1235 814 1263 840 δὲ
1272 813 1302 840 τὸ
1318 813 1386 845 ζῶον
1397 813 1493 846 ἔλαφον
1507 811 1591 846 λέγει,
1602 807 1623 844 ᾧ
1635 810 1714 844 φύσις
1725 809 1783 835 ἐστὶ
1795 810 1826 843 τῇ
1839 808 1916 842 ἐδωδῇ

1138 861 1193 888 τῶν
1217 860 1325 887 ἰοϐόλων
1344 859 1444 894 θηρίων
1459 857 1625 884 πιαίνεσθαι.
1639 855 1741 891 Θερμοὶ
1754 855 1783 881 δὲ
1804 854 1850 880 καὶ
1864 853 1917 880 δια-

1139 907 1215 936 καείς
1233 905 1258 931 ot
1272 905 1353 940 χυμοὶ
1363 904 1417 931 τῶν
1430 903 1542 938 θηρίων,
1555 899 1593 928 ὧν
1604 899 1764 936 ὲμφαγοῦσα
1782 899 1800 934 ἡ
1815 898 1918 932 ἔλαφος,

1139 951 1273 986 ξηροτέρα
1293 950 1396 984 γίνεται
1420 950 1480 976 κατ’
1498 948 1619 982 ἀνάγκην
1639 944 1862 981 φαρμακευθεῖσα
1883 942 1918 978 τῷ

1138 997 1192 1023 τῶν
1210 996 1277 1030 (65⁸)
1293 995 1394 1030 θηρίων
1409 994 1500 1030 χυμῷ.
1526 994 1581 1019 Καὶ
1596 993 1638 1018 διὰ
1655 991 1732 1018 τοῦτο
1747 990 1918 1025 σφοδρότερον

1139 1042 1268 1076 ἐπιθυμεῖ
1280 1041 1327 1067 τοῦ
1341 1040 1445 1072 ὓδατος,
1457 1040 1500 1066 ἵνα
1510 1038 1666 1074 θεραπεύσῃ
1680 1037 1727 1071 τὴν
1738 1038 1770 1063 ἐκ
1780 1036 1829 1070 τῆς
1839 1034 1919 1062 τοιαύ-

1139 1096 1188 1122 της
1206 1087 1333 1122 βρώσεως
1349 1086 1526 1121 ὲγγινομένην
1542 1085 1688 1120 ξηρότητα.
1712 1083 1742 1108 '0
1756 1082 1844 1109 τοίνυν
1858 1089 1920 1116 προ-

1138 1134 1274 1164 τελεσθεὶς
1290 1133 1340 1168 τὴν
1354 1133 1382 1159 ἐν
1395 1133 1478 1167 ἀρετῇ
1491 1131 1562 1165 ζωὴν
1574 1131 1602 1157 ἐν
1618 1129 1656 1164 τῷ
1672 1127 1771 1164 πρώτῳ
1786 1127 1862 1162 μέρει
1876 1126 1919 1160 τῆς

1139 1179 1299 1213 ψαλμῳδίας
1310 1199 1317 1210 ,
1331 1179 1378 1204 καὶ
1393 1178 1423 1203 τὺ
1438 1177 1523 1211 γλυκὺ
1539 1175 1586 1202 τοῦ
1598 1174 1764 1210 ποθουμένου
1781 1174 1815 1208 τῇ
1833 1171 1918 1206 γεύσει

1140 1225 1291 1259 γνωρίσας,
1314 1224 1471 1258 δαπανήσας
1487 1222 1515 1249 δὲ
1532 1223 1585 1248 πᾶν
1600 1220 1762 1257 ἑρπυστικὸν
1780 1218 1919 1253 ἐπιθυμίας

1141 1269 1209 1302 εἶδος
1230 1271 1258 1296 ἐν
1275 1269 1383 1304 ἑαυτῷ,
1409 1268 1456 1294 καὶ
1483 1269 1539 1299 τοῖς
1561 1268 1609 1301 τῆς
1637 1265 1815 1301 σωφροσύνης
1835 1263 1918 1291 ἰδοῦσι

1139 1315 1277 1350 διαφαγὼν
1294 1315 1353 1341 ἀντὶ
1369 1314 1469 1349 Θηρίων
1494 1313 1527 1340 τὰ
1550 1313 1622 1347 πάθη
1634 1321 1640 1328 ·
1654 1312 1718 1346 διψᾷ
1732 1311 1782 1346 τῆς
1796 1310 1842 1336 τοῦ
1857 1307 1918 1335 Θεοῦ

1142 1362 1285 1397 μετουσίας
1309 1361 1398 1392 πλέον,
1414 1360 1431 1395 ἦ
1451 1360 1510 1386 καθ’
1525 1359 1587 1385 ὅσον
1602 1357 1679 1384 ποθεῖ
1694 1357 1743 1388 τὰς
1765 1356 1855 1391 πηγὰς
1871 1354 1919 1380 τῶν

1141 1407 1244 1433 ὑδάτων
1260 1407 1276 1441 ή
1294 1405 1401 1439 ἔλαφος.
1419 1405 1536 1431 ’Ἐπεται
1558 1403 1586 1430 δὲ
1600 1403 1638 1438 τῷ
1652 1403 1702 1437 τῆς
1722 1402 1816 1436 πηγῆς
1836 1401 1920 1427 ὲπιτψ

1140 1452 1213 1487 χόντι
1234 1451 1302 1486 μετὰ
1315 1451 1363 1485 τὴν
1385 1449 1604 1485 ὑπερϐάλλουσαν
1620 1447 1699 1481 δίψαν
1715 1445 1842 1472 τοσοῦτον
1857 1444 1920 1470 σπᾶ-

1141 1506 1187 1524 σαι
1198 1497 1244 1524 τοῦ
1261 1496 1366 1526 ὓδατος,
1382 1496 1441 1522 ὅσον
1460 1495 1476 1530 ἡ
1490 1494 1621 1529 ἐπιθυμία
1635 1493 1694 1519 κατ’
1707 1491 1831 1524 ἐξουσίαν
1846 1489 1920 1524 ἐφέλ-

1142 1551 1228 1570 κεται.
1256 1543 1283 1568 '0
1306 1541 1333 1568 δὲ
1354 1540 1444 1567 λαϐὼν
1459 1541 1486 1566 ἐν
1505 1539 1593 1574 ἑαυτῷ
1612 1538 1641 1565 τὸ
1657 1537 1827 1571 ποθούμενον
1854 1535 1918 1569 πλή-

1143 1597 1194 1624 ρης
1206 1588 1279 1614 ἐστὶν
1303 1583 1333 1613 οὗ
1348 1585 1490 1620 ἐπόθησεν.
1513 1584 1550 1611 Οὐ
1568 1585 1622 1619 γὰρ
1644 1582 1706 1609 καθ’
1718 1581 1864 1617 ὁμοιότητα
1875 1579 1919 1613 τῆς

1142 1636 1170 1661 ἑν
1188 1635 1292 1669 σώματι
1305 1632 1462 1667 πλησμονῆς
1475 1630 1598 1657 κενοῦται
1619 1629 1699 1656 πάλιν
1715 1627 1744 1653 τὺ
1761 1627 1865 1662 πλῆρες
1880 1632 1922 1658 γε-

1142 1681 1266 1715 νόμενον·
1291 1679 1350 1705 οὐδὲ
1366 1677 1448 1713 ἀργὸν
1467 1677 1495 1702 ὲν
1517 1674 1605 1709 ἐαυτῷ
1619 1674 1649 1700 τὸ
1671 1673 1751 1699 ποτὸν
1780 1671 1917 1706 διαμένει·

1142 1726 1198 1753 ἀλλ’
1214 1727 1230 1761 ἡ
1252 1724 1309 1752 θεία
1328 1723 1414 1759 πηγὴ,
1432 1723 1460 1749 ὲν
1477 1718 1552 1756 ᾧπερ
1575 1719 1607 1747 ἂν
1623 1719 1745 1754 γένηται,
1772 1717 1839 1753 πρὸς
1863 1716 1920 1742 ἐαυ-

1141 1772 1189 1806 τὴν
1205 1771 1344 1806 μεταποιεῖ
1355 1769 1400 1796 τὸν
1418 1768 1566 1804 ἁψάμενον,
1580 1765 1626 1793 καὶ
1643 1764 1860 1800 συμμεταδίδωσι
1876 1761 1920 1796 τῆς

1145 1817 1212 1849 ἰδίας
1228 1816 1377 1851 δυνάμεως.

1401 1932 1600 1962 ΚΕΦΑΛΔΙΟΝ
1618 1931 1663 1965 C1".

1183 2006 1262 2034 Ἀλλὰ
1278 2005 1329 2041 μὴν
1347 2003 1412 2031 ἴδιόν
1430 2004 1489 2030 ἐστι
1504 2000 1713 2037 τῆςθεότητοςή
1728 1996 1861 2031 ὲποπτικὴ
1870 1994 1918 2041 τῷν

1143 2052 1226 2079 ὅντων
1254 2040 1367 2084 δύναμίς
1389 2057 1419 2074 τε
1443 2047 1490 2074 καὶ
1511 2046 1645 2080 ἐνέργεια.
1669 2042 1774 2069 Οὐκοῦν
1795 2043 1809 2068 ὁ
1830 2042 1857 2067 ὲν
1878 2040 1918 2065 αὐ-

1142 2097 1181 2133 τῷ
1196 2097 1250 2132 (64)
1265 2095 1343 2130 ἔχων,
1365 2094 1432 2129 ὅπερ
1454 2091 1581 2126 ἐπόθησε,
1608 2090 1654 2117 καὶ
1675 2088 1757 2120 αὐτὸς
1783 2084 1918 2132 ὲποπτικὸς

1143 2145 1257 2179 γίνεται,
1275 2142 1321 2168 καὶ
1339 2139 1389 2176 τὴν
1405 2139 1459 2166 τῶν
1478 2138 1561 2164 ὅντων
1573 2136 1758 2163 διασκοπεῖται
1775 2128 1918 2168 φύσιν.“Διὰ

1143 2177 1220 2217 τοῦτο
1238 2187 1284 2215 τοῦ
1308 2187 1399 2222 τρίτου
1420 2185 1562 2220 τμήματος
1585 2182 1635 2216 τῆς
1655 2180 1813 2215 ψαλμῳδίας
1827 2177 1918 2222 ταύτην

311 2240 372 2259 nem
388 2232 422 2259 ab
442 2232 495 2258 hoc
509 2232 642 2268 principio
657 2232 816 2267 auspicatus
832 2236 885 2265 est,
909 2239 962 2267 qua
985 2231 1090 2266 potissi-

1146 2236 1291 2271 πεποίηται
1302 2233 1351 2268 τὴν
1365 2231 1461 2268 ἀρχὴν,
1478 2231 1506 2256 ἐν
1521 2225 1543 2263 ᾧ
1557 2228 1635 2255 τοῦτο
1650 2226 1766 2262 μάλιστα
1779 2221 1918 2257 διεξετάζει

312 2285 386 2304 ιιιιιιιι
411 2278 534 2312 inquiritl
555 2278 692 2312 quomodo
715 2278 821 2313 justitia
838 2278 925 2305 divini
950 2277 1047 2313 judicii
1066 2277 1094 2304 iu

313 2323 495 2358 inmqualitate
526 2323 608 2358 hujus
631 2325 693 2351 vitae
714 2328 850 2358 servetur,
873 2325 1094 2361 quandoquidem

313 2371 472 2404 plerumque
482 2377 536 2397 non
550 2378 598 2404 pro
611 2371 716 2398 meritis
731 2379 764 2399 ex
778 2371 911 2406 dignitate
924 2372 1094 2408 singulorum

312 2415 428 2442 felicitas
444 2415 472 2442 in
487 2415 538 2442 hac
551 2415 606 2442 vita
619 2416 775 2444 hominibus
789 2418 923 2453 obtingit;
940 2425 1012 2453 saepe
1022 2419 1095 2445 enim

313 2461 340 2487 in
359 2461 454 2488 eodem
479 2461 533 2488 duo
553 2465 672 2489 extrema
688 2470 801 2490 cernere
820 2463 894 2495 licet,
919 2464 957 2490 ita
977 2467 1005 2490 ut
1019 2463 1093 2491 idem

313 2506 348 2533 sit
361 2511 387 2533 et
405 2507 430 2534 in
447 2507 560 2539 malitia,
576 2512 603 2535 et
620 2509 647 2535 in
672 2509 784 2544 perenni
800 2517 891 2536 rerum
913 2510 1094 2544 prosperitate

312 2560 436 2580 summus
449 2562 455 2580 :
476 2561 555 2589 quem
570 2560 632 2580 cum
645 2555 708 2589 quis
721 2554 830 2590 aspicit,
847 2555 974 2582 turbatur
990 2555 1093 2587 animo,

313 2605 347 2625 ne
361 2597 431 2626 forte
442 2600 528 2635 magis
538 2608 570 2628 ex
583 2608 613 2628 re
624 2601 749 2627 humana:
764 2600 930 2628 conditionis
939 2601 975 2628 sit
991 2601 1093 2636 impro-

347 2700 357 2715 ⁸
366 2699 437 2728 Psal.
453 2707 509 2732 xu,
527 2699 556 2726 ‘2.

348 2775 414 2811 (ΟΨ)
428 2775 494 2806 Ταῖς
509 2775 598 2811 θείαις
610 2775 658 2801 διδ.
678 2774 776 2811 tum.
797 2782 851 2802 om.
875 2775 918 2802 ed.
938 2774 997 2802 Mox
1021 2774 1089 2802 idem

313 2808 380 2845 τῇξ..
397 2808 490 2845 εἰσόδῳ
501 2811 558 2837 sine
569 2808 615 2836 οὖν
629 2809 733 2844 πρώτη.

334 2839 403 2881 ”(63)
419 2839 490 2871 Ζώου
505 2853 557 2872 οιιι.
572 2845 615 2872 ed.

1144 2284 1158 2310 ὁ
1181 2268 1258 2316 λόγος
1269 2301 1276 2313 ,
1300 2279 1358 2311 πῶς
1384 2277 1415 2304 τὸ
1430 2276 1531 2303 δίκαιον
1548 2274 1597 2309 τῆς
1613 2273 1689 2304 θείας
1713 2272 1829 2307 κρίσεως
1845 2270 1874 2316 ὲν
1887 2268 1919 2316 Δτῇ

1144 2313 1285 2362 ἀνωμαλίᾳ
1297 2325 1343 2352 τοῦ
1355 2323 1412 2359 βίου
1430 2321 1624 2355 διασωθήσεται
1636 2327 1643 2334 ·
1655 2319 1685 2345 οὺ
1702 2317 1773 2345 κατὰ
1787 2316 1833 2351 τὴν
1850 2313 1919 2347 ἀξίαν

1144 2360 1392 2408 τῶν-προαιρέσεων
1403 2368 1452 2403 τῆς
1462 2366 1532 2393 κατὰ
1544 2365 1589 2393 τὸν
1604 2365 1657 2400 βίον
1666 2364 1760 2390 τοῦτον
1771 2360 1919 2395 εὖκληρίας,

1145 2419 1182 2451 ὼς
1194 2406 1236 2446 τὰ.
1243 2416 1338 2449 πολλὰ,
1353 2416 1409 2447 τοῖς
1425 2413 1578 2448 ἀνθρώποις
1589 2409 1777 2445 ἐγγινομένης.
1796 2406 1919 2451 Πολλάκις

1147 2449 1200 2499 γάιρ
1211 2463 1274 2499 περὶ
1287 2462 1332 2488 τὸν
1347 2460 1427 2487 αὑτὸν
1442 2459 1496 2494 (65)
1511 2457 1560 2489 τὰς
1573 2455 1619 2483 δύο
1633 2455 1749 2499 κατιδεῖν
1760 2452 1831 2499 ἔστιν
1846 2449 1918 2499 d296-

1147 2496 1285 2544 τητας,’τδ
1300 2506 1411 2542 ἔσχατον
1421 2505 1450 2530 ὲν
1465 2503 1558 2537 κακίᾳ,
1578 2501 1624 2528 καὶ
1642 2500 1672 2526 τὺ
1684 2497 1814 2544 κατᾲγτὴν
1830 2496 1926 2544 εὑημε-

1149 2537 1208 2588 pila»
1220 2537 1378 2586 αιιρότατον.
1389 2548 1461 2583 Πρὸς
1474 2547 1488 2574 ὃ
1502 2555 1542 2578 τις
1556 2545 1671 2581 βλέπων,
1687 2542 1794 2574 ὀκλάζει
1810 2548 1865 2571 πως

1147 2583 1275 2628 ὲιάνοιαν,
1296 2597 1399 2632 μήποτε
1419 2595 1541 2630 κρεῖττον
1588 2593 1621 2627 τῇ
1636 2590 1794 2625 ἀνθρωπίνῃ
1807 2587 1882 2622 φύσει
1898 2583 1929 2609 ιθ)

1178 2771 1243 2805 (63')
1257 2771 1374 2802 Τούτων,
1390 2771 1433 2798 ed.

1179 2807 1235 2838 (61)
1261 2807 1374 2840 Ἑαυτῷ,
1385 2806 1428 2832 ed.

1179 2842 1234 2876 (67S)
1249 2841 1308 2867 Τῶν
1326 2841 1423 2873 αὐτῶν,
1438 2840 1480 2867 ed.
