1986 3080
257 100 309 128 ιδις

863 95 895 123 S.
919 95 1084 124 GREGORII
1101 94 1250 124 NYSSENI

1820 92 1867 120 ισκ

257 165 312 194 que
321 157 393 185 enim
405 156 465 184 sine
478 155 570 183 divina
585 155 726 183 voluntate
745 155 775 182 tit
789 154 823 182 ad
836 159 940 183 rectum
953 160 981 184 et
994 156 1041 184 ho-

1100 156 1184 192 Ξχημά
1196 165 1222 183 τι
1238 155 1283 183 καὶ
1297 156 1395 191 πτερδν
1411 154 1514 188 γίνεται
1528 152 1574 180 τοῦ
1587 152 1637 179 ὗπδ
1649 150 1698 186 τῆς
1707 149 1778 181 θείας
1786 158 1863 185 προσ-

258 206 364 230 nestum
375 201 520 229 traductio.
548 209 557 226 ε
574 200 606 228 Et
620 208 681 228 cum
695 200 781 236 gloria
793 200 938 236 suscepisti
956 209 1008 228 me.
1031 210 1040 227 ι

256 248 375 276 Pulchre
390 247 501 283 opponit
518 246 615 282 pudori
631 246 763 282 gloriam;
790 254 851 282 quae
868 246 948 282 quasi
967 245 1044 273 veiti-

258 294 350 321 culum
370 297 397 321 et
419 294 460 320 ala
479 293 604 328 quaedam
624 293 664 320 illi
679 297 731 325 est,
748 293 795 329 qui
817 301 832 320 a
853 293 944 320 divina
959 299 1042 318 manu

258 340 408 367 assumitur
427 344 454 366 et
474 339 593 366 ducitur.
620 339 668 366 llis
695 339 752 366 hate
781 339 905 374 adjecit:
936 347 945 363 ι
971 337 1043 370 Quid

259 387 330 414 enim
351 386 417 413 mihi
441 390 483 413 est
507 385 534 412 in
554 386 642 417 cmlo,
660 390 687 412 et
702 393 717 413 a
740 389 767 413 te
781 386 846 421 quid
863 385 936 412 volui
963 391 1045 419 super

256 432 383 459 terram?
407 441 416 457 ι
451 431 486 458 At
509 431 581 466 quod
607 431 685 458 multi
714 432 868 459 mortalium
901 431 1045 465 hucusque

258 476 341 503 etiam
365 476 508 506 factitant,
527 476 554 503 id
576 475 699 503 videlicet
715 480 774 507 est:
788 483 849 503 cum
866 479 970 502 tantam
995 475 1045 502 bo-

259 529 358 548 norum
377 522 482 556 copiam
508 522 534 548 iu
552 522 622 549 coelo
640 523 786 556 repositam
803 522 930 552 habeant.
947 521 980 548 ad
1001 528 1046 547 ar-

258 568 371 595 bitrium
391 576 488 602 suum;
512 568 689 596 nihilominus
706 569 833 604 precibus
848 575 957 603 quoque
983 574 1046 595 con-

259 613 403 644 tendunt,.
419 617 447 640 ut
474 621 489 640 a
515 613 569 640 Deo
593 614 736 641 obtineant
752 613 910 641 umbratiles
937 613 998 640 illas
1020 617 1047 641 et

261 658 439 693 imaginarias
453 659 575 686 fallacias
585 680 591 691 ,
610 658 842 692 dominationem,
859 659 970 694 inquam
981 679 987 691 ,
1003 658 1046 685 vel

260 704 404 737 honorem,
420 705 458 731 vel
472 705 591 738 divitias,
607 705 650 732 vel
665 705 792 732 miseram
804 705 877 732 illam
890 704 1044 739 gloriolam,

262 751 342 785 cujus
366 751 493 785 cupidine
509 751 659 778 humanum
676 759 762 786 genus
782 751 894 779 insanit.
913 751 964 784 Qui
981 758 1047 777 vero

260 797 286 823 in
299 797 456 824 cmlestibus
470 802 605 827 versatur,
621 798 644 824 is
659 801 685 824 et
695 797 748 824 hoc
758 796 854 824 ordine
868 795 1048 824 conveniente

1093 201 1297 238 λαμϐανομένου
1318 200 1418 236 χειρὸς,
1440 200 1503 227 ὅταν
1523 207 1566 229 τις
1581 197 1674 225 ἑαυτὸν
1691 195 1744 222 τῶν
1757 196 1813 222 κατ’
1827 195 1863 221 αἱ·

1095 249 1194 284 σχύνην
1215 248 1303 284 ἔργων
1320 246 1499 282 ἀλλοτριώσῃ.
1522 245 1576 272 Καὶ
1596 243 1667 270 οὕτω
1683 243 1737 273 τοῖς
1755 240 1866 276 ῥηθεῖσιν

1095 295 1228 329 ἐπήγαγε·
1250 302 1259 319 ι
1275 293 1309 319 Τί
1323 293 1377 327 γάρ
1400 300 1444 327 μοι
1462 291 1579 326 ὑπάρχει
1601 290 1630 315 ὲν
1642 287 1682 323 τῷ
1698 286 1809 322 οὐρανῷ,
1826 287 1867 312 καὶ

1095 340 1170 375 παρά
1190 340 1236 366 σοι)
1249 338 1276 365 τί
1289 338 1409 374 ἠθέλησα
1432 337 1478 364 ἐπὶ
1492 337 1541 371 τῆς
1564 335 1634 370 γῆς
1661 344 1670 359 ι
1693 334 1707 360 ὃ
1725 333 1756 368 δὴ
1771 331 1870 358 ποιοῦσι

1097 386 1178 421 μέχρι
1195 384 1241 412 τοῦ
1266 384 1313 411 νῦν
1333 385 1357 411 οἱ
1380 383 1472 410 πολλοὶ
1495 382 1549 408 τῶν
1564 380 1715 416 ἀνθρώπων
1729 390 1737 398 ο
1752 377 1870 405 τοιούτων

1095 433 1186 463 αὐτοῖς
1212 432 1271 457 κατ’
1298 429 1422 463 ἐξουσίαν
1446 428 1623 462 ὑπαρχόντων
1649 427 1678 461 ᾖν
1699 424 1738 460 τῷ
1761 422 1870 460 οὐρανῷ,

1096 477 1169 512 ὅμως
1186 477 1214 503 ὲν
1231 476 1311 510 εὐχῆς
1331 475 1407 510 μέρει
1425 473 1563 501 ποιοῦνται
1585 473 1616 499 τὸ
1642 471 1718 507 παρὰ
1740 471 1785 497 τοῦ
1809 469 1870 496 θεοῦ

1095 520 1221 556 γενέσθαι
1236 520 1284 552 τὰς
1295 518 1489 554 φαντασιώδειξ
1503 518 1619 549 ἀπάτας,
1637 515 1792 546 δυναστείαν
1806 513 1871 546 τινὰ,

1096 568 1113 603 ἦ
1127 567 1220 603 τιμὴν,
1245 567 1262 602 ἦ
1280 566 1403 598 πλοῦτον,
1421 565 1437 601 ἤ
1458 565 1488 592 τὸ
1503 564 1632 598 δύστηνον
1645 563 1725 590 τοῦτο
1747 561 1871 596 δοξάριον,

1097 614 1162 649 περὶ
1177 614 1191 640 ὂ
1210 613 1329 649 μέμηνεν
1344 614 1360 648 ἡ
1373 611 1528 647 ἀνθρωπίνη
1542 610 1630 645 φύσις.
1653 609 1683 636 '0
1697 609 1725 635 δὲ
1736 609 1763 635 ὲν
1777 607 1874 638 τούτοις

1097 658 1253 693 γενόμενος,
1275 657 1309 684 δι’
1334 657 1481 684 ἀκολούθου
1501 655 1599 690 ἐπάγει
1616 654 1661 684 τὸ,
1679 662 1689 679 ι
1716 652 1791 688 Ἐμοὶ¹
1806 652 1832 678 δὲ
1847 650 1874 677 τὺ

1098 703 1314 740 προσκολλᾶσθαι
1330 703 1369 738 τῷ
1384 702 1444 738 Θεῷ
1464 701 1563 736 ἀγαθόν
1581 702 1649 731 ἐστι,
1664 698 1785 725 τίθεσθαι
1798 698 1825 723 ἐν
1841 703 1877 731 τῳ

1097 751 1192 786 Κυρίῳ
1208 750 1257 785 τὴν
1270 750 1365 776 ἐλπίδα
1377 758 1438 784 μου.
1457 758 1466 774 ι
1485 748 1570 774 Τοῦτο
1582 747 1699 776 δεικνὺς,
1712 746 1752 771 ὅτι
1764 743 1878 779 συμφύε-

1098 805 1142 823 ται
1158 795 1255 831 τρόπον
1270 794 1330 821 τινὰ
1341 793 1379 829 τῷ
1395 793 1465 828 Θεῷ,
1481 793 1495 819 ὀ
1505 792 1573 826 πρὸς
1586 790 1666 817 αὐτὸν
1680 788 1725 815 διὰ
1735 787 1787 814 τῶν
1807 786 1878 813 ἐλπί-

260 839 335 867 addit
351 849 357 868 :
378 850 387 866 ε
406 841 470 867 Mihi
490 841 627 868 adhaerere
646 841 700 868 Deo
716 842 818 869 bonum
832 846 885 874 est,
902 847 1004 876 ponere
1019 840 1047 867 in

1100 841 1150 868 δων
1165 827 1342 876 κολλώμενος,
1361 827 1407 865 καὶ
1422 827 1450 865 ἓν
1460 838 1528 874 πρὸς
1543 838 1645 864 ἐκεῖνον
1658 835 1812 870 γενόμενος.

261 885 375 914 Domino
389 894 464 920 spem
481 894 588 913 meam:
608 896 616 912 ι
637 887 687 913 hoc
702 887 871 922 signiﬁcans,
886 887 961 914 illum
979 887 1181 922 quodammodo
1206 887 1260 914 Deo
1279 885 1407 918 adnasci,
1439 884 1485 920 qui
1510 883 1562 919 ipsi
1587 890 1636 918 per
1664 889 1741 918 spem
1763 881 1879 908 adhaere-

260 933 332 966 scit,
349 941 434 960 unum
451 941 513 960 cum
530 933 589 968 ipso
607 933 706 960 factus.

571 1016 683 1044 CAPUT
704 1017 759 1044 Vll.

297 1084 364 1111 Cum
383 1084 465 1118 igitur
479 1083 505 1110 in
519 1083 598 1110 tertia
611 1084 731 1111 sectione
748 1084 882 1118 ejusmodi
897 1085 933 1112 sit
950 1084 982 1111 ad
1000 1093 1050 1113 su—

259 1136 327 1163 pera
342 1135 484 1160 ascensus,
500 1128 523 1154 is
534 1128 578 1162 qui
593 1128 644 1155 huc
657 1129 830 1155 celsitudinis
840 1133 956 1156 mentem
971 1137 1049 1156 suam

261 1175 394 1209 provexit,
406 1182 503 1202 rursus
515 1176 656 1210 superiore
667 1175 750 1210 gradu
763 1176 942 1210 apprehenso,
960 1176 1050 1210 seipso

258 1221 291 1246 1it
315 1221 401 1254 major
422 1225 448 1247 ct
469 1221 620 1252 sublimior,
641 1221 667 1247 in
692 1225 789 1256 quarta
809 1221 938 1248 nimirum
956 1226 1048 1256 parte,

261 1266 334 1292 velut
346 1266 472 1297 tertium',
488 1271 517 1293 ut
535 1267 635 1294 Paulus
648 1268 695 1300 ait,
710 1268 811 1295 emittm
829 1268 977 1299 transiens,
991 1275 1050 1302 spa-

256 1311 308 1338 tiis
328 1311 384 1346 jam
410 1313 486 1347 prius
516 1313 666 1348 peragratis
693 1313 827 1340 excelsior
852 1313 991 1340 cllicitur:
1021 1314 1049 1340 in

263 1364 355 1391 quam,
374 1365 427 1384 non
438 1357 493 1392 jam
505 1358 595 1392 quivis
606 1358 639 1385 de
649 1359 740 1393 vulgo,
757 1358 802 1386 sed
816 1359 898 1386 homo
914 1367 976 1386 cum
994 1359 1048 1387 Dco

260 1403 444 1438 conjunctus.
472 1403 604 1438 ﬁrmoqnc
633 1412 702 1431 nexu
728 1405 873 1439 copulatus
899 1405 972 1432 subit
990 1414 997 1432 :
1015 1406 1050 1432 ita

258 1456 326 1475 vero
346 1456 406 1476 sese
422 1449 503 1476 habet
525 1450 627 1482 oratio,
644 1458 704 1485 quae
722 1451 861 1485 sequentis
876 1452 961 1485 partis
977 1452 1050 1485 prin.

1372 1013 1570 1041 ΚΕΦΛΛΑΙΟΝ
1587 1014 1623 1041 Ζ’.

1135 1085 1270 1120 Τοιαύτης
1292 1084 1379 1111 τοίνυν
1400 1084 1547 1119 γενομένης
1563 1082 1648 1117 ὲν-τῷ
1665 1083 1749 1118 τρῑτῳ
1763 1083 1883 1118 τμήματι

1100 1131 1149 1165 τῆς
1165 1131 1209 1156 ἐπὶ
1222 1130 1253 1157 τὸ
1274 1129 1340 1164 ὕψος
1356 1129 1465 1160 ἀνόδου,
1483 1129 1496 1155 ὁ
1512 1129 1558 1154 ἐπὶ
1572 1127 1698 1154 τοσοῦτον
1723 1127 1884 1162 ἀναληφθεὶς

1099 1175 1148 1211 τὴν
1161 1175 1290 1207 διάνοιαν,
1306 1174 1387 1201 πάλιν
1404 1174 1450 1200 τοῦ
1469 1174 1666 1209 ὑπερκειμένου
1683 1173 1790 1209 βαθμοῦ
1804 1173 1882 1199 λαϐό-

1101 1230 1189 1256 μενος,
1204 1221 1307 1255 γίνεται
1323 1221 1404 1252 αὐτὸς
1419 1221 1515 1247 ἑαυτοῦ
1534 1221 1634 1255 μείζων
1647 1221 1695 1247 καὶ
1704 1220 1881 1255 ὑψηλότερος·

1099 1267 1127 1293 ἐν
1153 1266 1191 1301 τῷ
1216 1266 1337 1302 τετάρτῳ
1363 1267 1456 1301 μέρει,
1478 1266 1560 1292 οἱονεὶ
1582 1267 1672 1301 τρίτον
1687 1266 1749 1293 τινὰ
1761 1267 1830 1293 κατὰ
1842 1265 1884 1292 τὸν

1100 1312 1205 1338 Παῦλον
1228 1311 1323 1343 διαϐὰς
1347 1311 1470 1346 οὐρανὸν,
1499 1311 1546 1337 καὶ
1568 1311 1621 1337 τῶν
1646 1311 1884 1347 προδιηνυσμένων

1102 1357 1257 1392 ὑᾲωμάτων
1285 1357 1403 1392 γεγονὼς
1428 1357 1602 1393 ὑψηλότερος.
1639 1358 1800 1393 Διαδέχεται
1835 1358 1885 1392 γὰρ

1099 1403 1187 1429 ταῦτα
1206 1402 1297 1428 οὐκέτι
1315 1404 1329 1429 ὁ
1346 1403 1433 1434 κοινὸς
1450 1402 1601 1437 ἄνθρωπος,
1615 1403 1673 1428 ἀλλ’
1687 1404 1702 1429 ὁ
1720 1403 1885 1439 προσκολλη-

1100 1447 1157 1479 Bal;
1172 1448 1219 1483 ἤδη
1236 1448 1281 1474 καὶ
1297 1449 1466 1483 συνημμένος
1479 1449 1546 1483 Θεῷ.
1558 1450 1626 1484 Φησὶ
1641 1450 1668 1476 δὲ
1680 1450 1770 1482 οὕτως
1786 1452 1799 1478 ό
1813 1451 1887 1485 λόγος

261 1493 361 1528 cipium
376 1498 418 1520 est
437 1503 443 1520 :
466 1504 474 1519 ι
493 1494 586 1521 Oratio
609 1495 693 1530 Moysi
714 1496 817 1523 homini
841 1496 888 1523 Dei
905 1497 923 1523 ⁸.
948 1507 956 1521 ι
975 1497 1047 1524 Talis

1100 1493 1146 1519 τοῦ
1165 1493 1263 1528 ἑφεξῆς
1279 1493 1378 1530 μέρους
1392 1494 1551 1529 ἀρχόμενος·
1570 1504 1579 1519 ε
1600 1496 1744 1531 Προσευχὴ
1756 1496 1794 1531 τῷ
1804 1497 1887 1532 Μωςῇ

261 1537 333 1564 enim
353 1537 410 1570 jam
434 1539 483 1564 iste
499 1543 558 1571 est,
577 1544 606 1566 ut
622 1548 673 1566 non
693 1540 809 1575 amplius
835 1548 903 1575 opus
920 1541 1019 1568 habent
1033 1549 1048 1568 a

259 1583 330 1618 lege,
347 1587 477 1618 tanquam
494 1592 508 1610 a
523 1584 668 1620 paedagogo
683 1586 796 1619 instrui;
812 1587 859 1614 sed
874 1591 902 1613 ut
915 1587 973 1621 ipse
988 1587 1048 1614 aliis

263 1629 329 1663 legis
342 1629 438 1656 doctor
449 1634 474 1657 et
488 1631 648 1665 explanator
663 1631 718 1661 ﬁat,
732 1632 886 1666 cujusmodi
902 1637 960 1659 erat
976 1631 1049 1667 Moy—

262 1681 306 1702 ses
323 1674 367 1702 ille
382 1675 525 1706 sublimis.
546 1676 579 1704 de
596 1684 651 1711 quo
664 1677 718 1711 jam
740 1677 909 1710 audivimus,
931 1678 976 1712 qui
1001 1686 1048 1704 rc-

262 1720 332 1755 giam
349 1720 520 1756 dignitatem,
534 1726 663 1758 tanquam
679 1723 816 1757 pulverem
831 1723 946 1758 pedibus
958 1722 1049 1750 adluc-

260 1769 412 1794 rescentem
435 1771 532 1802 sponte
549 1768 688 1801 excussit;
704 1769 751 1803 qui
769 1769 951 1805 quadraginta
968 1769 1049 1797 annis

260 1811 296 1837 ab
317 1811 459 1838 hominum
477 1812 616 1839 consortio
638 1820 699 1840 sese
720 1814 888 1850 segregavit,
907 1814 982 1841 solus
997 1813 1049 1840 sibi

261 1858 313 1885 soli
327 1858 433 1889 vivens.
449 1859 530 1893 inque
542 1866 591 1885 sua
607 1858 698 1893 quiete
708 1859 945 1894 inaspectabilium
958 1866 1048 1886 rerum

261 1903 485 1937 contemplationi
512 1911 646 1937 suspensa
668 1908 758 1931 mente
777 1912 896 1937 vacans;
916 1904 962 1938 qui
987 1907 1050 1938 post

267 1949 324 1976 haec
344 1949 472 1975 inell‘abili
489 1949 590 1976 lumine
618 1949 746 1984 perfusus
761 1954 817 1982 est,
833 1949 985 1984 animmque
1001 1957 1049 1984 pe-

260 1993 311 2019 des
327 2000 360 2019 ex
381 1993 508 2020 coriaceo
530 1997 556 2019 et
579 1998 687 2020 mortuo
713 1997 871 2027 tcgumento
897 1993 1048 2028 expedivit;

261 2038 309 2074 qui
331 2038 488 2074 Egyptium
508 2040 657 2066 exercitum
679 2043 706 2066 ct
721 2044 866 2074 tyrannum
882 2040 932 2067 sibi
954 2043 1049 2067 mutuo

263 2085 471 2112 succedentibus
488 2085 574 2120 plagis
590 2085 705 2118 attrivit,
726 2090 819 2119 erepto
840 2085 940 2113 lsraele
956 2094 989 2113 ex
1006 2089 1048 2121 ty-

264 2130 379 2157 rannide
401 2137 448 2165 per
468 2130 558 2157 lumen
578 2133 605 2157 et
624 2138 740 2165 aquam;
766 2131 810 2157 cui
830 2136 891 2166 post
905 2139 1048 2159 excessum

262 2183 296 2202 ex
316 2175 432 2211 ,λι-Σεῖριο
449 2180 534 2203 totum
555 2180 662 2211 tempus
678 2176 736 2204 dies
751 2185 805 2203 una
824 2176 890 2210 fuit;
908 2185 1048 2211 nunquam
1066 2167 1088 2194 θ

263 2226 342 2248 nocte
355 2222 476 2249 tenebris
485 2222 646 2254 obscurato;
663 2222 817 2257 excipiebat
831 2223 903 2250 enim
920 2223 987 2250 solis
1004 2231 1047 2249 ra-

263 2265 324 2292 dios
335 2271 395 2300 post
408 2266 535 2293 diurnum
552 2266 611 2298 iter,
629 2266 702 2293 aliud
722 2267 813 2294 lumen
828 2274 861 2294 ex
879 2267 952 2294 nube
976 2273 1047 2294 novo

263 2320 340 2339 more
354 2312 533 2346 productum;
558 2316 587 2339 ut
605 2313 646 2340 sol
660 2312 769 2347 quidem
790 2313 946 2348 praestituto
962 2320 1046 2340 cursu

263 2357 407 2389 confecto,
428 2357 495 2392 ipsis
515 2358 707 2388 occumberet.
723 2357 814 2385 lumen
835 2366 900 2385 vero
913 2358 1046 2395 lampadis

263 2411 295 2430 ex
313 2403 438 2429 columna
454 2402 613 2438 refulgentis
628 2407 759 2438 perpetuo
773 2408 800 2431 et
814 2404 873 2431 sine
896 2404 952 2430 ulla
965 2404 1048 2431 vicis-

264 2447 383 2475 situdine
396 2454 582 2482 permaneret,
605 2454 631 2477 et
647 2450 751 2485 absque
764 2450 818 2477 ulla
833 2449 1005 2477 dubitatione
1021 2449 1048 2476 in

264 2493 353 2520 locum
371 2493 501 2520 solarium
523 2494 660 2521 radiorum
677 2495 792 2522 subiret.
815 2494 866 2527 Qui
885 2501 1006 2521 amaram
1021 2498 1049 2521 et

263 2536 297 2563 ad
317 2540 409 2571 potum
434 2536 552 2572 ineptam
568 2545 665 2573 aquam
689 2539 763 2573 ligno
784 2539 891 2566 dulcem
912 2538 1046 2570 reddidit,

263 2587 423 2620 petramque
443 2583 470 2611 in
489 2584 588 2612 fontem
611 2578 769 2613 sitientibus
791 2584 985 2618 commutavit,
999 2585 1051 2620 qui“

300 2684 310 2700 ⁶
324 2683 397 2711 Psal.
413 2692 523 2716 Lxxnx,
542 2684 566 2711 l.

299 2776 354 2812 (70)
371 2773 406 2811 ’ᾯ
419 2776 450 2804 ad
463 2776 536 2811 ζόφῳ
548 2782 601 2802 om.
615 2774 658 2802 ed.

1100 1537 1235 1573 ἀνθρώπῳ
1252 1539 1298 1564 τοῦ
1325 1538 1391 1565 Θεοῦ
1403 1547 1410 1554 ·
1435 1549 1444 1564 ι
1469 1539 1585 1572 τοιοῦτος
1599 1541 1652 1576 γὰρ
1674 1542 1726 1577 ἤδη
1744 1540 1836 1574 οὗτος,
1853 1543 1888 1573 ὡς

1102 1583 1199 1619 μηκέτι
1218 1584 1449 1618 παιδαγωγεῖσθαι
1470 1586 1544 1620 νόμῳ
1556 1606 1562 1618 ,
1580 1585 1636 1612 ἀλλ’
1663 1588 1816 1623 εἰσηγητὴς
1832 1588 1887 1614 ὲτέ-

1102 1638 1158 1664 ροις
1173 1629 1294 1664 γίνεσθαι
1310 1631 1393 1665 νόμου
1407 1639 1413 1646 ·
1431 1627 1486 1662 οἷος
1505 1629 1538 1666 ἦν
1554 1632 1656 1666 Μωσῆς
1673 1633 1779 1665 ἐκεῖνος
1798 1635 1811 1660 ὁ
1825 1633 1888 1668 ὑγιη-

1099 1675 1154 1707 λὸς,
1171 1675 1200 1701 ὃν
1213 1676 1346 1711 ἀκούομεν
1358 1684 1364 1691 ·
1386 1677 1399 1702 ὁ
1414 1677 1463 1712 τὴν
1482 1676 1623 1712 βασιλικὴν
1645 1678 1743 1711 ἀξίαν,
1767 1679 1888 1715 καθάπερ

1100 1721 1160 1748 τινὰ
1185 1722 1258 1748 κόνιν
1281 1722 1513 1757 περισπασθεῖσαν
1539 1723 1572 1758 τῇ
1602 1723 1678 1758 βάσει
1708 1725 1764 1752 τῶν
1790 1726 1887 1756 ποδῶν,

1100 1767 1230 1800 ἑκουσίως
1246 1768 1464 1802 ἐκτιναξάμενος.
1484 1768 1512 1794 '0
1523 1770 1730 1804 τεσσαράκοντα
1753 1771 1827 1797 ἔτεσι
1842 1771 1889 1806 τῆς

1102 1813 1171 1848 μετὰ
1179 1813 1233 1840 τῶν
1248 1813 1544 1849 ἀνθρώπωνέπιμιξίας
1559 1815 1653 1841 ἑαυτὸν
1668 1816 1830 1849 ἀποικίσας,
1846 1817 1890 1844 καὶ

1103 1856 1181 1891 μόνος
1195 1857 1266 1892 μόνῳ
1278 1857 1364 1889 συζῶν
1377 1857 1476 1892 ἐαυτῷ,
1495 1859 1541 1884 καί
1554 1858 1596 1885 διὰ
1607 1859 1724 1894 ἡσυχίας
1737 1861 1890 1898 ἀμετεωρί-

1102 1909 1171 1931 στως
1184 1902 1216 1936 τῇ
1230 1901 1331 1937 θεωρίᾳ
1346 1901 1399 1928 τῶν
1414 1902 1538 1937 ἀοράτων
1554 1902 1726 1935 ὲνατενίζων”
1740 1906 1754 1931 ὁ
1769 1906 1808 1941 τῷ
1824 1906 1890 1941 φωτὶ

1100 1945 1139 1980 τῷ
1155 1947 1266 1982 ἀρρήτῳ
1284 1946 1352 1982 μετὰ
1367 1947 1452 1974 ταῦτα
1469 1949 1669 1982 καταυγασθεὶς
1679 1970 1687 1982 ,
1705 1952 1754 1978 καὶ
1769 1953 1819 1987 τῆς
1834 1952 1892 1986 δερ-

1102 1992 1216 2027 ματίνης
1233 2000 1262 2018 τε
1274 1993 1320 2019 καὶ
1333 1994 1432 2028 νεκρᾶς
1447 1993 1591 2029 περιϐολῆς
1605 1994 1726 2028 ἐκλύσας
1742 1997 1794 2032 τῆς
1804 1997 1891 2032 ψυχῆς

1101 2038 1149 2073 τὴν
1167 2037 1253 2072 βάσιν.
1275 2038 1303 2065 '0
1320 2038 1366 2065 τὸν
1387 2039 1535 2073 Αίγύπτιον
1551 2040 1664 2075 στρατόν
1681 2050 1711 2068 τε
1730 2043 1778 2069 καὶ
1793 2043 1892 2078 τύραν-

1100 2091 1145 2110 νον
1159 2085 1219 2114 ταῖς
1238 2083 1281 2109 ἐπ’
1295 2083 1418 2119 ἀλλήλοις
1435 2084 1565 2120 ἐκτρίψας
1585 2085 1718 2120 πλήγαῖς,
1733 2088 1782 2115 τὸν
1794 2088 1823 2114 δὲ
1844 2088 1892 2116 Ἰσ-

1104 2129 1171 2164 ραὴλ
1185 2129 1369 2164 ἐλευθερώσας
1382 2130 1431 2165 τῆς
1441 2131 1596 2165 τυραννίδος
1607 2131 1650 2158 διὰ
1663 2133 1712 2159 τοῦ
1730 2134 1832 2168 φωτὸς,
1848 2135 1894 2161 καὶ

1102 2173 1148 2200 τοῦ
1162 2173 1266 2204 ὕδατι-ις’
1279 2170 1300 2206 ᾧ
1310 2173 1365 2209 (70)
1379 2174 1446 2208 μετὰ
1460 2175 1507 2210 τὴν
1522 2176 1658 2209 Αἴγυπτον
1669 2178 1683 2203 ό
1698 2179 1796 2213 χρόνος
1811 2179 1893 2212 ἄπας,

1104 2219 1152 2254 μία
1172 2220 1242 2246 κατὰ
1255 2220 1284 2246 τὺ
1296 2220 1405 2255 συνεχὲς
1416 2220 1506 2256 ἡμέρα
1520 2219 1553 2256 ἦν
1563 2230 1570 2236 ο
1585 2221 1716 2249 οὐδέποτε
1731 2225 1785 2260 τῆς
1800 2224 1895 2256 νυκτὸς

1104 2264 1299 2299 μελαινομένης
1327 2265 1369 2301 τῷ
1390 2264 1474 2299 ζόφῳ.
1503 2265 1641 2300 Διεδέχετο
1671 2267 1730 2302 γὰρ
1755 2268 1827 2304 μετὰ
1851 2269 1894 2296 τὸν

1101 2311 1249 2345 ἡμερήσιον
1258 2310 1366 2346 δρόμον,
1377 2311 1426 2342 τάς
1437 2311 1490 2338 τῶν
1501 2311 1616 2339 ἀκτίνων
1624 2313 1724 2347 αὐγὰς,
1736 2315 1833 2350 ἕτερον
1840 2315 1896 2349 φῶς

1100 2357 1132 2382 ὲκ
1159 2355 1271 2391 νεφέλης
1287 2356 1537 2392 καινοτομούμενον.
1564 2357 1644 2384 Ὥστε
1668 2359 1717 2385 τὸν
1743 2360 1794 2395 μὲν
1821 2360 1896 2396 ἥλιον

1100 2401 1169 2427 κατὰ
1183 2401 1232 2436 τὴν
1251 2401 1402 2435 ἀναγκαίαν
1418 2402 1540 2436 περίοδον
1556 2402 1646 2435 αὐτοῖς
1662 2404 1830 2432 ἐπιδύεσθαι
1844 2424 1851 2436 ,
1866 2405 1896 2431 τὸ

1100 2446 1128 2473 δὲ
1143 2447 1200 2481 φῶς
1216 2447 1326 2482 συνεχές
1341 2457 1370 2474 τε
1391 2447 1480 2482 μένειν
1497 2448 1544 2474 καὶ
1566 2448 1708 2484 ἀδιάδοχον
1727 2451 1780 2486 τῆς
1801 2452 1834 2478 ὲκ
1850 2449 1895 2476 τοῦ

1101 2492 1197 2518 στύλου
1214 2492 1382 2528 λαμπηδόνος
1393 2514 1399 2525 ,
1416 2494 1581 2527 ἀδιαστάτως
1597 2496 1651 2530 (Ἠ)
1667 2496 1719 2528 τὰς
1734 2497 1826 2532 αὐγὰς
1843 2497 1896 2524 τῶν

1100 2537 1220 2571 ἡλιακῶν
1232 2538 1348 2565 ἀκτίνων
1367 2538 1556 2575 ἐκδεχομένης.
1578 2541 1606 2567 Ὀ
1620 2541 1649 2568 τὸ
1670 2543 1778 2578 πικρόν
1798 2551 1828 2570 τε
1850 2543 1896 2570 καὶ

1100 2582 1199 2610 ἄποτον
1224 2583 1298 2618 ὕδωρ
1312 2583 1410 2618 ἡδύνας
1431 2585 1470 2620 τῷ
1492 2584 1578 2621 ξύλῳ,
1595 2586 1640 2614 καὶ
1655 2587 1707 2622 τὴν
1725 2589 1833 2625 πέτραν
1856 2589 1895 2620 είς

1135 2778 1188 2812 (7i)
1205 2779 1394 2812 Ἀδιστάκτως,
1404 2781 1447 2809 ed.
