1986 3080
111 97 162 123 457

819 96 852 124 IN
872 95 1038 124 PSALMOS.

1691 104 1743 131 458

110 154 202 190 πηγὴν
218 154 273 186 τοῖς
289 154 386 188 διψῶσι
401 155 597 190 μεταποιήσας.
618 155 647 181 '0
662 154 711 191 τῆς
722 155 818 190 γηῖνης
836 164 897 190 τρο-

950 158 1108 182 terrestrem
1124 155 1216 183 cibum
1231 157 1336 186 ctelesti
1353 163 1527 193 permutavit,
1542 160 1588 195 qui
1606 161 1632 188 in
1649 161 1741 191 divisa

109 200 161 234 φῆς
176 199 225 235 τὴν
239 199 364 234 οὐράνιον
377 200 601 236 διαμειψάμενος.
622 201 650 227 '0
664 202 693 227 ἐν
706 201 745 236 τῷ
758 202 822 237 θείῳ
835 202 897 235 γνό-

109 254 151 280 φῳ
171 245 312 278 όξυωπῶν,
333 247 380 273 καὶ
401 246 506 281 βλέπων
524 248 553 273 ὲν
570 247 644 282 αὐτῷ
661 247 705 274 τὸν
718 247 841 283 ἀόρατον.
868 248 896 273 Ὀ

108 291 155 326 τὴν
179 291 281 327 σκηνὴν
296 292 345 327 τὴν
365 292 570 328 ἀχειροποίητον
587 294 732 329 ἱστορήσας
744 314 752 327 ,
780 293 828 320 καὶ
850 293 896 320 τὸν

108 338 157 371 τῆς
182 337 332 373 ἱερωσύνης
357 339 457 374 κόσμον
481 339 564 372 ἀξίως
588 340 770 375 κατανοήσας.
802 340 830 365 '0
848 340 896 371 τὰς

108 383 283 416 οεοτεύκτους
308 384 415 416 πλάκας
443 385 605 420 δεξάμενος,
631 387 679 413 καὶ
706 386 894 422 συντριϐείσας

110 428 192 455 πάλιν
223 429 417 464 ἀναχαράξας·
452 429 467 455 ὸ
498 430 546 465 τῆς
580 430 792 465 ὲμφανισθείσης
823 431 896 467 αὐτῷ

110 474 184 506 Θείας
203 474 343 508 δυνάμεως
361 475 407 501 ἐπὶ
433 474 480 501 τοῦ
498 476 644 511 προσώπου
664 477 755 512 φέρων
778 478 812 504 τὰ
829 477 897 512 σύμ-

110 519 184 551 ϐολα,
201 520 248 546 καὶ
271 521 303 555 τῇ
331 520 360 553 ἐξ
376 520 458 547 αὐτοῦ
481 520 710 559 λαμπηδόνι,νοῖόν
729 532 799 550 τισιν
820 524 896 550 ἀκτί-

109 574 161 592 νων
189 566 286 600 αὐγαῖς
297 587 303 598 ,
320 566 374 592 τῶν
390 566 507 600 ἀναξίως
523 569 739 604 ἐντυγχανόντων
762 569 897 605 ἀποστρέ-

70 618 75 622 ”
110 620 166 646 φων
182 611 232 643 τὰς
248 611 332 646 ὄψεις.
364 612 392 638 '0
419 613 487 647 πυρὶ
507 614 552 640 καὶ
575 615 695 650 χάσματι
717 615 780 648 τοὺς
795 616 897 643 ἐπανα-

110 658 236 689 στάντας
251 659 284 693 τῇ
313 658 447 694 ἱερωσύνῃ
467 660 670 693 καταδικάσας,
689 662 737 688 καὶ
764 662 827 694 τοὺς
856 663 896 694 εἰς

108 705 157 740 τὴν
173 704 248 730 θείαν
262 704 340 740 χάριν
364 705 527 741 ὑϐρίσαντας
549 707 726 742 ἐξαφανίσας·
745 709 759 734 ὁ
773 709 822 744 τὴν
833 718 898 745 γοη-

110 750 185 776 τείαν
205 749 250 776 τοῦ
273 750 386 786 Βαλαὰμ
406 751 564 786 μεταϐαλὼν
587 754 627 784 είς
643 754 794 781 εὐσέϐειαν,
815 751 896 790 Ὀὗή

109 794 220 829 τελευτὴ
237 794 286 828 τῆς
301 794 373 829 ζωῆς
398 796 535 832 ἱστόρηται
552 797 715 834 ὑψηλοτέρα.
748 798 776 825 Ὀ
791 799 837 826 ἐπὶ
847 799 898 834 τῆς

109 837 266 875 ἀκρωρείας
289 838 336 864 τοῦ
353 839 431 875 ὅρους
452 831 613 877 γενόμενος,
638 831 685 870 καὶ
713 844 795 879 μηδὲν
816 831 897 879 ἴχνος,
914 831 935 858 Β

111 883 176 918 μηδὲ
190 883 360 918 μνημόσυνον
374 885 422 920 τῆς
429 883 526 921 γηΐνης
540 887 685 922 ἀχθηδόνος
700 888 739 923 τῷ
752 888 820 925 ἡλίῳ
834 889 900 916 ὑπο-

109 928 279 963 λειπόμενοςέ
300 929 330 955 '0
353 930 389 965 μὴ
413 931 587 966 παραλλάξεις
608 934 653 961 τὸν
676 937 838 971 χαρακτῆρα
852 935 898 962 τοῦ

111 974 225 1007 κάλλους
242 976 294 1002 ὑπὸ
306 976 352 1003 τοῦ
370 977 467 1012 χρόνου
478 987 486 994 ν
508 979 576 1005 ἀλλὰ
593 978 729 1012 διασώσας
743 980 773 1007 ὲν
787 982 820 1016 τῇ
835 989 899 1016 τρε-

111 1022 165 1056 πτῇ
188 1021 267 1055 φύσει
288 1022 318 1048 τὸ
340 1023 369 1048 ὲν
389 1022 463 1058 καλῷ
478 1024 667 1053 ἀναλλοίωτον.
684 1023 769 1058 Οὗτός
789 1027 862 1053 ἐστιν
885 1027 898 1053 ὁ

100 1065 157 1102 Δτῆς
174 1065 306 1100 τετάρτης
322 1067 541 1103 κατάρχωνήμῖν
556 1069 723 1103 ἀναϐάσεως,
745 1071 791 1097 καὶ
804 1073 818 1098 ὸ
836 1079 898 1098 συν·

109 1111 232 1145 επαίρων
246 1112 335 1148 ἐαυτῷ
347 1112 392 1140 τὸν
407 1113 450 1140 διὰ
465 1114 520 1140 τῶν
535 1115 618 1150 τριῶν
630 1116 679 1152 ήδη
691 1116 744 1143 τῶν
759 1117 899 1152 προδιηνυ-

110 1157 216 1192 σμένων
231 1157 336 1184 αἰώνων
348 1159 433 1194 μεγαν
446 1160 599 1195 γενόμενον.
619 1161 647 1187 ’θ
656 1161 709 1197 γὰρ
723 1163 752 1188 ὲν
763 1162 850 1197 τούτῳ
860 1162 899 1198 τῷ

110 1201 170 1236 ὕψει
188 1203 342 1238 γενόμενος,
358 1204 481 1239 μεθόριος
495 1205 595 1241 τρόπον
607 1206 669 1233 τινὰ
677 1206 726 1241 τῆς
737 1208 856 1243 τρεπτῆς
869 1215 898 1233 τε

59 1276 64 1280 μ
109 1247 157 1273 καὶ
173 1246 308 1282 ἀτρέπτοιο
324 1248 431 1283 φύσεως
447 1249 565 1282 ἵσταται,
588 1250 634 1277 καὶ
649 1251 784 1286 μεσιτεύει
798 1251 898 1278 καταλ-

109 1292 197 1327 λήλως
209 1294 265 1324 τοῖς
281 1294 386 1329 ἄκροις,
402 1295 441 1330 τῷ
464 1296 512 1331 μὲν
529 1295 588 1332 Θεῷ
606 1297 745 1332 ἱκετηρίας
762 1297 831 1333 ὑπὲρ
844 1297 898 1325 τῶν

110 1338 310 1366 ἀλλοιωθέντων
327 1340 356 1371 ἐξ
374 1340 510 1376 ἁμαρτίας
526 1342 687 1377 προσάγων·
708 1343 757 1378 τῆς
772 1343 801 1369 δὲ
815 1343 899 1380 ὑπερ-

110 1384 239 1419 κειμένης
252 1384 377 1417 ὲξουσίας
396 1386 440 1412 τὸν
457 1386 530 1414 ἔλεον
553 1387 599 1414 ἐπὶ
613 1388 676 1420 τοὺς
696 1389 838 1424 δεομένους
852 1389 897 1417 τοῦ

110 1429 184 1456 ἐλέου
213 1430 432 1466 διαπορθμεύων.
458 1432 499 1464 Ὠς
525 1433 557 1460 ἂν
572 1434 618 1460 καὶ
632 1434 676 1460 διὰ
695 1435 789 1462 τούτου
805 1436 899 1472 μάθοι-

949 200 994 227 illa
1012 201 1127 236 caligine
1143 201 1269 230 acumine
1285 203 1384 230 mentis
1406 204 1475 232 vidit
1490 204 1656 233 lnvisibilem
1667 226 1674 238 ,
1693 208 1741 241 qui

948 246 1153 286 tabernaculum
1169 254 1223 274 non
1243 255 1325 275 manu
1339 247 1441 276 factum
1457 249 1602 285 descripsit
1613 272 1620 284 ,
1637 255 1735 279 totum-

948 300 1001 327 que
1019 292 1166 320 sacerdotii
1192 297 1319 320 ornatum
1343 298 1370 322 et
1391 299 1552 330 apparatum
1574 296 1626 325 rite
1648 298 1741 325 animo

948 338 1082 374 concepit,
1099 339 1145 374 qui
1168 344 1294 375 acceptas
1316 347 1331 366 a
1351 339 1406 367 Deo
1420 339 1509 369 factas
1526 342 1635 370 tabulas
1647 364 1654 377 ,
1671 351 1739 371 con—

949 381 1104 418 fractasque
1119 383 1153 411 de
1169 383 1274 419 integro
1285 383 1415 415 restituit.
1437 385 1482 420 qui
1504 385 1530 412 in
1547 386 1624 414 vultu
1642 388 1741 417 divina:

948 429 1075 460 virtutis,
1092 437 1153 463 quae
1176 429 1228 457 sibi
1246 433 1430 464 apparuerat,
1451 436 1614 466 argumenta
1635 433 1739 466 ferens.

949 473 1055 510 fulgore
1064 482 1096 502 ex
1113 474 1192 507 facie,
1209 475 1283 503 velut
1294 475 1434 504 radiorum
1452 477 1578 512 spiculis,
1593 479 1733 508 emicante,

947 520 1040 548 vultus
1061 528 1157 549 eorum
1178 521 1225 557 qui
1246 529 1363 550 occursu
1382 523 1486 558 indigni
1513 529 1594 552 erant
1617 526 1739 553 avertit:

947 566 993 602 qui
1010 569 1072 601 igne
1085 571 1112 594 et
1133 567 1209 595 hiatu
1232 569 1377 598 invasores
1397 570 1545 598 sacerdotii
1572 572 1740 606 vindicavit,

947 619 1049 646 eosque
1073 613 1120 648 qui
1150 614 1177 641 in
1198 614 1319 642 divinam
1348 617 1463 651 gratiam
1490 617 1615 652 injuriosi
1643 624 1738 652 erant,

947 657 1070 686 funditus
1087 659 1187 687 delevit
1202 669 1209 688 :
1226 661 1272 695 qui
1290 661 1493 690 incantationes
1509 662 1620 691 Balaam
1638 665 1665 691 in
1681 665 1740 700 pie-

947 707 1031 731 tatem
1059 709 1085 732 et
1108 705 1326 735 benedictionem
1350 709 1447 741 vertit,
1466 709 1551 744 cujus
1575 710 1668 739 obitus
1694 711 1737 744 yel

948 750 1035 785 ipsam
1064 751 1146 778 vitam
1184 752 1374 787 magnitudine
1400 756 1566 789 praestantiae
1594 764 1740 791 superasse

949 800 1078 823 narratur
1092 806 1099 824 :
1114 797 1216 832 quippe
1228 798 1273 833 qui
1290 798 1324 826 ad
1338 807 1495 834 supremum
1508 802 1610 829 montis
1628 803 1739 830 culmen

950 850 1128 878 progressus,
1147 851 1236 879 neque
1252 845 1397 881 vestigium
1420 850 1510 881 neqhe
1530 853 1737 876 monumentum

950 889 1088 917 terrestris
1105 890 1223 917 tristitia:
1239 891 1399 926 reliquerit,
1414 893 1461 927 qui
1475 898 1569 922 notam
1585 898 1613 922 et
1631 895 1740 930 insigne

950 935 1163 970 pulchritudinis
1178 936 1333 965 labentibus
1346 938 1427 965 annis
1445 946 1500 966 non
1514 939 1677 975 deperdidit,
1692 942 1740 971 sed

950 980 1059 1009 decoris
1077 981 1326 1010 immutabilitatem
1341 1003 1348 1016 ,
1374 989 1592 1021 perpetuumque
1617 990 1739 1017 tenorem

950 1026 977 1054 in
994 1027 1052 1062 ipsa
1069 1027 1150 1055 etiam
1164 1029 1289 1056 variabili
1304 1033 1403 1058 natura
1425 1032 1609 1060 conservavit.
1634 1033 1739 1061 Tantus

950 1075 1002 1103 est,
1020 1072 1065 1106 qui
1079 1072 1107 1099 in
1122 1077 1219 1107 quarto
1235 1081 1351 1103 ascensu
1367 1077 1422 1103 dux
1436 1077 1514 1105 nobis
1531 1079 1625 1112 prreit;
1639 1080 1740 1114 quiquo

951 1124 1042 1144 secum
1058 1118 1140 1145 simul
1155 1119 1254 1147 attollit
1269 1128 1349 1154 eum,
1365 1123 1410 1156 qui
1421 1123 1476 1157 jam
1493 1123 1520 1150 in
1535 1123 1621 1151 tribus
1639 1132 1740 1159 praece-

950 1163 1077 1191 dentibus
1092 1165 1252 1193 ascensibus
1270 1175 1331 1195 sese
1344 1176 1426 1203 supra
1443 1169 1540 1204 vulgus
1558 1170 1664 1198 extulit.
1686 1170 1739 1204 Qui

949 1209 1021 1236 enim
1038 1209 1070 1236 ad
1085 1211 1136 1237 hoc
1152 1210 1292 1247 fastigium
1304 1211 1401 1247 evasit,
1418 1214 1441 1241 is
1454 1215 1659 1250 quodammodo
1672 1224 1743 1244 con.-

951 1253 1013 1282 ﬁnis
1029 1261 1071 1282 est
1085 1260 1192 1284 natura:
1203 1258 1328 1285 mutabili
1344 1263 1371 1286 et
1386 1259 1567 1295 immutabili;
1580 1262 1740 1297 mediusque

950 1300 1096 1329 intercedit
1115 1303 1309 1331 convenienter
1324 1305 1465 1339 extremis,
1485 1306 1538 1334 Deo
1553 1308 1663 1342 quidem
1681 1316 1740 1343 pres

950 1353 997 1374 ces
1015 1351 1042 1374 et
1059 1348 1274 1382 supplicationes
1290 1349 1407 1377 offerens
1429 1358 1478 1386 pro
1495 1351 1528 1379 iis
1545 1352 1591 1385 qui
1616 1359 1662 1387 per
1675 1359 1739 1387 pec-

948 1398 1039 1421 eatum
1056 1394 1199 1422 abalienati
1215 1399 1297 1428 sunt,
1314 1397 1444 1431 potentiae
1460 1404 1526 1425 vero
1540 1398 1613 1425 illius
1629 1398 1738 1426 miseri.

949 1439 1072 1466 cordiam
1087 1441 1165 1476 quasi
1180 1441 1343 1475 demittens,
1361 1447 1388 1470 et
1410 1443 1538 1472 derivans
1559 1444 1592 1471 ad
1615 1444 1677 1472 ilios
1692 1445 1738 1480 qui

111 1481 170 1508 μεν,
186 1474 227 1501 ὅτι
243 1475 297 1510 ’όσῳ
310 1484 351 1507 τις
367 1475 447 1503 πλέον
458 1476 512 1503 τῶν
529 1478 674 1513 χθαμαλῶν
690 1488 718 1506 τε
732 1480 778 1507 καὶ
798 1481 897 1516 γηΐνων

951 1474 1140 1513 misericordia
1155 1487 1296 1522 indigent;
1311 1491 1340 1515 ut
1356 1492 1381 1515 et
1396 1496 1428 1516 ex
1444 1489 1486 1517 his
1501 1489 1652 1522 discamus,
1665 1490 1738 1526 quod

109 1519 267 1553 ἀφίσταται,
278 1521 397 1557 τοσούτῳ
413 1522 512 1557 μᾶλλον
526 1525 744 1559 προσοικειοῖνεαι
759 1528 792 1562 τῇ
809 1527 897 1554 πάντα

949 1535 1052 1564 quanto
1073 1531 1134 1566 quis
1152 1519 1240 1567 magis
1268 1519 1478 1561 aterrestribus
1496 1534 1627 1570 humique
1644 1519 1742 1564 otiati?

110 1563 172 1591 νοῦν
190 1565 358 1602 ὑπερεχούσῃ
371 1567 469 1601 φύσει·
488 1570 534 1596 καὶ
551 1572 674 1605 μιμεῖται
686 1571 719 1597 δι’
735 1571 858 1604 εὑποιῖας
868 1573 898 1600 τὸ

108 1609 196 1643 Θεῖον,
212 1611 300 1638 ὲκεῖνο
322 1611 406 1638 ποιῶν
424 1613 438 1639 ὃ
457 1613 505 1648 τῆς
528 1614 603 1646 θείας
625 1616 682 1643 ἐστὶ
700 1616 806 1650 φύσεως
822 1617 896 1645 ἴδιον.

109 1655 191 1689 Λέγω
206 1656 234 1682 δὲ
250 1657 280 1682 τὺ
298 1657 452 1693 εὐεργετεῖν
475 1661 528 1687 πᾶν
543 1661 573 1688 τὸ
587 1662 745 1698 εὐεργεσίας
760 1664 897 1700 δεόμενον,

110 1700 171 1727 ὅσον
188 1702 292 1734 ὲπιδεὲς
303 1703 352 1738 τῆς
370 1704 493 1737 εὑποιΐας
505 1707 573 1733 ἐστί.

144 1835 277 1872 Τοιαύτην
291 1837 322 1874 δὴ
334 1838 388 1873 (7‘2)
402 1840 590 1877 κατελαϐόμην
602 1843 650 1877 τῆς
663 1843 823 1879 ψαλμῳὸίας
834 1847 899 1873 ταύ-

107 1889 158 1916 της
170 1882 219 1917 τὴν
232 1882 335 1910 ἔννοιαν
346 1903 353 1916 ,
374 1882 406 1920 ἧς
423 1886 439 1921 ἡ
457 1886 512 1921 (75)
526 1888 665 1924 ἐπιγραφή
678 1890 751 1916 ἐστιν
762 1910 768 1922 ,
790 1900 798 1916 ι
813 1891 900 1927 Προσ-

107 1926 174 1962 ευχὴ
196 1927 234 1962 τῷ
250 1929 351 1963 Μωῡσῇ
369 1931 505 1968 ἀνθρώπῳ
521 1933 566 1960 τοῦ
589 1934 666 1963 Θεοῦ.
681 1945 690 1961 ι
723 1926 900 1974 Ἐπειδὴνγὰρ

108 1973 323 2018 κεκρατητορι)
331 1975 370 2012 τῷ
379 1977 429 2012 τῆς
441 1978 578 2014 ἁμαρτίας
589 1981 666 2017 κακῷ
677 1982 708 2008 τὸ
718 1973 898 2018 ἀνθρώπινον,

108 2017 219 2053 καὶτῆς
247 2019 314 2054 πρὸς
339 2021 370 2047 τὸ
391 2021 492 2056 ἀγαθὸν
515 2024 637 2057 ἑνώσεως
652 2017 808 2063 ἀπορραγὲν
820 2049 826 2061 ,
845 2030 900 2060 τοῖς

108 2063 240 2095 ἐναντίοις
263 2066 428 2102 συνεφύρετο
443 2068 540 2096 πάθεσι
552 2089 559 2101 ,
583 2071 628 2097 καί
642 2080 713 2104 τινος
729 2073 814 2100 ἐδεῖτο
835 2083 900 2110 πρε-

109 2108 203 2142 σῦείας
214 2130 221 2142 ,
237 2110 305 2146 πρὸς
318 2112 364 2139 τὸν
380 2113 598 2144 ἀνακαλέσασθαι
608 2117 657 2153 τῆς
673 2119 811 2152 ἀπωλείας
824 2108 901 2148 δυνά-

950 1575 1031 1602 rebus
1049 1575 1169 1608 absistit,
1194 1581 1271 1604 tanto
1288 1578 1375 1613 magis
1389 1578 1591 1614 appropinquat
1606 1578 1640 1605 ad
1656 1582 1737 1606 natu-

952 1628 1010 1648 ram
1033 1630 1094 1656 quae
1115 1630 1223 1650 omnem
1244 1624 1450 1658 intelligentiam
1469 1629 1631 1660 exsuperat,
1649 1625 1738 1652 imita—

952 1671 1050 1702 turque
1063 1667 1202 1696 beneficiis
1213 1669 1361 1704 largiendis
1373 1670 1485 1697 caeleste
1495 1677 1605 1702 numen,
1617 1669 1739 1705 illudque

951 1711 1017 1747 agit,
1037 1713 1110 1748 quod
1124 1714 1222 1741 divinae
1242 1718 1347 1742 natura;
1368 1715 1508 1750 proprium
1530 1719 1589 1747 est,
1611 1715 1675 1743 dum
1691 1716 1738 1742 be-

951 1757 1047 1784 neﬁcia
1067 1759 1174 1788 confert
1199 1760 1226 1787 in
1251 1767 1347 1788 omnes
1370 1761 1431 1789 illos
1453 1761 1500 1797 qui
1523 1761 1674 1791 benefactis
1697 1761 1738 1788 in,

951 1803 1052 1838 digent.

988 1850 1148 1885 Hujusmodi
1163 1852 1291 1887 quiddam
1306 1854 1397 1881 animo
1411 1858 1437 1882 et
1450 1854 1613 1890 cogitatione
1628 1854 1662 1882 de
1675 1862 1737 1882 sen-

955 1897 1039 1924 tentia
1056 1898 1153 1931 psalmi
1169 1899 1242 1926 illius
1258 1899 1412 1933 informariI
1425 1900 1504 1935 cujus
1521 1901 1664 1936 inscriptio
1674 1905 1735 1927 est:

955 1950 964 1966 ι
985 1942 1079 1970 (iratio
1095 1943 1182 1980 Moysi
1199 1944 1303 1972 homini
1320 1945 1367 1973 Dei
1385 1955 1390 1972 ;
1410 1955 1419 1972 ι
1439 1950 1583 1981 postquam
1601 1946 1672 1974 enim
1690 1954 1737 1982 ge-

951 1995 1003 2015 nus
1013 1989 1163 2018 humanum
1179 2000 1194 2017 a
1210 1990 1313 2018 malitia
1329 1999 1489 2026 oppressum
1505 1997 1556 2023 est,
1569 1992 1736 2026 sejunclum-

951 2041 1003 2068 que
1017 2038 1044 2062 et
1055 2035 1208 2065 abscissum
1224 2043 1239 2062 a
1253 2036 1447 2071 conjunctione
1463 2045 1524 2064 cum
1545 2037 1628 2070 bono,
1646 2038 1673 2065 in
1690 2046 1736 2066 va-

952 2079 1008 2107 rias
1030 2080 1248 2115 perturbationes
1264 2081 1375 2115 incidit,
1396 2090 1519 2118 opusque
1544 2083 1639 2111 habuit
1657 2083 1736 2110 inter-

951 2126 1076 2153 cessione
1102 2127 1237 2162 quadam,
1260 2131 1287 2155 et
1306 2128 1438 2163 legatione
1461 2129 1493 2156 ad
1512 2129 1587 2156 illum
1602 2136 1617 2156 a
1633 2136 1686 2164 quo
1703 2128 1736 2154 ah

109 2162 205 2209 μενον,
220 2155 281 2209 ἀντὶ
299 2157 440 2209 πρέσϐεως
453 2161 468 2187 ό
481 2160 529 2188 τοῦ
545 2161 612 2189 Θεοῦ
626 2163 768 2199 ἄνθρωπος
781 2165 895 2200 γίνεται,

949 2171 1059 2199 interitu
1085 2173 1205 2200 revocari
1232 2177 1347 2209 posset;
1367 2174 1447 2208 legati
1475 2181 1587 2201 munere
1614 2173 1736 2208 fungitur

107 2198 397 2236 ὑπεραπολογούμενος
418 2204 466 2239 μὲν
482 2205 528 2232 τοῦ
553 2207 607 2233 τῶν
621 2198 763 2243 ὀμοςρύλων
785 2198 897 2244 πτώμαο

105 2253 152 2276 τος
163 2253 170 2259 ·
183 2246 223 2277 είς
239 2246 268 2273 δὲ
286 2247 330 2274 τὸν
344 2248 398 2275 τῶν
414 2250 591 2279 ἀπολωλότων
609 2251 698 2282 οἶκτον
713 2255 846 2283 δυσωπῶν
869 2257 898 2284 τὸ

104 2290 194 2337 βεῖον.
224 2291 312 2324 Εὐθὺς
344 2293 399 2330 γὰρ
433 2293 488 2323 οἷον
523 2297 728 2334 δικαιολογεῖται
757 2302 825 2337 πρὸς
852 2303 897 2329 τὸν

106 2334 256 2382 ἀκούοντα,
273 2337 320 2364 καί
336 2347 418 2375 φησι,
435 2341 508 2377 μόνῳ
527 2345 666 2378 προσεῖναι
685 2345 724 2381 τῷ
737 2334 797 2382 Θεῷ
815 2348 846 2374 τὸ
867 2349 896 2375 ἑν

106 2381 190 2426 παντὶ
211 2381 305 2418 ἀγαθῷ
322 2386 420 2419 πάγιόν
443 2395 472 2413 τε
501 2388 548 2415 καὶ
573 2389 700 2425 ἀκίνητον
720 2391 774 2426 (75)
793 2393 839 2420 καὶ
852 2393 896 2421 ἀεὶ

105 2423 309 2474 ὡσαύτως-ἔχον
322 2438 328 2444 -
345 2429 374 2456 ὲν
386 2433 472 2469 τροπῇ
487 2432 515 2460 δὲ
535 2434 581 2461 καὶ
592 2423 732 2463 ἀλλοιώσει
744 2423 774 2464 τό
788 2438 895 2474 ἀνθρώ-

99 2476 192 2519 πινον.
201 2471 336 2519 κείμενον,
346 2475 480 2510 μηδέποτε
493 2478 538 2505 ἐπὶ
553 2479 600 2506 τοῦ
613 2481 695 2508 αὑτοῦ
713 2482 813 2518 μένειν,
826 2471 895 2519 μηδὲ

99 2514 129 2541 εἰ
145 2515 214 2565 πρὸς
227 2517 393 2565 τὺῌκρεῖττον
404 2522 473 2550 ἀνίοι
487 2544 495 2554 ,
513 2525 579 2560 μήτε
597 2527 621 2553 εί
636 2514 762 2555 ὲκπίπ-εοι
777 2514 832 2564 τῆς.
845 2514 894 2565 με·

103 2561 274 2610 τουσίαςτοῦ
285 2566 446 2600 κρείττονος.
463 2565 501 2596 Ob
515 2570 594 2606 χάριν
607 2573 768 2610 καταφυγὴν
787 2561 827 2606 είς
839 2561 893 2603 σω-

102 2606 203 2642 τηρίαν
217 2608 288 2641 ἀξιοῖ
299 2611 369 2638 κατά
382 2613 472 2641 πᾶσαν
488 2616 583 2649 γενεὰν
597 2606 778 2651 γίνεσθαι-τοῦ
790 2619 893 2648 πλανων

104 2651 187 2687 μένου
198 2653 229 2680 τὺ
242 2655 417 2690 ἀμετάθετον.

154 2754 198 2790 72)
210 2755 289 2785 Forte
298 2758 336 2786 δέ.

154 2756 198 2790 72)
210 2756 289 2785 Forte
298 2758 336 2786 δέ.

138 2756 197 2826 ξπ)
211 2791 290 2820 Forte
304 2801 358 2822 om.
374 2795 400 2829 ἡ.

249 2839 386 2872 Panos.
403 2843 461 2874 Gn.
485 2845 597 2878 XLIV.

948 2217 1038 2252 quivis
1052 2217 1133 2245 homo
1149 2218 1193 2245 Dei
1207 2238 1214 2250 ,
1240 2222 1368 2253 suscepto
1385 2219 1538 2253 patrocinio
1559 2226 1609 2254 pro
1623 2225 1688 2246 casu
1709 2223 1735 2245 ct

948 2262 1024 2297 lapsu
1041 2270 1135 2290 eorum
1149 2263 1194 2298 qui
1212 2264 1334 2298 ejusdem
1347 2272 1439 2291 secum
1455 2269 1518 2292 sunt
1529 2264 1694 2292 conditionis
1709 2270 1735 2291 et

947 2313 1037 2337 status
1047 2328 1054 2340 ,
1068 2309 1213 2344 divinoque
1226 2310 1337 2338 nomine
1350 2310 1381 2337 ad
1397 2309 1612 2338 misericordiam
1627 2310 1654 2337 in
1673 2317 1734 2345 per-

947 2354 1020 2382 ditos
1035 2354 1115 2382 ﬂexo.
1133 2353 1229 2382 Statim
1245 2356 1328 2388 enim,
1345 2356 1422 2391 quasi
1436 2356 1462 2383 in
1478 2356 1582 2390 judicio
1599 2363 1661 2384 cum
1682 2357 1735 2383 lico

947 2405 1081 2436 praesente
1097 2405 1123 2428 et
1152 2401 1280 2429 audiente
1296 2402 1366 2437 agit,
1394 2402 1502 2438 ipsique
1526 2403 1577 2430 soli
1602 2407 1732 2439 tauquam

946 2446 1069 2473 omnium
1086 2446 1219 2476 bonorum
1236 2447 1315 2481 fontiI
1330 2447 1526 2476 immutabilem
1541 2449 1617 2476 illum
1633 2454 1658 2476 et
1671 2457 1733 2483 per-

945 2495 1026 2527 petuo
1053 2491 1104 2523 sibi
1129 2498 1299 2521 constantem
1322 2495 1372 2521 via:
1392 2497 1514 2522 tenorem
1536 2495 1627 2523 inesse
1642 2495 1726 2522 dicit:

945 2537 1061 2565 mortale
1077 2541 1167 2565 autem
1182 2538 1322 2566 hominum
1339 2547 1424 2575 genus
1437 2539 1663 2568 conversionibus
1682 2547 1729 2567 va.

944 2581 992 2609 riis
1004 2586 1030 2609 et
1046 2583 1281 2611 vicissitudinibus
1298 2584 1447 2612 obnoxium
1460 2584 1561 2617 vivere,
1580 2592 1667 2620 neque
1679 2592 1730 2611 un-

942 2633 1024 2661 quam
1042 2626 1069 2654 in
1085 2627 1181 2654 eodem
1197 2631 1269 2655 statu
1294 2628 1457 2663 persistere,
1473 2637 1507 2657 ne
1531 2635 1587 2657 tum
1603 2629 1728 2665 quidem,

942 2677 1005 2698 cum
1017 2671 1073 2706 jam
1099 2672 1132 2698 ad
1154 2672 1179 2699 id
1194 2672 1267 2707 quod
1285 2674 1460 2708 praestantius
1475 2679 1517 2703 est
1539 2674 1664 2704 evaserit.
1679 2679 1727 2702 ne-

1053 2774 1237 2810 stpizqzat,
1253 2776 1297 2806 ed,

979 2808 1036 2844 (75)
1052 2809 1106 2835 Καὶ
1116 2808 1242 2845 ἀκίνητον
1261 2818 1315 2838 om.
1327 2811 1370 2841 ed,
