1986 3080
241 94 294 124 459

889 93 917 120 5.
939 91 1102 120 οιιΕουιιιι
1119 91 1140 119 Ν
1147 91 1265 139 lYSSENI

1812 92 1859 118 860

241 161 295 188 que
321 156 377 180 tum
399 159 460 178 cum
483 157 496 177 a
515 151 706 177 communione
732 150 931 185 prastantioris
952 150 1025 177 illius
1047 149 1110 177 boui
1137 148 1278 176 exciderit.
1293 147 1426 181 Quoen'ca
1453 151 1528 182 optat
1553 155 1625 180 eum,
1642 139 1687 181 qui
1704 151 1746 175 est
1764 147 1857 174 immu-

241 199 342 231 tabilis,
358 199 418 233 ejus
432 198 476 232 qui
492 197 554 224 hinc
570 197 633 224 inde
644 197 764 229 oberrat,
778 196 805 223 in
821 196 895 223 oumi
911 195 1084 232 generatione
1102 194 1157 221 ﬁeri
1178 193 1322 229 refugium,
1348 192 1443 220 salutis
1464 192 1570 219 tueudzc
1590 192 1685 227 gratia.

274 290 319 317 Sic
328 297 390 316 vero
398 288 496 316 Psalmi
504 287 585 315 verba
592 295 651 315 sese
658 287 771 315 habent:
782 297 790 313 ι
802 287 882 318 Deus,
890 286 1025 322 refugium
1040 289 1063 318 Α

241 335 328 363 lactus
338 344 368 363 es
378 336 457 362 nobis
467 342 481 361 a
494 334 667 369 generatione
680 333 706 360 in
719 335 920 368 generationem
932 333 953 359 ".
970 342 979 359 ι
995 331 1026 359 Ει

245 382 389 417 qnarehoc
400 380 514 407 allirmat
528 380 540 406 ?
553 379 631 412 Quia,
645 378 808 413 inquit.ante
817 382 967 405 creaturam
980 382 1019 407 es,

237 435 318 453 omne
339 425 532 460 temporarium
551 423 722 451 intervallum
737 422 904 457 complexus,
919 430 950 449 ex
971 428 1026 456 quo

238 471 369 506 temporis
382 475 479 498 natura
489 469 581 504 etrapit,
594 473 620 496 et
634 469 660 495 in
672 475 861 503 quemcunque
877 467 1024 494 terminum

237 517 389 544 desiturum
412 517 466 549 sit;
482 523 543 542 nam
566 514 730 542 interminati
752 513 884 540 terminus
905 518 946 540 est
963 512 1025 540 inli-

238 562 319 589 nitas.
339 571 348 587 ι
366 561 540 595 Priusquam,
559 569 568 584 ι
587 559 686 594 inquit,
704 567 713 583 ι
733 562 838 585 montes
858 558 964 590 ﬁerent,
980 562 1027 585 aut

237 608 401 635 formaretur
417 611 491 634 terra
516 609 550 633 et.
567 605 657 637 orbis,
675 612 690 631 a
706 603 817 635 saeculo,
840 608 867 630 et
893 611 980 638 usque
998 603 1025 630 in

234 653 361 680 szcculnm
372 657 399 680 tu
416 660 455 680 es.
473 661 482 677 ›
505 651 539 678 At
555 651 627 679 enim
646 658 731 685 genus
745 650 894 676 humanum
910 649 945 676 ob
962 657 1023 675 mu-

237 698 395 726 tabilitatem
417 701 522 724 natura:
543 705 574 724 ex
598 696 759 724 celsitudine
781 695 870 722 omnis
892 695 972 727 boui,
990 694 1024 721 ad

237 744 370 778 abjectam
386 747 413 771 et
427 743 558 770 lubricam
583 741 687 777 peccati
706 740 890 768 conditionem
912 740 1024 767 devolu~

235 794 293 817 tum
313 789 431 817 decidit:
449 788 534 823 Igitur
547 788 647 823 praebe,
662 787 761 820 inquit,
775 794 884 812 manum
905 786 958 812 labi
975 793 1022 813 ne-

235 835 310 862 scius
341 833 488 862 vacillanti.
515 832 591 866 Quod
614 836 710 859 natura
735 839 784 862 es,
813 831 864 857 hoc
886 834 913 859 ct
943 830 1021 857 nobis

235 881 355 914 edicere;
381 888 468 915 neque
488 879 616 907 deturbes
641 879 714 906 illum
739 886 771 906 ex
795 878 839 904 illa
865 877 891 904 in
915 885 968 912 qua
992 881 1021 904 tu

235 927 374 960 versaris,
413 925 572 956 altitudine,
614 925 641 950 in
680 923 860 951 humilitatem
905 923 1019 958 peccati.

235 973 332 1000 Postea
349 972 423 1000 vocis
444 971 549 999 Domini
563 970 605 997 sui
622 970 700 1005 quasi
719 969 881 996 administer
897 969 1018 1001 etl‘ectus,

236 1018 315 1046 aﬂert
337 1018 444 1053 plenam
461 1017 631 1044 humanitate
646 1015 811 1043 sententiam
829 1024 834 1042 :
855 1024 864 1040 ι
886 1014 1021 1047 Quoniam

235 1063 559 1094 dixisti:Revertimini,
584 1061 631 1088 ﬁlii
656 1062 814 1095 hominum;
841 1070 850 1086 ι
876 1069 928 1095 qua
955 1067 1023 1088 voce

235 1112 332 1145 dogma
351 1109 487 1145 quoddam
507 1109 680 1141 continetur;
699 1115 761 1134 nam
779 1107 812 1135 ad
829 1111 952 1134 naturam
970 1113 1021 1134 no-

236 1161 320 1184 stram
334 1156 421 1184 oratio
435 1155 556 1190 respicit,
575 1154 763 1188 malorumque
780 1153 942 1180 medicinam
958 1161 1022 1187 sug-

235 1204 314 1238 gerit.
332 1202 376 1229 Ait
388 1202 460 1229 enim
476 1211 482 1228 :
497 1201 564 1227 Cum
579 1208 628 1227 vos
641 1200 765 1228 homines
778 1199 922 1226 mutationi
939 1207 1022 1234 expo-

236 1249 280 1276 siti
299 1255 314 1275 a
332 1248 403 1275 bono
417 1246 586 1278 dccideritis,
612 1244 727 1272 utamini
752 1253 848 1272 rursus
871 1245 1023 1273 mutatione

236 1292 269 1317 ad
286 1291 322 1323 id,
340 1294 411 1326 quod
429 1291 573 1317 honestum
593 1294 645 1322 est,
660 1295 686 1317 et
697 1289 768 1316 unde
783 1289 936 1322 excidistis,
954 1290 1022 1317 reci-

237 1345 319 1372 proco
332 1344 414 1364 cursu
429 1335 608 1363 revertimini.
625 1334 684 1367 Quo
698 1334 735 1366 lit,
753 1340 781 1361 ut
797 1335 823 1360 in
836 1334 921 1361 libera
935 1335 1022 1361 homi-

236 1392 301 1411 num
317 1383 443 1410 facultate
457 1382 503 1416 sit,
517 1387 545 1408 ut
563 1381 596 1408 ad
615 1380 756 1407 arbitrium
773 1380 799 1406 in
814 1380 880 1415 ipsis
895 1388 1022 1415 perseve-

236 1434 307 1461 rent,
320 1438 379 1464 qum
393 1431 498 1462 volunt,
513 1428 570 1455 sive
583 1427 653 1454 bona
668 1427 723 1454 sint
737 1427 794 1453 sive
808 1427 890 1453 mala.
906 1426 932 1454 ld
950 1427 1022 1461 quod

1115 286 1189 319 Ἔχει
1202 285 1230 311 δὲ
1242 285 1259 319 ἡ
1274 283 1345 316 λέξις
1356 283 1441 315 οὕτως
1452 291 1458 298 ·
1480 294 1488 309 ι
1502 283 1597 319 Κύριε,
1613 283 1754 320 καταφυγὴ
1769 284 1860 320 ἐγενήο

1079 330 1127 366 οης
1140 332 1205 366 ἡμῖν
1222 331 1251 356 ὲν
1266 330 1348 365 γενεᾷ
1365 330 1410 356 καὶ
1425 331 1514 366 γενεᾷ.
1529 339 1537 355 ι
1562 329 1611 356 Διὰ
1627 329 1652 356 τί
1668 329 1746 356 τοῦτο
1758 330 1860 365 λέγων;

1080 377 1140 405 ’Ότι
1149 374 1347 412 σὺ,φησὶν,πρὸ
1359 376 1408 411 τῆς
1419 376 1532 408 κτίσεως
1543 374 1578 408 εἴ,
1592 377 1645 403 πᾶν
1656 376 1687 402 τὸ
1697 377 1804 404 αἰώνιον
1815 378 1861 412 ἐμ-

1077 421 1210 456 περιέχων
1231 421 1367 457 διάστημα
1380 441 1388 454 ,
1412 422 1459 456 ἀφ’
1473 419 1503 448 οὗ
1523 431 1553 448 τε
1570 422 1656 458 ἀρχὴν
1679 422 1757 457 ἔσχεν
1778 424 1794 457 ή
1817 423 1860 449 τοῦ

1076 467 1173 499 αἰῶνος
1200 467 1279 502 φύσις
1293 488 1300 500 ,
1325 467 1372 494 καὶ
1392 468 1431 500 εἰς
1454 468 1468 494 ὅ
1509 477 1536 494 τι
1555 468 1748 504 προελεύσεται
1766 469 1858 503 πέρας,

1076 514 1163 550 πέρας
1179 514 1208 540 δὲ
1221 513 1267 540 τοῦ
1281 514 1458 549 ἀτελευτήτου
1474 515 1490 549 ἡ
1504 515 1626 551 ἀπειρία.
1647 515 1717 550 ιΠρδ
1730 514 1776 541 τοῦ
1788 515 1836 550 ὅρη
1848 524 1858 540 ι

1074 559 1128 594 γὰρ
1140 579 1147 591 ,
1162 559 1243 594 φησὶ,
1267 569 1276 584 ι
1289 559 1435 594 γενηθῆναι
1450 560 1497 586 καὶ
1519 559 1668 595 πλασθῆναι
1682 560 1732 595 τὴν
1750 560 1802 595 γῆν
1816 561 1859 587 καὶ
1893 578 1899 580 ν

1073 603 1121 639 τὴν
1138 603 1299 639 οἰκουμένην
1315 623 1322 635 ,
1341 603 1388 630 καὶ
1413 604 1466 630 ἀπὸ
1487 603 1534 630 τοῦ
1551 604 1664 637 αἰῶνος,
1688 603 1799 635 ratio);
1814 603 1859 630 τοῦ

1073 650 1169 681 αἰῶνος
1185 650 1216 675 σὺ
1234 648 1266 676 εἷ.
1276 659 1284 674 ι
1299 649 1335 675 Τὸ
1349 649 1377 675 δὲ
1390 649 1558 685 ἀνθρώπινον
1575 649 1613 685 τῷ
1628 649 1736 684 τρεπτῷ
1749 649 1797 684 τῆς
1813 650 1859 684 φύ-

1073 703 1142 726 σεως
1156 695 1188 721 ἐκ
1201 695 1248 721 τοῦ
1263 694 1346 729 ὕψους
1359 694 1412 720 τῶν
1432 694 1540 728 ἀγαθῶν
1556 695 1622 729 πρὸς
1640 694 1671 721 τὸ
1683 694 1808 721 ταπεινόν
1831 704 1859 721 τε

1073 740 1118 766 καὶ
1140 740 1282 776 ὀλισθηρὸν
1304 741 1352 775 τῆς
1378 739 1514 775 ἁμαρτίας
1530 740 1688 775 κατενεχθὲν
1704 740 1759 775 (76)
1783 749 1858 767 κατε-

1074 786 1160 822 σύρη·
1177 785 1280 813 Οὐκοῦν
1298 786 1406 822 ὄρεξον,
1425 787 1491 821 φησι
1503 807 1510 818 ,
1528 787 1605 821 χεῖρα
1617 805 1624 818 ,
1642 787 1655 812 ὁ
1674 786 1797 818 ἄπτωτος
1822 787 1859 821 τῷ

1073 832 1246 868 ὀλισῢὴσαντι
1257 841 1263 847 ·
1277 833 1344 868 ὅπερ
1361 831 1385 858 εἴ
1398 834 1430 868 τῇ
1449 832 1538 867 φύσει,
1554 833 1600 858 καὶ
1615 833 1681 867 ἡμῖν
1696 833 1774 859 τοῦτο
1788 834 1859 867 γινό-

1075 887 1168 914 μενος,
1184 879 1231 905 καὶ
1248 888 1256 904 ι
1278 879 1315 913 μὴ
1336 878 1512 914 ἁποστρέψῃς
1531 888 1540 903 ι
1565 878 1644 904 αὑτὸν
1662 880 1694 905 ὲκ
1714 879 1761 905 τοῦ
1785 880 1860 914 παρὰ

1075 925 1115 951 σοὶ
1132 924 1233 959 ὕψους,
1259 926 1299 956 εἰς
1323 925 1371 959 τὴν
1388 925 1442 959 (77)
1461 925 1510 959 τῆς
1528 924 1665 959 ἁμαρτίας
1686 924 1858 952 ταπείνωσιν.

1073 967 1139 996 Εἶτα
1162 971 1211 1005 τῆς
1237 969 1397 1004 δεσποτικῆς
1415 969 1507 1004 φωνῆς
1532 969 1654 1001 διάκονος
1670 969 1788 1004 γίνεται,
1814 970 1859 996 καὶ

1073 1016 1204 1050 προιρέρει
1228 1015 1276 1050 τὴν
1291 1014 1479 1050 φιλάνθρωπον
1497 1014 1575 1050 ῥῆσιν
1599 1014 1686 1048 λέγων
1696 1023 1702 1030 -
1722 1023 1732 1039 ‹
1742 1013 1801 1041 ’Ότι
1814 1016 1874 1041 mi.

1073 1059 1161 1093 εἶπας·
1195 1061 1401 1096 Ἐπιστρέψατε,
1413 1061 1466 1086 υἱοὶ
1478 1061 1532 1086 τῶν
1543 1060 1718 1096 ἀνθρώπων.»
1729 1062 1760 1088 'H
1771 1061 1798 1088 δὲ
1808 1070 1861 1088 τοι·

1073 1106 1140 1142 αὐτη
1156 1107 1241 1143 φωνὴ,
1257 1107 1344 1142 δόγμα
1359 1107 1426 1133 ἐστί·
1444 1106 1536 1141 βλέπει
1546 1108 1599 1142 γὰρ
1608 1108 1674 1142 πρὸς
1690 1107 1738 1142 τὴν
1754 1107 1832 1141 φύσιν
1845 1107 1860 1134 ὁ

1073 1152 1170 1186 λόγος,
1188 1153 1234 1179 καὶ
1257 1153 1306 1188 τὴν
1329 1152 1475 1188 Θεραπείαν
1496 1153 1549 1179 τῶν
1576 1154 1667 1180 κακῶν
1693 1154 1857 1180 ὑποτίθεται.

1080 1198 1187 1233 Ἐπειδὴ
1203 1199 1272 1234 γὰρ,
1288 1199 1365 1233 φησὶ,
1379 1199 1490 1234 στρεπτοὶ
1504 1199 1579 1230 ὄντες
1595 1199 1641 1226 τοῦ
1659 1199 1759 1234 ἀγαθοῦ
1775 1200 1859 1235 ἀπερ-

1074 1243 1165 1278 ρύητε,
1180 1243 1317 1278 χρήσασθε
1333 1243 1412 1270 πάλιν
1427 1245 1493 1278 πρὸς
1508 1245 1538 1271 τὸ
1552 1245 1633 1272 καλὸν
1646 1247 1678 1280 τῇ
1693 1247 1780 1281 τροπῇ
1790 1253 1797 1260 '
1815 1246 1862 1272 καὶ

1072 1287 1133 1315 ὅθεν
1145 1289 1348 1319 ἒκπεπτώκατε,
1363 1290 1408 1315 ἐπὶ
1419 1291 1448 1316 τὸ
1458 1291 1523 1317 αὐτὸ
1538 1291 1616 1318 πάλιν
1627 1292 1859 1327 ὲπαναστρέψατε.

1079 1334 1123 1365 Ὠς
1139 1335 1167 1360 ὲν
1188 1336 1219 1369 τῇ
1237 1335 1407 1370 προαιρέσεις
1418 1335 1471 1361 τῶν
1488 1335 1638 1371 ἀνθρώπιον
1666 1334 1733 1364 εἷναι
1757 1337 1787 1364 τὸ
1800 1337 1862 1364 ἐαυ-

1072 1381 1127 1412 τοῖς
1143 1380 1236 1415 νέμειν
1252 1381 1306 1415 (78)
1325 1382 1385 1407 κατ’
1403 1380 1526 1413 ἐξουσίαν
1546 1382 1564 1408 ει
1580 1382 1738 1417 βούλονται,
1764 1383 1816 1410 εἴτε
1832 1383 1862 1409 τὸ

1073 1426 1173 1461 ἀγαθὸν
1184 1447 1191 1459 ,
1206 1427 1260 1453 εἴτε
1275 1427 1305 1453 τὸ
1320 1427 1435 1462 φαῦλον·
1451 1428 1482 1454 τὸ
1495 1428 1522 1454 δὲ
1537 1428 1635 1464 ἑφεξῆς
1645 1449 1652 1461 ,
1669 1429 1761 1465 ἓτερον
1775 1430 1862 1465 δόγμα

237 1476 359 1511 sequitur
379 1475 494 1501 alterum
518 1473 616 1508 dogma
635 1473 839 1506 complectitur.
860 1481 869 1496 ι
888 1471 1021 1504 Quoniam

1075 1472 1132 1498 ἐστὶ
1147 1482 1152 1488 ·
1172 1473 1239 1508 φησὶ
1253 1473 1306 1509 γὰρ
1317 1494 1324 1506 ,
1347 1483 1355 1499 ι
1369 1475 1428 1500 Ὅτι
1440 1474 1512 1509 χίλια
1529 1475 1575 1510 ἔτη
1598 1476 1626 1501 ἐν
1641 1475 1788 1511 ὀφθαλμοῖς
1803 1485 1861 1508 σου,

235 1523 310 1550 mille
331 1522 395 1548 anni
419 1521 445 1547 in
462 1520 548 1547 oculis
567 1520 637 1552 tuis,
664 1518 792 1551 Domine,
818 1523 946 1553 tauquam
965 1518 1023 1545 dies

234 1569 375 1598 hesterna,
393 1574 455 1601 quae
470 1566 617 1600 pi'eetvriit;
633 1568 659 1591 et
679 1573 738 1599 qua:
757 1572 805 1598 pro
821 1564 906 1591 nihilo
921 1564 1023 1591 haben-

235 1619 291 1646 tur,
307 1621 399 1640 eorttm
415 1612 480 1639 anui
500 1615 588 1638 erunt.
612 1621 620 1636 ι
638 1611 708 1643 Quid
723 1610 805 1644 igitur
821 1610 957 1645 dogmatis
977 1618 1023 1636 no-

236 1659 337 1692 bis-ltic
352 1657 529 1685 insinuatur?
547 1657 575 1683 Ei
600 1656 734 1689 videlicet,
751 1657 798 1691 qui
815 1661 919 1683 mutata
941 1655 1023 1683 veliﬁ-

236 1705 354 1736 catione,
369 1704 402 1731 ad
412 1707 512 1731 rectam
523 1702 631 1729 vivendi
646 1703 778 1730 rationem
791 1702 949 1733 revettitur,
959 1702 1023 1729 licet

235 1752 290 1778 vita
306 1751 419 1778 inlinitis
437 1751 570 1778 scelerum
588 1749 703 1776 maculis
718 1753 808 1776 notata
830 1749 876 1780 sit,
893 1752 923 1776 ut
940 1749 1022 1775 colle-

234 1797 289 1824 ctio
304 1797 348 1824 illa
365 1800 538 1832 peccatorum
557 1796 629 1823 mille
641 1804 775 1823 annorum
788 1803 850 1823 esse
864 1795 1020 1826 videantur,

235 1849 285 1877 pro
310 1841 394 1868 nihilo
412 1845 494 1868 totam
518 1840 590 1867 illaut
618 1840 771 1875 congeriem
790 1843 945 1874 reputatum
969 1839 1020 1871 iri,

235 1887 382 1914 dummodo
398 1886 493 1921 pedem
510 1886 628 1914 referat:
648 1894 709 1913 nam
724 1886 834 1912 divinus
849 1886 946 1919 oculus
957 1893 1024 1920 pra:-

237 1934 324 1960 sentia
340 1940 448 1967 semper
464 1933 594 1965 intuetur,
613 1932 778 1967 praeteritum
795 1940 858 1959 vero
874 1940 928 1959 non
947 1933 1022 1959 msti-

236 1983 304 2010 mat,
322 1979 368 2005 sed
390 1979 477 2005 instar
493 1979 574 2005 unius
590 1978 654 2009 diei,
669 1978 710 2005 vel
725 1978 813 2005 noctis
828 1983 938 2010 nostrae,
962 1987 1022 2013 qua:

235 2025 291 2059 jam
310 2024 449 2058 pratteriit,
469 2031 484 2050 a
505 2023 558 2051 Deo
577 2024 701 2050 habetur.
723 2023 759 2049 At
775 2023 800 2050 id
821 2023 894 2058 quod
909 2024 935 2050 iu
953 2032 1023 2059 prac-

237 2069 308 2095 senti
322 2068 483 2095 obstrictum
501 2073 543 2095 est
559 2068 677 2099 malitia,
698 2067 804 2094 etiamsi
831 2072 959 2102 tanquam
983 2069 1022 2095 ni-

238 2114 321 2140 hilttm
341 2121 355 2140 a
373 2113 562 2148 peccatoribus
577 2116 755 2145 extenuetur,
778 2112 850 2140 Deus
864 2116 955 2140 tamen
974 2120 1020 2140 ve—

1075 1518 1171 1554 Κύριε,
1184 1519 1222 1550 ὡς
1266 1519 1356 1554 ἡμέρα
1369 1521 1385 1555 ἡ
1399 1520 1476 1555 ἐχθὲς
1487 1521 1521 1555 ,ἥ
1536 1529 1577 1552 τις
1590 1521 1690 1555 διῆλθε,
1703 1521 1736 1548 τὰ
1749 1521 1776 1548 δὲ
1788 1522 1863 1555 ἐξου-

1073 1563 1214 1599 δενὼματα
1237 1565 1326 1591 αὐτῶν
1350 1565 1397 1601 ἔτη
1419 1566 1538 1592 ἔσονται.
1556 1576 1565 1592 ι
1589 1567 1621 1593 Τί
1644 1565 1690 1594 οὖν
1714 1568 1742 1593 ὲν
1759 1568 1862 1600 τούτοις

1073 1609 1244 1644 δογματικῶς
1262 1611 1459 1646 παιδευόμεοα;
1475 1611 1514 1638 δτι
1526 1611 1564 1647 τῷ
1582 1612 1611 1644 ἐξ
1625 1614 1791 1649 ἐπιστροφῆς
1808 1615 1861 1640 πά-

1074 1655 1114 1681 λιν
1132 1656 1198 1690 πρὸς
1215 1656 1245 1682 τὺ
1260 1657 1360 1690 ἀγαθὸν
1382 1657 1545 1685 ἀναλύσαντι
1556 1678 1563 1690 ,
1586 1659 1637 1685 κᾶν
1654 1659 1759 1694 μυρίοις
1776 1661 1789 1686 ὁ
1806 1660 1862 1694 (ita;

1073 1703 1239 1739 καταστιχοῇ
1258 1703 1490 1739 πλημμελήμασιν
1503 1724 1510 1735 ,
1528 1704 1566 1736 ὡς
1577 1705 1669 1740 χιλίων
1689 1705 1758 1732 ἐτῶν
1774 1705 1862 1732 δοκεῖν
1887 1727 1890 1730 .

1073 1747 1141 1775 εἶναι
1160 1749 1213 1775 τῶν
1230 1750 1320 1776 κακῶν
1335 1750 1365 1776 τὸ
1387 1750 1523 1786 ἄθροισμα
1535 1771 1542 1783 ,
1563 1751 1620 1777 ἀντ’
1633 1751 1737 1783 οὐδενός
1753 1752 1809 1778 ἐστι
1823 1753 1862 1787 τῷ
1878 1773 1883 1775 .

1073 1794 1131 1830 Θεῷ
1150 1795 1198 1822 ἐπὶ
1218 1795 1265 1822 τοῦ
1292 1796 1521 1831 ἐπιστραφέντος·
1537 1798 1551 1823 ὁ
1566 1796 1619 1832 γὰρ
1636 1797 1705 1829 θεῖος
1723 1798 1862 1833 nomine;

1073 1841 1102 1867 τὺ
1115 1841 1231 1874 ἐνεστὼς
1246 1842 1287 1869 ἀεὶ
1309 1842 1414 1877 βλέπει,
1436 1843 1465 1870 τὸ
1480 1843 1507 1869 δὲ
1524 1843 1688 1878 παρῳχηκὸς
1709 1844 1737 1870 οὺ
1754 1844 1862 1878 λογίζε-

1073 1896 1117 1913 ται
1128 1896 1134 1903 ·
1151 1887 1207 1913 ἀλλ’
1219 1888 1279 1914 ἀντὶ
1291 1889 1354 1923 μιᾶς
1365 1889 1420 1923 (79)
1433 1889 1539 1924 ἡμέρας
1554 1889 1570 1924 ἦ
1585 1889 1682 1924 μέρους
1694 1890 1749 1925 (80)
1764 1892 1861 1922 νυκτὸς

1073 1933 1148 1968 παρὰ
1160 1933 1199 1968 τῷ
1212 1933 1269 1968 Θεῷ
1286 1934 1426 1969 κρίνεται,
1446 1935 1462 1969 ἦ
1480 1943 1520 1966 τις
1534 1933 1653 1971 παρῆ).οἐ
1667 1944 1695 1962 τε
1716 1937 1762 1962 καὶ
1776 1939 1862 1972 παρέ-

1071 1979 1168 2014 δραμε.
1186 1979 1223 2005 Τὸ
1236 1979 1264 2006 δὲ
1277 1979 1391 2012 ἐνεστὼς
1408 1981 1436 2007 ὲν
1448 1981 1540 2016 κακίᾳ,
1558 1981 1610 2007 κᾶν
1624 1981 1661 2013 ὡς
1682 1982 1764 2017 μηδὲν
1784 1983 1861 2018 παρὰ

1072 2025 1125 2051 τῶν
1143 2025 1350 2061 ἁμαρτανόντων
1363 2025 1561 2062 ὲξευτελίζηται
1585 2027 1691 2062 (81),ὡς
1714 2028 1781 2054 ἐτῶν
1796 2028 1861 2064 πλῆ-

1073 2071 1117 2103 θος
1128 2072 1166 2106 τῷ
1176 2072 1236 2107 Θεῷ
1250 2072 1408 2108 καθορᾶται.
1423 2074 1493 2109 Φησὶ
1505 2073 1573 2109 γάρ·
1586 2073 1642 2100 «Τὰ
1656 2073 1861 2110 ἐξουδενώματα

1072 2117 1160 2145 αὐτῶν
1175 2118 1222 2154 ἔτη
1242 2118 1373 2146 ἔσονται.»
1389 2119 1486 2151 Καλῶς
1500 2120 1528 2146 δὲ
1544 2121 1591 2146 καὶ
1615 2120 1758 2155 προσφυῶς
1783 2120 1860 2152 ὲξου-

236 2160 276 2186 lut
305 2159 490 2194 longissimam
509 2159 653 2194 quamdam
667 2165 801 2185 annorum
820 2158 1019 2186 multitudinem

1074 2153 1221 2199 ﬁswbpa-rar
1234 2164 1359 2201 ὀνομάζει
1381 2165 1415 2192 τὰ
1432 2153 1655 2201 πλημμελήματα
1667 2175 1673 2182 ·
1690 2153 1730 2192 οτι
1753 2167 1861 2202 πέφυκέ

237 2205 354 2240 aspicit:
376 2205 442 2231 dicit
467 2205 563 2232 enim:
583 2213 592 2230 (
611 2205 677 2237 Quae
693 2212 740 2239 pro
763 2204 848 2230 nihilo
872 2204 1020 2236 habentur,

236 2259 331 2278 eorum
348 2251 411 2277 anni
433 2254 523 2278 erunt.
542 2260 551 2276 ι
578 2250 695 2277 Pulchre
722 2254 813 2277 autem
829 2254 856 2277 et
878 2250 1022 2285 ingeniose

237 2297 352 2332 appellat
365 2297 491 2331 peccata‘,
513 2305 522 2322 ι
537 2295 621 2329 nihil;
637 2305 646 2322 ι
670 2304 732 2323 nam
744 2296 789 2331 qui
811 2300 923 2331 peccat,
953 2296 1023 2323 solet

236 2342 437 2377 quodammodo
462 2349 513 2377 pro
547 2341 632 2369 nihilo
658 2346 800 2376 peccatum
832 2343 932 2370 ducere
961 2352 966 2370 :
996 2346 1022 2370 et

236 2395 287 2423 pro
306 2388 402 2423 quovis
426 2387 528 2415 scelere
550 2392 705 2423 perpetrato
731 2388 918 2416 defensionem
942 2389 1021 2416 insti-

236 2439 324 2466 tuere,
342 2438 372 2460 ut
382 2433 471 2461 cuivis
487 2434 514 2460 in
526 2441 690 2469 quocunque
700 2435 926 2463 malccommisso
934 2443 1023 2470 prom-

235 2487 311 2518 ptum
326 2481 464 2509 sitdicerc
490 2487 497 2505 :
517 2477 590 2506 Nihil
620 2484 662 2507 est
690 2479 822 2514 cupiditas
836 2498 844 2512 ,
864 2479 932 2507 nihil
960 2480 1000 2507 ira
1015 2500 1022 2513 ,

235 2532 262 2554 et
279 2526 334 2553 alia
351 2526 432 2560 hujus
468 2526 576 2562 generis
602 2527 672 2554 nihil
703 2531 786 2559 sunt,
825 2533 887 2552 enm
904 2525 958 2552 sint
976 2533 1022 2552 na-

236 2577 304 2599 tum
317 2572 440 2608 qumdam
454 2573 607 2606 motiones;
627 2575 723 2599 natura
736 2579 800 2600 vero
819 2579 888 2607 optts
910 2571 968 2598 Dei.

273 2642 362 2670 7Psal.
381 2651 490 2675 Lxxxnx,
510 2643 520 2669 Ι
538 2650 598 2678 sqq.

272 2713 329 2746 (76)
343 2713 380 2739 Τὸ
393 2712 510 2746 ὲνεχθὲν,
529 2712 571 2739 ed.

272 2713 319 2746 (76
343 2713 380 2739 Τὸ
393 2714 443 2739 ὲνεκ
455 2713 510 2743 θὲν,
529 2726 530 2734 ι

272 2713 329 2783 (77g
352 2749 398 2774 Ἐκ
412 2722 473 2775 υιῆι.
486 2747 530 2774 ed.

273 2781 330 2818 (78)
343 2783 388 2809 Ἐν
403 2783 492 2814 αὐτοῖς
508 2781 593 2818 μένει,
608 2782 651 2810 ed.

1072 2218 1132 2241 πως
1146 2212 1160 2237 ὁ
1183 2211 1214 2237 τὸ
1236 2211 1320 2238 κακὸν
1342 2212 1461 2247 ἐνεργῶν
1475 2213 1531 2239 ἀντ’
1553 2213 1657 2244 οὐδενὸς
1682 2213 1807 2247 ἡγεῖσθαι
1830 2213 1862 2239 rb

1074 2255 1325 2291 πλημμελούμενον,
1339 2257 1385 2284 καί
1395 2266 1470 2289 τινας
1485 2258 1598 2285 ἑκάστου
1608 2257 1661 2284 τῶν
1677 2257 1746 2284 κατά
1761 2258 1862 2284 κακίαν

1074 2301 1223 2336 γινομένων
1235 2303 1428 2339 παρευρίσκειν
1449 2304 1595 2338 ἀπολογίας
1607 2324 1613 2336 ,
1632 2303 1701 2330 ὥστε
1716 2304 1863 2340 πρόχειρον

1073 2344 1142 2374 εἶναι
1164 2347 1194 2374 τὸ
1207 2347 1249 2382 ἐφ’
1269 2348 1375 2384 ἑκάστῳ
1390 2349 1480 2383 λέγειν
1491 2369 1498 2381 ,
1515 2349 1599 2376 Οὐδὲν
1613 2351 1628 2385 ἡ
1646 2349 1776 2384 ἐπιθυμία
1786 2370 1793 2382 ,
1814 2349 1864 2376 καὶ

1074 2393 1148 2419 οὐδὲν
1174 2394 1191 2427 ή
1221 2393 1306 2429 ὀργὴ,
1334 2395 1380 2421 καὶ
1409 2395 1483 2421 οὐδὲν
1509 2395 1621 2422 ἕκαστον
1650 2395 1703 2421 τῶν
1732 2395 1863 2421 τοιούτων

1074 2437 1140 2464 ἐστι.
1160 2438 1269 2471 Φύσεως
1285 2438 1337 2475 γὰρ
1357 2439 1441 2467 ταῦτα
1466 2442 1618 2477 κινήματα·
1639 2442 1656 2476 ἡ
1674 2441 1700 2468 δὲ
1717 2440 1797 2476 φύσις
1817 2439 1863 2476 ἔρ-

1073 2491 1120 2517 γον
1133 2483 1209 2512 Θεοῦ.

1109 2715 1165 2752 (Ὶῼ)
1187 2714 1338 2752 ’ῌμετὲρας
1353 2717 1416 2744 add.
1435 2718 1477 2746 ed.

1110 2750 1166 2786 (80)
1180 2750 1352 2786 Μέρουςοιιι.
1369 2753 1412 2780 ed.

1111 2785 1165 2821 (81)
1179 2785 1398 2822 Ἐξευτελίζεται,
1414 2789 1459 2817 cd.
