1986 3080
120 97 159 123 tu]
839 90 870 117 IN
892 89 1059 118 PSALMOS.

1688 92 1701 118 4
1706 91 1739 117 [3‘2

150 153 205 179 Οὐκ
224 152 256 179 ἄν
269 160 294 178 τι
311 151 366 185 (82)
383 150 485 177 τούτων
501 150 529 176 ἓν
543 158 594 176 τινι
607 147 747 184 νομισθείη
772 146 849 182 κακῷ
865 146 902 181 τῷ

970 145 1141 181 lgiturncino
1150 147 1246 174 horum
1258 147 1329 175 malo
1343 147 1433 182 aliquo
1443 148 1577 183 obligatus
1585 150 1742 177 censebitur

118 198 245 236 ἔφορῶντι
258 197 306 232 τὴν
321 196 492 232 ἀνθρωπίνην
505 195 576 230 ζωήν
589 203 595 209 ”
607 194 650 221 διὰ
662 193 739 220 τοῦτό
752 201 844 228 φησιν,
860 193 899 219 ὅτι

121 244 170 271 (τὰ
199 242 402 278 ὲξουδενὼματα
424 252 432 267 ι
463 241 547 269 ταῦτα
573 241 644 276 (85),
673 241 737 266 ὅταν
768 240 842 274 παρῇ
867 240 900 274 τῇ

118 289 269 325 προαιρέσει
293 288 339 314 τοῦ
363 288 554 323 ἐνεργοῦντος,
570 287 615 313 καὶ
642 286 678 321 μὴ
703 285 840 320 παρέλθῃ,
864 284 901 316 ὡς

118 337 213 367 πλάτος
228 336 295 361 ἐτῶν
310 335 385 370 παρὰ
400 334 440 369 τῷ
453 334 516 368 θείῳ
528 333 657 368 ὀφθαλμῷ
667 332 701 359 τὰ
716 331 776 358 καθ’
788 332 901 358 ἕκαστον
914 352 918 354 Ἴ

118 382 243 418 κρίνεται.
268 381 353 407 Πάλιν
385 381 414 406 τὸ
443 379 586 415 παροδικὸν
612 379 660 413 τῆς
690 377 796 412 φύσεως
824 376 902 412 ἡμῶν

120 429 267 464 ὑπογράφει
293 427 332 462 τῷ
357 427 447 462 λόγῳ,
467 426 504 457 ὡς
526 425 558 452 ἂν
584 425 684 460 μᾶλλον
701 425 740 455 εἰς
764 423 837 450 ἔλεον
858 423 901 448 τὸν

118 465 179 501 Θεὸν
192 474 371 509 δυσωπήσειε.
388 472 469 506 Λέγει
480 471 533 506 γὰρ
549 470 671 505 ἐναργῶς
686 469 731 496 ὑπ’
749 469 809 504 ww
829 469 902 502 ἄγων

119 520 154 556 τῷ
170 519 357 554 ὑποδείγματι,
380 517 406 544 τί
423 517 477 553 χρὴ
498 516 617 552 νομίζειν
634 514 702 542 εἶναι
718 515 774 549 (Si)
788 515 837 550 τὴν
854 515 903 549 τῆς

121 567 222 601 φύσεως
240 565 317 600 ἡμῶν
329 563 483 598 ἀθλιότητα,
501 563 605 597 πρωῖαν
620 562 666 588 καὶ
679 561 807 597 ἑσπέραν.
821 560 903 586 Τουτ-

120 613 188 644 ἐττι,
214 612 327 647 νεότητα
349 611 395 637 καὶ
413 610 517 645 γῆρας’
535 609 615 644 χλόην
635 608 664 635 ἐν
682 607 721 643 τῷ
734 607 841 642 ὄρθρῳ,
858 606 904 632 καὶ

121 659 211 690 ἄνθος,
228 658 275 684 ⁵(αὶ
298 657 424 692 πάροδον,
440 655 494 682 Καὶ
509 655 579 690 μετὰ
596 653 675 680 τοῦτο
698 653 746 688 τῆς
767 652 836 678 κατὰ
855 652 904 687 τὴν

120 705 224 740 ἡλικίαν
245 703 346 735 νοτίδος
365 701 561 736 ἁναλωθείσης,
579 700 625 727 και)¹
648 699 695 726 τοῦ
716 699 798 734 φυτοῦ
818 699 904 725 ἀπαν-

121 752 248 787 θὴσαντος
262 769 269 781 ,
289 751 338 785 τῆς
360 757 389 775 τε
416 747 554 785 συμφυοῦς
578 747 650 782 ὥρας
669 744 903 778 διαπνευσθείσης,

122 798 234 833 ξηρότης
247 796 293 822 καὶ
312 795 455 831 μαρασμὺς
469 794 499 820 τὺ
515 793 684 828 λειπόμενον.
697 791 774 818 Οὕτω
788 789 842 825 γάρ
855 798 906 824 φησ

954 193 988 218 ιιι)
1002 200 1033 219 eo
1049 193 1095 226 qui
1111 192 1256 224 humanam
1272 193 1354 220 vitam
1372 193 1493 220 intuetur
1508 203 1514 220 :
1532 194 1567 221 ob
1590 194 1616 221 id
1634 195 1738 230 inquit:

958 248 967 263 ι
979 238 1043 271 Quae
1053 246 1103 273 pro
1112 239 1196 266 nihilo
1210 240 1244 267 ab
1259 239 1326 274 ipsis
1336 239 1470 267 habemur
1482 250 1488 267 :
1509 249 1518 266 ι
1528 241 1550 268 si
1567 246 1741 275 perseverem

956 284 982 310 in
997 284 1138 310 voluntate
1155 288 1182 311 et
1200 284 1340 319 proposito
1367 284 1505 319 operantis
1522 293 1611 320 neque
1629 290 1741 320 praeter-

958 331 1048 362 ierint,
1079 334 1208 364 tanquam
1229 337 1361 357 annorum
1393 330 1594 358 multitudinem
1619 339 1633 358 a
1649 331 1741 359 divino

960 377 1041 403 oculo
1056 376 1333 411 sigillatimjudicari.
1350 377 1456 404 Rursus
1467 377 1674 405 mutabilitatem
1692 386 1741 405 na-

959 427 1026 450 turae
1044 427 1143 450 nostra:
1156 423 1279 450 oratione
1294 422 1435 453 describit.
1452 427 1481 449 ut
1498 423 1580 450 Deum
1598 424 1684 458 magis
1708 425 1741 450 ad

958 469 1173 497 miscricordiam
1190 472 1369 496 commmeat.
1392 468 1535 496 Manifesto
1559 469 1630 496 enim
1649 477 1742 496 exem-

957 516 1002 550 plo
1017 515 1106 547 docet,
1122 515 1252 548 quidnam
1276 518 1395 543 statuere
1422 514 1570 542 debeamus
1585 515 1619 542 de
1638 520 1742 542 natura:

956 565 1060 589 nostra:
1085 561 1215 595 miseria;
1233 569 1292 589 eam
1319 561 1448 589 nimirum
1476 562 1544 589 nihil
1567 562 1641 590 aliud
1669 570 1741 595 esse,

956 617 1037 644 quam
1056 616 1134 636 mane
1150 608 1284 643 quoddam
1302 612 1328 635 et
1346 616 1497 643 vesperam,
1512 609 1563 636 hoc
1582 615 1633 640 est,
1645 610 1743 644 juven-

956 658 1042 682 tatem
1058 658 1085 682 et
1100 658 1280 686 senectutem,
1295 655 1431 682 viventem
1453 655 1532 682 simul
1547 659 1575 683 et
1595 655 1744 684 ﬁorescen-

957 705 1011 728 tem
1028 700 1080 728 sub
1091 700 1253 732 diluculum,
1270 700 1316 727 sed
1332 703 1423 727 tamen
1440 704 1656 735 przetereuntem.
1667 701 1744 730 Post-

958 746 1015 773 hwc
1033 750 1197 781 consumpto
1216 745 1294 780 quasi
1311 745 1458 778 vegetioris
1481 750 1508 773 et
1531 747 1669 775 viridioris
1693 748 1741 775 αξιυὶ

958 799 1030 825 rore,
1041 792 1188 827 plantaque
1201 791 1397 819 deﬁorescente
1451 795 1479 818 et
1516 790 1608 817 innato
1645 791 1741 818 decere

123 848 162 870 σιν
179 845 193 870 ὁ
215 842 292 876 λόγος
308 852 333 868 ·‹
347 841 408 868 Ὅτι
419 840 449 867 τὸ
464 839 536 875 πρωῒ
550 839 660 874 ἀνθήσοι
672 838 718 865 καὶ
737 837 793 872 (85)
807 836 906 872 παρέλ-

963 839 1164 865 evncsccnle,
1209 834 1235 861 id
1281 834 1353 868 quod
1396 833 1557 868 relinquitur
1588 836 1655 863 nihil
1670 837 1743 863 aliud

122 891 170 921 θοι,
190 889 219 916 τὸ
234 887 353 923 ἑσπέρας
370 886 516 918 ἀποπέσοι,
534 883 730 920 σκληρυνθείη,
747 883 794 909 καὶ
809 882 907 918 ξηραν-

124 937 189 971 θείη.
206 946 215 961 )
232 934 317 961 Τοῦτο
328 934 344 968 ἡ
357 932 513 968 ἀνθρωπίνη
530 931 619 965 φύσις.
641 930 684 956 Ἑν
695 929 723 956 δὲ
736 930 791 961 τοῖς
809 928 906 963 ἐφεξῆς

123 982 198 1009 πλέον
214 979 412 1011 κατοικτίζεται
423 978 453 1004 τὸ
467 977 646 1012 ἀνθρώπινον,
661 975 747 1009 λέγων
761 974 907 1008 δεδαπανῆ-

123 1029 182 1056 abet
205 1029 237 1063 τῇ
256 1027 324 1062 ὀργῇ
351 1026 400 1061 τὴν
423 1024 476 1051 τῶν
497 1022 646 1057 ἀνθρώπων
666 1022 737 1057 ζωὴν
750 1041 757 1052 ,
782 1018 836 1047 οἷόν
854 1028 908 1046 τινι

124 1074 213 1109 ἀνέμῳ
227 1075 259 1108 τῇ
274 1072 321 1098 τοῦ
341 1070 426 1106 θυμοῦ
443 1069 578 1105 προσῦολῇ
599 1067 808 1104 χειμαζομένην.
824 1067 908 1102 Δῆλον

123 1121 159 1150 δὲ,
172 1121 212 1146 ὅτι
224 1118 269 1146 διὰ
277 1118 326 1153 τῆς
341 1117 425 1152 ὀργῆς
442 1115 489 1142 καὶ
502 1114 548 1142 τοῦ
564 1114 650 1150 θυμοῦ
661 1114 710 1148 τὴν
724 1112 908 1147 ἁποστατικὴν

123 1165 293 1200 διασημαίνει
313 1163 470 1198 ἐνέργειαν,
486 1161 518 1187 δι’
539 1158 573 1196 ἦς
597 1159 715 1194 ἔκλειψις
736 1159 784 1194 μὲν
804 1159 908 1192 γίνεται

123 1213 173 1248 τῆς
188 1211 259 1246 ζωῆς
271 1211 327 1241 τοῖς
341 1208 493 1245 ἀνθρώποις
506 1215 512 1221 “
528 1206 634 1241 ταραχὴ
649 1206 677 1232 δὲ
696 1205 743 1231 τοῦ
760 1205 909 1240 ἡσυχάζον-

124 1267 177 1289 τος.
197 1256 275 1283 Οὕτω
285 1256 312 1282 δὲ
329 1256 344 1290 ἡ
358 1255 428 1287 λέξις
441 1254 510 1289 ἔχει·
531 1263 539 1279 ι
552 1253 728 1287 Ἐξελίπομεν
747 1252 775 1278 ὲν
793 1253 825 1286 τῇ
840 1252 908 1286 ὀργῇ

126 1313 182 1337 σου,
193 1303 240 1330 καὶ
254 1303 282 1329 ἐν
296 1302 334 1336 τῷ
344 1301 422 1337 θυμῷ
435 1308 481 1326 σου
496 1299 698 1335 ἐταράχθημεν.
709 1308 718 1324 ι
738 1297 792 1325 Καὶ
806 1297 910 1329 τούτοις

125 1350 223 1384 ἐπάγει
248 1348 281 1374 δι’
302 1346 448 1374 ἀκολούθου
475 1345 505 1372 τὸ
532 1345 568 1381 μὴ
595 1344 709 1380 πρέπειν
736 1343 795 1378 Θεῷ
823 1343 910 1378 θέαμα

125 1396 260 1424 ποιεῖσθαι
272 1394 321 1429 τὴν
338 1392 510 1428 ἀνθρωπίνην
529 1391 642 1422 κακίαν,
660 1390 726 1426 μηδὲ
745 1390 800 1417 δεῖν
818 1390 911 1424 φαίνε-

127 1444 187 1470 σθαι
203 1441 242 1477 τῷ
255 1440 385 1476 ἀκηράτῳ
408 1437 544 1473 προσώπῳ
566 1437 611 1463 τὸν
631 1435 832 1472 ὲμμολυνθέντα
852 1437 911 1467 ταῖς

127 1486 273 1523 ἁμαρτίαις
288 1484 365 1519 ἡμῶν
391 1482 491 1509 αἰῶνα·
515 1482 587 1535 λέγει
612 1481 640 1507 δὲ
663 1481 762 1535 οὑῖρρρὶ
787 1482 818 1535 τῇ
836 1483 910 1535 φοονῇ
927 1507 947 1535 C

125 1533 174 1569 τὴν
195 1530 321 1564 τοιαύτην
341 1528 499 1563 ἑρμηνεύων
514 1527 633 1554 διάνοιαν
645 1535 651 1541 ·
675 1536 684 1552 ι
697 1527 777 1553 ’Έθου
792 1526 840 1558 τὰς
854 1527 913 1552 ἀνο-

128 1579 192 1614 μίας
204 1576 281 1616 ἡμῶν
297 1573 415 1601 ἐναντίον
436 1572 494 1599 σοῦ.
509 1582 517 1599 ι
535 1573 581 1605 Ὠς
598 1572 631 1599 ἂν
644 1572 670 1599 εἰ
680 1581 721 1604 τις
737 1572 768 1599 τὸ
782 1582 791 1598 ι
809 1573 851 1598 ἵνα
866 1572 891 1598 τί
902 1581 910 1597 ι

127 1623 255 1659 προσθεὶς
280 1621 326 1648 ἐπὶ
340 1621 370 1647 τὸ
387 1619 551 1654 σαφέστερον
571 1618 685 1654 προάγοι
706 1618 749 1645 τὸν
763 1618 840 1652 λόγον
853 1638 860 1649 ,
877 1617 914 1649 ὡς

127 1670 197 1698 εῖναι
216 1669 343 1703 τοιαύτην
370 1666 417 1693 τοῦ
436 1667 555 1701 ῥήματος
582 1665 630 1700 τὴν
644 1665 778 1691 διάνοιαν·
794 1665 854 1690 ’Ὁτι
874 1665 915 1690 σο).

127 1718 229 1754 πρέπει
241 1716 274 1742 τὰ
296 1713 365 1741 καλὰ
390 1714 417 1740 ἐν
435 1712 582 1747 ὀφθαλμοῖς
599 1711 670 1746 ἔχειν
684 1721 690 1726 ·
708 1711 738 1737 τὸ
756 1710 784 1754 δὲ
805 1710 914 1744 ἄνομον,

129 1753 185 1798 (86)
199 1760 275 1796 παρὰ
289 1759 336 1785 τοῦ
348 1758 460 1794 ὁρᾶσθαι
471 1757 587 1789 ἀνάξιον.
607 1755 732 1783 Τοιοῦτον
743 1753 788 1782 οὖν
804 1754 916 1790 ποίησον

127 1809 159 1836 τὸ
172 1806 340 1842 ἀνθρώπινον
352 1824 358 1836 ,
386 1804 424 1835 ὡς
445 1804 496 1838 τῆς
515 1802 572 1838 (87)
587 1801 737 1836 ἐπισκοπῆς
756 1800 792 1837 μὴ
809 1799 917 1832 ἀνάξιον

129 1853 217 1885 εἶναι,
233 1851 373 1885 ὰλλὰ,(88)
388 1849 514 1884 γενέσθαι
530 1849 576 1875 τὸν
596 1847 682 1874 αἰῶνα
706 1846 784 1882 ἡμῶν
806 1846 852 1872 τοῦ
877 1847 917 1872 σοὶ

129 1897 274 1934 φᾶίνεσθαι
291 1895 378 1928 ἄξιονσ
395 1895 432 1926 ὡς
442 1895 471 1922 τό
479 1903 510 1929 γε
518 1893 565 1920 νῦν
574 1892 662 1927 ἓχον,‹
677 1893 762 1919 πᾶσαι
777 1892 805 1918 al
816 1891 918 1927 ἡμέραι

130 1942 211 1977 ἡμῶν
230 1941 378 1974 ἐξέλιπον»
391 1939 422 1966 τὸ
439 1939 492 1975 γὰρ
507 1940 535 1965 ὲν
553 1939 594 1965 σοὶ
612 1938 648 1973 μὴ
663 1937 731 1965 εἶναι
743 1958 750 1970 ,
771 1938 830 1965 οὐδὲ
847 1938 918 1964 ἔστιν

129 1988 200 2019 ὅλως
217 1985 301 2013 εἶναι·
318 1983 355 2013 ὧν
383 1985 437 2021 γὰρ
464 1985 673 2021 ἐπικρατήσειὴ
692 1985 747 2019 (89)
768 1984 817 2019 τῆς
835 1984 920 2019 ὀργῆς

130 2033 276 2061 δυναστεία
287 2053 295 2066 ,
311 2032 494 2062 ἀνυπόστατος
514 2032 560 2058 καὶ
578 2030 711 2064 σκιοειδής
726 2031 797 2057 ἐστιν
819 2031 835 2066 ἡ
853 2029 919 2064 ζωὴ,

130 2080 192 2107 καθ’
207 2079 353 2114 ὁμοιότητα
365 2076 412 2104 τοῦ
424 2077 552 2112 ἀραχνίου
569 2077 702 2112 νήματος·
715 2076 753 2107 ὡς
769 2076 821 2111 γὰρ
834 2076 921 2102 ἐκεῖνο

130 2126 256 2160 φαίνεται
275 2124 333 2160 μὲν,
351 2124 403 2154 ’ἕως
422 2123 454 2149 ἂν
473 2122 607 2154 συνεστὼς
621 2122 688 2157 τύχῃ
702 2131 707 2136 ·
724 2123 748 2147 εἰ
762 2122 789 2148 δέ
801 2130 841 2153 τις
855 2122 921 2148 ἐπα-

958 885 1001 910 est
1019 890 1100 916 quam
1116 881 1246 909 arefactio
1270 885 1297 908 et
1318 881 1476 908 cxsiccatio.
1509 881 1554 908 Sic
1582 881 1653 908 enim
1683 882 1742 908 ait:

961 935 971 952 ε
992 927 1125 960 Quoniam
1140 935 1218 954 mane
1235 931 1365 962 tanquam
1383 927 1467 954 herba
1485 931 1616 959 transeat,
1632 935 1745 962 vespere

959 973 1077 1006 decidat,
1096 973 1205 1001 inducet
1224 977 1252 1000 et
1273 972 1468 1000 arescat.)lloc
1484 972 1609 1000 videlicet
1626 973 1744 1001 humana

959 1024 1056 1047 natura
1075 1024 1126 1047 est.
1142 1019 1171 1046 ln
1183 1019 1217 1047 iis
1229 1026 1292 1046 vero
1303 1026 1363 1054 quae
1377 1022 1539 1054 sequuntur,
1559 1020 1645 1055 magis
1656 1020 1744 1048 adhuc

959 1065 1114 1100 mortalium
1131 1065 1317 1093 Conditionem
1335 1065 1480 1093 miseratur
1495 1069 1521 1093 ct
1533 1065 1666 1101 deplorat,
1682 1075 1744 1094 cum

959 1110 1008 1143 ait,
1029 1114 1219 1146 consumptam
1246 1118 1308 1138 esse
1331 1111 1358 1137 in
1377 1111 1418 1137 ira
1436 1111 1517 1138 vitam
1546 1111 1698 1144 hominum,
1719 1118 1746 1140 et

961 1156 1033 1183 velut.
1047 1160 1128 1184 vento
1144 1156 1262 1191 quodam
1280 1155 1382 1184 furoris
1414 1156 1581 1184 immissione
1609 1158 1744 1186 turbatam

960 1205 987 1228 ct
1001 1202 1177 1236 exagitatam.
1196 1201 1372 1236 Perspicuum
1384 1206 1472 1229 autem
1490 1203 1609 1231 arbitrer
1625 1211 1686 1231 eum
1700 1204 1747 1231 ira:

961 1252 987 1274 ct
1005 1247 1106 1275 furoris
1123 1248 1281 1275 nominibus
1300 1247 1444 1283 designare
1471 1249 1669 1283 operationem,
1692 1258 1745 1285 qua

962 1301 976 1319 a
993 1292 1047 1321 Deo
1064 1294 1223 1322 absistimus
1235 1299 1262 1321 ct
1278 1294 1428 1328 deﬁcimus,
1442 1302 1501 1329 quae
1517 1295 1672 1324 hominibus
1687 1297 1747 1324 vitae

963 1340 1043 1367 ﬁnem
1059 1340 1152 1372 affert;
1172 1340 1292 1367 turbatio
1304 1347 1369 1368 vero
1389 1341 1448 1375 ejus
1461 1345 1513 1373 est,
1531 1341 1603 1376 quod
1617 1342 1745 1377 quiescit.

964 1385 1009 1412 Sic
1021 1389 1109 1413 autem
1126 1386 1207 1414 verba
1221 1394 1281 1414 sese
1298 1386 1417 1414 habent:
1434 1397 1442 1412 ι
1457 1387 1590 1420 Quoniam
1607 1389 1632 1415 in
1646 1389 1686 1416 ira
1703 1394 1747 1416 tua

964 1431 1114 1459 defecimus
1128 1453 1135 1465 ,
1156 1438 1181 1459 et
1198 1433 1224 1459 in
1245 1432 1337 1460 furore
1351 1437 1398 1460 luo
1417 1434 1518 1461 turbati
1536 1442 1642 1463 sumus.
1662 1444 1670 1460 ι
1687 1435 1749 1464 His-

964 1485 1018 1512 qne
1032 1478 1128 1505 ordine
1143 1486 1264 1514 congruo
1279 1471 1366 1512 addit,
1382 1487 1435 1506 non
1449 1479 1556 1513 decere,
1571 1484 1600 1508 ut
1616 1481 1685 1509 Deus
1700 1482 1751 1509 hu-

965 1532 1073 1552 manam
1088 1525 1220 1552 malitiam
1238 1525 1290 1553 sibi
1316 1526 1381 1553 velit
1395 1534 1455 1554 esse
1471 1528 1635 1562 spectaculo,
1663 1537 1751 1564 neque

965 1570 1096 1598 inviolato
1113 1571 1151 1597 illi
1168 1571 1255 1598 vultui
1273 1579 1404 1606 apparere
1418 1572 1518 1600 debere
1526 1581 1612 1601 aevum
1627 1579 1751 1603 nostrum

965 1617 1085 1652 peccatis
1105 1621 1132 1645 et
1147 1617 1258 1653 ﬂagitiis
1276 1618 1467 1653 inquinatum:
1485 1619 1525 1646 sic
1548 1628 1613 1647 vero
1629 1621 1663 1648 ad
1687 1629 1748 1648 ver-

967 1662 1029 1690 bum
1048 1663 1075 1689 in
1093 1663 1164 1690 hanc
1178 1664 1340 1690 sententiam
1358 1663 1497 1698 loquitur:
1516 1674 1524 1690 I
1555 1665 1675 1694 Posuisti
1700 1667 1752 1694 ini-

966 1710 1083 1744 quitates
1102 1713 1211 1737 nostras
1237 1710 1265 1736 in
1296 1715 1445 1744 conspectu
1474 1714 1530 1738 tuo.
1553 1721 1562 1736 ι
1583 1711 1619 1738 Ut
1641 1712 1664 1740 si
1690 1714 1752 1748 quis

967 1756 1074 1790 adjecta
1089 1756 1184 1783 vocula
1204 1765 1212 1782 ι
1226 1755 1316 1788 Quare
1334 1766 1343 1782 I
1359 1757 1501 1784 clariorem
1516 1758 1676 1786 sententiam
1693 1760 1750 1787 red-

968 1803 1032 1829 dere
1046 1803 1121 1834 velit,
1144 1802 1188 1829 hic
1205 1802 1286 1837 hujus
1303 1802 1355 1830 loci
1382 1811 1480 1830 sensus
1496 1804 1531 1830 sit
1556 1803 1663 1832 futurus
1679 1813 1686 1831 :
1703 1805 1753 1833 Dc-

969 1853 1010 1875 cet
1026 1852 1051 1874 te
1071 1847 1185 1883 pulchra
1199 1851 1265 1886 ante
1279 1847 1374 1875 oculos
1387 1848 1497 1880 habere,
1519 1848 1649 1884 iniquitas
1662 1854 1752 1877 autem

969 1893 1080 1929 indigna
1098 1897 1151 1926 est,
1164 1901 1224 1928 quae
1239 1901 1252 1920 a
1272 1898 1297 1920 te
1313 1894 1471 1929 aspiciatur.
1490 1894 1568 1923 Tales
1586 1895 1668 1930 igitur
1680 1896 1754 1923 efﬁce

970 1939 1104 1971 homines,
1121 1943 1150 1966 ut
1165 1947 1199 1967 ne
1211 1943 1258 1966 tuo
1275 1940 1375 1967 intuitu
1399 1940 1454 1968 sint
1479 1941 1581 1976 indigni
1598 1950 1605 1975 ;
1630 1941 1678 1969 sed
1699 1942 1753 1969 vita

970 1989 1065 2012 nostra
1080 1985 1161 2020 digna
1179 1985 1214 2012 sit
1230 1985 1278 2012 tibi
1300 1987 1425 2017 ostendi;
1449 1990 1543 2021 utpote
1559 1991 1691 2022 quantum
1719 1989 1752 2015 ad

971 2034 1132 2065 praesentem
1161 2035 1261 2059 statum
1279 2032 1429 2066 pertinet,«
1460 2039 1554 2060 omnes
1581 2033 1640 2060 dies
1655 2037 1754 2062 nostrae

971 2076 1145 2109 defecerunt;
1164 2087 1173 2102 ι
1191 2077 1263 2112 quod
1281 2077 1352 2104 enim
1375 2077 1402 2104 in
1433 2081 1459 2104 te
1487 2085 1543 2105 non
1570 2082 1622 2109 cst.
1639 2086 1753 2113 prorsus

973 2130 1027 2149 non
1044 2126 1095 2149 est.
1111 2122 1216 2155 Quibus
1230 2123 1301 2150 enim
1320 2123 1367 2150 ira:
1383 2123 1502 2157 potentia
1518 2127 1543 2150 et
1559 2124 1600 2151 vis
1617 2125 1755 2158 praevalet.

129 2172 212 2206 γάγοι
225 2170 273 2205 τὴν
285 2171 363 2205 χεῖρα
373 2189 379 2201 ,
405 2169 576 2204 παραχρῆμα
595 2168 662 2203 πρὸς
677 2168 727 2203 τὴν
744 2167 850 2202 ἐπαφὴν
866 2167 912 2193 τῶι

973 2169 1015 2196 his
1031 2169 1083 2195 vita
1099 2169 1222 2204 quaedam
1239 2169 1393 2196 umbratilis
1409 2173 1436 2195 ct
1463 2169 1575 2196 minime
1604 2170 1757 2198 subsistens

129 2217 272 2244 δακτύλων
289 2215 414 2252 διαρρυὲν
429 2214 604 2249 ἀφανίζεται·
623 2213 708 2245 οὕτως
721 2213 766 2240 καὶ
785 2214 799 2239 ὁ
815 2212 920 2248 ἀνθρώ-

130 2271 210 2293 πινος
229 2261 284 2296 βίος
298 2263 356 2292 ταῖς
372 2261 426 2296 (90)
442 2260 638 2290 ἀνυποστάτοις
651 2259 779 2290 σπουδαῖς
790 2279 796 2290 ,
814 2255 868 2285 οἷόν
882 2267 921 2285 τι-

131 2317 178 2335 σιν
195 2307 325 2343 ὲναερίοις
341 2306 524 2342 (91)νήμασιν
535 2306 577 2332 ἀεὶ
586 2305 819 2340 συμπλεκόμενος,
835 2305 921 2340 μάτην

132 2353 274 2388 ὲξυςραίνει
294 2353 349 2388 (92)
376 2352 424 2388 τὴν
443 2352 616 2388 ἀνύπαρκτον
641 2351 807 2388 ἰστουργίαν.
830 2347 921 2386 Οὖπερ

131 2401 160 2426 ετ
176 2408 218 2430 τις
239 2399 384 2434 καθάψοιτο
401 2398 506 2434 στερρῷ
522 2398 660 2433 λογισμῷ,
676 2398 858 2432 διαδιδράσκει
874 2397 921 2432 τὴν

131 2446 221 2480 λαϐὴν
231 2447 247 2480 ἠ
258 2446 312 2479 (95)
325 2445 425 2480 ματαία
436 2444 548 2479 σπουδὴ,
558 2444 604 2470 καὶ
620 2444 659 2475 εἰς
670 2443 743 2470 οὐδὲν
752 2443 919 2478 ἀφανίζεται·

132 2490 291 2524 πάνταγὰρ
308 2491 341 2517 τὰ
356 2490 426 2517 κατὰ
440 2490 487 2524 τὴν
505 2489 576 2524 ζωὴν
591 2489 692 2523 ταύτην
708 2489 921 2524 σπουδαζόμενα,

173 2593 229 2627 (se)
246 2594 303 2624 Τις,
317 2593 360 2621 ed.

174 2628 230 2663 (85)
244 2628 348 2663 Λῷτῶν,
365 2629 408 2656 ed.

176 2665 232 2698 (84)
251 2662 327 2689 Εἶναι
339 2671 394 2690 om.
407 2663 450 2691 ed.

175 2700 231 2733 (se)
252 2699 294 2729 Ὠς
309 2700 326 2733 ἡ
343 2699 419 2734 χλόη,
439 2699 482 2725 ed.

175 2735 231 2766 (8(3)
244 2734 295 2760 Τοῦ
307 2734 370 2760 add.
387 2735 428 2760 ed.

175 2769 232 2803 (87)
245 2769 296 2802 Σῆς
308 2769 369 2795 add.
385 2769 430 2803 ed.

175 2806 232 2834 I38)
255 2804 332 2830 'AI/dt
347 2804 378 2830 ad
401 2802 532 2830 εἷ-ίαιοιιι.
554 2803 596 2830 ed.
612 2808 720 2837 propter
741 2804 926 2836 repelilioneln

974 2214 1091 2248 ducitur,
1110 2214 1142 2241 ad
1153 2215 1358 2242 similitudinem
1373 2215 1431 2241 telae
1446 2222 1606 2242 aranearum
1621 2225 1628 2250 ;
1642 2220 1672 2243 ut
1684 2217 1755 2244 enim

974 2261 1018 2288 illa
1037 2266 1148 2296 apparet
1171 2261 1280 2295 quidem
1307 2261 1397 2296 quoad
1415 2268 1538 2289 connexa
1564 2261 1663 2296 fuerit;
1684 2267 1711 2289 at
1734 2266 1756 2290 si

972 2306 1035 2340 quis
1050 2314 1159 2333 manum
1178 2306 1340 2339 admoverit,
1355 2306 1499 2341 derepente
1516 2312 1641 2335 contactu
1656 2308 1758 2343 digito-

973 2359 1034 2378 rum
1050 2351 1173 2379 dilahcns
1186 2353 1346 2380 evanescit:
1364 2353 1403 2380 sic
1419 2356 1446 2380 et
1461 2354 1577 2381 humana
1594 2355 1647 2381 vita
1663 2363 1758 2390 super

975 2399 1101 2426 racnneis
1117 2402 1143 2425 et
1172 2406 1226 2426 non
1252 2399 1466 2427 consistentibus
1492 2400 1600 2432 studiis,
1627 2404 1756 2435 tanquam

975 2445 1055 2472 aeriis
1072 2445 1235 2480 quibusdam
1254 2445 1317 2478 ﬁlis,
1342 2454 1449 2481 semper
1463 2446 1610 2482 implicata,
1639 2448 1758 2474 contexit

976 2490 1027 2518 sibi
1043 2499 1096 2517 non
1113 2491 1307 2519 subsistentem
1328 2492 1407 2520 telam
1423 2501 1430 2525 ;
1446 2500 1526 2528 quam
1543 2492 1565 2520 si
1594 2493 1654 2527 quis
1682 2492 1757 2519 ﬁrma

975 2596 1048 2623 verbi
1063 2594 1144 2622 εἷναι.

1012 2630 1066 2664 (89)
1092 2631 1124 2656 Ἡ
1139 2637 1193 2657 om.
1216 2630 1263 2657 Ed.

1013 2666 1069 2700 (90)
1082 2666 1147 2696 Ταῖς
1159 2673 1213 2693 mn.
1232 2666 1275 2693 ed.

1013 2702 1069 2733 (9|)
1092 2701 1172 2726 Forte
1188 2701 1337 2736 ἀραχνίοις.

1013 2736 1067 2768 (92)
1080 2736 1157 2770 Λύτῷ
1172 2736 1232 2761 miti.
1250 2736 1293 2762 ed.

1014 2771 1069 2805 (95)
1091 2771 1121 2796 Ἠ
1134 2778 1186 2797 oni.
1201 2771 1244 2797 ed.
