1986 3080
261 127 312 154 ιοδ

260 230 402 261 sedulitas,
420 230 502 264 inque
527 229 642 256 nihilum
661 230 767 257 recidit.
783 229 880 257 Omnia
898 229 969 257 enim
985 230 1047 264 qui-

260 277 310 303 bus
327 276 354 303 in
369 276 419 303 hac
434 276 489 302 vita
505 276 660 302 mortalium
677 283 749 302 cura:
760 275 935 307 distinentur,
954 275 1044 302 inanis

259 321 382 356 quaedam
402 322 495 357 opinio
508 325 583 354 sunt,
601 321 724 356 ttiltilqtte
749 321 922 353 subsistens;
952 322 1046 356 opinio

259 372 302 395 est
322 368 419 399 honor.
445 368 575 402 dignitas,
606 368 713 402 generis
731 368 877 399 claritudo,
904 367 1045 402 superbia,

259 415 351 446 elatio,
369 413 478 446 divitiae,
494 418 520 440 et
541 414 585 441 his
605 414 716 446 similia,
743 414 843 448 quibus
871 402 932 441 viﬁe
962 413 1045 448 hujus

259 460 350 487 aranei
371 460 497 487 inhiant:
517 459 618 487 idcirco
635 461 700 487 talia
731 459 776 488 Dei
805 461 910 487 medela
943 464 1043 495 egent;

261 505 329 532 lzanc
353 506 425 532 enim
456 505 553 539 subjici
571 506 654 533 credo
680 506 841 532 sententiam
872 506 910 533 illi
935 506 1044 533 verbo:

261 560 271 576 ι
293 551 424 584 Quoniam
438 551 496 579 dies
514 558 648 578 annorum
676 556 833 578 nostrorum
860 551 886 577 in
916 550 984 585 ipsis
1003 558 1046 577 se-

259 600 397 634 ptuaginta
412 599 474 626 anni
491 609 497 626 :
514 600 536 627 si
552 603 641 626 autem
657 599 683 626 in
701 599 884 634 potentatibus
901 598 1040 634 octoginta

260 646 333 676 anni,
348 645 375 673 et
405 645 522 680 amplius
540 652 652 677 eorum,
682 645 758 672 tabor
789 649 814 672 et
831 644 928 677 dolor;
947 653 956 669 ι
991 651 1044 671 non

258 692 321 727 quia
336 700 417 727 supra
433 693 593 727 przedictum
619 691 766 719 terminum
794 691 895 718 viventi
923 691 979 717 vita
1010 690 1045 717 sit

259 738 480 771 laboriosa;sed
509 738 572 772 quia
601 737 670 764 adeo
701 736 791 764 brevis
823 737 886 762 vita:
901 735 1044 770 potissima

259 791 322 818 pars
337 785 364 811 in
380 783 473 810 labore
486 787 512 810 et
527 783 621 810 dolore
632 782 814 809 consumitur.
836 779 924 808 Labor
945 783 986 808 est
1004 779 1046 807 irt-

259 830 363 862 l’antia;
383 830 469 861 lalor,
486 829 635 863 juventus;
662 832 739 861 aatas,
757 835 817 863 quae
833 828 903 854 inter
914 827 972 853 haec
987 834 1045 853 me-

913 127 942 154 s.
963 106 1127 154 caecout:
1147 126 1292 155 NYSSENI

260 185 425 220 cogitatione
444 184 638 220 apprehendat,
668 184 761 220 eii'ugit
790 188 946 212 contactum
975 193 1042 212 vana

1096 185 1185 220 οῐησίς
1204 186 1261 212 ἔστι
1274 205 1281 216 ,
1297 185 1344 211 καὶ
1361 185 1409 219 οὐχ
1434 185 1580 216 ὑπόστασις
1592 191 1599 198 ·

1832 131 1878 158 Mil

1618 186 1703 220 οἴησις
1719 187 1734 221 ἡ
1752 187 1835 222 τιμὴ,
1850 188 1878 214 τὸ

1098 232 1215 267 ἀξίωμα,
1226 231 1256 257 τὸ
1267 231 1343 265 γένος
1355 251 1362 263 ,
1373 232 1388 257 ὁ
1398 231 1480 265 rapo;
1490 251 1497 262 ,
1512 231 1527 257 ὁ
1540 231 1620 265 ὄγκος
1632 251 1640 262 ,
1654 231 1668 257 ό
1677 231 1789 263 πλοῦτος
1799 253 1806 264 ,
1818 233 1876 259 πάνυ

1097 286 1131 304 τα
1143 278 1176 304 τὰ
1189 277 1309 309 τοιαῦτα,
1325 275 1366 309 οἷς
1378 277 1562 312 ὲμμελετῶσιν
1577 278 1605 304 αἱ
1623 276 1669 303 τοῦ
1682 277 1738 311 βίου
1755 277 1875 313 ἀράχναι·

1097 321 1126 351 οὗ
1141 324 1220 359 χάριν
1234 323 1267 350 τὰ
1282 323 1402 354 τοιαῦτα,
1416 323 1484 350 Θεοῦ
1499 323 1583 349 δεῖται
1598 323 1653 358 (94)
1668 322 1876 360 θεραπεύοντος’

1096 369 1196 405 ταύτην
1212 369 1266 404 γὰρ
1280 369 1400 404 ἠγοῦμαι
1419 368 1465 395 τοῦ
1483 369 1565 404 ῥητοῦ
1584 369 1633 404 τὴν
1647 369 1765 396 διάνοιαν
1780 369 1825 396 τοῦ
1837 369 1879 396 λέ-

1097 423 1203 449 γοντο;’
1213 424 1222 440 ι
1236 414 1295 442 Ὅτι
1310 416 1337 442 αξ
1352 414 1454 450 ἡμέραι
1481 414 1536 441 τῶν
1560 414 1629 440 ἐτῶν
1642 414 1720 449 ἡμῶν
1741 415 1769 441 ὲν
1793 415 1878 446 αὐτοῖς

1097 461 1280 496 ἑϐδομήκοντα
1296 460 1354 495 ἔτη.
1376 460 1438 487 Ἐὰν
1452 460 1480 486 δὲ
1495 461 1523 486 ὲν
1534 459 1705 492 δυναστείαις
1720 459 1877 495 όγδοήκοντα

1097 506 1142 541 ἐτη
1154 527 1161 536 ,
1177 506 1222 532 καὶ
1251 506 1282 532 τὸ
1310 506 1401 533 πλεῖον
1426 505 1515 532 αὐτῶν
1540 505 1623 537 κόπος
1637 506 1684 532 καὶ
1699 506 1788 537 πόνος.
1800 516 1808 532 ι
1825 506 1878 541 Οὐχ

1096 553 1136 579 ὅτι
1154 553 1192 588 τῷ
1205 552 1275 588 ὑπὲρ
1287 552 1316 579 τὺ
1339 552 1437 587 μέτρον
1449 552 1527 578 τοῦτο
1547 550 1628 583 ζῶντι
1642 551 1656 577 6
1671 551 1727 586 βίος
1743 551 1875 584 ἐπίπονος,

1096 597 1152 624 ἀλλ’
1167 598 1207 624 ὅτι
1221 598 1270 632 τῆς
1284 597 1355 624 οὕτω
1375 597 1503 633 βραχείας
1520 596 1592 631 ζωῆς
1609 597 1637 622 ὲν
1655 597 1731 631 κόπῳ
1750 596 1780 623 τὺ
1802 596 1877 635 πλέον

1096 644 1154 670 ἐστι
1169 644 1215 670 καὶ
1228 643 1310 678 πόνῳ.
1320 643 1420 674 Πόνος,
1433 644 1450 678 ἡ
1465 643 1596 678 νηπιότης
1606 651 1612 657 ·
1629 641 1711 672 κόπος
1721 663 1728 674 ,
1743 643 1760 678 ἡ
1771 643 1860 676 νεότης
1869 650 1876 657 ·

1095 689 1109 716 ὁ
1128 691 1156 716 ὲν
1169 689 1207 724 τῷ
1219 689 1292 724 μέσῳ
1304 689 1375 724 βίος,
1393 689 1472 715 πλέον
1489 690 1544 720 τοῖς
1561 689 1651 720 πόνοις
1669 688 1876 723 ὲνδαψιλεύεται.

1096 736 1132 762 Τὸ
1150 736 1178 762 δὲ
1199 736 1302 770 γῆρας,
1318 735 1498 770 διαφερόντως
1512 735 1579 770 αὐτῇ
1599 737 1632 770 τῇ
1658 735 1739 770 πολιᾷ
1753 735 1798 761 καὶ
1821 737 1877 767 ταῖς

1097 780 1194 816 ῥυτίσι,
1205 781 1250 807 τὸν
1268 780 1436 815 πλεονασμὸν
1449 779 1494 806 τοῦ
1510 780 1594 807 κόπου
1612 780 1798 816 μαρτύρεται.
1825 781 1878 807 Πά-

1096 825 1136 852 λιν
1150 826 1241 862 ἕτερον
1255 826 1357 852 ἐπινοεῖ
1369 825 1478 861 τρόπον,
1518 826 1592 855 ὅπως
1610 826 1642 852 ἂν
1659 828 1715 857 τοῖς
1729 825 1878 861 ἀνθρώποις

258 875 314 906 dia,
331 875 416 909 magis
429 874 518 901 adhuc
540 873 678 901 laboribus
695 872 887 904 conﬂictatur;
916 875 1042 898 senectus

1097 871 1218 906 [λεωθείη
1233 871 1263 898 τὸ
1277 870 1365 898 Θεῖον.
1382 871 1498 906 Τοιαύτη
1519 872 1547 898 δὲ
1573 872 1626 898 τῶν
1640 871 1793 906 λεγομένων
1809 872 1877 898 ἐστὶν

260 920 317 955 ipsa
332 920 434 947 canitie
449 924 475 946 et
487 919 562 954 rugis
577 919 681 953 copiam
695 922 722 944 ct
735 916 928 945 abundantiam
940 916 1043 943 laboris

259 966 368 1001 egregie
393 969 519 994 testatur.
537 965 636 993 lterum
655 964 738 991 alium
768 963 904 999 excogitat
920 962 1042 995 modum,

257 1018 312 1045 quo
325 1011 482 1038 hominibus
495 1011 618 1038 divinum
627 1009 732 1038 Numen
743 1009 882 1045 propitiet.
891 1009 941 1036 hoc
951 1007 1044 1035 verbo-

258 1063 317 1083 rum
334 1064 416 1084 sensu
435 1066 441 1084 :
457 1055 633 1084 Peccatorum
649 1059 807 1084 nostrorum
819 1054 905 1082 moles
917 1061 1043 1089 magnam

257 1102 337 1130 nobis
357 1102 485 1129 conciliat
501 1109 621 1137 poenam,
637 1105 664 1129 et
682 1101 799 1129 facultas
813 1105 918 1129 naturae
942 1105 1043 1128 nostrae

257 1151 312 1174 tam
333 1147 439 1175 inﬁrma
457 1152 510 1179 est.
540 1152 569 1175 ut
597 1148 709 1176 minime
729 1155 826 1183 capere
856 1147 943 1182 possit
959 1147 1041 1178 iram,

257 1201 318 1228 quae
334 1201 384 1228 pro
398 1194 496 1221 merito
510 1199 684 1229 peccatorum
711 1194 848 1227 inl‘ertur;
878 1200 963 1228 quare
979 1192 1043 1220 licet

257 1239 322 1266 mite
337 1242 363 1266 et
381 1238 550 1266 moderatum
562 1240 608 1273 sit,
619 1239 644 1266 id
659 1239 731 1274 quod
745 1239 871 1274 supplicii
889 1239 950 1266 loco
962 1237 1041 1265 nobis

257 1284 404 1317 incutitur;
419 1285 486 1312 satis
503 1288 594 1312 tamen
610 1288 652 1312 est
671 1284 703 1312 ad
728 1285 929 1318 correptionem
957 1287 984 1310 et
1000 1283 1042 1309 in-'

1092 917 1108 952 ἡ
1124 916 1244 943 διὰνοιαο
1260 917 1289 942 ’0
1307 916 1356 952 μὲν
1375 917 1428 943 τῶν
1443 916 1585 952 ἁμαρτιῶν
1604 918 1620 951 ἡ
1626 917 1682 952 μῶν
1699 917 1780 950 ὄγκος
1796 916 1877 952 μεγά-

1092 960 1140 995 λην
1154 961 1296 995 ὲςρέλκεται
1309 961 1358 997 τὴν
1369 962 1502 997 τιμωρίαν
1511 970 1517 977 ·
1530 961 1653 997 οὐτιδανὴ
1670 961 1697 988 δὲ
1711 962 1761 997 τῆς
1776 961 1876 995 φύσεως

1092 1009 1108 1043 η
1122 1007 1285 1041 ὑπόστασις,
1299 1007 1337 1039 ὡς
1352 1007 1387 1043 μὴ
1399 1008 1522 1044 χωρῆσαι
1538 1007 1586 1043 τὴν
1603 1009 1663 1034 κατ’
1677 1007 1756 1040 ἀξίαν
1769 1007 1813 1034 ἐπὶ
1825 1009 1877 1038 τοῖς

1093 1053 1328 1090 πλημμεληθεῖσιν
1346 1054 1442 1090 ὀργήν.
1459 1054 1538 1080 Ἀλλὰ
1563 1053 1614 1080 κᾶν
1637 1055 1724 1090 πρᾷον
1739 1051 1756 1089 ᾖ
1770 1053 1800 1080 τδ
1814 1054 1878 1079 ἐπαο

1096 1099 1210 1133 γόμενον
1242 1100 1282 1131 είς
1305 1099 1439 1138 τιμωρίαν
1464 1099 1548 1134 ἡμῖν,
1583 1099 1673 1126 ἱκανὸν
1706 1098 1783 1126 ἔσται
1815 1098 1877 1133 πρδς

1096 1144 1219 1172 παιδείαν
1229 1146 1284 1176 τοῖς
1300 1145 1495 1180 ὑπομένουσιν·
1516 1145 1541 1172 εί
1557 1143 1604 1172 οὖν
1623 1145 1652 1172 τὸ
1668 1147 1754 1181 πρᾷον
1769 1145 1817 1180 τῆς
1828 1146 1877 1171 ἀν-

1095 1190 1221 1222 τιδόσεως
1237 1190 1306 1227 πρὸς
1322 1190 1461 1218 παίδευσιν
1475 1200 1504 1218 τε
1518 1191 1563 1218 καὶ
1578 1191 1712 1226 τιμωρίαν
1727 1191 1877 1227 ἐξήρκεσεν,

1095 1236 1137 1267 τίς
1151 1236 1182 1263 τδ
1196 1237 1294 1271 κράτος
1307 1237 1357 1271 τῆς
1371 1237 1453 1271 ὀργῆς
1470 1237 1665 1271 ὑποστήσεται;
1682 1237 1700 1272 ἢ
1712 1237 1754 1269 τίς
1769 1235 1878 1271 ἀριθμὸς

1095 1279 1142 1309 τοῦ
1158 1281 1244 1318 θυμοῦ
1259 1281 1304 1314 τᾲν
1321 1282 1402 1317 φόὸον
1415 1282 1581 1318 ἐκμετρῆσαι
1593 1282 1751 1318 δυνήσεται;

257 1330 425 1358 stitutionem
444 1331 477 1358 iis
490 1331 536 1366 qui
560 1331 585 1358 id
602 1331 736 1366 patienter
762 1331 889 1358 tolerant.
923 1329 951 1357 Si
981 1329 1064 1364 igitur
1090 1333 1232 1356 mansueta
1262 1329 1407 1356 retributio
1436 1328 1534 1356 sullicit
1565 1328 1598 1355 ad
1633 1329 1831 1364 correptionem
1852 1331 1878 1354 et

257 1375 408 1408 tuuictam;
431 1376 493 1411 quis
522 1377 670 1411 potentiam
702 1376 748 1404 ira!
779 1375 913 1404 sull‘eret?
929 1374 971 1402 vel
995 1374 1058 1409 quis
1077 1380 1209 1401 numerus
1235 1374 1361 1401 timorem
1383 1373 1485 1401 furoris
1506 1374 1610 1401 emetiri
1637 1374 1759 1408 poterit?

292 1421 362 1457 Ergo
381 1422 403 1448 si
418 1422 586 1449 intoleranda
602 1426 644 1450 est
658 1423 704 1450 iraa
719 1423 887 1458 magnitudo,
903 1421 1043 1450 toleranda

257 1472 347 1495 autem
363 1468 433 1495 actio
447 1475 508 1495 cum
526 1468 694 1496 humanitate
712 1473 739 1496 et
756 1469 964 1496 mansuetudine
979 1477 1042 1497 sus-

1132 1419 1165 1446 Et
1174 1418 1222 1446 οὖν
1237 1420 1422 1451 ἀνυπόστατος
1438 1419 1487 1455 μὲν
1500 1420 1516 1453 ὴ
1529 1419 1608 1455 ὀργὴ.
1621 1419 1733 1455 χωρητὴ
1743 1419 1769 1446 δὲ
1780 1420 1796 1454 ὴ
1811 1418 1878 1445 κατὰ

1097 1463 1301 1499 φιλανθρωπίαν
1317 1464 1456 1500 ἐνέργεια,
1475 1473 1484 1490 ι
1509 1463 1596 1496 οὕτως
1610 1463 1744 1500 γνώρισον
1756 1465 1820 1499 ἡμῖν
1833 1463 1878 1498 τὴν

256 1519 333 1549 cepta
347 1535 355 1547 ,
379 1524 387 1540 ι
404 1515 443 1541 sic
460 1519 550 1541 notam
567 1515 608 1542 fac
624 1514 702 1542 nobis
721 1515 859 1542 dexteram
878 1519 963 1545 tuam,
983 1523 991 1540 ι
1014 1519 1042 1542 ιιι

1095 1506 1185 1539 δεξιάν
1211 1515 1275 1539 σου,
1293 1517 1301 1534 ι
1321 1508 1358 1540 ὡς
1378 1504 1500 1544 χωρῆσαι
1518 1508 1665 1543 δυνάμεθα,
1683 1508 1818 1544 ὲνίσοφίᾳ,
1831 1509 1878 1535 οὐκ

256 1560 317 1594 ejus
333 1567 447 1594 capaces
469 1560 574 1593 simus;
596 1561 623 1587 in
640 1560 783 1595 sapientia.
800 1568 854 1587 non
875 1560 901 1587 in
913 1560 1042 1593 vindicta,

256 1607 429 1641 correptione
445 1611 538 1634 nostra
552 1614 566 1633 a
577 1611 603 1634 te
617 1606 696 1634 nobis
714 1606 900 1642 proveniente.
915 1606 1044 1645 Exposita

257 1652 338 1685 igitur
350 1652 421 1679 hunc
437 1653 463 1679 in
482 1653 591 1680 modum
604 1653 750 1685 sententia,
762 1661 933 1688 consequens
952 1653 1042 1684 fuerit,

256 1698 316 1733 ipsa
333 1698 465 1726 divinitus
487 1699 618 1735 inspirata
633 1700 715 1728 verba
744 1701 868 1733 reddere,
881 1708 941 1735 qua:
957 1700 997 1727 sic
1014 1707 1044 1727 se

256 1743 377 1770 habent:
396 1753 405 1769 ι
429 1742 563 1776 Quoniam
580 1744 653 1771 venit
682 1744 862 1771 mansuetudo
881 1751 962 1778 super
982 1750 1042 1775 nos.

257 1793 282 1816 rt
298 1789 489 1824 corripiemur.
510 1789 578 1822 Quis
599 1790 673 1817 novit
690 1793 851 1824 potestatem
870 1790 916 1816 irae
936 1793 998 1820 ture.
1016 1793 1043 1815 et

257 1842 311 1869 pra:
331 1835 427 1862 timore
440 1840 486 1862 tuo
509 1835 577 1862 iram
596 1839 671 1862 tuam
686 1835 882 1862 dinumerare?
899 1835 1041 1862 Dexter-aut

256 1884 330 1907 tuam
345 1881 386 1909 sic
396 1885 486 1909 notam
498 1881 588 1913 fac,et
597 1882 720 1913 eruditos
736 1881 819 1909 corde
833 1882 860 1908 in
873 1882 1018 1916 sapientia.
1030 1891 1039 1907 ι

255 1923 402 1953 Pulchrum
416 1934 480 1954 vero
492 1930 534 1954 est
549 1926 575 1953 id
586 1926 658 1961 quod
670 1927 766 1954 ordine
778 1927 966 1962 subjuugitur,
979 1933 1042 1953 cutn

256 1965 294 1997 ait
311 1978 360 1999 nos
385 1971 421 1998 ob
438 1976 543 1999 naturae
568 1972 782 2000 imbecillitatem
798 1981 853 2000 non
869 1979 967 2007 capere
996 1972 1043 2000 irae

257 2016 482 2052 magnitudinem,
495 2025 576 2052 quam
589 2022 684 2045 contra
696 2026 746 2046 nos
757 2018 876 2046 concitat
889 2023 1041 2053 peccatum.

255 2071 318 2091 cum
337 2067 427 2090 tamen
456 2064 625 2098 indigeamus
642 2065 823 2100 correptione,
841 2065 889 2092 sed
911 2066 1041 2100 corripiat

255 2114 282 2137 et
297 2109 403 2137 erudiat
418 2117 468 2137 nos
485 2110 572 2146 magis
589 2111 676 2143 salus,
698 2119 780 2146 quant
811 2112 973 2139 revertendo
996 2120 1043 2139 ac-

255 2155 401 2190 quirimus,
418 2163 500 2191 quam
515 2157 679 2191 supplicium
694 2157 813 2192 peccatis
828 2157 970 2185 inuictum.
989 2157 1041 2193 lgi-

255 2206 300 2229 tur
316 2207 445 2230 converte
461 2210 521 2233 nos,
539 2202 662 2235 Domine,
678 2204 753 2230 nulla
768 2203 900 2232 dilatione
927 2205 960 2230 ad
977 2183 1040 2238 grua-
1059 2183 1080 2210 D

255 2248 320 2274 tiam
338 2248 507 2282 interposita.
524 2248 591 2275 illud
614 2256 679 2276 vero
702 2257 712 2275 ι
731 2256 885 2284 usquequo,
907 2258 916 2274 ι
936 2249 1040 2284 signiti-

254 2295 299 2318 cat
316 2293 540 2320 acceleratiouem
568 2293 681 2327 gratiae:
700 2303 709 2319 ι
731 2293 763 2320 Ει
779 2293 959 2329 deprecabilis
980 2298 1040 2321 esto

253 2343 338 2371 super
350 2343 444 2364 servos
457 2341 530 2369 tuos,
553 2345 562 2362 ι
582 2344 636 2363 non
653 2337 724 2364 enim
747 2337 854 2369 alienis,
873 2337 972 2373 inquit,
991 2337 1039 2365 sed

254 2379 372 2414 propriis
389 2380 476 2407 servis
496 2380 727 2407 reconciliaberis.
757 2380 858 2408 Deinde
885 2382 964 2416 quasi
982 2381 1038 2416 jam

253 2423 369 2457 gratiam
382 2423 506 2458 adeptus,
520 2424 750 2460 conspicatusque
776 2425 841 2453 illud
870 2426 973 2458 lumen,
992 2434 1040 2460 per

253 2466 326 2501 quod
340 2467 459 2494 tenebras
475 2467 502 2494 in
527 2467 578 2494 hac
593 2468 647 2495 vita
675 2469 862 2496 oberrantiutn
879 2469 1038 2497 illuminan-

252 2514 310 2544 tur,
325 2514 352 2538 et
368 2510 440 2538 unde
454 2511 563 2540 virtutis
577 2511 636 2540 dies
659 2513 809 2540 illucescit:
829 2523 838 2539 ‹
859 2513 963 2548 Repleti
989 2522 1037 2542 su-

252 2561 324 2588 mus,
343 2564 352 2581 ι
372 2555 471 2590 inquit,
488 2565 497 2582 ι
515 2563 595 2584 mane
610 2557 797 2585 misericordia
819 2562 875 2590 tua,
893 2562 919 2585 et
947 2558 1039 2585 exsul-

251 2599 380 2632 tavitnus,
396 2604 423 2628 et
435 2599 560 2628 delectati
581 2609 696 2629 sumus:
717 2611 726 2628 ι
743 2602 875 2630 successit
901 2603 973 2630 enirn
990 2607 1037 2630 tua

249 2645 336 2678 gratia
354 2645 480 2680 tempori,
503 2652 557 2681 quo
574 2646 692 2680 peccatis
716 2645 837 2674 immersi
866 2646 1036 2680 tenebamur,

284 2744 340 2779 (94)
355 2743 403 2772 Ed.
413 2745 475 2773 add.
485 2747 542 2774 τοῦ.

285 2779 342 2816 et»
352 2779 394 2816 In
407 2780 510 2816 vomis.
523 2781 568 2809 cd-

285 2789 342 2813 με»)
359 2789 394 2814 In
410 2789 480 2816 μωρι
503 2801 510 2810 .
523 2789 568 2809 cu.

283 2814 339 2850 (96)
351 2789 527 2858 Ἐπίστρειῖον
546 2824 600 2844 om.
612 2817 654 2844 ed.

1095 1552 1125 1579 ἐν
1146 1552 1267 1588 τιμωρίᾳ
1281 1553 1354 1588 (95),
1378 1553 1453 1588 παρὰ
1479 1553 1526 1579 σοῦ
1549 1553 1598 1588 τῆς
1625 1553 1792 1585 παιδεύσεως
1816 1554 1878 1588 ἡμῖν

1094 1598 1304 1634 ἐνεργουμένης.
1326 1598 1541 1634 Προεκτεθείσης
1560 1599 1649 1625 τοίνυν
1665 1600 1733 1633 ἡμῖν
1752 1599 1800 1634 τῆς
1825 1598 1878 1624 δια-

1094 1643 1184 1676 νοίας,
1202 1644 1346 1670 ἀκόλουθον
1370 1644 1404 1671 ἂν
1429 1645 1491 1679 εἴη,
1516 1645 1563 1670 καὶ
1582 1644 1652 1671 αὐτὰ
1676 1645 1825 1678 ἐπαγαγεῖν
1846 1643 1877 1669 τὰ

1093 1689 1258 1718 Θεόπνευστα
1291 1691 1417 1726 ῥήματα,
1447 1690 1541 1717 τοῦτον
1573 1690 1668 1725 ἔχοντα
1698 1690 1744 1717 τὸν
1772 1689 1874 1725 τρόπον·

1096 1745 1106 1762 l
1129 1736 1189 1762 ’Ότι
1203 1731 1304 1769 ἐπῆλοε
1328 1735 1449 1771 πρᾳότης
1471 1735 1515 1770 ἐφ’
1533 1736 1621 1771 ἡμᾶς,
1636 1736 1682 1762 καί
1704 1734 1875 1770 παιδευθησόρ

1094 1779 1175 1816 μεοα.
1196 1780 1244 1811 Τίς
1259 1779 1388 1814 γινώσκει
1411 1780 1441 1806 τὸ
1463 1779 1563 1815 κράτος
1585 1780 1635 1814 τῆς
1650 1780 1737 1815 ὀργῆς
1754 1788 1817 1812 σου,
1833 1778 1877 1805 καὶ

1092 1824 1147 1852 ἀπὸ
1167 1824 1214 1852 τοῦ
1231 1825 1314 1860 φόϐου
1333 1834 1378 1852 σου
1394 1825 1439 1852 τὸν
1454 1825 1538 1860 θυμόν
1554 1834 1601 1852 σου
1625 1825 1874 1865 ἐξαριθμήσασθαι;

1091 1872 1141 1908 τὴν
1158 1872 1246 1905 δεξιάν
1272 1881 1318 1898 σου
1345 1872 1431 1904 οὕτως
1452 1871 1585 1907 γνώρισόν
1609 1881 1654 1908 μοι
1679 1873 1727 1900 καὶ
1749 1873 1810 1904 τοὺς
1830 1880 1874 1897 πε-

1093 1919 1187 1945 παιδευ
1192 1919 1288 1954 μένους
1300 1919 1349 1953 τὴν
1361 1918 1473 1953 καρδίαν
1489 1919 1517 1944 ἐν
1533 1917 1612 1953 σοφίᾳ
1624 1918 1786 1953 ἑπίστρεψον
1797 1916 1872 1953 (96)·ι

1092 1964 1161 1999 καλὴ
1175 1964 1203 1991 δὲ
1218 1964 1234 1999 ἠ
1249 1964 1322 1996 λέξις
1340 1965 1356 2000 ὴ
1374 1965 1442 1992 κατὰ
1458 1965 1489 1991 τὸ
1503 1964 1647 1992 ἀκόλουθον
1661 1964 1810 1999 ὲπαχοεῖσα
1823 1964 1875 1992 τοῖς

1091 2009 1256 2045 εἰρημένοις.
1275 2010 1357 2044 Λέγει
1368 2010 1422 2046 γὰρ
1434 2011 1474 2037 ὅτι
1490 2011 1519 2036 οὐ
1535 2010 1678 2046 χωροῦμεν
1695 2011 1727 2037 δι’
1741 2009 1875 2036 ἀσθένειαν

1092 2055 1215 2090 φύσεως,
1237 2055 1267 2081 τδ
1289 2055 1338 2090 τῆς
1359 2055 1443 2091 ὀργῆς
1464 2055 1592 2091 μέγεθος,
1608 2055 1622 2082 ὃ
1637 2057 1708 2082 κινεῖ
1724 2055 1783 2082 καθ’
1801 2053 1874 2089 ἡμῶν

1091 2101 1109 2136 ὴ
1123 2100 1259 2136 ἁμαρτία,
1285 2101 1423 2137 χρήζομεν
1439 2101 1467 2128 δὲ
1483 2101 1530 2129 τοῦ
1549 2101 1738 2137 παιδευθῆναι.
1764 2100 1872 2127 Παιδευ-

1093 2145 1166 2174 σάτω
1181 2147 1236 2181 (97)
1262 2147 1337 2182 ἡμᾶς
1358 2148 1374 2183 ή
1396 2147 1429 2174 δι’
1444 2148 1611 2183 ἐπιστροφῆς
1626 2147 1747 2183 σωτηρία
1765 2146 1872 2182 μᾶλλον,

1092 2192 1163 2227 ἥπερ
1177 2193 1193 2227 ἠ
1206 2192 1251 2218 ἐπὶ
1266 2193 1321 2224 τοῖς
1335 2193 1529 2229 ἁμαρτήμασιν
1543 2194 1623 2228 ἡμῶν
1633 2193 1762 2229 τιμωρία.
1775 2191 1873 2219 Οὗκῠῦν

1090 2238 1253 2273 ὲπίστρεψον
1271 2239 1345 2274 ἡμᾶς
1371 2239 1539 2275 (98),Κύριε,
1559 2239 1640 2274 μηδὲν
1658 2239 1725 2274 πρὸς
1737 2238 1784 2273 τὴν
1800 2237 1873 2272 χάριν

1089 2283 1315 2319 ἀναϐαλλόμενος.
1345 2284 1382 2312 Τὸ
1405 2285 1460 2322 γὰρ
1476 2295 1485 2312 ι
1503 2285 1557 2317 ἕως
1586 2285 1650 2311 πότε
1669 2293 1678 2310 ι
1707 2284 1830 2320 σημαίνει
1846 2282 1873 2308 τὸ

1089 2329 1251 2356 ἐπισπεῦσαι
1265 2331 1313 2366 τὴν
1328 2331 1420 2366 χάριν.
1437 2342 1446 2358 ι
1459 2331 1515 2360 Καὶ
1531 2330 1732 2366 παρακλήοητι,
1780 2328 1870 2364 φησὶν.

1089 2375 1136 2402 ἐπὶ
1152 2376 1206 2407 τοῖς
1224 2375 1325 2408 δούλοις
1351 2385 1409 2404 σου.
1430 2386 1439 2402 ι
1463 2377 1500 2403 Οὐ
1525 2376 1578 2411 γὰρ
1594 2376 1754 2412 ἀλλοτρίοις,
1777 2374 1870 2410 φησὶν,

1089 2421 1146 2447 ἀλλ’
1173 2422 1248 2453 ἰδίοις
1275 2421 1467 2458 καταλλαγήσῃ
1491 2422 1604 2454 δούλοις.
1636 2420 1702 2450 Εἶτα
1728 2421 1766 2453 ὡς
1788 2418 1873 2454 τυχὼν

1088 2467 1140 2503 ἠδη
1158 2467 1206 2502 τῆς
1225 2468 1334 2503 χάριτος
1344 2489 1351 2499 .
1376 2469 1423 2495 καὶ
1446 2467 1507 2495 ιδὼν
1522 2469 1610 2495 ἐκεῖνο
1632 2468 1662 2495 τὺ
1677 2467 1746 2502 φῶς,
1760 2467 1793 2494 δι’
1804 2463 1833 2492 οὗ
1845 2464 1872 2490 τὸ

1090 2511 1185 2542 σκότος
1196 2511 1251 2538 τῶν
1274 2513 1303 2538 ἐν
1317 2512 1356 2546 τῷ
1372 2511 1422 2548 βίῳ
1443 2513 1628 2548 πλανωμένων
1643 2511 1870 2546 καταφωτίζεται.

1088 2556 1135 2583 καὶ
1155 2556 1215 2583 ὅθεν
1239 2565 1268 2583 τε
1288 2558 1306 2592 ἡ
1325 2558 1385 2585 κατ’
1403 2558 1502 2593 ἀρετὴν
1518 2558 1610 2594 ἡμέρα
1624 2558 1748 2593 ἄρχεται,
1766 2567 1775 2583 ι
1800 2556 1868 2582 Ἐνε-

1088 2602 1259 2639 πλήσθημεν,
1279 2613 1289 2629 ι
1311 2603 1403 2638 φησὶν,
1422 2613 1432 2629 ι
1450 2603 1481 2630 τὸ
1493 2602 1567 2638 πρωῒ
1581 2603 1629 2630 τοῦ
1648 2603 1740 2635 ἐλέους
1757 2610 1812 2634 σου,
1827 2600 1870 2626 καὶ

1087 2647 1308 2683 ἠγαλλιασάμεθα
1319 2649 1365 2676 καὶ
1379 2649 1586 2686 ηὑφράνθημεν.
1603 2659 1612 2677 ι
1640 2648 1779 2682 Διεδέξατο
1794 2647 1868 2682 τὰρὴ

1123 2751 1179 2785 (9'1)
1194 2751 1274 2779 Forte
1291 2751 1353 2779 add.
1369 2750 1425 2781 οὖν.

1123 2752 1169 2785 (97
1194 2752 1274 2779 Forte
1291 2752 1353 2779 add.

1123 2752 1179 2823 (osi
1199 2787 1296 2823 ’Υμᾶς,
1314 2787 1357 2815 ed.
