  <div class='ocr_page' id='page_1' title='image "/cluster/home/n/w/nwhite01/storage/ocr_20150623/44/njp.32101009003169/238.png"; bbox 0 0 1986 3080; ppageno 0'>
   <div class='ocr_carea' id='block_1_1' title="bbox 132 133 236 166">
    <p class='ocr_par' dir='ltr' id='par_1_1' title="bbox 132 133 236 166">
     <span class='ocr_line' id='line_1_1' title="bbox 132 133 236 166; baseline 0.01 -1"><span class='ocrx_word' id='word_1_1' title='bbox 132 133 236 166; x_wconf 49' lang='grc' dir='ltr'><strong>εδδ*</strong></span> 
     </span>
    </p>
   </div>
   <div class='ocr_carea' id='block_1_2' title="bbox 847 138 1063 168">
    <p class='ocr_par' dir='ltr' id='par_1_2' title="bbox 847 138 1063 168">
     <span class='ocr_line' id='line_1_2' title="bbox 847 138 1063 168; baseline 0 -1"><span class='ocrx_word' id='word_1_2' title='bbox 847 140 881 168; x_wconf 76' lang='lat' dir='ltr'><strong>IN</strong></span> <span class='ocrx_word' id='word_1_3' title='bbox 895 138 1063 168; x_wconf 73' lang='lat' dir='ltr'><strong>PSALMOS.</strong></span> 
     </span>
    </p>
   </div>
   <div class='ocr_carea' id='block_1_3' title="bbox 1702 143 1757 172">
    <p class='ocr_par' dir='ltr' id='par_1_3' title="bbox 1702 143 1757 172">
     <span class='ocr_line' id='line_1_3' title="bbox 1702 143 1757 172; baseline 0.018 -1"><span class='ocrx_word' id='word_1_4' title='bbox 1702 143 1757 172; x_wconf 65' lang='lat' dir='ltr'><strong>J66</strong></span> 
     </span>
    </p>
   </div>
   <div class='ocr_carea' id='block_1_4' title="bbox 132 196 918 238">
    <p class='ocr_par' dir='ltr' id='par_1_4' title="bbox 132 196 918 236">
     <span class='ocr_line' id='line_1_4' title="bbox 132 196 918 236; baseline 0.005 -13"><span class='ocrx_word' id='word_1_5' title='bbox 132 197 162 224; x_wconf 63' lang='grc' dir='ltr'>ἂν</span> <span class='ocrx_word' id='word_1_6' title='bbox 178 196 219 223; x_wconf 73' lang='grc' dir='ltr'>σοὶ</span> <span class='ocrx_word' id='word_1_7' title='bbox 233 196 306 233; x_wconf 79' lang='grc' dir='ltr'>χαρὰ</span> <span class='ocrx_word' id='word_1_8' title='bbox 323 196 368 223; x_wconf 81' lang='grc' dir='ltr'>τὸν</span> <span class='ocrx_word' id='word_1_9' title='bbox 381 197 409 224; x_wconf 77' lang='grc' dir='ltr'>ἑν</span> <span class='ocrx_word' id='word_1_10' title='bbox 420 197 454 232; x_wconf 76' lang='grc' dir='ltr'><strong>τῇ</strong></span> <span class='ocrx_word' id='word_1_11' title='bbox 465 197 627 225; x_wconf 74' lang='grc' dir='ltr'><strong>ταπεινώσει</strong></span> <span class='ocrx_word' id='word_1_12' title='bbox 640 198 690 234; x_wconf 81' lang='grc' dir='ltr'>τῆς</span> <span class='ocrx_word' id='word_1_13' title='bbox 704 199 842 235; x_wconf 77' lang='grc' dir='ltr'>ἁμαρτίας</span> <span class='ocrx_word' id='word_1_14' title='bbox 857 201 918 236; x_wconf 88' lang='grc' dir='ltr'>χρό-</span> 
     </span>
    </p>
   </div>
   <div class='ocr_carea' id='block_1_5' title="bbox 971 196 1756 238">
    <p class='ocr_par' dir='ltr' id='par_1_5' title="bbox 971 199 1756 238">
     <span class='ocr_line' id='line_1_5' title="bbox 971 199 1756 238; baseline 0.001 -11"><span class='ocrx_word' id='word_1_15' title='bbox 971 205 999 228; x_wconf 88' lang='lat' dir='ltr'><strong>et</strong></span> <span class='ocrx_word' id='word_1_16' title='bbox 1008 200 1071 227; x_wconf 86' lang='lat' dir='ltr'><strong>anni</strong></span> <span class='ocrx_word' id='word_1_17' title='bbox 1086 200 1195 228; x_wconf 64' lang='lat' dir='ltr'><strong>malitia</strong></span> <span class='ocrx_word' id='word_1_18' title='bbox 1209 201 1406 235; x_wconf 64' lang='lat' dir='ltr'><strong>praterlerunt.</strong></span> <span class='ocrx_word' id='word_1_19' title='bbox 1427 199 1466 228; x_wconf 80' lang='lat' dir='ltr'><strong>ita</strong></span> <span class='ocrx_word' id='word_1_20' title='bbox 1493 208 1609 237; x_wconf 74' lang='lat' dir='ltr'><strong>namque</strong></span> <span class='ocrx_word' id='word_1_21' title='bbox 1628 201 1756 238; x_wconf 75' lang='lat' dir='ltr'><strong>intelligi-</strong></span> 
     </span>
    </p>
   </div>
   <div class='ocr_carea' id='block_1_6' title="bbox 134 243 920 282">
    <p class='ocr_par' dir='ltr' id='par_1_6' title="bbox 134 243 920 282">
     <span class='ocr_line' id='line_1_6' title="bbox 134 243 920 282; baseline 0.006 -13"><span class='ocrx_word' id='word_1_22' title='bbox 134 252 187 275; x_wconf 86' lang='lat' dir='ltr'><strong>vov,</strong></span> <span class='ocrx_word' id='word_1_23' title='bbox 203 243 250 269; x_wconf 74' lang='grc' dir='ltr'>καὶ</span> <span class='ocrx_word' id='word_1_24' title='bbox 265 243 386 278; x_wconf 83' lang='grc' dir='ltr'>παρῆλθε</span> <span class='ocrx_word' id='word_1_25' title='bbox 400 243 434 271; x_wconf 84' lang='grc' dir='ltr'><strong>τὰ</strong></span> <span class='ocrx_word' id='word_1_26' title='bbox 447 244 498 280; x_wconf 84' lang='grc' dir='ltr'>τῆς</span> <span class='ocrx_word' id='word_1_27' title='bbox 510 244 608 277; x_wconf 81' lang='grc' dir='ltr'>κακίας</span> <span class='ocrx_word' id='word_1_28' title='bbox 620 245 678 281; x_wconf 76' lang='grc' dir='ltr'>ἔτη.</span> <span class='ocrx_word' id='word_1_29' title='bbox 691 245 769 272; x_wconf 84' lang='grc' dir='ltr'>Οὖτω</span> <span class='ocrx_word' id='word_1_30' title='bbox 787 247 835 282; x_wconf 73' lang='grc' dir='ltr'><strong>(ἂρ</strong></span> <span class='ocrx_word' id='word_1_31' title='bbox 845 247 920 274; x_wconf 82' lang='grc' dir='ltr'>νοοῦ-</span> 
     </span>
    </p>
   </div>
   <div class='ocr_carea' id='block_1_7' title="bbox 136 286 919 327">
    <p class='ocr_par' dir='ltr' id='par_1_7' title="bbox 136 286 919 327">
     <span class='ocr_line' id='line_1_7' title="bbox 136 286 919 327; baseline 0.006 -13"><span class='ocrx_word' id='word_1_32' title='bbox 136 297 184 323; x_wconf 84' lang='grc' dir='ltr'><strong>μεν</strong></span> <span class='ocrx_word' id='word_1_33' title='bbox 196 288 238 317; x_wconf 79' lang='grc' dir='ltr'><strong>τὸ,</strong></span> <span class='ocrx_word' id='word_1_34' title='bbox 249 297 258 314; x_wconf 77' lang='grc' dir='ltr'><strong>ι</strong></span> <span class='ocrx_word' id='word_1_35' title='bbox 282 288 340 315; x_wconf 81' lang='grc' dir='ltr'>ἀνθ’</span> <span class='ocrx_word' id='word_1_36' title='bbox 355 286 392 316; x_wconf 84' lang='grc' dir='ltr'>ὧν</span> <span class='ocrx_word' id='word_1_37' title='bbox 407 289 518 325; x_wconf 78' lang='grc' dir='ltr'>ἡμερῶν</span> <span class='ocrx_word' id='word_1_38' title='bbox 535 291 718 323; x_wconf 75' lang='grc' dir='ltr'>ἑταπείνωσας</span> <span class='ocrx_word' id='word_1_39' title='bbox 739 292 812 327; x_wconf 79' lang='grc' dir='ltr'>ἡμᾶς</span> <span class='ocrx_word' id='word_1_40' title='bbox 828 312 834 323; x_wconf 87' lang='grc'><strong>,</strong></span> <span class='ocrx_word' id='word_1_41' title='bbox 850 292 919 319; x_wconf 85' lang='grc' dir='ltr'><strong>ὲτῶν</strong></span> 
     </span>
    </p>
   </div>
   <div class='ocr_carea' id='block_1_8' title="bbox 133 330 919 371">
    <p class='ocr_par' dir='ltr' id='par_1_8' title="bbox 133 330 919 371">
     <span class='ocr_line' id='line_1_8' title="bbox 133 330 919 371; baseline 0.006 -12"><span class='ocrx_word' id='word_1_42' title='bbox 133 330 170 359; x_wconf 79' lang='grc' dir='ltr'>ὧν</span> <span class='ocrx_word' id='word_1_43' title='bbox 185 333 290 369; x_wconf 80' lang='grc' dir='ltr'><strong>εἴδομεν</strong></span> <span class='ocrx_word' id='word_1_44' title='bbox 315 335 395 361; x_wconf 79' lang='grc' dir='ltr'>κακά.</span> <span class='ocrx_word' id='word_1_45' title='bbox 415 345 424 361; x_wconf 76' lang='grc' dir='ltr'><strong>ι</strong></span> <span class='ocrx_word' id='word_1_46' title='bbox 452 335 506 362; x_wconf 77' lang='grc' dir='ltr'><strong>Καὶ</strong></span> <span class='ocrx_word' id='word_1_47' title='bbox 534 334 605 362; x_wconf 79' lang='grc' dir='ltr'>οὕτω</span> <span class='ocrx_word' id='word_1_48' title='bbox 631 335 742 371; x_wconf 74' lang='grc' dir='ltr'><strong>θαρσεῖ⁸</strong></span> <span class='ocrx_word' id='word_1_49' title='bbox 759 336 840 363; x_wconf 84' lang='grc' dir='ltr'>τέκνα</span> <span class='ocrx_word' id='word_1_50' title='bbox 865 337 919 364; x_wconf 83' lang='grc' dir='ltr'>τῶν</span> 
     </span>
    </p>
   </div>
   <div class='ocr_carea' id='block_1_9' title="bbox 134 378 920 419">
    <p class='ocr_par' dir='ltr' id='par_1_9' title="bbox 134 378 920 419">
     <span class='ocr_line' id='line_1_9' title="bbox 134 378 920 419; baseline 0.006 -14"><span class='ocrx_word' id='word_1_51' title='bbox 134 378 222 414; x_wconf 74' lang='grc' dir='ltr'>ἔργων</span> <span class='ocrx_word' id='word_1_52' title='bbox 235 379 280 406; x_wconf 83' lang='grc' dir='ltr'>τοῦ</span> <span class='ocrx_word' id='word_1_53' title='bbox 297 380 375 413; x_wconf 85' lang='grc' dir='ltr'>Θεοῦ,</span> <span class='ocrx_word' id='word_1_54' title='bbox 393 382 454 413; x_wconf 79' lang='grc' dir='ltr'>τοὺς</span> <span class='ocrx_word' id='word_1_55' title='bbox 465 381 498 407; x_wconf 80' lang='grc' dir='ltr'><strong>δι’</strong></span> <span class='ocrx_word' id='word_1_56' title='bbox 515 383 681 418; x_wconf 75' lang='grc' dir='ltr'>ἐπιστροφῆς</span> <span class='ocrx_word' id='word_1_57' title='bbox 699 384 920 419; x_wconf 77' lang='grc' dir='ltr'>πεφωτισμένους</span> 
     </span>
    </p>
   </div>
   <div class='ocr_carea' id='block_1_10' title="bbox 135 425 918 463">
    <p class='ocr_par' dir='ltr' id='par_1_10' title="bbox 135 425 918 463">
     <span class='ocr_line' id='line_1_10' title="bbox 135 425 918 463; baseline 0.006 -12"><span class='ocrx_word' id='word_1_58' title='bbox 135 425 337 461; x_wconf 82' lang='grc' dir='ltr'>κατονομάξων.</span> <span class='ocrx_word' id='word_1_59' title='bbox 359 436 368 452; x_wconf 80' lang='grc' dir='ltr'><strong>ι</strong></span> <span class='ocrx_word' id='word_1_60' title='bbox 392 427 445 453; x_wconf 87' lang='grc' dir='ltr'><strong>Ἴδε</strong></span> <span class='ocrx_word' id='word_1_61' title='bbox 465 437 475 453; x_wconf 84' lang='grc'><strong>›</strong></span> <span class='ocrx_word' id='word_1_62' title='bbox 497 427 560 463; x_wconf 65' lang='grc' dir='ltr'>γὰρ,</span> <span class='ocrx_word' id='word_1_63' title='bbox 573 429 665 463; x_wconf 82' lang='grc' dir='ltr'>φησὶν,</span> <span class='ocrx_word' id='word_1_64' title='bbox 686 438 695 454; x_wconf 83' lang='grc' dir='ltr'><strong>ι</strong></span> <span class='ocrx_word' id='word_1_65' title='bbox 716 429 761 455; x_wconf 73' lang='grc' dir='ltr'><strong>ἐπὶ</strong></span> <span class='ocrx_word' id='word_1_66' title='bbox 774 429 918 462; x_wconf 39' lang='grc' dir='ltr'>τοὺςξδού-</span> 
     </span>
    </p>
   </div>
   <div class='ocr_carea' id='block_1_11' title="bbox 135 471 920 511">
    <p class='ocr_par' dir='ltr' id='par_1_11' title="bbox 135 471 920 511">
     <span class='ocr_line' id='line_1_11' title="bbox 135 471 920 511; baseline 0.006 -14"><span class='ocrx_word' id='word_1_67' title='bbox 135 471 196 503; x_wconf 84' lang='grc' dir='ltr'>λους</span> <span class='ocrx_word' id='word_1_68' title='bbox 223 480 269 498; x_wconf 88' lang='grc' dir='ltr'><strong>σου</strong></span> <span class='ocrx_word' id='word_1_69' title='bbox 299 473 346 499; x_wconf 78' lang='grc' dir='ltr'>καὶ</span> <span class='ocrx_word' id='word_1_70' title='bbox 372 473 419 499; x_wconf 73' lang='grc' dir='ltr'><strong>ἐπὶ</strong></span> <span class='ocrx_word' id='word_1_71' title='bbox 441 473 475 500; x_wconf 83' lang='grc' dir='ltr'>τὰ</span> <span class='ocrx_word' id='word_1_72' title='bbox 497 473 565 509; x_wconf 81' lang='grc' dir='ltr'>ἔργα</span> <span class='ocrx_word' id='word_1_73' title='bbox 591 482 653 500; x_wconf 82' lang='grc' dir='ltr'>σου·</span> <span class='ocrx_word' id='word_1_74' title='bbox 676 484 685 500; x_wconf 68' lang='grc' dir='ltr'><strong>ι</strong></span> <span class='ocrx_word' id='word_1_75' title='bbox 711 476 774 507; x_wconf 82' lang='grc' dir='ltr'>τοὺς</span> <span class='ocrx_word' id='word_1_76' title='bbox 797 475 860 511; x_wconf 77' lang='grc' dir='ltr'>περὶ</span> <span class='ocrx_word' id='word_1_77' title='bbox 874 476 920 502; x_wconf 82' lang='grc' dir='ltr'>τὸν</span> 
     </span>
    </p>
   </div>
   <div class='ocr_carea' id='block_1_12' title="bbox 142 514 920 556">
    <p class='ocr_par' dir='ltr' id='par_1_12' title="bbox 142 514 920 556">
     <span class='ocr_line' id='line_1_12' title="bbox 142 514 920 556; baseline 0.008 -16"><span class='ocrx_word' id='word_1_78' title='bbox 142 514 265 550; x_wconf 79' lang='grc' dir='ltr'>’Δόραὰμ</span> <span class='ocrx_word' id='word_1_79' title='bbox 277 516 447 552; x_wconf 80' lang='grc' dir='ltr'><strong>πατριάρχας</strong></span> <span class='ocrx_word' id='word_1_80' title='bbox 457 517 633 547; x_wconf 76' lang='grc' dir='ltr'>ἐνδείκνυται.</span> <span class='ocrx_word' id='word_1_81' title='bbox 649 515 727 546; x_wconf 77' lang='grc' dir='ltr'>Οὗτοι</span> <span class='ocrx_word' id='word_1_82' title='bbox 741 519 795 555; x_wconf 78' lang='grc' dir='ltr'><strong>γὰρ</strong></span> <span class='ocrx_word' id='word_1_83' title='bbox 806 520 844 551; x_wconf 89' lang='grc' dir='ltr'>ὡς</span> <span class='ocrx_word' id='word_1_84' title='bbox 857 520 920 556; x_wconf 81' lang='grc' dir='ltr'>ἀλη-</span> 
     </span>
    </p>
   </div>
   <div class='ocr_carea' id='block_1_13' title="bbox 135 559 919 600">
    <p class='ocr_par' dir='ltr' id='par_1_13' title="bbox 135 559 919 600">
     <span class='ocr_line' id='line_1_13' title="bbox 135 559 919 600; baseline 0.008 -14"><span class='ocrx_word' id='word_1_85' title='bbox 135 559 189 592; x_wconf 85' lang='grc' dir='ltr'>θῶς</span> <span class='ocrx_word' id='word_1_86' title='bbox 211 560 279 587; x_wconf 76' lang='grc' dir='ltr'>Θεοῦ</span> <span class='ocrx_word' id='word_1_87' title='bbox 301 561 370 597; x_wconf 75' lang='grc' dir='ltr'>ἔργα</span> <span class='ocrx_word' id='word_1_88' title='bbox 384 563 446 590; x_wconf 79' lang='grc' dir='ltr'>εἰσί.</span> <span class='ocrx_word' id='word_1_89' title='bbox 464 572 474 589; x_wconf 75' lang='grc' dir='ltr'><strong>ι</strong></span> <span class='ocrx_word' id='word_1_90' title='bbox 492 564 546 591; x_wconf 71' lang='grc' dir='ltr'><strong>Καὶ</strong></span> <span class='ocrx_word' id='word_1_91' title='bbox 559 565 692 600; x_wconf 78' lang='grc' dir='ltr'>ὀδήγησον</span> <span class='ocrx_word' id='word_1_92' title='bbox 705 565 766 597; x_wconf 80' lang='grc' dir='ltr'>τοὺς</span> <span class='ocrx_word' id='word_1_93' title='bbox 780 566 854 597; x_wconf 68' lang='grc' dir='ltr'>υἱοὺς</span> <span class='ocrx_word' id='word_1_94' title='bbox 872 567 919 592; x_wconf 76' lang='grc' dir='ltr'><strong>αὺ-</strong></span> 
     </span>
    </p>
   </div>
   <div class='ocr_carea' id='block_1_14' title="bbox 135 607 918 647">
    <p class='ocr_par' dir='ltr' id='par_1_14' title="bbox 135 607 918 647">
     <span class='ocr_line' id='line_1_14' title="bbox 135 607 918 647; baseline 0.008 -15"><span class='ocrx_word' id='word_1_95' title='bbox 135 607 198 634; x_wconf 85' lang='grc' dir='ltr'><strong>τῶν.</strong></span> <span class='ocrx_word' id='word_1_96' title='bbox 218 617 227 632; x_wconf 73' lang='grc' dir='ltr'><strong>ι</strong></span> <span class='ocrx_word' id='word_1_97' title='bbox 249 608 280 634; x_wconf 78' lang='grc' dir='ltr'><strong>Οἱ</strong></span> <span class='ocrx_word' id='word_1_98' title='bbox 303 607 358 644; x_wconf 83' lang='grc' dir='ltr'><strong>γὰρ</strong></span> <span class='ocrx_word' id='word_1_99' title='bbox 379 608 414 635; x_wconf 69' lang='grc' dir='ltr'><strong>τὰ</strong></span> <span class='ocrx_word' id='word_1_100' title='bbox 441 609 511 645; x_wconf 77' lang='grc' dir='ltr'>ἔργα</span> <span class='ocrx_word' id='word_1_101' title='bbox 536 609 675 642; x_wconf 83' lang='grc' dir='ltr'>ποιοῦντες</span> <span class='ocrx_word' id='word_1_102' title='bbox 697 611 743 638; x_wconf 80' lang='grc' dir='ltr'>τοῦ</span> <span class='ocrx_word' id='word_1_103' title='bbox 779 611 918 647; x_wconf 77' lang='grc' dir='ltr'>Ἀϐραὰμ,</span> 
     </span>
    </p>
   </div>
   <div class='ocr_carea' id='block_1_15' title="bbox 135 652 919 692">
    <p class='ocr_par' dir='ltr' id='par_1_15' title="bbox 135 652 919 692">
     <span class='ocr_line' id='line_1_15' title="bbox 135 652 919 692; baseline 0.006 -14"><span class='ocrx_word' id='word_1_104' title='bbox 135 652 217 679; x_wconf 82' lang='grc' dir='ltr'>τέκνα</span> <span class='ocrx_word' id='word_1_105' title='bbox 231 653 348 686; x_wconf 84' lang='grc' dir='ltr'>γίνονται</span> <span class='ocrx_word' id='word_1_106' title='bbox 363 655 410 681; x_wconf 78' lang='grc' dir='ltr'>καὶ</span> <span class='ocrx_word' id='word_1_107' title='bbox 423 655 480 689; x_wconf 81' lang='grc'><strong>(99)</strong></span> <span class='ocrx_word' id='word_1_108' title='bbox 496 655 549 682; x_wconf 81' lang='grc' dir='ltr'>τῶν</span> <span class='ocrx_word' id='word_1_109' title='bbox 565 656 755 691; x_wconf 86' lang='grc' dir='ltr'>πατριαρχῶν,</span> <span class='ocrx_word' id='word_1_110' title='bbox 769 657 803 683; x_wconf 84' lang='grc' dir='ltr'>δι’</span> <span class='ocrx_word' id='word_1_111' title='bbox 820 658 919 692; x_wconf 80' lang='grc' dir='ltr'>ἀρετῆς</span> 
     </span>
    </p>
   </div>
   <div class='ocr_carea' id='block_1_16' title="bbox 136 698 919 738">
    <p class='ocr_par' dir='ltr' id='par_1_16' title="bbox 136 698 919 738">
     <span class='ocr_line' id='line_1_16' title="bbox 136 698 919 738; baseline 0.006 -14"><span class='ocrx_word' id='word_1_112' title='bbox 136 699 204 733; x_wconf 76' lang='grc' dir='ltr'>πρὸς</span> <span class='ocrx_word' id='word_1_113' title='bbox 222 699 259 733; x_wconf 81' lang='grc'><strong>(1)</strong></span> <span class='ocrx_word' id='word_1_114' title='bbox 277 698 326 735; x_wconf 83' lang='grc' dir='ltr'>τὴν</span> <span class='ocrx_word' id='word_1_115' title='bbox 347 700 505 734; x_wconf 81' lang='grc' dir='ltr'>συγγένειαν</span> <span class='ocrx_word' id='word_1_116' title='bbox 518 701 607 728; x_wconf 80' lang='grc' dir='ltr'>αὐτῶν</span> <span class='ocrx_word' id='word_1_117' title='bbox 629 702 835 738; x_wconf 71' lang='grc' dir='ltr'>εἰσποιούμενοι.</span> <span class='ocrx_word' id='word_1_118' title='bbox 853 701 919 729; x_wconf 81' lang='grc' dir='ltr'>Εἶτα</span> 
     </span>
    </p>
   </div>
   <div class='ocr_carea' id='block_1_17' title="bbox 134 742 919 783">
    <p class='ocr_par' dir='ltr' id='par_1_17' title="bbox 134 742 919 783">
     <span class='ocr_line' id='line_1_17' title="bbox 134 742 919 783; baseline 0.006 -13"><span class='ocrx_word' id='word_1_119' title='bbox 134 744 160 770; x_wconf 83' lang='grc' dir='ltr'>ὲν</span> <span class='ocrx_word' id='word_1_120' title='bbox 169 742 377 778; x_wconf 76' lang='grc' dir='ltr'>τοῖςτελευταῖοις</span> <span class='ocrx_word' id='word_1_121' title='bbox 383 747 508 775; x_wconf 81' lang='grc' dir='ltr'><strong>συνάπτει</strong></span> <span class='ocrx_word' id='word_1_122' title='bbox 522 746 566 773; x_wconf 85' lang='grc' dir='ltr'><strong>διὰ</strong></span> <span class='ocrx_word' id='word_1_123' title='bbox 575 746 760 782; x_wconf 85' lang='grc' dir='ltr'>καθαρότητος</span> <span class='ocrx_word' id='word_1_124' title='bbox 770 747 808 783; x_wconf 86' lang='grc' dir='ltr'>τῴ</span> <span class='ocrx_word' id='word_1_125' title='bbox 819 748 879 783; x_wconf 88' lang='grc' dir='ltr'><strong>Θεῷ</strong></span> <span class='ocrx_word' id='word_1_126' title='bbox 889 749 919 775; x_wconf 82' lang='grc' dir='ltr'><strong>τὸ</strong></span> 
     </span>
    </p>
   </div>
   <div class='ocr_carea' id='block_1_18' title="bbox 136 787 918 831">
    <p class='ocr_par' dir='ltr' id='par_1_18' title="bbox 136 787 918 831">
     <span class='ocr_line' id='line_1_18' title="bbox 136 787 918 831; baseline 0.01 -17"><span class='ocrx_word' id='word_1_127' title='bbox 136 787 314 824; x_wconf 84' lang='grc' dir='ltr'>ἀνθρώπινον,</span> <span class='ocrx_word' id='word_1_128' title='bbox 333 791 513 827; x_wconf 76' lang='grc' dir='ltr'><strong>ἐπευχόμενος</strong></span> <span class='ocrx_word' id='word_1_129' title='bbox 526 793 573 819; x_wconf 85' lang='grc' dir='ltr'>τοῦ</span> <span class='ocrx_word' id='word_1_130' title='bbox 590 793 657 820; x_wconf 80' lang='grc' dir='ltr'>Θεοῦ</span> <span class='ocrx_word' id='word_1_131' title='bbox 676 796 724 830; x_wconf 76' lang='grc' dir='ltr'>τὴν</span> <span class='ocrx_word' id='word_1_132' title='bbox 740 796 918 831; x_wconf 82' lang='grc' dir='ltr'>λαμπρότητα</span> 
     </span>
    </p>
   </div>
   <div class='ocr_carea' id='block_1_19' title="bbox 136 833 919 875">
    <p class='ocr_par' dir='ltr' id='par_1_19' title="bbox 136 833 919 875">
     <span class='ocr_line' id='line_1_19' title="bbox 136 833 919 875; baseline 0.01 -16"><span class='ocrx_word' id='word_1_133' title='bbox 136 833 183 859; x_wconf 75' lang='grc' dir='ltr'>καὶ</span> <span class='ocrx_word' id='word_1_134' title='bbox 204 834 242 869; x_wconf 83' lang='grc' dir='ltr'>τῷ</span> <span class='ocrx_word' id='word_1_135' title='bbox 261 835 387 871; x_wconf 79' lang='grc' dir='ltr'><strong>ἡμετέρῳ</strong></span> <span class='ocrx_word' id='word_1_136' title='bbox 410 836 459 871; x_wconf 86' lang='grc' dir='ltr'><strong>βίῳ</strong></span> <span class='ocrx_word' id='word_1_137' title='bbox 474 837 518 864; x_wconf 82' lang='grc' dir='ltr'><strong>διὰ</strong></span> <span class='ocrx_word' id='word_1_138' title='bbox 539 838 661 875; x_wconf 82' lang='grc' dir='ltr'>καθαρᾶς</span> <span class='ocrx_word' id='word_1_139' title='bbox 683 839 753 873; x_wconf 78' lang='grc' dir='ltr'>ζωῆς</span> <span class='ocrx_word' id='word_1_140' title='bbox 770 840 919 875; x_wconf 62' lang='grc' dir='ltr'>νέπαστρά-</span> 
     </span>
    </p>
   </div>
   <div class='ocr_carea' id='block_1_20' title="bbox 136 883 918 922">
    <p class='ocr_par' dir='ltr' id='par_1_20' title="bbox 136 883 918 922">
     <span class='ocr_line' id='line_1_20' title="bbox 136 883 918 922; baseline 0.009 -16"><span class='ocrx_word' id='word_1_141' title='bbox 136 888 228 907; x_wconf 71' lang='grc' dir='ltr'>πτεινο</span> <span class='ocrx_word' id='word_1_142' title='bbox 243 891 252 906; x_wconf 81' lang='grc' dir='ltr'><strong>ι</strong></span> <span class='ocrx_word' id='word_1_143' title='bbox 272 883 360 908; x_wconf 84' lang='grc' dir='ltr'>Ἔστω</span> <span class='ocrx_word' id='word_1_144' title='bbox 374 892 383 908; x_wconf 71' lang='grc' dir='ltr'><strong>ι</strong></span> <span class='ocrx_word' id='word_1_145' title='bbox 400 883 464 918; x_wconf 81' lang='grc' dir='ltr'>γὰρ,</span> <span class='ocrx_word' id='word_1_146' title='bbox 478 885 570 920; x_wconf 75' lang='grc' dir='ltr'>φησὶν,</span> <span class='ocrx_word' id='word_1_147' title='bbox 585 895 594 911; x_wconf 81' lang='grc' dir='ltr'><strong>ι</strong></span> <span class='ocrx_word' id='word_1_148' title='bbox 615 886 632 920; x_wconf 77' lang='grc' dir='ltr'><strong>ἡ</strong></span> <span class='ocrx_word' id='word_1_149' title='bbox 646 885 804 921; x_wconf 82' lang='grc' dir='ltr'>λαμπρότης</span> <span class='ocrx_word' id='word_1_150' title='bbox 816 886 918 922; x_wconf 77' lang='grc' dir='ltr'><strong>Κυρίου</strong></span> 
     </span>
    </p>
   </div>
   <div class='ocr_carea' id='block_1_21' title="bbox 134 927 918 968">
    <p class='ocr_par' dir='ltr' id='par_1_21' title="bbox 134 927 918 968">
     <span class='ocr_line' id='line_1_21' title="bbox 134 927 918 968; baseline 0.008 -15"><span class='ocrx_word' id='word_1_151' title='bbox 134 927 182 953; x_wconf 76' lang='grc' dir='ltr'>τοῦ</span> <span class='ocrx_word' id='word_1_152' title='bbox 196 927 262 954; x_wconf 83' lang='grc' dir='ltr'><strong>Θεοῦ</strong></span> <span class='ocrx_word' id='word_1_153' title='bbox 280 929 358 964; x_wconf 80' lang='grc' dir='ltr'>ἡμῶν</span> <span class='ocrx_word' id='word_1_154' title='bbox 374 931 416 964; x_wconf 78' lang='grc' dir='ltr'><strong>ἐφ’</strong></span> <span class='ocrx_word' id='word_1_155' title='bbox 437 931 526 966; x_wconf 78' lang='grc' dir='ltr'>ἡμᾶς,</span> <span class='ocrx_word' id='word_1_156' title='bbox 548 941 557 957; x_wconf 70' lang='grc' dir='ltr'><strong>ι</strong></span> <span class='ocrx_word' id='word_1_157' title='bbox 576 932 613 964; x_wconf 85' lang='grc' dir='ltr'>ὡς</span> <span class='ocrx_word' id='word_1_158' title='bbox 625 932 712 960; x_wconf 84' lang='grc' dir='ltr'>πάντα</span> <span class='ocrx_word' id='word_1_159' title='bbox 728 932 762 959; x_wconf 79' lang='grc' dir='ltr'><strong>τὰ</strong></span> <span class='ocrx_word' id='word_1_160' title='bbox 775 933 918 968; x_wconf 83' lang='grc' dir='ltr'>ἐπιτηδεύ-</span> 
     </span>
    </p>
   </div>
   <div class='ocr_carea' id='block_1_22' title="bbox 137 975 918 1014">
    <p class='ocr_par' dir='ltr' id='par_1_22' title="bbox 137 975 918 1014">
     <span class='ocr_line' id='line_1_22' title="bbox 137 975 918 1014; baseline 0.006 -14"><span class='ocrx_word' id='word_1_161' title='bbox 137 982 208 1008; x_wconf 88' lang='grc' dir='ltr'>ματα</span> <span class='ocrx_word' id='word_1_162' title='bbox 224 975 272 1009; x_wconf 85' lang='grc' dir='ltr'>τῆς</span> <span class='ocrx_word' id='word_1_163' title='bbox 295 975 368 1011; x_wconf 75' lang='grc' dir='ltr'>ζωῆς</span> <span class='ocrx_word' id='word_1_164' title='bbox 386 976 464 1012; x_wconf 85' lang='grc' dir='ltr'>ήμῶν</span> <span class='ocrx_word' id='word_1_165' title='bbox 484 978 588 1013; x_wconf 79' lang='grc' dir='ltr'>καρπὸν</span> <span class='ocrx_word' id='word_1_166' title='bbox 605 978 700 1013; x_wconf 82' lang='grc' dir='ltr'>φέρειν</span> <span class='ocrx_word' id='word_1_167' title='bbox 716 979 856 1014; x_wconf 81' lang='grc' dir='ltr'>σωτήριον,</span> <span class='ocrx_word' id='word_1_168' title='bbox 872 979 918 1005; x_wconf 79' lang='grc' dir='ltr'>καὶ</span> 
     </span>
    </p>
   </div>
   <div class='ocr_carea' id='block_1_23' title="bbox 135 1019 915 1059">
    <p class='ocr_par' dir='ltr' id='par_1_23' title="bbox 135 1019 915 1059">
     <span class='ocr_line' id='line_1_23' title="bbox 135 1019 915 1059; baseline 0.008 -14"><span class='ocrx_word' id='word_1_169' title='bbox 135 1019 224 1046; x_wconf 81' lang='grc' dir='ltr'>πάντα</span> <span class='ocrx_word' id='word_1_170' title='bbox 247 1020 265 1046; x_wconf 79' lang='grc' dir='ltr'><strong>ἃ.</strong></span> <span class='ocrx_word' id='word_1_171' title='bbox 285 1021 439 1056; x_wconf 76' lang='grc' dir='ltr'>πράττομεν</span> <span class='ocrx_word' id='word_1_172' title='bbox 464 1023 532 1059; x_wconf 84' lang='grc' dir='ltr'>πρὸς</span> <span class='ocrx_word' id='word_1_173' title='bbox 555 1024 602 1050; x_wconf 68' lang='grc' dir='ltr'>ἕνα</span> <span class='ocrx_word' id='word_1_174' title='bbox 618 1024 717 1051; x_wconf 78' lang='grc' dir='ltr'>σκοπὸν</span> <span class='ocrx_word' id='word_1_175' title='bbox 743 1024 851 1059; x_wconf 76' lang='grc' dir='ltr'>βλέπειν</span> <span class='ocrx_word' id='word_1_176' title='bbox 867 1024 915 1059; x_wconf 74' lang='grc'><strong>(2).</strong></span> 
     </span>
    </p>
   </div>
   <div class='ocr_carea' id='block_1_24' title="bbox 133 1064 918 1105">
    <p class='ocr_par' dir='ltr' id='par_1_24' title="bbox 133 1064 918 1105">
     <span class='ocr_line' id='line_1_24' title="bbox 133 1064 918 1105; baseline 0.008 -15"><span class='ocrx_word' id='word_1_177' title='bbox 133 1064 184 1091; x_wconf 71' lang='grc' dir='ltr'>Διὰ</span> <span class='ocrx_word' id='word_1_178' title='bbox 199 1065 277 1092; x_wconf 83' lang='grc' dir='ltr'>τοῦτο</span> <span class='ocrx_word' id='word_1_179' title='bbox 292 1066 478 1102; x_wconf 81' lang='grc' dir='ltr'><strong>πληθυντικῶς</strong></span> <span class='ocrx_word' id='word_1_180' title='bbox 495 1068 631 1100; x_wconf 62' lang='lat' dir='ltr'><strong>sla-dmin</strong></span> <span class='ocrx_word' id='word_1_181' title='bbox 645 1079 653 1095; x_wconf 82' lang='grc' dir='ltr'><strong>ι</strong></span> <span class='ocrx_word' id='word_1_182' title='bbox 667 1068 721 1096; x_wconf 87' lang='grc' dir='ltr'><strong>Καὶ</strong></span> <span class='ocrx_word' id='word_1_183' title='bbox 731 1070 764 1096; x_wconf 75' lang='grc' dir='ltr'><strong>τὰ</strong></span> <span class='ocrx_word' id='word_1_184' title='bbox 784 1070 851 1105; x_wconf 77' lang='grc' dir='ltr'>ἔργα</span> <span class='ocrx_word' id='word_1_185' title='bbox 865 1069 918 1096; x_wconf 83' lang='grc' dir='ltr'>τῶν</span> 
     </span>
    </p>
   </div>
   <div class='ocr_carea' id='block_1_25' title="bbox 134 1110 917 1150">
    <p class='ocr_par' dir='ltr' id='par_1_25' title="bbox 134 1110 917 1150">
     <span class='ocr_line' id='line_1_25' title="bbox 134 1110 917 1150; baseline 0.008 -14"><span class='ocrx_word' id='word_1_186' title='bbox 134 1110 232 1146; x_wconf 81' lang='grc' dir='ltr'>χειρῶν</span> <span class='ocrx_word' id='word_1_187' title='bbox 259 1111 337 1147; x_wconf 77' lang='grc' dir='ltr'>ἡμῶν</span> <span class='ocrx_word' id='word_1_188' title='bbox 359 1112 522 1140; x_wconf 86' lang='grc' dir='ltr'>κατεύθυνον</span> <span class='ocrx_word' id='word_1_189' title='bbox 550 1114 592 1148; x_wconf 76' lang='grc' dir='ltr'><strong>ἐφ’</strong></span> <span class='ocrx_word' id='word_1_190' title='bbox 621 1115 732 1150; x_wconf 56' lang='lat' dir='ltr'><strong>huic,»</strong></span> <span class='ocrx_word' id='word_1_191' title='bbox 771 1115 810 1146; x_wconf 80' lang='grc' dir='ltr'><strong>εἰς</strong></span> <span class='ocrx_word' id='word_1_192' title='bbox 837 1114 917 1150; x_wconf 57' lang='grc' dir='ltr'><strong>ἓνίὸ)</strong></span> 
     </span>
    </p>
   </div>
   <div class='ocr_carea' id='block_1_26' title="bbox 133 1156 918 1195">
    <p class='ocr_par' dir='ltr' id='par_1_26' title="bbox 133 1156 918 1195">
     <span class='ocr_line' id='line_1_26' title="bbox 133 1156 918 1195; baseline 0.008 -14"><span class='ocrx_word' id='word_1_193' title='bbox 133 1156 212 1190; x_wconf 75' lang='grc' dir='ltr'>εργον</span> <span class='ocrx_word' id='word_1_194' title='bbox 230 1156 263 1182; x_wconf 80' lang='grc' dir='ltr'><strong>τὰ</strong></span> <span class='ocrx_word' id='word_1_195' title='bbox 278 1156 362 1184; x_wconf 83' lang='grc' dir='ltr'>πολλὰ</span> <span class='ocrx_word' id='word_1_196' title='bbox 379 1158 519 1190; x_wconf 72' lang='grc' dir='ltr'><strong>συστείλας</strong></span> <span class='ocrx_word' id='word_1_197' title='bbox 532 1159 628 1194; x_wconf 81' lang='grc' dir='ltr'><strong>ἐπάγει</strong></span> <span class='ocrx_word' id='word_1_198' title='bbox 645 1160 697 1192; x_wconf 82' lang='grc' dir='ltr'>,ὅτι</span> <span class='ocrx_word' id='word_1_199' title='bbox 708 1160 778 1187; x_wconf 71' lang='grc' dir='ltr'>ιΚαὶ</span> <span class='ocrx_word' id='word_1_200' title='bbox 793 1159 823 1186; x_wconf 80' lang='grc' dir='ltr'>τὸ</span> <span class='ocrx_word' id='word_1_201' title='bbox 839 1160 918 1195; x_wconf 80' lang='grc' dir='ltr'>ἔργον</span> 
     </span>
    </p>
   </div>
   <div class='ocr_carea' id='block_1_27' title="bbox 970 243 1754 280">
    <p class='ocr_par' dir='ltr' id='par_1_27' title="bbox 970 243 1754 280">
     <span class='ocr_line' id='line_1_27' title="bbox 970 243 1754 280; baseline 0.003 -9"><span class='ocrx_word' id='word_1_202' title='bbox 970 252 1031 272; x_wconf 84' lang='lat' dir='ltr'><strong>mus</strong></span> <span class='ocrx_word' id='word_1_203' title='bbox 1045 243 1121 278; x_wconf 84' lang='lat' dir='ltr'><strong>illud,</strong></span> <span class='ocrx_word' id='word_1_204' title='bbox 1136 254 1145 270; x_wconf 80' lang='grc' dir='ltr'><strong>ι</strong></span> <span class='ocrx_word' id='word_1_205' title='bbox 1155 251 1204 280; x_wconf 88' lang='lat' dir='ltr'><strong>pro</strong></span> <span class='ocrx_word' id='word_1_206' title='bbox 1214 244 1310 272; x_wconf 88' lang='lat' dir='ltr'><strong>diebus</strong></span> <span class='ocrx_word' id='word_1_207' title='bbox 1320 245 1421 280; x_wconf 84' lang='lat' dir='ltr'><strong>quibus</strong></span> <span class='ocrx_word' id='word_1_208' title='bbox 1431 253 1484 273; x_wconf 85' lang='lat' dir='ltr'><strong>nos</strong></span> <span class='ocrx_word' id='word_1_209' title='bbox 1495 245 1653 278; x_wconf 82' lang='lat' dir='ltr'><strong>liumiliasti,</strong></span> <span class='ocrx_word' id='word_1_210' title='bbox 1664 247 1754 279; x_wconf 86' lang='lat' dir='ltr'><strong>annis,</strong></span> 
     </span>
    </p>
   </div>
   <div class='ocr_carea' id='block_1_28' title="bbox 970 289 1755 326">
    <p class='ocr_par' dir='ltr' id='par_1_28' title="bbox 970 289 1755 326">
     <span class='ocr_line' id='line_1_28' title="bbox 970 289 1755 326; baseline 0 -9"><span class='ocrx_word' id='word_1_211' title='bbox 970 290 1070 324; x_wconf 83' lang='lat' dir='ltr'><strong>quibus</strong></span> <span class='ocrx_word' id='word_1_212' title='bbox 1085 289 1203 317; x_wconf 76' lang='lat' dir='ltr'><strong>vidimus</strong></span> <span class='ocrx_word' id='word_1_213' title='bbox 1217 290 1288 316; x_wconf 84' lang='lat' dir='ltr'><strong>mala</strong></span> <span class='ocrx_word' id='word_1_214' title='bbox 1301 299 1308 317; x_wconf 87' lang='lat'><strong><em>:</em></strong></span> <span class='ocrx_word' id='word_1_215' title='bbox 1329 299 1339 316; x_wconf 79' lang='grc' dir='ltr'><strong>ι</strong></span> <span class='ocrx_word' id='word_1_216' title='bbox 1358 290 1452 326; x_wconf 83' lang='lat' dir='ltr'><strong>sicque</strong></span> <span class='ocrx_word' id='word_1_217' title='bbox 1465 290 1499 318; x_wconf 87' lang='lat' dir='ltr'><strong>ad</strong></span> <span class='ocrx_word' id='word_1_218' title='bbox 1512 289 1755 321; x_wconf 77' lang='lat' dir='ltr'><strong>ﬁduciamexcilal,</strong></span> 
     </span>
    </p>
   </div>
   <div class='ocr_carea' id='block_1_29' title="bbox 970 332 1769 368">
    <p class='ocr_par' dir='ltr' id='par_1_29' title="bbox 970 332 1769 368">
     <span class='ocr_line' id='line_1_29' title="bbox 970 332 1769 368; baseline 0 -8"><span class='ocrx_word' id='word_1_219' title='bbox 970 340 1033 360; x_wconf 91' lang='lat' dir='ltr'><strong>cum</strong></span> <span class='ocrx_word' id='word_1_220' title='bbox 1052 333 1122 360; x_wconf 91' lang='lat' dir='ltr'><strong>ﬁlios</strong></span> <span class='ocrx_word' id='word_1_221' title='bbox 1133 340 1246 368; x_wconf 91' lang='lat' dir='ltr'><strong>operum</strong></span> <span class='ocrx_word' id='word_1_222' title='bbox 1265 332 1324 366; x_wconf 86' lang='lat' dir='ltr'><strong>Dei,</strong></span> <span class='ocrx_word' id='word_1_223' title='bbox 1339 340 1386 361; x_wconf 89' lang='lat' dir='ltr'><strong>eos</strong></span> <span class='ocrx_word' id='word_1_224' title='bbox 1410 334 1457 368; x_wconf 91' lang='lat' dir='ltr'><strong>qui</strong></span> <span class='ocrx_word' id='word_1_225' title='bbox 1473 341 1520 368; x_wconf 88' lang='lat' dir='ltr'><strong>per</strong></span> <span class='ocrx_word' id='word_1_226' title='bbox 1547 335 1769 363; x_wconf 89' lang='lat' dir='ltr'><strong>conversionem.</strong></span> 
     </span>
    </p>
   </div>
   <div class='ocr_carea' id='block_1_30' title="bbox 971 375 1814 413">
    <p class='ocr_par' dir='ltr' id='par_1_30' title="bbox 971 375 1814 413">
     <span class='ocr_line' id='line_1_30' title="bbox 971 375 1814 413; baseline 0.002 -9"><span class='ocrx_word' id='word_1_227' title='bbox 971 377 1100 404; x_wconf 87' lang='lat' dir='ltr'><strong>illustrati</strong></span> <span class='ocrx_word' id='word_1_228' title='bbox 1116 381 1190 410; x_wconf 89' lang='lat' dir='ltr'><strong>sunt,</strong></span> <span class='ocrx_word' id='word_1_229' title='bbox 1205 377 1331 412; x_wconf 84' lang='lat' dir='ltr'><strong>appellat.</strong></span> <span class='ocrx_word' id='word_1_230' title='bbox 1348 376 1418 404; x_wconf 87' lang='lat' dir='ltr'><strong>Dicit</strong></span> <span class='ocrx_word' id='word_1_231' title='bbox 1432 377 1521 404; x_wconf 89' lang='lat' dir='ltr'><strong>enim:</strong></span> <span class='ocrx_word' id='word_1_232' title='bbox 1541 387 1550 403; x_wconf 79' lang='grc' dir='ltr'><strong>ι</strong></span> <span class='ocrx_word' id='word_1_233' title='bbox 1570 378 1685 413; x_wconf 81' lang='lat' dir='ltr'><strong>Respice</strong></span> <span class='ocrx_word' id='word_1_234' title='bbox 1707 385 1755 406; x_wconf 88' lang='lat' dir='ltr'><strong>Ittl-</strong></span> <span class='ocrx_word' id='word_1_235' title='bbox 1808 375 1814 379; x_wconf 85' lang='grc'><em>’</em></span> 
     </span>
    </p>
   </div>
   <div class='ocr_carea' id='block_1_31' title="bbox 971 422 1754 457">
    <p class='ocr_par' dir='ltr' id='par_1_31' title="bbox 971 422 1754 457">
     <span class='ocr_line' id='line_1_31' title="bbox 971 422 1754 457; baseline 0.001 -9"><span class='ocrx_word' id='word_1_236' title='bbox 971 428 1018 456; x_wconf 84' lang='lat' dir='ltr'><strong>per</strong></span> <span class='ocrx_word' id='word_1_237' title='bbox 1034 422 1104 449; x_wconf 88' lang='lat' dir='ltr'><strong>ﬁlios</strong></span> <span class='ocrx_word' id='word_1_238' title='bbox 1120 425 1193 453; x_wconf 91' lang='lat' dir='ltr'><strong>tuos,</strong></span> <span class='ocrx_word' id='word_1_239' title='bbox 1210 425 1238 448; x_wconf 87' lang='lat' dir='ltr'><strong>et</strong></span> <span class='ocrx_word' id='word_1_240' title='bbox 1251 429 1333 456; x_wconf 84' lang='lat' dir='ltr'><strong>super</strong></span> <span class='ocrx_word' id='word_1_241' title='bbox 1349 429 1431 456; x_wconf 80' lang='lat' dir='ltr'><strong>opera</strong></span> <span class='ocrx_word' id='word_1_242' title='bbox 1449 425 1504 448; x_wconf 89' lang='lat' dir='ltr'><strong>tua.</strong></span> <span class='ocrx_word' id='word_1_243' title='bbox 1526 431 1535 448; x_wconf 74' lang='grc' dir='ltr'><strong>ι</strong></span> <span class='ocrx_word' id='word_1_244' title='bbox 1560 422 1619 455; x_wconf 81' lang='lat' dir='ltr'><strong>Quo</strong></span> <span class='ocrx_word' id='word_1_245' title='bbox 1637 423 1754 457; x_wconf 84' lang='lat' dir='ltr'><strong>patriar-</strong></span> 
     </span>
    </p>
   </div>
   <div class='ocr_carea' id='block_1_32' title="bbox 970 465 1753 500">
    <p class='ocr_par' dir='ltr' id='par_1_32' title="bbox 970 465 1753 500">
     <span class='ocr_line' id='line_1_32' title="bbox 970 465 1753 500; baseline 0.003 -9"><span class='ocrx_word' id='word_1_246' title='bbox 970 465 1036 492; x_wconf 86' lang='lat' dir='ltr'><strong>chas</strong></span> <span class='ocrx_word' id='word_1_247' title='bbox 1052 465 1195 492; x_wconf 85' lang='lat' dir='ltr'><strong>Abrahami</strong></span> <span class='ocrx_word' id='word_1_248' title='bbox 1211 469 1333 499; x_wconf 79' lang='lat' dir='ltr'><strong>posteros</strong></span> <span class='ocrx_word' id='word_1_249' title='bbox 1346 465 1481 500; x_wconf 79' lang='lat' dir='ltr'><strong>signiﬁcat</strong></span> <span class='ocrx_word' id='word_1_250' title='bbox 1495 474 1501 492; x_wconf 91' lang='lat'>:</span> <span class='ocrx_word' id='word_1_251' title='bbox 1524 472 1585 492; x_wconf 89' lang='lat' dir='ltr'><strong>nam</strong></span> <span class='ocrx_word' id='word_1_252' title='bbox 1599 466 1655 496; x_wconf 85' lang='lat' dir='ltr'><strong>isti,</strong></span> <span class='ocrx_word' id='word_1_253' title='bbox 1672 473 1753 500; x_wconf 90' lang='lat' dir='ltr'><strong>quam</strong></span> 
     </span>
    </p>
   </div>
   <div class='ocr_carea' id='block_1_33' title="bbox 970 509 1753 544">
    <p class='ocr_par' dir='ltr' id='par_1_33' title="bbox 970 509 1753 544">
     <span class='ocr_line' id='line_1_33' title="bbox 970 509 1753 544; baseline 0.001 -8"><span class='ocrx_word' id='word_1_254' title='bbox 970 511 1087 537; x_wconf 72' lang='lat' dir='ltr'><strong>maxime</strong></span> <span class='ocrx_word' id='word_1_255' title='bbox 1109 510 1157 536; x_wconf 87' lang='lat' dir='ltr'><strong>ﬁlii</strong></span> <span class='ocrx_word' id='word_1_256' title='bbox 1184 510 1299 537; x_wconf 63' lang='lat' dir='ltr'><strong>Abrahae</strong></span> <span class='ocrx_word' id='word_1_257' title='bbox 1315 513 1398 537; x_wconf 89' lang='lat' dir='ltr'><strong>sunt.</strong></span> <span class='ocrx_word' id='word_1_258' title='bbox 1419 519 1428 535; x_wconf 81' lang='grc' dir='ltr'><strong>ι</strong></span> <span class='ocrx_word' id='word_1_259' title='bbox 1449 509 1481 536; x_wconf 87' lang='lat' dir='ltr'><strong>Et</strong></span> <span class='ocrx_word' id='word_1_260' title='bbox 1508 509 1593 544; x_wconf 78' lang='lat' dir='ltr'><strong>dirige</strong></span> <span class='ocrx_word' id='word_1_261' title='bbox 1610 509 1680 537; x_wconf 84' lang='lat' dir='ltr'><strong>ﬁlios</strong></span> <span class='ocrx_word' id='word_1_262' title='bbox 1706 517 1753 537; x_wconf 87' lang='lat' dir='ltr'><strong>eo-</strong></span> 
     </span>
    </p>
   </div>
   <div class='ocr_carea' id='block_1_34' title="bbox 971 553 1754 589">
    <p class='ocr_par' dir='ltr' id='par_1_34' title="bbox 971 553 1754 589">
     <span class='ocr_line' id='line_1_34' title="bbox 971 553 1754 589; baseline 0 -9"><span class='ocrx_word' id='word_1_263' title='bbox 971 561 1031 580; x_wconf 89' lang='lat' dir='ltr'><strong>rum</strong></span> <span class='ocrx_word' id='word_1_264' title='bbox 1044 563 1050 581; x_wconf 95' lang='lat'><strong>:</strong></span> <span class='ocrx_word' id='word_1_265' title='bbox 1066 562 1074 579; x_wconf 80' lang='grc' dir='ltr'><strong>ι</strong></span> <span class='ocrx_word' id='word_1_266' title='bbox 1089 553 1135 588; x_wconf 90' lang='lat' dir='ltr'><strong>qui</strong></span> <span class='ocrx_word' id='word_1_267' title='bbox 1146 554 1218 581; x_wconf 90' lang='lat' dir='ltr'><strong>enim</strong></span> <span class='ocrx_word' id='word_1_268' title='bbox 1233 561 1314 589; x_wconf 85' lang='lat' dir='ltr'><strong>opera</strong></span> <span class='ocrx_word' id='word_1_269' title='bbox 1326 553 1441 581; x_wconf 64' lang='lat' dir='ltr'><strong>Abrahae</strong></span> <span class='ocrx_word' id='word_1_270' title='bbox 1456 553 1568 585; x_wconf 81' lang='lat' dir='ltr'><strong>faciunt,</strong></span> <span class='ocrx_word' id='word_1_271' title='bbox 1584 553 1630 580; x_wconf 87' lang='lat' dir='ltr'><strong>lilii</strong></span> <span class='ocrx_word' id='word_1_272' title='bbox 1641 554 1754 588; x_wconf 84' lang='lat' dir='ltr'><strong>patriar-</strong></span> 
     </span>
    </p>
   </div>
   <div class='ocr_carea' id='block_1_35' title="bbox 970 597 1752 632">
    <p class='ocr_par' dir='ltr' id='par_1_35' title="bbox 970 597 1752 632">
     <span class='ocr_line' id='line_1_35' title="bbox 970 597 1752 632; baseline -0.001 -8"><span class='ocrx_word' id='word_1_273' title='bbox 970 597 1082 624; x_wconf 80' lang='lat' dir='ltr'><strong>charum</strong></span> <span class='ocrx_word' id='word_1_274' title='bbox 1109 597 1185 629; x_wconf 89' lang='lat' dir='ltr'><strong>ﬁunt,</strong></span> <span class='ocrx_word' id='word_1_275' title='bbox 1210 605 1258 632; x_wconf 89' lang='lat' dir='ltr'><strong>per</strong></span> <span class='ocrx_word' id='word_1_276' title='bbox 1281 597 1406 624; x_wconf 88' lang='lat' dir='ltr'><strong>virtutem</strong></span> <span class='ocrx_word' id='word_1_277' title='bbox 1434 597 1461 624; x_wconf 96' lang='lat' dir='ltr'><strong>iu</strong></span> <span class='ocrx_word' id='word_1_278' title='bbox 1486 605 1581 624; x_wconf 86' lang='lat' dir='ltr'><strong>eorum</strong></span> <span class='ocrx_word' id='word_1_279' title='bbox 1611 598 1752 632; x_wconf 77' lang='lat' dir='ltr'><strong>cognatio-</strong></span> 
     </span>
    </p>
   </div>
   <div class='ocr_carea' id='block_1_36' title="bbox 970 640 1752 676">
    <p class='ocr_par' dir='ltr' id='par_1_36' title="bbox 970 640 1752 676">
     <span class='ocr_line' id='line_1_36' title="bbox 970 640 1752 676; baseline 0 -9"><span class='ocrx_word' id='word_1_280' title='bbox 970 648 1030 667; x_wconf 90' lang='lat' dir='ltr'><strong>nem</strong></span> <span class='ocrx_word' id='word_1_281' title='bbox 1043 641 1173 676; x_wconf 84' lang='lat' dir='ltr'><strong>adoptati.</strong></span> <span class='ocrx_word' id='word_1_282' title='bbox 1190 641 1228 667; x_wconf 87' lang='lat' dir='ltr'><strong>Ad</strong></span> <span class='ocrx_word' id='word_1_283' title='bbox 1243 645 1394 668; x_wconf 75' lang='lat' dir='ltr'><strong>extremum</strong></span> <span class='ocrx_word' id='word_1_284' title='bbox 1423 641 1540 676; x_wconf 84' lang='lat' dir='ltr'><strong>puritate</strong></span> <span class='ocrx_word' id='word_1_285' title='bbox 1564 644 1591 668; x_wconf 71' lang='lat' dir='ltr'><strong>et</strong></span> <span class='ocrx_word' id='word_1_286' title='bbox 1619 640 1752 668; x_wconf 85' lang='lat' dir='ltr'><strong>munditia</strong></span> 
     </span>
    </p>
   </div>
   <div class='ocr_carea' id='block_1_37' title="bbox 969 684 1751 720">
    <p class='ocr_par' dir='ltr' id='par_1_37' title="bbox 969 684 1751 720">
     <span class='ocr_line' id='line_1_37' title="bbox 969 684 1751 720; baseline 0.001 -10"><span class='ocrx_word' id='word_1_287' title='bbox 969 684 1109 719; x_wconf 81' lang='lat' dir='ltr'><strong>eonjungit</strong></span> <span class='ocrx_word' id='word_1_288' title='bbox 1121 684 1268 711; x_wconf 83' lang='lat' dir='ltr'><strong>humanum</strong></span> <span class='ocrx_word' id='word_1_289' title='bbox 1283 692 1369 720; x_wconf 76' lang='lat' dir='ltr'><strong>genus</strong></span> <span class='ocrx_word' id='word_1_290' title='bbox 1388 691 1450 711; x_wconf 84' lang='lat' dir='ltr'><strong>cum</strong></span> <span class='ocrx_word' id='word_1_291' title='bbox 1468 684 1539 715; x_wconf 87' lang='lat' dir='ltr'><strong>Deo,</strong></span> <span class='ocrx_word' id='word_1_292' title='bbox 1558 684 1705 712; x_wconf 81' lang='lat' dir='ltr'><strong>obsecrans</strong></span> <span class='ocrx_word' id='word_1_293' title='bbox 1723 687 1751 712; x_wconf 76' lang='lat' dir='ltr'><strong>ut</strong></span> 
     </span>
    </p>
   </div>
   <div class='ocr_carea' id='block_1_38' title="bbox 970 727 1750 763">
    <p class='ocr_par' dir='ltr' id='par_1_38' title="bbox 970 727 1750 763">
     <span class='ocr_line' id='line_1_38' title="bbox 970 727 1750 763; baseline 0.001 -9"><span class='ocrx_word' id='word_1_294' title='bbox 970 727 1016 754; x_wconf 86' lang='lat' dir='ltr'><strong>Dei</strong></span> <span class='ocrx_word' id='word_1_295' title='bbox 1042 728 1154 755; x_wconf 82' lang='lat' dir='ltr'><strong>claritas</strong></span> <span class='ocrx_word' id='word_1_296' title='bbox 1175 728 1277 756; x_wconf 87' lang='lat' dir='ltr'><strong>nostris</strong></span> <span class='ocrx_word' id='word_1_297' title='bbox 1292 735 1400 763; x_wconf 90' lang='lat' dir='ltr'><strong>quoque</strong></span> <span class='ocrx_word' id='word_1_298' title='bbox 1425 728 1579 755; x_wconf 81' lang='lat' dir='ltr'><strong>actionibus</strong></span> <span class='ocrx_word' id='word_1_299' title='bbox 1594 735 1644 763; x_wconf 86' lang='lat' dir='ltr'><strong>per</strong></span> <span class='ocrx_word' id='word_1_300' title='bbox 1669 727 1750 756; x_wconf 77' lang='lat' dir='ltr'><strong>vitam</strong></span> 
     </span>
    </p>
   </div>
   <div class='ocr_carea' id='block_1_39' title="bbox 970 770 1752 806">
    <p class='ocr_par' dir='ltr' id='par_1_39' title="bbox 970 770 1752 806">
     <span class='ocr_line' id='line_1_39' title="bbox 970 770 1752 806; baseline 0.001 -9"><span class='ocrx_word' id='word_1_301' title='bbox 970 778 1064 806; x_wconf 78' lang='lat' dir='ltr'><strong>puram</strong></span> <span class='ocrx_word' id='word_1_302' title='bbox 1083 771 1200 803; x_wconf 84' lang='lat' dir='ltr'><strong>illuceat,</strong></span> <span class='ocrx_word' id='word_1_303' title='bbox 1223 772 1260 798; x_wconf 81' lang='lat' dir='ltr'><strong>ait</strong></span> <span class='ocrx_word' id='word_1_304' title='bbox 1279 772 1371 798; x_wconf 86' lang='lat' dir='ltr'><strong>enim:</strong></span> <span class='ocrx_word' id='word_1_305' title='bbox 1390 781 1398 796; x_wconf 81' lang='grc' dir='ltr'><strong>ι</strong></span> <span class='ocrx_word' id='word_1_306' title='bbox 1420 771 1461 798; x_wconf 89' lang='lat' dir='ltr'><strong>Sit</strong></span> <span class='ocrx_word' id='word_1_307' title='bbox 1486 771 1616 806; x_wconf 76' lang='lat' dir='ltr'><strong>splendor</strong></span> <span class='ocrx_word' id='word_1_308' title='bbox 1647 770 1752 798; x_wconf 86' lang='lat' dir='ltr'><strong>Domini</strong></span> 
     </span>
    </p>
   </div>
   <div class='ocr_carea' id='block_1_40' title="bbox 970 813 1752 849">
    <p class='ocr_par' dir='ltr' id='par_1_40' title="bbox 970 813 1752 849">
     <span class='ocr_line' id='line_1_40' title="bbox 970 813 1752 849; baseline 0.003 -9"><span class='ocrx_word' id='word_1_309' title='bbox 970 813 1016 841; x_wconf 84' lang='lat' dir='ltr'><strong>Dei</strong></span> <span class='ocrx_word' id='word_1_310' title='bbox 1032 815 1117 841; x_wconf 86' lang='lat' dir='ltr'><strong>nostri</strong></span> <span class='ocrx_word' id='word_1_311' title='bbox 1134 822 1216 849; x_wconf 86' lang='lat' dir='ltr'><strong>super</strong></span> <span class='ocrx_word' id='word_1_312' title='bbox 1233 822 1292 847; x_wconf 90' lang='lat' dir='ltr'><strong>nos,</strong></span> <span class='ocrx_word' id='word_1_313' title='bbox 1314 824 1323 840; x_wconf 70' lang='grc' dir='ltr'><strong>ι</strong></span> <span class='ocrx_word' id='word_1_314' title='bbox 1340 819 1369 842; x_wconf 93' lang='lat' dir='ltr'><strong>ut</strong></span> <span class='ocrx_word' id='word_1_315' title='bbox 1383 815 1474 842; x_wconf 84' lang='lat' dir='ltr'><strong>omnia</strong></span> <span class='ocrx_word' id='word_1_316' title='bbox 1498 815 1559 841; x_wconf 65' lang='lat' dir='ltr'><strong>vitae</strong></span> <span class='ocrx_word' id='word_1_317' title='bbox 1585 819 1685 846; x_wconf 64' lang='lat' dir='ltr'><strong>nostra:</strong></span> <span class='ocrx_word' id='word_1_318' title='bbox 1711 815 1752 842; x_wconf 86' lang='lat' dir='ltr'><strong>in-</strong></span> 
     </span>
    </p>
   </div>
   <div class='ocr_carea' id='block_1_41' title="bbox 970 857 1738 892">
    <p class='ocr_par' dir='ltr' id='par_1_41' title="bbox 970 857 1738 892">
     <span class='ocr_line' id='line_1_41' title="bbox 970 857 1738 892; baseline 0.001 -8"><span class='ocrx_word' id='word_1_319' title='bbox 970 862 1047 892; x_wconf 82' lang='lat' dir='ltr'><strong>cepta</strong></span> <span class='ocrx_word' id='word_1_320' title='bbox 1061 857 1179 885; x_wconf 74' lang='lat' dir='ltr'><strong>fructum</strong></span> <span class='ocrx_word' id='word_1_321' title='bbox 1195 859 1341 886; x_wconf 90' lang='lat' dir='ltr'><strong>salutarem</strong></span> <span class='ocrx_word' id='word_1_322' title='bbox 1355 857 1454 890; x_wconf 81' lang='lat' dir='ltr'><strong>ferant,</strong></span> <span class='ocrx_word' id='word_1_323' title='bbox 1466 862 1493 885; x_wconf 89' lang='lat' dir='ltr'><strong>et</strong></span> <span class='ocrx_word' id='word_1_324' title='bbox 1507 858 1598 885; x_wconf 86' lang='lat' dir='ltr'><strong>omnia</strong></span> <span class='ocrx_word' id='word_1_325' title='bbox 1616 867 1676 892; x_wconf 75' lang='lat' dir='ltr'><strong>quzc</strong></span> <span class='ocrx_word' id='word_1_326' title='bbox 1687 858 1738 885; x_wconf 84' lang='lat' dir='ltr'><strong>faci</strong></span> 
     </span>
    </p>
   </div>
   <div class='ocr_carea' id='block_1_42' title="bbox 936 899 1755 936">
    <p class='ocr_par' dir='ltr' id='par_1_42' title="bbox 936 899 1755 936">
     <span class='ocr_line' id='line_1_42' title="bbox 936 899 1755 936; baseline 0.004 -10"><span class='ocrx_word' id='word_1_327' title='bbox 936 899 957 926; x_wconf 92' lang='lat' dir='ltr'><strong>B</strong></span> <span class='ocrx_word' id='word_1_328' title='bbox 971 910 1031 929; x_wconf 89' lang='lat' dir='ltr'><strong>mus</strong></span> <span class='ocrx_word' id='word_1_329' title='bbox 1046 902 1079 928; x_wconf 86' lang='lat' dir='ltr'><strong>ad</strong></span> <span class='ocrx_word' id='word_1_330' title='bbox 1093 909 1175 929; x_wconf 93' lang='lat' dir='ltr'><strong>unum</strong></span> <span class='ocrx_word' id='word_1_331' title='bbox 1195 901 1274 929; x_wconf 91' lang='lat' dir='ltr'><strong>ﬁnem</strong></span> <span class='ocrx_word' id='word_1_332' title='bbox 1288 902 1399 928; x_wconf 87' lang='lat' dir='ltr'><strong>tendant</strong></span> <span class='ocrx_word' id='word_1_333' title='bbox 1412 910 1419 935; x_wconf 88' lang='lat'><strong>;</strong></span> <span class='ocrx_word' id='word_1_334' title='bbox 1431 909 1484 936; x_wconf 90' lang='lat' dir='ltr'><strong>qua</strong></span> <span class='ocrx_word' id='word_1_335' title='bbox 1497 902 1529 929; x_wconf 87' lang='lat' dir='ltr'><strong>de</strong></span> <span class='ocrx_word' id='word_1_336' title='bbox 1541 909 1623 929; x_wconf 85' lang='lat' dir='ltr'><strong>causa</strong></span> <span class='ocrx_word' id='word_1_337' title='bbox 1639 909 1755 929; x_wconf 71' lang='lat' dir='ltr'><strong>numero</strong></span> 
     </span>
    </p>
   </div>
   <div class='ocr_carea' id='block_1_43' title="bbox 971 944 1752 980">
    <p class='ocr_par' dir='ltr' id='par_1_43' title="bbox 971 944 1752 980">
     <span class='ocr_line' id='line_1_43' title="bbox 971 944 1752 980; baseline 0 -8"><span class='ocrx_word' id='word_1_338' title='bbox 971 953 1079 980; x_wconf 87' lang='lat' dir='ltr'><strong>quoque</strong></span> <span class='ocrx_word' id='word_1_339' title='bbox 1097 946 1278 973; x_wconf 76' lang='lat' dir='ltr'><strong>multitudinis</strong></span> <span class='ocrx_word' id='word_1_340' title='bbox 1302 946 1406 973; x_wconf 89' lang='lat' dir='ltr'><strong>utitur:</strong></span> <span class='ocrx_word' id='word_1_341' title='bbox 1437 955 1446 971; x_wconf 79' lang='grc' dir='ltr'><strong>ι</strong></span> <span class='ocrx_word' id='word_1_342' title='bbox 1467 944 1497 972; x_wconf 87' lang='lat' dir='ltr'><strong>Et</strong></span> <span class='ocrx_word' id='word_1_343' title='bbox 1511 952 1593 980; x_wconf 85' lang='lat' dir='ltr'><strong>opera</strong></span> <span class='ocrx_word' id='word_1_344' title='bbox 1624 953 1752 972; x_wconf 86' lang='lat' dir='ltr'><strong>manuum</strong></span> 
     </span>
    </p>
   </div>
   <div class='ocr_carea' id='block_1_44' title="bbox 971 989 1749 1025">
    <p class='ocr_par' dir='ltr' id='par_1_44' title="bbox 971 989 1749 1025">
     <span class='ocr_line' id='line_1_44' title="bbox 971 989 1749 1025; baseline 0.001 -11"><span class='ocrx_word' id='word_1_345' title='bbox 971 993 1126 1016; x_wconf 87' lang='lat' dir='ltr'><strong>nostrarum</strong></span> <span class='ocrx_word' id='word_1_346' title='bbox 1138 989 1225 1025; x_wconf 81' lang='lat' dir='ltr'><strong>dirige</strong></span> <span class='ocrx_word' id='word_1_347' title='bbox 1250 997 1332 1024; x_wconf 89' lang='lat' dir='ltr'><strong>super</strong></span> <span class='ocrx_word' id='word_1_348' title='bbox 1359 997 1418 1021; x_wconf 87' lang='lat' dir='ltr'><strong>nos,</strong></span> <span class='ocrx_word' id='word_1_349' title='bbox 1452 998 1461 1015; x_wconf 70' lang='grc' dir='ltr'><strong>ι</strong></span> <span class='ocrx_word' id='word_1_350' title='bbox 1480 990 1563 1016; x_wconf 90' lang='lat' dir='ltr'><strong>multa</strong></span> <span class='ocrx_word' id='word_1_351' title='bbox 1580 998 1589 1015; x_wconf 80' lang='grc' dir='ltr'><strong>ι</strong></span> <span class='ocrx_word' id='word_1_352' title='bbox 1607 997 1718 1024; x_wconf 90' lang='lat' dir='ltr'><strong>operum</strong></span> <span class='ocrx_word' id='word_1_353' title='bbox 1741 998 1749 1015; x_wconf 76' lang='grc' dir='ltr'><strong>ι</strong></span> 
     </span>
    </p>
   </div>
   <div class='ocr_carea' id='block_1_45' title="bbox 971 1032 1743 1068">
    <p class='ocr_par' dir='ltr' id='par_1_45' title="bbox 971 1032 1743 1068">
     <span class='ocr_line' id='line_1_45' title="bbox 971 1032 1743 1068; baseline 0.001 -10"><span class='ocrx_word' id='word_1_354' title='bbox 971 1032 1081 1059; x_wconf 88' lang='lat' dir='ltr'><strong>nomine</strong></span> <span class='ocrx_word' id='word_1_355' title='bbox 1100 1034 1268 1067; x_wconf 81' lang='lat' dir='ltr'><strong>complexus.</strong></span> <span class='ocrx_word' id='word_1_356' title='bbox 1287 1041 1296 1058; x_wconf 80' lang='grc' dir='ltr'><strong>ι</strong></span> <span class='ocrx_word' id='word_1_357' title='bbox 1317 1032 1350 1060; x_wconf 86' lang='grc' dir='ltr'>Ει</span> <span class='ocrx_word' id='word_1_358' title='bbox 1364 1041 1433 1068; x_wconf 90' lang='lat' dir='ltr'><strong>opus</strong></span> <span class='ocrx_word' id='word_1_359' title='bbox 1450 1040 1579 1060; x_wconf 88' lang='lat' dir='ltr'><strong>manuum</strong></span> <span class='ocrx_word' id='word_1_360' title='bbox 1598 1037 1743 1060; x_wconf 83' lang='lat' dir='ltr'><strong>nostrarun</strong></span> 
     </span>
    </p>
   </div>
   <div class='ocr_carea' id='block_1_46' title="bbox 972 1074 1734 1112">
    <p class='ocr_par' dir='ltr' id='par_1_46' title="bbox 972 1074 1734 1112">
     <span class='ocr_line' id='line_1_46' title="bbox 972 1074 1734 1112; baseline 0 -10"><span class='ocrx_word' id='word_1_361' title='bbox 972 1074 1068 1110; x_wconf 82' lang='lat' dir='ltr'><strong>dirige.</strong></span> <span class='ocrx_word' id='word_1_362' title='bbox 1085 1085 1094 1101; x_wconf 72' lang='grc' dir='ltr'><strong>ι</strong></span> <span class='ocrx_word' id='word_1_363' title='bbox 1109 1075 1189 1104; x_wconf 78' lang='lat' dir='ltr'><strong>Varia</strong></span> <span class='ocrx_word' id='word_1_364' title='bbox 1201 1077 1273 1103; x_wconf 89' lang='lat' dir='ltr'><strong>enim</strong></span> <span class='ocrx_word' id='word_1_365' title='bbox 1288 1076 1518 1112; x_wconf 82' lang='lat' dir='ltr'><strong>multiformisque</strong></span> <span class='ocrx_word' id='word_1_366' title='bbox 1539 1076 1673 1104; x_wconf 86' lang='lat' dir='ltr'><strong>industria</strong></span> <span class='ocrx_word' id='word_1_367' title='bbox 1699 1076 1734 1102; x_wconf 80' lang='lat' dir='ltr'><strong>vit</strong></span> 
     </span>
    </p>
   </div>
   <div class='ocr_carea' id='block_1_47' title="bbox 971 1118 1746 1155">
    <p class='ocr_par' dir='ltr' id='par_1_47' title="bbox 971 1118 1746 1155">
     <span class='ocr_line' id='line_1_47' title="bbox 971 1118 1746 1155; baseline 0.004 -11"><span class='ocrx_word' id='word_1_368' title='bbox 971 1119 1038 1146; x_wconf 89' lang='lat' dir='ltr'><strong>tutis</strong></span> <span class='ocrx_word' id='word_1_369' title='bbox 1052 1118 1085 1145; x_wconf 91' lang='lat' dir='ltr'><strong>ad</strong></span> <span class='ocrx_word' id='word_1_370' title='bbox 1100 1120 1286 1154; x_wconf 84' lang='lat' dir='ltr'><strong>operationem</strong></span> <span class='ocrx_word' id='word_1_371' title='bbox 1302 1120 1398 1151; x_wconf 91' lang='lat' dir='ltr'><strong>tendit,</strong></span> <span class='ocrx_word' id='word_1_372' title='bbox 1415 1120 1442 1147; x_wconf 93' lang='lat' dir='ltr'><strong>in</strong></span> <span class='ocrx_word' id='word_1_373' title='bbox 1471 1127 1525 1155; x_wconf 87' lang='lat' dir='ltr'><strong>qua</strong></span> <span class='ocrx_word' id='word_1_374' title='bbox 1547 1127 1621 1147; x_wconf 86' lang='lat' dir='ltr'><strong>recte</strong></span> <span class='ocrx_word' id='word_1_375' title='bbox 1649 1121 1746 1155; x_wconf 66' lang='lat' dir='ltr'><strong>agenti:</strong></span> 
     </span>
    </p>
   </div>
   <div class='ocr_carea' id='block_1_48' title="bbox 971 1162 1631 1190">
    <p class='ocr_par' dir='ltr' id='par_1_48' title="bbox 971 1162 1631 1190">
     <span class='ocr_line' id='line_1_48' title="bbox 971 1162 1631 1190; baseline 0.011 -2"><span class='ocrx_word' id='word_1_376' title='bbox 971 1162 1046 1189; x_wconf 89' lang='lat' dir='ltr'><strong>salus</strong></span> <span class='ocrx_word' id='word_1_377' title='bbox 1058 1163 1191 1190; x_wconf 85' lang='lat' dir='ltr'><strong>consistit.</strong></span> <span class='ocrx_word' id='word_1_378' title='bbox 1630 1171 1631 1174; x_wconf 80' lang='lat'>‘</span> 
     </span>
    </p>
   </div>
   <div class='ocr_carea' id='block_1_49' title="bbox 132 1202 1753 1250">
    <p class='ocr_par' dir='ltr' id='par_1_49' title="bbox 132 1202 1753 1250">
     <span class='ocr_line' id='line_1_49' title="bbox 132 1202 1753 1250; baseline 0.006 -22"><span class='ocrx_word' id='word_1_379' title='bbox 132 1202 187 1250; x_wconf 71' lang='grc' dir='ltr'><strong>τῷν</strong></span> <span class='ocrx_word' id='word_1_380' title='bbox 200 1203 297 1238; x_wconf 85' lang='grc' dir='ltr'>χειρῶν</span> <span class='ocrx_word' id='word_1_381' title='bbox 311 1203 388 1249; x_wconf 78' lang='grc' dir='ltr'>ήμῷν</span> <span class='ocrx_word' id='word_1_382' title='bbox 401 1204 572 1233; x_wconf 82' lang='grc' dir='ltr'>κατεύθυνον.</span> <span class='ocrx_word' id='word_1_383' title='bbox 587 1214 596 1231; x_wconf 79' lang='grc' dir='ltr'><strong>ι</strong></span> <span class='ocrx_word' id='word_1_384' title='bbox 606 1205 639 1232; x_wconf 90' lang='grc' dir='ltr'><strong>Ἦ</strong></span> <span class='ocrx_word' id='word_1_385' title='bbox 647 1206 701 1241; x_wconf 82' lang='grc' dir='ltr'>γὰρ</span> <span class='ocrx_word' id='word_1_386' title='bbox 717 1205 824 1241; x_wconf 83' lang='grc' dir='ltr'>ποικίλη</span> <span class='ocrx_word' id='word_1_387' title='bbox 839 1215 867 1233; x_wconf 84' lang='grc' dir='ltr'><strong>τε</strong></span> <span class='ocrx_word' id='word_1_388' title='bbox 886 1208 933 1234; x_wconf 74' lang='grc' dir='ltr'>καὶ</span> <span class='ocrx_word' id='word_1_389' title='bbox 955 1208 1097 1250; x_wconf 75' lang='grc' dir='ltr'>πολυειδὴς</span> <span class='ocrx_word' id='word_1_390' title='bbox 1114 1210 1167 1236; x_wconf 82' lang='grc' dir='ltr'>τῶν</span> <span class='ocrx_word' id='word_1_391' title='bbox 1192 1210 1297 1245; x_wconf 82' lang='grc' dir='ltr'>ἀρετῶν</span> <span class='ocrx_word' id='word_1_392' title='bbox 1308 1210 1451 1246; x_wconf 73' lang='grc' dir='ltr'>ἐπιμέλεια</span> <span class='ocrx_word' id='word_1_393' title='bbox 1464 1210 1573 1246; x_wconf 78' lang='grc' dir='ltr'>ἐνεργὸς</span> <span class='ocrx_word' id='word_1_394' title='bbox 1589 1210 1627 1245; x_wconf 61' lang='lat' dir='ltr'><strong>(Ii)</strong></span> <span class='ocrx_word' id='word_1_395' title='bbox 1638 1210 1753 1245; x_wconf 76' lang='grc' dir='ltr'>γίνεται.</span> 
     </span>
    </p>
   </div>
   <div class='ocr_carea' id='block_1_50' title="bbox 132 1248 794 1289">
    <p class='ocr_par' dir='ltr' id='par_1_50' title="bbox 132 1248 794 1289">
     <span class='ocr_line' id='line_1_50' title="bbox 132 1248 794 1289; baseline 0.006 -14"><span class='ocrx_word' id='word_1_396' title='bbox 132 1249 218 1276; x_wconf 79' lang='grc' dir='ltr'>Τοῦτο</span> <span class='ocrx_word' id='word_1_397' title='bbox 232 1250 259 1277; x_wconf 74' lang='grc' dir='ltr'><strong>δέ</strong></span> <span class='ocrx_word' id='word_1_398' title='bbox 273 1251 345 1278; x_wconf 79' lang='grc' dir='ltr'>ἐστιν</span> <span class='ocrx_word' id='word_1_399' title='bbox 391 1251 438 1278; x_wconf 84' lang='grc' dir='ltr'>τοῦ</span> <span class='ocrx_word' id='word_1_400' title='bbox 456 1252 649 1288; x_wconf 79' lang='grc' dir='ltr'>κατορθοῦντος</span> <span class='ocrx_word' id='word_1_401' title='bbox 663 1253 794 1289; x_wconf 82' lang='grc' dir='ltr'>σωτηρία.</span> 
     </span>
    </p>
   </div>
   <div class='ocr_carea' id='block_1_51' title="bbox 168 1319 918 1356">
    <p class='ocr_par' dir='ltr' id='par_1_51' title="bbox 168 1319 918 1356">
     <span class='ocr_line' id='line_1_51' title="bbox 168 1319 918 1356; baseline 0.001 -10"><span class='ocrx_word' id='word_1_402' title='bbox 168 1319 246 1347; x_wconf 72' lang='grc' dir='ltr'>Οὕτω</span> <span class='ocrx_word' id='word_1_403' title='bbox 269 1321 295 1347; x_wconf 78' lang='grc' dir='ltr'>δὲ</span> <span class='ocrx_word' id='word_1_404' title='bbox 320 1320 441 1356; x_wconf 81' lang='grc' dir='ltr'><strong>τετάρτῳ</strong></span> <span class='ocrx_word' id='word_1_405' title='bbox 466 1320 561 1356; x_wconf 81' lang='grc' dir='ltr'>βαθμῷ</span> <span class='ocrx_word' id='word_1_406' title='bbox 583 1321 632 1356; x_wconf 87' lang='grc' dir='ltr'>τῆς</span> <span class='ocrx_word' id='word_1_407' title='bbox 653 1320 793 1356; x_wconf 82' lang='grc' dir='ltr'>ψαλμικῆς</span> <span class='ocrx_word' id='word_1_408' title='bbox 814 1321 918 1348; x_wconf 80' lang='grc' dir='ltr'>ἀναεὰ-</span> 
     </span>
    </p>
   </div>
   <div class='ocr_carea' id='block_1_52' title="bbox 132 1365 919 1402">
    <p class='ocr_par' dir='ltr' id='par_1_52' title="bbox 132 1365 919 1402">
     <span class='ocr_line' id='line_1_52' title="bbox 132 1365 919 1402; baseline 0 -10"><span class='ocrx_word' id='word_1_409' title='bbox 132 1374 218 1399; x_wconf 83' lang='grc' dir='ltr'>σεως,</span> <span class='ocrx_word' id='word_1_410' title='bbox 241 1367 347 1401; x_wconf 74' lang='grc' dir='ltr'>ἐπάρας</span> <span class='ocrx_word' id='word_1_411' title='bbox 367 1368 381 1393; x_wconf 83' lang='grc' dir='ltr'>ὀ</span> <span class='ocrx_word' id='word_1_412' title='bbox 402 1365 547 1402; x_wconf 76' lang='grc' dir='ltr'>Προφήτης</span> <span class='ocrx_word' id='word_1_413' title='bbox 571 1365 624 1393; x_wconf 85' lang='grc' dir='ltr'>τῶν</span> <span class='ocrx_word' id='word_1_414' title='bbox 647 1365 824 1393; x_wconf 85' lang='grc' dir='ltr'>συνανιόντων</span> <span class='ocrx_word' id='word_1_415' title='bbox 846 1366 919 1401; x_wconf 83' lang='grc' dir='ltr'>αὑτῴ</span> 
     </span>
    </p>
   </div>
   <div class='ocr_carea' id='block_1_53' title="bbox 130 1411 919 1447">
    <p class='ocr_par' dir='ltr' id='par_1_53' title="bbox 130 1411 919 1447">
     <span class='ocr_line' id='line_1_53' title="bbox 130 1411 919 1447; baseline 0.001 -10"><span class='ocrx_word' id='word_1_416' title='bbox 130 1411 179 1446; x_wconf 78' lang='grc' dir='ltr'><strong>τὴν</strong></span> <span class='ocrx_word' id='word_1_417' title='bbox 192 1411 320 1443; x_wconf 85' lang='grc' dir='ltr'>διάνοιαν,</span> <span class='ocrx_word' id='word_1_418' title='bbox 335 1412 381 1438; x_wconf 76' lang='grc' dir='ltr'>καὶ</span> <span class='ocrx_word' id='word_1_419' title='bbox 396 1412 523 1447; x_wconf 76' lang='grc' dir='ltr'>ὑπερθεὶς</span> <span class='ocrx_word' id='word_1_420' title='bbox 538 1411 628 1447; x_wconf 82' lang='grc' dir='ltr'>πάσης</span> <span class='ocrx_word' id='word_1_421' title='bbox 641 1411 690 1446; x_wconf 84' lang='grc' dir='ltr'>τῆς</span> <span class='ocrx_word' id='word_1_422' title='bbox 710 1412 779 1438; x_wconf 78' lang='grc' dir='ltr'>κατὰ</span> <span class='ocrx_word' id='word_1_423' title='bbox 796 1411 841 1437; x_wconf 85' lang='grc' dir='ltr'>τὸν</span> <span class='ocrx_word' id='word_1_424' title='bbox 863 1412 919 1447; x_wconf 82' lang='grc' dir='ltr'>βίον</span> 
     </span>
    </p>
   </div>
   <div class='ocr_carea' id='block_1_54' title="bbox 131 1457 918 1492">
    <p class='ocr_par' dir='ltr' id='par_1_54' title="bbox 131 1457 918 1492">
     <span class='ocr_line' id='line_1_54' title="bbox 131 1457 918 1492; baseline 0.001 -10"><span class='ocrx_word' id='word_1_425' title='bbox 131 1457 224 1483; x_wconf 78' lang='grc' dir='ltr'>τοῦτον</span> <span class='ocrx_word' id='word_1_426' title='bbox 240 1457 459 1492; x_wconf 78' lang='grc' dir='ltr'>σπουδαζομένης</span> <span class='ocrx_word' id='word_1_427' title='bbox 481 1459 535 1489; x_wconf 84' lang='grc' dir='ltr'>τοῖς</span> <span class='ocrx_word' id='word_1_428' title='bbox 557 1457 662 1487; x_wconf 76' lang='grc' dir='ltr'>πολλοῖς</span> <span class='ocrx_word' id='word_1_429' title='bbox 679 1457 873 1492; x_wconf 79' lang='grc' dir='ltr'>ματαιότητος,</span> <span class='ocrx_word' id='word_1_430' title='bbox 890 1458 918 1483; x_wconf 85' lang='grc' dir='ltr'>ὲν</span> 
     </span>
    </p>
   </div>
   <div class='ocr_carea' id='block_1_55' title="bbox 1006 1321 1756 1358">
    <p class='ocr_par' dir='ltr' id='par_1_55' title="bbox 1006 1321 1756 1358">
     <span class='ocr_line' id='line_1_55' title="bbox 1006 1321 1756 1358; baseline 0.004 -10"><span class='ocrx_word' id='word_1_431' title='bbox 1006 1321 1034 1348; x_wconf 84' lang='grc' dir='ltr'><strong>1η</strong></span> <span class='ocrx_word' id='word_1_432' title='bbox 1065 1322 1138 1349; x_wconf 88' lang='lat' dir='ltr'><strong>hunc</strong></span> <span class='ocrx_word' id='word_1_433' title='bbox 1165 1321 1273 1348; x_wconf 92' lang='lat' dir='ltr'><strong>modum</strong></span> <span class='ocrx_word' id='word_1_434' title='bbox 1304 1326 1402 1357; x_wconf 86' lang='lat' dir='ltr'><strong>quarto</strong></span> <span class='ocrx_word' id='word_1_435' title='bbox 1429 1321 1481 1349; x_wconf 88' lang='lat' dir='ltr'><strong>hoc</strong></span> <span class='ocrx_word' id='word_1_436' title='bbox 1508 1323 1677 1351; x_wconf 83' lang='lat' dir='ltr'><strong>ascensionis</strong></span> <span class='ocrx_word' id='word_1_437' title='bbox 1706 1330 1756 1358; x_wconf 89' lang='lat' dir='ltr'><strong>per</strong></span> 
     </span>
    </p>
   </div>
   <div class='ocr_carea' id='block_1_56' title="bbox 971 1367 1756 1403">
    <p class='ocr_par' dir='ltr' id='par_1_56' title="bbox 971 1367 1756 1403">
     <span class='ocr_line' id='line_1_56' title="bbox 971 1367 1756 1403; baseline 0.004 -9"><span class='ocrx_word' id='word_1_438' title='bbox 971 1368 1094 1395; x_wconf 83' lang='lat' dir='ltr'><strong>Psalmos</strong></span> <span class='ocrx_word' id='word_1_439' title='bbox 1108 1368 1192 1403; x_wconf 79' lang='lat' dir='ltr'><strong>gradu</strong></span> <span class='ocrx_word' id='word_1_440' title='bbox 1214 1367 1302 1395; x_wconf 80' lang='lat' dir='ltr'><strong>elevat</strong></span> <span class='ocrx_word' id='word_1_441' title='bbox 1331 1367 1467 1403; x_wconf 81' lang='lat' dir='ltr'><strong>Propheta</strong></span> <span class='ocrx_word' id='word_1_442' title='bbox 1496 1376 1588 1395; x_wconf 86' lang='lat' dir='ltr'><strong>secum</strong></span> <span class='ocrx_word' id='word_1_443' title='bbox 1605 1369 1756 1397; x_wconf 88' lang='lat' dir='ltr'><strong>ascenden-</strong></span> 
     </span>
    </p>
   </div>
   <div class='ocr_carea' id='block_1_57' title="bbox 970 1414 1755 1451">
    <p class='ocr_par' dir='ltr' id='par_1_57' title="bbox 970 1414 1755 1451">
     <span class='ocr_line' id='line_1_57' title="bbox 970 1414 1755 1451; baseline 0.001 -10"><span class='ocrx_word' id='word_1_444' title='bbox 970 1414 1037 1441; x_wconf 89' lang='lat' dir='ltr'><strong>tium</strong></span> <span class='ocrx_word' id='word_1_445' title='bbox 1057 1418 1185 1446; x_wconf 90' lang='lat' dir='ltr'><strong>mentem,</strong></span> <span class='ocrx_word' id='word_1_446' title='bbox 1202 1414 1346 1448; x_wconf 88' lang='lat' dir='ltr'><strong>evehitque</strong></span> <span class='ocrx_word' id='word_1_447' title='bbox 1361 1422 1443 1449; x_wconf 84' lang='lat' dir='ltr'><strong>supra</strong></span> <span class='ocrx_word' id='word_1_448' title='bbox 1461 1422 1581 1446; x_wconf 86' lang='lat' dir='ltr'><strong>onmem,</strong></span> <span class='ocrx_word' id='word_1_449' title='bbox 1601 1423 1660 1451; x_wconf 75' lang='lat' dir='ltr'><strong>qua:</strong></span> <span class='ocrx_word' id='word_1_450' title='bbox 1679 1419 1755 1442; x_wconf 82' lang='lat' dir='ltr'><strong>tanto</strong></span> 
     </span>
    </p>
   </div>
   <div class='ocr_carea' id='block_1_58' title="bbox 972 1455 1754 1494">
    <p class='ocr_par' dir='ltr' id='par_1_58' title="bbox 972 1455 1754 1494">
     <span class='ocr_line' id='line_1_58' title="bbox 972 1455 1754 1494; baseline 0.003 -8"><span class='ocrx_word' id='word_1_451' title='bbox 972 1461 1063 1487; x_wconf 91' lang='lat' dir='ltr'><strong>studio</strong></span> <span class='ocrx_word' id='word_1_452' title='bbox 1081 1460 1107 1487; x_wconf 92' lang='lat' dir='ltr'><strong>in</strong></span> <span class='ocrx_word' id='word_1_453' title='bbox 1130 1460 1179 1487; x_wconf 86' lang='lat' dir='ltr'><strong>hac</strong></span> <span class='ocrx_word' id='word_1_454' title='bbox 1206 1460 1261 1487; x_wconf 84' lang='lat' dir='ltr'><strong>vita</strong></span> <span class='ocrx_word' id='word_1_455' title='bbox 1289 1455 1307 1487; x_wconf 70' lang='grc' dir='ltr'><strong>εἶ</strong></span> <span class='ocrx_word' id='word_1_456' title='bbox 1328 1460 1421 1487; x_wconf 90' lang='lat' dir='ltr'><strong>multis</strong></span> <span class='ocrx_word' id='word_1_457' title='bbox 1449 1461 1575 1493; x_wconf 83' lang='lat' dir='ltr'><strong>ambitur,</strong></span> <span class='ocrx_word' id='word_1_458' title='bbox 1596 1461 1754 1494; x_wconf 81' lang='lat' dir='ltr'><strong>vanitatem,</strong></span> 
     </span>
    </p>
   </div>
   <div class='ocr_carea' id='block_1_59' title="bbox 129 1501 918 1542">
    <p class='ocr_par' dir='ltr' id='par_1_59' title="bbox 129 1501 918 1539">
     <span class='ocr_line' id='line_1_59' title="bbox 129 1501 918 1539; baseline 0.001 -11"><span class='ocrx_word' id='word_1_459' title='bbox 129 1501 169 1537; x_wconf 78' lang='grc' dir='ltr'><strong>τῷ</strong></span> <span class='ocrx_word' id='word_1_460' title='bbox 191 1502 275 1536; x_wconf 75' lang='grc' dir='ltr'>δεῖξαι</span> <span class='ocrx_word' id='word_1_461' title='bbox 295 1502 342 1538; x_wconf 84' lang='grc' dir='ltr'>τὴν</span> <span class='ocrx_word' id='word_1_462' title='bbox 365 1502 516 1539; x_wconf 87' lang='grc' dir='ltr'>ἀραχνιὼδη</span> <span class='ocrx_word' id='word_1_463' title='bbox 539 1511 569 1529; x_wconf 89' lang='grc' dir='ltr'><strong>τε</strong></span> <span class='ocrx_word' id='word_1_464' title='bbox 596 1503 643 1529; x_wconf 68' lang='grc' dir='ltr'><strong>κα)¹</strong></span> <span class='ocrx_word' id='word_1_465' title='bbox 664 1503 846 1530; x_wconf 84' lang='grc' dir='ltr'>ἀνυπόστατον</span> <span class='ocrx_word' id='word_1_466' title='bbox 872 1503 918 1529; x_wconf 78' lang='grc' dir='ltr'>τοῦ</span> 
     </span>
    </p>
   </div>
   <div class='ocr_carea' id='block_1_60' title="bbox 971 1501 1756 1542">
    <p class='ocr_par' dir='ltr' id='par_1_60' title="bbox 971 1506 1756 1542">
     <span class='ocr_line' id='line_1_60' title="bbox 971 1506 1756 1542; baseline 0.003 -10"><span class='ocrx_word' id='word_1_467' title='bbox 971 1506 1033 1533; x_wconf 89' lang='lat' dir='ltr'><strong>dum</strong></span> <span class='ocrx_word' id='word_1_468' title='bbox 1058 1506 1186 1542; x_wconf 77' lang='lat' dir='ltr'><strong>patefacit</strong></span> <span class='ocrx_word' id='word_1_469' title='bbox 1214 1514 1394 1539; x_wconf 88' lang='lat' dir='ltr'><strong>araneosam,</strong></span> <span class='ocrx_word' id='word_1_470' title='bbox 1424 1506 1548 1542; x_wconf 79' lang='lat' dir='ltr'><strong>fugacem</strong></span> <span class='ocrx_word' id='word_1_471' title='bbox 1576 1511 1603 1535; x_wconf 89' lang='lat' dir='ltr'><strong>et</strong></span> <span class='ocrx_word' id='word_1_472' title='bbox 1633 1506 1756 1534; x_wconf 79' lang='lat' dir='ltr'><strong>fallacem</strong></span> 
     </span>
    </p>
   </div>
   <div class='ocr_carea' id='block_1_61' title="bbox 130 1548 918 1584">
    <p class='ocr_par' dir='ltr' id='par_1_61' title="bbox 130 1548 918 1584">
     <span class='ocr_line' id='line_1_61' title="bbox 130 1548 918 1584; baseline 0.003 -10"><span class='ocrx_word' id='word_1_473' title='bbox 130 1548 224 1575; x_wconf 78' lang='grc' dir='ltr'>ὺλικοῦ</span> <span class='ocrx_word' id='word_1_474' title='bbox 256 1548 311 1584; x_wconf 78' lang='grc' dir='ltr'>βίου</span> <span class='ocrx_word' id='word_1_475' title='bbox 336 1549 443 1584; x_wconf 77' lang='grc' dir='ltr'>ἀπάτην</span> <span class='ocrx_word' id='word_1_476' title='bbox 471 1550 512 1581; x_wconf 77' lang='grc' dir='ltr'>εἰς</span> <span class='ocrx_word' id='word_1_477' title='bbox 538 1549 613 1576; x_wconf 78' lang='grc' dir='ltr'>οὐδὲν</span> <span class='ocrx_word' id='word_1_478' title='bbox 648 1549 733 1584; x_wconf 81' lang='grc' dir='ltr'>πέρας</span> <span class='ocrx_word' id='word_1_479' title='bbox 757 1549 858 1583; x_wconf 78' lang='grc' dir='ltr'>ἀγαθὸν</span> <span class='ocrx_word' id='word_1_480' title='bbox 879 1549 918 1584; x_wconf 81' lang='lat'><strong>(5)</strong></span> 
     </span>
    </p>
   </div>
   <div class='ocr_carea' id='block_1_62' title="bbox 130 1594 551 1631">
    <p class='ocr_par' dir='ltr' id='par_1_62' title="bbox 130 1594 551 1631">
     <span class='ocr_line' id='line_1_62' title="bbox 130 1594 551 1631; baseline 0.002 -11"><span class='ocrx_word' id='word_1_481' title='bbox 130 1594 278 1630; x_wconf 71' lang='grc' dir='ltr'>προϊοῦσαν</span> <span class='ocrx_word' id='word_1_482' title='bbox 291 1597 347 1628; x_wconf 82' lang='grc' dir='ltr'>τοῖς</span> <span class='ocrx_word' id='word_1_483' title='bbox 361 1594 551 1631; x_wconf 82' lang='grc' dir='ltr'>ματαιάζουσι,</span> 
     </span>
    </p>
   </div>
   <div class='ocr_carea' id='block_1_63' title="bbox 389 1711 648 1738">
    <p class='ocr_par' dir='ltr' id='par_1_63' title="bbox 389 1711 648 1738">
     <span class='ocr_line' id='line_1_63' title="bbox 389 1711 648 1738; baseline 0 0"><span class='ocrx_word' id='word_1_484' title='bbox 389 1711 587 1738; x_wconf 79' lang='grc' dir='ltr'><strong>ΚΕΦΔΔΑΙΟΝ</strong></span> <span class='ocrx_word' id='word_1_485' title='bbox 607 1711 631 1738; x_wconf 80' lang='grc' dir='ltr'><strong>Η</strong></span> <span class='ocrx_word' id='word_1_486' title='bbox 640 1729 648 1738; x_wconf 92' lang='grc'><em>.</em></span> 
     </span>
    </p>
   </div>
   <div class='ocr_carea' id='block_1_64' title="bbox 167 1766 943 1803">
    <p class='ocr_par' dir='ltr' id='par_1_64' title="bbox 167 1766 943 1803">
     <span class='ocr_line' id='line_1_64' title="bbox 167 1766 943 1803; baseline 0 -10"><span class='ocrx_word' id='word_1_487' title='bbox 167 1769 204 1793; x_wconf 80' lang='grc' dir='ltr'><strong>Δι’</strong></span> <span class='ocrx_word' id='word_1_488' title='bbox 221 1767 365 1795; x_wconf 82' lang='grc' dir='ltr'>ἀκολούθου</span> <span class='ocrx_word' id='word_1_489' title='bbox 380 1767 506 1803; x_wconf 88' lang='grc' dir='ltr'>καθάπερ</span> <span class='ocrx_word' id='word_1_490' title='bbox 519 1768 573 1794; x_wconf 74' lang='grc' dir='ltr'>τινὶ</span> <span class='ocrx_word' id='word_1_491' title='bbox 589 1768 694 1802; x_wconf 81' lang='grc' dir='ltr'>κορυφῇ</span> <span class='ocrx_word' id='word_1_492' title='bbox 706 1766 743 1802; x_wconf 86' lang='grc' dir='ltr'>τῷ</span> <span class='ocrx_word' id='word_1_493' title='bbox 756 1767 919 1803; x_wconf 79' lang='grc' dir='ltr'>ὑψηλοτάτῳ</span> <span class='ocrx_word' id='word_1_494' title='bbox 940 1773 943 1777; x_wconf 84' lang='lat'><strong>‘</strong></span> 
     </span>
    </p>
   </div>
   <div class='ocr_carea' id='block_1_65' title="bbox 128 1811 918 1848">
    <p class='ocr_par' dir='ltr' id='par_1_65' title="bbox 128 1811 918 1848">
     <span class='ocr_line' id='line_1_65' title="bbox 128 1811 918 1848; baseline -0.001 -9"><span class='ocrx_word' id='word_1_495' title='bbox 128 1813 180 1847; x_wconf 74' lang='grc' dir='ltr'>τῆς</span> <span class='ocrx_word' id='word_1_496' title='bbox 200 1811 315 1847; x_wconf 80' lang='grc' dir='ltr'>θεωρίας</span> <span class='ocrx_word' id='word_1_497' title='bbox 340 1811 435 1847; x_wconf 80' lang='grc' dir='ltr'>βαθμῷ</span> <span class='ocrx_word' id='word_1_498' title='bbox 448 1811 492 1838; x_wconf 79' lang='grc' dir='ltr'><strong>διὰ</strong></span> <span class='ocrx_word' id='word_1_499' title='bbox 505 1811 553 1838; x_wconf 85' lang='grc' dir='ltr'><strong>τοῦ</strong></span> <span class='ocrx_word' id='word_1_500' title='bbox 573 1812 699 1847; x_wconf 84' lang='grc' dir='ltr'>πέμπτου</span> <span class='ocrx_word' id='word_1_501' title='bbox 716 1812 816 1848; x_wconf 80' lang='grc' dir='ltr'>μέρους</span> <span class='ocrx_word' id='word_1_502' title='bbox 833 1820 918 1848; x_wconf 86' lang='grc' dir='ltr'>προσ-</span> 
     </span>
    </p>
   </div>
   <div class='ocr_carea' id='block_1_66' title="bbox 130 1856 917 1893">
    <p class='ocr_par' dir='ltr' id='par_1_66' title="bbox 130 1856 917 1893">
     <span class='ocr_line' id='line_1_66' title="bbox 130 1856 917 1893; baseline -0.001 -9"><span class='ocrx_word' id='word_1_503' title='bbox 130 1858 192 1892; x_wconf 85' lang='grc' dir='ltr'>άγει</span> <span class='ocrx_word' id='word_1_504' title='bbox 202 1857 247 1884; x_wconf 74' lang='grc' dir='ltr'><strong>τὸν</strong></span> <span class='ocrx_word' id='word_1_505' title='bbox 257 1857 436 1893; x_wconf 79' lang='grc' dir='ltr'>ἀκολουθῆσαι</span> <span class='ocrx_word' id='word_1_506' title='bbox 447 1857 514 1893; x_wconf 80' lang='grc' dir='ltr'>πρὸς</span> <span class='ocrx_word' id='word_1_507' title='bbox 524 1857 554 1884; x_wconf 79' lang='grc' dir='ltr'><strong>τὸ</strong></span> <span class='ocrx_word' id='word_1_508' title='bbox 568 1856 633 1892; x_wconf 76' lang='grc' dir='ltr'>ὕψος</span> <span class='ocrx_word' id='word_1_509' title='bbox 644 1857 802 1892; x_wconf 82' lang='grc' dir='ltr'>δυνάμενον,</span> <span class='ocrx_word' id='word_1_510' title='bbox 819 1857 864 1884; x_wconf 76' lang='grc' dir='ltr'>τὸν</span> <span class='ocrx_word' id='word_1_511' title='bbox 880 1857 917 1892; x_wconf 89' lang='grc'><strong>(6)</strong></span> 
     </span>
    </p>
   </div>
   <div class='ocr_carea' id='block_1_67' title="bbox 128 1902 917 1938">
    <p class='ocr_par' dir='ltr' id='par_1_67' title="bbox 128 1902 917 1938">
     <span class='ocr_line' id='line_1_67' title="bbox 128 1902 917 1938; baseline 0 -8"><span class='ocrx_word' id='word_1_512' title='bbox 128 1903 281 1931; x_wconf 78' lang='grc' dir='ltr'>διαπτάντα</span> <span class='ocrx_word' id='word_1_513' title='bbox 306 1903 355 1935; x_wconf 72' lang='grc' dir='ltr'><strong>τὰς</strong></span> <span class='ocrx_word' id='word_1_514' title='bbox 378 1903 432 1930; x_wconf 88' lang='grc' dir='ltr'>τῶν</span> <span class='ocrx_word' id='word_1_515' title='bbox 451 1903 584 1938; x_wconf 83' lang='grc' dir='ltr'>βιωτικῶν</span> <span class='ocrx_word' id='word_1_516' title='bbox 609 1903 745 1938; x_wconf 78' lang='grc' dir='ltr'>ἀραχνίων</span> <span class='ocrx_word' id='word_1_517' title='bbox 769 1902 917 1934; x_wconf 75' lang='grc' dir='ltr'>διαπλοκὰς</span> 
     </span>
    </p>
   </div>
   <div class='ocr_carea' id='block_1_68' title="bbox 132 1946 918 1984">
    <p class='ocr_par' dir='ltr' id='par_1_68' title="bbox 132 1946 918 1984">
     <span class='ocr_line' id='line_1_68' title="bbox 132 1946 918 1984; baseline 0 -10"><span class='ocrx_word' id='word_1_518' title='bbox 132 1948 237 1984; x_wconf 75' lang='grc' dir='ltr'>στερρῷ</span> <span class='ocrx_word' id='word_1_519' title='bbox 261 1948 300 1983; x_wconf 87' lang='grc' dir='ltr'>τῷ</span> <span class='ocrx_word' id='word_1_520' title='bbox 317 1948 418 1984; x_wconf 85' lang='grc' dir='ltr'>πτερῷ.</span> <span class='ocrx_word' id='word_1_521' title='bbox 431 1948 463 1974; x_wconf 89' lang='grc' dir='ltr'><strong>Οἱ</strong></span> <span class='ocrx_word' id='word_1_522' title='bbox 479 1948 534 1983; x_wconf 77' lang='grc' dir='ltr'>γάρ</span> <span class='ocrx_word' id='word_1_523' title='bbox 550 1946 675 1983; x_wconf 86' lang='grc' dir='ltr'>χνοὼδεις</span> <span class='ocrx_word' id='word_1_524' title='bbox 689 1956 719 1974; x_wconf 90' lang='grc' dir='ltr'><strong>τε</strong></span> <span class='ocrx_word' id='word_1_525' title='bbox 735 1948 782 1974; x_wconf 68' lang='grc' dir='ltr'>κα).</span> <span class='ocrx_word' id='word_1_526' title='bbox 801 1947 918 1982; x_wconf 80' lang='grc' dir='ltr'>ἐξίτηλοι</span> 
     </span>
    </p>
   </div>
   <div class='ocr_carea' id='block_1_69' title="bbox 129 1993 919 2030">
    <p class='ocr_par' dir='ltr' id='par_1_69' title="bbox 129 1993 919 2030">
     <span class='ocr_line' id='line_1_69' title="bbox 129 1993 919 2030; baseline 0 -10"><span class='ocrx_word' id='word_1_527' title='bbox 129 1994 160 2020; x_wconf 83' lang='grc' dir='ltr'>ὲν</span> <span class='ocrx_word' id='word_1_528' title='bbox 183 1994 291 2021; x_wconf 80' lang='grc' dir='ltr'><strong>ἀσθενεῖ</strong></span> <span class='ocrx_word' id='word_1_529' title='bbox 310 1994 357 2021; x_wconf 76' lang='grc' dir='ltr'>καὶ</span> <span class='ocrx_word' id='word_1_530' title='bbox 381 1994 467 2030; x_wconf 83' lang='grc' dir='ltr'>ἁτόνῳ</span> <span class='ocrx_word' id='word_1_531' title='bbox 493 1995 526 2030; x_wconf 86' lang='grc' dir='ltr'>τῇ</span> <span class='ocrx_word' id='word_1_532' title='bbox 552 1995 649 2029; x_wconf 82' lang='grc' dir='ltr'>πτήσει</span> <span class='ocrx_word' id='word_1_533' title='bbox 669 1993 756 2030; x_wconf 82' lang='grc' dir='ltr'>μυιῶν</span> <span class='ocrx_word' id='word_1_534' title='bbox 781 1993 869 2029; x_wconf 82' lang='grc' dir='ltr'>δίκην,</span> <span class='ocrx_word' id='word_1_535' title='bbox 885 1993 919 2020; x_wconf 84' lang='grc' dir='ltr'><strong>τὰ</strong></span> 
     </span>
    </p>
   </div>
   <div class='ocr_carea' id='block_1_70' title="bbox 130 2039 920 2076">
    <p class='ocr_par' dir='ltr' id='par_1_70' title="bbox 130 2039 920 2076">
     <span class='ocr_line' id='line_1_70' title="bbox 130 2039 920 2076; baseline -0.001 -10"><span class='ocrx_word' id='word_1_536' title='bbox 130 2040 249 2076; x_wconf 77' lang='grc' dir='ltr'>γλίσχρα</span> <span class='ocrx_word' id='word_1_537' title='bbox 264 2040 311 2067; x_wconf 80' lang='grc' dir='ltr'><strong>τοῦ</strong></span> <span class='ocrx_word' id='word_1_538' title='bbox 333 2040 390 2075; x_wconf 73' lang='grc' dir='ltr'>βίου</span> <span class='ocrx_word' id='word_1_539' title='bbox 406 2039 637 2076; x_wconf 83' lang='grc' dir='ltr'>περιλιχνεὺοντες</span> <span class='ocrx_word' id='word_1_540' title='bbox 665 2039 847 2075; x_wconf 77' lang='grc' dir='ltr'>ἐμπλέκονται</span> <span class='ocrx_word' id='word_1_541' title='bbox 873 2039 920 2066; x_wconf 75' lang='grc' dir='ltr'>καὶ</span> 
     </span>
    </p>
   </div>
   <div class='ocr_carea' id='block_1_71' title="bbox 131 2083 920 2121">
    <p class='ocr_par' dir='ltr' id='par_1_71' title="bbox 131 2083 920 2121">
     <span class='ocr_line' id='line_1_71' title="bbox 131 2083 920 2121; baseline -0.003 -9"><span class='ocrx_word' id='word_1_542' title='bbox 131 2084 336 2121; x_wconf 75' lang='grc' dir='ltr'>ἔνδεσμοῦνται,</span> <span class='ocrx_word' id='word_1_543' title='bbox 350 2084 474 2119; x_wconf 76' lang='grc' dir='ltr'>καθάπερ</span> <span class='ocrx_word' id='word_1_544' title='bbox 488 2085 542 2111; x_wconf 76' lang='grc' dir='ltr'>τισὶ</span> <span class='ocrx_word' id='word_1_545' title='bbox 554 2084 671 2115; x_wconf 71' lang='grc' dir='ltr'>δικτύοις</span> <span class='ocrx_word' id='word_1_546' title='bbox 681 2104 688 2116; x_wconf 87' lang='grc'><strong>,</strong></span> <span class='ocrx_word' id='word_1_547' title='bbox 707 2085 740 2119; x_wconf 87' lang='grc' dir='ltr'><strong>τῇ</strong></span> <span class='ocrx_word' id='word_1_548' title='bbox 759 2084 814 2110; x_wconf 83' lang='grc' dir='ltr'>τῶν</span> <span class='ocrx_word' id='word_1_549' title='bbox 833 2083 920 2110; x_wconf 85' lang='grc' dir='ltr'>τοιού-</span> 
     </span>
    </p>
   </div>
   <div class='ocr_carea' id='block_1_72' title="bbox 131 2130 919 2167">
    <p class='ocr_par' dir='ltr' id='par_1_72' title="bbox 131 2130 919 2167">
     <span class='ocr_line' id='line_1_72' title="bbox 131 2130 919 2167; baseline -0.005 -8"><span class='ocrx_word' id='word_1_550' title='bbox 131 2140 188 2159; x_wconf 89' lang='grc' dir='ltr'><strong>των</strong></span> <span class='ocrx_word' id='word_1_551' title='bbox 203 2131 333 2167; x_wconf 88' lang='grc' dir='ltr'>νημάτων</span> <span class='ocrx_word' id='word_1_552' title='bbox 348 2131 488 2167; x_wconf 77' lang='grc' dir='ltr'>περιῦολῇο</span> <span class='ocrx_word' id='word_1_553' title='bbox 503 2130 574 2165; x_wconf 86' lang='grc' dir='ltr'>λέγω</span> <span class='ocrx_word' id='word_1_554' title='bbox 585 2130 617 2165; x_wconf 82' lang='grc' dir='ltr'>δὴ</span> <span class='ocrx_word' id='word_1_555' title='bbox 630 2131 745 2166; x_wconf 73' lang='grc' dir='ltr'>τρυφαῖς</span> <span class='ocrx_word' id='word_1_556' title='bbox 760 2130 807 2156; x_wconf 72' lang='grc' dir='ltr'>καὶ</span> <span class='ocrx_word' id='word_1_557' title='bbox 826 2130 919 2166; x_wconf 86' lang='grc' dir='ltr'>τιμαῖς</span> 
     </span>
    </p>
   </div>
   <div class='ocr_carea' id='block_1_73' title="bbox 132 2173 918 2212">
    <p class='ocr_par' dir='ltr' id='par_1_73' title="bbox 132 2173 918 2212">
     <span class='ocr_line' id='line_1_73' title="bbox 132 2173 918 2212; baseline -0.003 -8"><span class='ocrx_word' id='word_1_558' title='bbox 132 2179 180 2204; x_wconf 71' lang='grc' dir='ltr'>καὶ</span> <span class='ocrx_word' id='word_1_559' title='bbox 202 2177 307 2210; x_wconf 77' lang='grc' dir='ltr'>δόξαις,</span> <span class='ocrx_word' id='word_1_560' title='bbox 329 2177 376 2204; x_wconf 76' lang='grc' dir='ltr'>καὶ</span> <span class='ocrx_word' id='word_1_561' title='bbox 394 2178 451 2209; x_wconf 79' lang='grc' dir='ltr'>ταῖς</span> <span class='ocrx_word' id='word_1_562' title='bbox 469 2176 604 2208; x_wconf 76' lang='grc' dir='ltr'>ποικίλαις</span> <span class='ocrx_word' id='word_1_563' title='bbox 625 2176 781 2212; x_wconf 76' lang='grc' dir='ltr'>ἐπιθυμίαις</span> <span class='ocrx_word' id='word_1_564' title='bbox 805 2173 859 2203; x_wconf 81' lang='grc' dir='ltr'>οἷόν</span> <span class='ocrx_word' id='word_1_565' title='bbox 877 2185 918 2202; x_wconf 89' lang='grc' dir='ltr'>τι-</span> 
     </span>
    </p>
   </div>
   <div class='ocr_carea' id='block_1_74' title="bbox 133 2220 919 2258">
    <p class='ocr_par' dir='ltr' id='par_1_74' title="bbox 133 2220 919 2258">
     <span class='ocr_line' id='line_1_74' title="bbox 133 2220 919 2258; baseline -0.004 -9"><span class='ocrx_word' id='word_1_566' title='bbox 133 2231 175 2249; x_wconf 88' lang='grc' dir='ltr'><strong>σιν</strong></span> <span class='ocrx_word' id='word_1_567' title='bbox 194 2223 332 2258; x_wconf 87' lang='grc' dir='ltr'>ἀραχνίοις</span> <span class='ocrx_word' id='word_1_568' title='bbox 351 2222 506 2256; x_wconf 82' lang='grc' dir='ltr'>ὑφάσμασιν</span> <span class='ocrx_word' id='word_1_569' title='bbox 523 2220 713 2256; x_wconf 76' lang='grc' dir='ltr'>ὲνειλούμενοι,</span> <span class='ocrx_word' id='word_1_570' title='bbox 732 2220 844 2256; x_wconf 83' lang='grc' dir='ltr'>θήραμα</span> <span class='ocrx_word' id='word_1_571' title='bbox 873 2220 919 2247; x_wconf 80' lang='grc' dir='ltr'>καὶ</span> 
     </span>
    </p>
   </div>
   <div class='ocr_carea' id='block_1_75' title="bbox 133 2265 919 2304">
    <p class='ocr_par' dir='ltr' id='par_1_75' title="bbox 133 2265 919 2304">
     <span class='ocr_line' id='line_1_75' title="bbox 133 2265 919 2304; baseline -0.004 -9"><span class='ocrx_word' id='word_1_572' title='bbox 133 2269 231 2304; x_wconf 82' lang='grc' dir='ltr'>βρῶμα</span> <span class='ocrx_word' id='word_1_573' title='bbox 254 2268 389 2304; x_wconf 85' lang='grc' dir='ltr'>γινόμενοι</span> <span class='ocrx_word' id='word_1_574' title='bbox 410 2267 457 2295; x_wconf 79' lang='grc' dir='ltr'>τοῦ</span> <span class='ocrx_word' id='word_1_575' title='bbox 481 2267 576 2303; x_wconf 86' lang='grc' dir='ltr'>θηρίου</span> <span class='ocrx_word' id='word_1_576' title='bbox 604 2266 718 2302; x_wconf 2' lang='grc' dir='ltr'>ἐκείνου,</span> <span class='ocrx_word' id='word_1_577' title='bbox 733 2265 780 2293; x_wconf 83' lang='grc' dir='ltr'>τοῦ</span> <span class='ocrx_word' id='word_1_578' title='bbox 806 2266 851 2293; x_wconf 83' lang='grc' dir='ltr'><strong>διὰ</strong></span> <span class='ocrx_word' id='word_1_579' title='bbox 865 2265 919 2293; x_wconf 84' lang='grc' dir='ltr'><strong>τῶν</strong></span> 
     </span>
    </p>
   </div>
   <div class='ocr_carea' id='block_1_76' title="bbox 131 2312 919 2351">
    <p class='ocr_par' dir='ltr' id='par_1_76' title="bbox 131 2312 919 2351">
     <span class='ocr_line' id='line_1_76' title="bbox 131 2312 919 2351; baseline -0.003 -10"><span class='ocrx_word' id='word_1_580' title='bbox 131 2315 258 2342; x_wconf 75' lang='grc' dir='ltr'>τοιούτων</span> <span class='ocrx_word' id='word_1_581' title='bbox 279 2313 448 2351; x_wconf 81' lang='grc' dir='ltr'>θηρεύοντος.</span> <span class='ocrx_word' id='word_1_582' title='bbox 475 2314 506 2340; x_wconf 78' lang='lat' dir='ltr'><strong>Et</strong></span> <span class='ocrx_word' id='word_1_583' title='bbox 521 2313 549 2340; x_wconf 87' lang='grc' dir='ltr'><strong>δέ</strong></span> <span class='ocrx_word' id='word_1_584' title='bbox 570 2321 611 2344; x_wconf 82' lang='grc' dir='ltr'><strong>τις</strong></span> <span class='ocrx_word' id='word_1_585' title='bbox 634 2312 754 2348; x_wconf 82' lang='grc' dir='ltr'>ἁετώδης</span> <span class='ocrx_word' id='word_1_586' title='bbox 767 2312 816 2348; x_wconf 87' lang='grc' dir='ltr'>τὴν</span> <span class='ocrx_word' id='word_1_587' title='bbox 839 2312 919 2346; x_wconf 82' lang='grc' dir='ltr'>φύσιν</span> 
     </span>
    </p>
   </div>
   <div class='ocr_carea' id='block_1_77' title="bbox 131 2357 918 2396">
    <p class='ocr_par' dir='ltr' id='par_1_77' title="bbox 131 2357 918 2396">
     <span class='ocr_line' id='line_1_77' title="bbox 131 2357 918 2396; baseline -0.003 -10"><span class='ocrx_word' id='word_1_588' title='bbox 131 2360 186 2392; x_wconf 83' lang='grc' dir='ltr'>ὢν,</span> <span class='ocrx_word' id='word_1_589' title='bbox 202 2359 335 2396; x_wconf 74' lang='grc' dir='ltr'>ὀξυτέρως</span> <span class='ocrx_word' id='word_1_590' title='bbox 355 2359 423 2395; x_wconf 80' lang='grc' dir='ltr'>πρὸς</span> <span class='ocrx_word' id='word_1_591' title='bbox 441 2359 490 2394; x_wconf 84' lang='grc' dir='ltr'><strong>τὴν</strong></span> <span class='ocrx_word' id='word_1_592' title='bbox 507 2359 604 2386; x_wconf 82' lang='grc' dir='ltr'>ἀκτῖνα</span> <span class='ocrx_word' id='word_1_593' title='bbox 623 2358 670 2384; x_wconf 86' lang='grc' dir='ltr'>τοῦ</span> <span class='ocrx_word' id='word_1_594' title='bbox 691 2358 779 2392; x_wconf 84' lang='grc' dir='ltr'>φωτὸς</span> <span class='ocrx_word' id='word_1_595' title='bbox 795 2357 918 2392; x_wconf 72' lang='grc' dir='ltr'>βλέπων,</span> 
     </span>
    </p>
   </div>
   <div class='ocr_carea' id='block_1_78' title="bbox 132 2401 919 2441">
    <p class='ocr_par' dir='ltr' id='par_1_78' title="bbox 132 2401 919 2441">
     <span class='ocr_line' id='line_1_78' title="bbox 132 2401 919 2441; baseline -0.005 -9"><span class='ocrx_word' id='word_1_596' title='bbox 132 2405 260 2441; x_wconf 78' lang='grc' dir='ltr'>ἀτρέπτῳ</span> <span class='ocrx_word' id='word_1_597' title='bbox 280 2405 319 2440; x_wconf 86' lang='grc' dir='ltr'>τῷ</span> <span class='ocrx_word' id='word_1_598' title='bbox 334 2405 384 2440; x_wconf 85' lang='grc' dir='ltr'>τῆς</span> <span class='ocrx_word' id='word_1_599' title='bbox 403 2404 491 2440; x_wconf 81' lang='grc' dir='ltr'>ψυχῆς</span> <span class='ocrx_word' id='word_1_600' title='bbox 504 2403 652 2439; x_wconf 85' lang='grc' dir='ltr'>ὀφθαλμῷ,</span> <span class='ocrx_word' id='word_1_601' title='bbox 667 2403 714 2430; x_wconf 80' lang='grc' dir='ltr'>καὶ</span> <span class='ocrx_word' id='word_1_602' title='bbox 731 2402 798 2438; x_wconf 82' lang='grc' dir='ltr'>πρὸς</span> <span class='ocrx_word' id='word_1_603' title='bbox 811 2401 841 2429; x_wconf 77' lang='grc' dir='ltr'><strong>τὸ</strong></span> <span class='ocrx_word' id='word_1_604' title='bbox 853 2401 919 2437; x_wconf 79' lang='grc' dir='ltr'>ὕψος</span> 
     </span>
    </p>
   </div>
   <div class='ocr_carea' id='block_1_79' title="bbox 132 2448 918 2487">
    <p class='ocr_par' dir='ltr' id='par_1_79' title="bbox 132 2448 918 2487">
     <span class='ocr_line' id='line_1_79' title="bbox 132 2448 918 2487; baseline -0.005 -9"><span class='ocrx_word' id='word_1_605' title='bbox 132 2451 227 2478; x_wconf 69' lang='grc' dir='ltr'>ἑαυτὸν</span> <span class='ocrx_word' id='word_1_606' title='bbox 250 2451 288 2487; x_wconf 89' lang='grc'><strong>(7)</strong></span> <span class='ocrx_word' id='word_1_607' title='bbox 317 2451 460 2478; x_wconf 83' lang='grc' dir='ltr'>συντείνων</span> <span class='ocrx_word' id='word_1_608' title='bbox 491 2451 547 2482; x_wconf 86' lang='grc' dir='ltr'>τοῖς</span> <span class='ocrx_word' id='word_1_609' title='bbox 578 2450 709 2481; x_wconf 80' lang='grc' dir='ltr'>τοιούτοις</span> <span class='ocrx_word' id='word_1_610' title='bbox 739 2448 918 2484; x_wconf 82' lang='grc' dir='ltr'>ὲμπελάσειεν</span> 
     </span>
    </p>
   </div>
   <div class='ocr_carea' id='block_1_80' title="bbox 131 2489 919 2535">
    <p class='ocr_par' dir='ltr' id='par_1_80' title="bbox 131 2489 919 2535">
     <span class='ocr_line' id='line_1_80' title="bbox 131 2489 919 2535; baseline -0.005 -10"><span class='ocrx_word' id='word_1_611' title='bbox 131 2489 288 2534; x_wconf 41' lang='grc' dir='ltr'><strong>ἀραχνίοις.Ι</strong></span> <span class='ocrx_word' id='word_1_612' title='bbox 326 2498 392 2535; x_wconf 81' lang='grc' dir='ltr'>μόνῃ</span> <span class='ocrx_word' id='word_1_613' title='bbox 411 2499 444 2534; x_wconf 84' lang='grc' dir='ltr'>τῇ</span> <span class='ocrx_word' id='word_1_614' title='bbox 464 2497 537 2533; x_wconf 60' lang='grc' dir='ltr'>αὖρα</span> <span class='ocrx_word' id='word_1_615' title='bbox 560 2497 615 2523; x_wconf 84' lang='grc' dir='ltr'><strong>τῶν</strong></span> <span class='ocrx_word' id='word_1_616' title='bbox 640 2496 807 2532; x_wconf 84' lang='grc' dir='ltr'>ὠκυπτέρων</span> <span class='ocrx_word' id='word_1_617' title='bbox 833 2497 861 2522; x_wconf 81' lang='grc' dir='ltr'>ἐν</span> <span class='ocrx_word' id='word_1_618' title='bbox 879 2494 919 2530; x_wconf 86' lang='grc' dir='ltr'>τῷ</span> 
     </span>
    </p>
   </div>
   <div class='ocr_carea' id='block_1_81' title="bbox 133 2541 916 2580">
    <p class='ocr_par' dir='ltr' id='par_1_81' title="bbox 133 2541 916 2580">
     <span class='ocr_line' id='line_1_81' title="bbox 133 2541 916 2580; baseline -0.003 -11"><span class='ocrx_word' id='word_1_619' title='bbox 133 2544 215 2580; x_wconf 77' lang='grc' dir='ltr'>ῥοίζῳ</span> <span class='ocrx_word' id='word_1_620' title='bbox 233 2545 281 2580; x_wconf 83' lang='grc' dir='ltr'>τῆς</span> <span class='ocrx_word' id='word_1_621' title='bbox 305 2545 444 2580; x_wconf 83' lang='grc' dir='ltr'>πτήσεως,</span> <span class='ocrx_word' id='word_1_622' title='bbox 461 2543 616 2579; x_wconf 78' lang='grc' dir='ltr'>ὲξαφανίζει</span> <span class='ocrx_word' id='word_1_623' title='bbox 632 2544 686 2570; x_wconf 82' lang='grc' dir='ltr'><strong>πᾶν</strong></span> <span class='ocrx_word' id='word_1_624' title='bbox 704 2543 734 2569; x_wconf 73' lang='grc' dir='ltr'>τὸ</span> <span class='ocrx_word' id='word_1_625' title='bbox 749 2541 877 2573; x_wconf 78' lang='grc' dir='ltr'>τοιοῦτον,</span> <span class='ocrx_word' id='word_1_626' title='bbox 893 2541 916 2572; x_wconf 80' lang='grc' dir='ltr'>ὅ,</span> 
     </span>
    </p>
   </div>
   <div class='ocr_carea' id='block_1_82' title="bbox 130 2587 918 2625">
    <p class='ocr_par' dir='ltr' id='par_1_82' title="bbox 130 2587 918 2625">
     <span class='ocr_line' id='line_1_82' title="bbox 130 2587 918 2625; baseline -0.003 -9"><span class='ocrx_word' id='word_1_627' title='bbox 130 2589 158 2615; x_wconf 81' lang='grc' dir='ltr'><strong>τί</strong></span> <span class='ocrx_word' id='word_1_628' title='bbox 174 2598 226 2624; x_wconf 83' lang='grc' dir='ltr'><strong>περ</strong></span> <span class='ocrx_word' id='word_1_629' title='bbox 247 2589 280 2616; x_wconf 76' lang='grc' dir='ltr'>ἂν</span> <span class='ocrx_word' id='word_1_630' title='bbox 302 2589 462 2625; x_wconf 73' lang='grc' dir='ltr'>πλησιάσει,</span> <span class='ocrx_word' id='word_1_631' title='bbox 486 2591 519 2625; x_wconf 81' lang='grc' dir='ltr'>τῇ</span> <span class='ocrx_word' id='word_1_632' title='bbox 532 2589 585 2616; x_wconf 89' lang='grc' dir='ltr'>τῶν</span> <span class='ocrx_word' id='word_1_633' title='bbox 602 2589 745 2624; x_wconf 85' lang='grc' dir='ltr'>πτερύγων</span> <span class='ocrx_word' id='word_1_634' title='bbox 763 2588 846 2623; x_wconf 83' lang='grc' dir='ltr'>ὁρμῇ.</span> <span class='ocrx_word' id='word_1_635' title='bbox 865 2587 918 2614; x_wconf 82' lang='grc' dir='ltr'><strong>Τὸν</strong></span> 
     </span>
    </p>
   </div>
   <div class='ocr_carea' id='block_1_83' title="bbox 130 2632 918 2671">
    <p class='ocr_par' dir='ltr' id='par_1_83' title="bbox 130 2632 918 2671">
     <span class='ocr_line' id='line_1_83' title="bbox 130 2632 918 2671; baseline -0.004 -9"><span class='ocrx_word' id='word_1_636' title='bbox 130 2632 178 2661; x_wconf 65' lang='grc' dir='ltr'>οὖν</span> <span class='ocrx_word' id='word_1_637' title='bbox 199 2635 317 2662; x_wconf 79' lang='grc' dir='ltr'>τοιοῦτον</span> <span class='ocrx_word' id='word_1_638' title='bbox 340 2635 428 2670; x_wconf 80' lang='grc' dir='ltr'>ἑαυτῷ</span> <span class='ocrx_word' id='word_1_639' title='bbox 456 2636 608 2671; x_wconf 85' lang='grc' dir='ltr'>συνεπᾴρας</span> <span class='ocrx_word' id='word_1_640' title='bbox 624 2635 638 2661; x_wconf 74' lang='grc' dir='ltr'>ὁ</span> <span class='ocrx_word' id='word_1_641' title='bbox 657 2633 757 2670; x_wconf 74' lang='grc' dir='ltr'>ὑψηλὸς</span> <span class='ocrx_word' id='word_1_642' title='bbox 775 2633 918 2668; x_wconf 75' lang='grc' dir='ltr'>Προφήτης</span> 
     </span>
    </p>
   </div>
   <div class='ocr_carea' id='block_1_84' title="bbox 179 2737 421 2771">
    <p class='ocr_par' dir='ltr' id='par_1_84' title="bbox 179 2737 421 2771">
     <span class='ocr_line' id='line_1_84' title="bbox 179 2737 421 2771; baseline 0 -7"><span class='ocrx_word' id='word_1_643' title='bbox 179 2738 224 2771; x_wconf 79' lang='lat'><strong>99)</strong></span> <span class='ocrx_word' id='word_1_644' title='bbox 241 2737 295 2764; x_wconf 76' lang='grc' dir='ltr'><strong>Καὶ</strong></span> <span class='ocrx_word' id='word_1_645' title='bbox 308 2745 362 2764; x_wconf 91' lang='lat' dir='ltr'><strong>om.</strong></span> <span class='ocrx_word' id='word_1_646' title='bbox 376 2738 421 2765; x_wconf 87' lang='lat' dir='ltr'><strong>ed.</strong></span> 
     </span>
    </p>
   </div>
   <div class='ocr_carea' id='block_1_85' title="bbox 182 2772 363 2806">
    <p class='ocr_par' dir='ltr' id='par_1_85' title="bbox 182 2772 363 2806">
     <span class='ocr_line' id='line_1_85' title="bbox 182 2772 363 2806; baseline -0.006 -7"><span class='ocrx_word' id='word_1_647' title='bbox 182 2773 207 2806; x_wconf 81' lang='grc' dir='ltr'><strong>ι)</strong></span> <span class='ocrx_word' id='word_1_648' title='bbox 222 2772 301 2799; x_wconf 83' lang='lat' dir='ltr'><strong>Forte</strong></span> <span class='ocrx_word' id='word_1_649' title='bbox 313 2773 363 2804; x_wconf 78' lang='grc' dir='ltr'>είς.</span> 
     </span>
    </p>
   </div>
   <div class='ocr_carea' id='block_1_86' title="bbox 168 2806 465 2841">
    <p class='ocr_par' dir='ltr' id='par_1_86' title="bbox 168 2806 465 2841">
     <span class='ocr_line' id='line_1_86' title="bbox 168 2806 465 2841; baseline 0.007 -8"><span class='ocrx_word' id='word_1_650' title='bbox 168 2807 206 2839; x_wconf 79' lang='lat'><strong>(‘2)</strong></span> <span class='ocrx_word' id='word_1_651' title='bbox 227 2806 308 2834; x_wconf 78' lang='lat' dir='ltr'><strong>Forte</strong></span> <span class='ocrx_word' id='word_1_652' title='bbox 326 2807 465 2841; x_wconf 83' lang='grc' dir='ltr'>φέρεσθαι.</span> 
     </span>
    </p>
   </div>
   <div class='ocr_carea' id='block_1_87' title="bbox 168 2842 395 2877">
    <p class='ocr_par' dir='ltr' id='par_1_87' title="bbox 168 2842 395 2877">
     <span class='ocr_line' id='line_1_87' title="bbox 168 2842 395 2877; baseline 0.004 -8"><span class='ocrx_word' id='word_1_653' title='bbox 168 2842 207 2877; x_wconf 78' lang='lat'><strong>(3)</strong></span> <span class='ocrx_word' id='word_1_654' title='bbox 227 2842 273 2869; x_wconf 84' lang='grc' dir='ltr'>Ἐν</span> <span class='ocrx_word' id='word_1_655' title='bbox 283 2850 338 2869; x_wconf 91' lang='lat' dir='ltr'><strong>om.</strong></span> <span class='ocrx_word' id='word_1_656' title='bbox 353 2844 395 2870; x_wconf 83' lang='lat' dir='ltr'><strong>ed.</strong></span> 
     </span>
    </p>
   </div>
   <div class='ocr_carea' id='block_1_88' title="bbox 971 1551 1756 1586">
    <p class='ocr_par' dir='ltr' id='par_1_88' title="bbox 971 1551 1756 1586">
     <span class='ocr_line' id='line_1_88' title="bbox 971 1551 1756 1586; baseline -0.001 -7"><span class='ocrx_word' id='word_1_657' title='bbox 971 1552 1080 1579; x_wconf 73' lang='lat' dir='ltr'><strong>caduca:</strong></span> <span class='ocrx_word' id='word_1_658' title='bbox 1103 1552 1182 1586; x_wconf 89' lang='lat' dir='ltr'><strong>hujus</strong></span> <span class='ocrx_word' id='word_1_659' title='bbox 1205 1553 1265 1579; x_wconf 70' lang='lat' dir='ltr'><strong>vitae</strong></span> <span class='ocrx_word' id='word_1_660' title='bbox 1280 1552 1486 1586; x_wconf 74' lang='lat' dir='ltr'><strong>dcccptionem,</strong></span> <span class='ocrx_word' id='word_1_661' title='bbox 1513 1559 1574 1583; x_wconf 76' lang='lat' dir='ltr'><strong>quae</strong></span> <span class='ocrx_word' id='word_1_662' title='bbox 1594 1551 1628 1579; x_wconf 82' lang='lat' dir='ltr'><strong>ad</strong></span> <span class='ocrx_word' id='word_1_663' title='bbox 1651 1552 1756 1579; x_wconf 91' lang='lat' dir='ltr'><strong>nullum</strong></span> 
     </span>
    </p>
   </div>
   <div class='ocr_carea' id='block_1_89' title="bbox 971 1598 1757 1631">
    <p class='ocr_par' dir='ltr' id='par_1_89' title="bbox 971 1598 1757 1631">
     <span class='ocr_line' id='line_1_89' title="bbox 971 1598 1757 1631; baseline 0 -5"><span class='ocrx_word' id='word_1_664' title='bbox 971 1599 1105 1626; x_wconf 81' lang='lat' dir='ltr'><strong>honestati</strong></span> <span class='ocrx_word' id='word_1_665' title='bbox 1118 1602 1332 1627; x_wconf 84' lang='lat' dir='ltr'><strong>consentaneum</strong></span> <span class='ocrx_word' id='word_1_666' title='bbox 1348 1598 1427 1626; x_wconf 84' lang='lat' dir='ltr'><strong>ﬁnem</strong></span> <span class='ocrx_word' id='word_1_667' title='bbox 1443 1598 1659 1631; x_wconf 72' lang='lat' dir='ltr'><strong>circumventos,</strong></span> <span class='ocrx_word' id='word_1_668' title='bbox 1673 1606 1757 1626; x_wconf 55' lang='lat' dir='ltr'><strong>vane.</strong></span> 
     </span>
    </p>
   </div>
   <div class='ocr_carea' id='block_1_90' title="bbox 971 1645 1230 1680">
    <p class='ocr_par' dir='ltr' id='par_1_90' title="bbox 971 1645 1230 1680">
     <span class='ocr_line' id='line_1_90' title="bbox 971 1645 1230 1680; baseline -0.008 -7"><span class='ocrx_word' id='word_1_669' title='bbox 971 1653 1023 1680; x_wconf 89' lang='lat' dir='ltr'><strong>que</strong></span> <span class='ocrx_word' id='word_1_670' title='bbox 1038 1645 1132 1673; x_wconf 89' lang='lat' dir='ltr'><strong>illusos</strong></span> <span class='ocrx_word' id='word_1_671' title='bbox 1146 1645 1230 1672; x_wconf 88' lang='lat' dir='ltr'><strong>ducit.</strong></span> 
     </span>
    </p>
   </div>
   <div class='ocr_carea' id='block_1_91' title="bbox 1266 1710 1461 1738">
    <p class='ocr_par' dir='ltr' id='par_1_91' title="bbox 1266 1710 1461 1738">
     <span class='ocr_line' id='line_1_91' title="bbox 1266 1710 1461 1738; baseline 0 0"><span class='ocrx_word' id='word_1_672' title='bbox 1266 1710 1380 1738; x_wconf 84' lang='lat' dir='ltr'><strong>CAPUT</strong></span> <span class='ocrx_word' id='word_1_673' title='bbox 1393 1710 1461 1738; x_wconf 77' lang='lat' dir='ltr'><strong>Vlll.</strong></span> 
     </span>
    </p>
   </div>
   <div class='ocr_carea' id='block_1_92' title="bbox 1007 1767 1760 1802">
    <p class='ocr_par' dir='ltr' id='par_1_92' title="bbox 1007 1767 1760 1802">
     <span class='ocr_line' id='line_1_92' title="bbox 1007 1767 1760 1802; baseline 0.005 -9"><span class='ocrx_word' id='word_1_674' title='bbox 1007 1767 1138 1802; x_wconf 86' lang='lat' dir='ltr'><strong>Deinceps</strong></span> <span class='ocrx_word' id='word_1_675' title='bbox 1153 1767 1224 1794; x_wconf 75' lang='lat' dir='ltr'><strong>velut</strong></span> <span class='ocrx_word' id='word_1_676' title='bbox 1239 1771 1271 1794; x_wconf 86' lang='lat' dir='ltr'><strong>ad</strong></span> <span class='ocrx_word' id='word_1_677' title='bbox 1289 1770 1447 1802; x_wconf 85' lang='lat' dir='ltr'><strong>supremum</strong></span> <span class='ocrx_word' id='word_1_678' title='bbox 1461 1768 1602 1800; x_wconf 87' lang='lat' dir='ltr'><strong>verticem,</strong></span> <span class='ocrx_word' id='word_1_679' title='bbox 1619 1773 1646 1796; x_wconf 90' lang='lat' dir='ltr'><strong>et</strong></span> <span class='ocrx_word' id='word_1_680' title='bbox 1661 1769 1760 1797; x_wconf 73' lang='lat' dir='ltr'><strong>celsis-</strong></span> 
     </span>
    </p>
   </div>
   <div class='ocr_carea' id='block_1_93' title="bbox 970 1807 1756 1848">
    <p class='ocr_par' dir='ltr' id='par_1_93' title="bbox 970 1807 1756 1848">
     <span class='ocr_line' id='line_1_93' title="bbox 970 1807 1756 1848; baseline 0.003 -8"><span class='ocrx_word' id='word_1_681' title='bbox 970 1813 1068 1841; x_wconf 86' lang='lat' dir='ltr'><strong>simum</strong></span> <span class='ocrx_word' id='word_1_682' title='bbox 1081 1807 1319 1847; x_wconf 68' lang='lat' dir='ltr'><strong>Contemplatioriis</strong></span> <span class='ocrx_word' id='word_1_683' title='bbox 1335 1813 1462 1848; x_wconf 80' lang='lat' dir='ltr'><strong>gradum,</strong></span> <span class='ocrx_word' id='word_1_684' title='bbox 1479 1813 1575 1848; x_wconf 89' lang='lat' dir='ltr'><strong>quinta</strong></span> <span class='ocrx_word' id='word_1_685' title='bbox 1594 1819 1670 1848; x_wconf 84' lang='lat' dir='ltr'><strong>parte</strong></span> <span class='ocrx_word' id='word_1_686' title='bbox 1682 1815 1756 1842; x_wconf 86' lang='lat' dir='ltr'><strong>ducit</strong></span> 
     </span>
    </p>
   </div>
   <div class='ocr_carea' id='block_1_94' title="bbox 971 1857 1756 1893">
    <p class='ocr_par' dir='ltr' id='par_1_94' title="bbox 971 1857 1756 1893">
     <span class='ocr_line' id='line_1_94' title="bbox 971 1857 1756 1893; baseline 0.001 -7"><span class='ocrx_word' id='word_1_687' title='bbox 971 1865 1033 1886; x_wconf 81' lang='lat' dir='ltr'><strong>cum</strong></span> <span class='ocrx_word' id='word_1_688' title='bbox 1054 1857 1100 1892; x_wconf 89' lang='lat' dir='ltr'><strong>qui</strong></span> <span class='ocrx_word' id='word_1_689' title='bbox 1116 1857 1149 1884; x_wconf 83' lang='lat' dir='ltr'><strong>ad</strong></span> <span class='ocrx_word' id='word_1_690' title='bbox 1161 1861 1263 1883; x_wconf 81' lang='lat' dir='ltr'><strong>tantam</strong></span> <span class='ocrx_word' id='word_1_691' title='bbox 1277 1857 1448 1885; x_wconf 88' lang='lat' dir='ltr'><strong>altitudinem</strong></span> <span class='ocrx_word' id='word_1_692' title='bbox 1465 1858 1531 1885; x_wconf 90' lang='lat' dir='ltr'><strong>eniti</strong></span> <span class='ocrx_word' id='word_1_693' title='bbox 1549 1862 1649 1893; x_wconf 85' lang='lat' dir='ltr'><strong>potest,</strong></span> <span class='ocrx_word' id='word_1_694' title='bbox 1668 1865 1756 1888; x_wconf 90' lang='lat' dir='ltr'><strong>trans-</strong></span> 
     </span>
    </p>
   </div>
   <div class='ocr_carea' id='block_1_95' title="bbox 970 1903 1755 1939">
    <p class='ocr_par' dir='ltr' id='par_1_95' title="bbox 970 1903 1755 1939">
     <span class='ocr_line' id='line_1_95' title="bbox 970 1903 1755 1939; baseline 0.001 -8"><span class='ocrx_word' id='word_1_695' title='bbox 970 1904 1087 1932; x_wconf 88' lang='lat' dir='ltr'><strong>volando</strong></span> <span class='ocrx_word' id='word_1_696' title='bbox 1101 1903 1177 1930; x_wconf 89' lang='lat' dir='ltr'><strong>ﬁrma</strong></span> <span class='ocrx_word' id='word_1_697' title='bbox 1191 1903 1270 1938; x_wconf 86' lang='lat' dir='ltr'><strong>quasi</strong></span> <span class='ocrx_word' id='word_1_698' title='bbox 1296 1903 1349 1936; x_wconf 86' lang='lat' dir='ltr'><strong>ala,</strong></span> <span class='ocrx_word' id='word_1_699' title='bbox 1367 1907 1394 1931; x_wconf 89' lang='lat' dir='ltr'><strong>et</strong></span> <span class='ocrx_word' id='word_1_700' title='bbox 1409 1904 1508 1939; x_wconf 91' lang='lat' dir='ltr'><strong>pennis</strong></span> <span class='ocrx_word' id='word_1_701' title='bbox 1522 1905 1591 1932; x_wconf 92' lang='lat' dir='ltr'><strong>solvi</strong></span> <span class='ocrx_word' id='word_1_702' title='bbox 1607 1906 1755 1932; x_wconf 86' lang='lat' dir='ltr'><strong>metuenti-</strong></span> 
     </span>
    </p>
   </div>
   <div class='ocr_carea' id='block_1_96' title="bbox 970 1950 1755 1985">
    <p class='ocr_par' dir='ltr' id='par_1_96' title="bbox 970 1950 1755 1985">
     <span class='ocr_line' id='line_1_96' title="bbox 970 1950 1755 1985; baseline 0.001 -7"><span class='ocrx_word' id='word_1_703' title='bbox 970 1951 1022 1978; x_wconf 91' lang='lat' dir='ltr'><strong>bus</strong></span> <span class='ocrx_word' id='word_1_704' title='bbox 1040 1958 1136 1978; x_wconf 88' lang='lat' dir='ltr'><strong>onmes</strong></span> <span class='ocrx_word' id='word_1_705' title='bbox 1159 1950 1350 1978; x_wconf 87' lang='lat' dir='ltr'><strong>araneolorum</strong></span> <span class='ocrx_word' id='word_1_706' title='bbox 1378 1951 1461 1985; x_wconf 82' lang='lat' dir='ltr'><strong>hujus</strong></span> <span class='ocrx_word' id='word_1_707' title='bbox 1481 1952 1543 1979; x_wconf 65' lang='lat' dir='ltr'><strong>vitae</strong></span> <span class='ocrx_word' id='word_1_708' title='bbox 1570 1955 1714 1979; x_wconf 78' lang='lat' dir='ltr'><strong>contextus</strong></span> <span class='ocrx_word' id='word_1_709' title='bbox 1730 1956 1755 1980; x_wconf 90' lang='lat' dir='ltr'><strong>et</strong></span> 
     </span>
    </p>
   </div>
   <div class='ocr_carea' id='block_1_97' title="bbox 969 1996 1756 2031">
    <p class='ocr_par' dir='ltr' id='par_1_97' title="bbox 969 1996 1756 2031">
     <span class='ocr_line' id='line_1_97' title="bbox 969 1996 1756 2031; baseline 0.001 -8"><span class='ocrx_word' id='word_1_710' title='bbox 969 1996 1186 2031; x_wconf 85' lang='lat' dir='ltr'><strong>implicationes;</strong></span> <span class='ocrx_word' id='word_1_711' title='bbox 1203 1996 1266 2024; x_wconf 89' lang='lat' dir='ltr'><strong>vani</strong></span> <span class='ocrx_word' id='word_1_712' title='bbox 1281 1997 1382 2024; x_wconf 91' lang='lat' dir='ltr'><strong>etenim</strong></span> <span class='ocrx_word' id='word_1_713' title='bbox 1398 2000 1425 2024; x_wconf 90' lang='lat' dir='ltr'><strong>et</strong></span> <span class='ocrx_word' id='word_1_714' title='bbox 1441 1996 1508 2024; x_wconf 75' lang='lat' dir='ltr'><strong>fatui</strong></span> <span class='ocrx_word' id='word_1_715' title='bbox 1522 1997 1637 2025; x_wconf 85' lang='lat' dir='ltr'><strong>remisso</strong></span> <span class='ocrx_word' id='word_1_716' title='bbox 1651 2001 1678 2025; x_wconf 92' lang='lat' dir='ltr'><strong>et</strong></span> <span class='ocrx_word' id='word_1_717' title='bbox 1698 1997 1756 2024; x_wconf 89' lang='lat' dir='ltr'><strong>lan-</strong></span> 
     </span>
    </p>
   </div>
   <div class='ocr_carea' id='block_1_98' title="bbox 971 2042 1756 2078">
    <p class='ocr_par' dir='ltr' id='par_1_98' title="bbox 971 2042 1756 2078">
     <span class='ocr_line' id='line_1_98' title="bbox 971 2042 1756 2078; baseline 0.004 -10"><span class='ocrx_word' id='word_1_718' title='bbox 971 2047 1069 2077; x_wconf 71' lang='lat' dir='ltr'><strong>guente</strong></span> <span class='ocrx_word' id='word_1_719' title='bbox 1087 2042 1180 2069; x_wconf 87' lang='lat' dir='ltr'><strong>volatu</strong></span> <span class='ocrx_word' id='word_1_720' title='bbox 1219 2042 1286 2078; x_wconf 89' lang='lat' dir='ltr'><strong>(qui</strong></span> <span class='ocrx_word' id='word_1_721' title='bbox 1315 2050 1471 2070; x_wconf 78' lang='lat' dir='ltr'><strong>muscarum</strong></span> <span class='ocrx_word' id='word_1_722' title='bbox 1503 2043 1591 2070; x_wconf 90' lang='lat' dir='ltr'><strong>instar</strong></span> <span class='ocrx_word' id='word_1_723' title='bbox 1614 2051 1658 2071; x_wconf 79' lang='lat' dir='ltr'><strong>res</strong></span> <span class='ocrx_word' id='word_1_724' title='bbox 1675 2043 1756 2078; x_wconf 89' lang='lat' dir='ltr'><strong>hujus</strong></span> 
     </span>
    </p>
   </div>
   <div class='ocr_carea' id='block_1_99' title="bbox 971 2088 1756 2125">
    <p class='ocr_par' dir='ltr' id='par_1_99' title="bbox 971 2088 1756 2125">
     <span class='ocr_line' id='line_1_99' title="bbox 971 2088 1756 2125; baseline 0.004 -11"><span class='ocrx_word' id='word_1_725' title='bbox 971 2088 1032 2115; x_wconf 75' lang='lat' dir='ltr'><strong>vitae</strong></span> <span class='ocrx_word' id='word_1_726' title='bbox 1048 2091 1144 2115; x_wconf 83' lang='lat' dir='ltr'><strong>tenues</strong></span> <span class='ocrx_word' id='word_1_727' title='bbox 1160 2091 1186 2115; x_wconf 90' lang='lat' dir='ltr'><strong>et</strong></span> <span class='ocrx_word' id='word_1_728' title='bbox 1215 2088 1302 2116; x_wconf 80' lang='lat' dir='ltr'><strong>exiles</strong></span> <span class='ocrx_word' id='word_1_729' title='bbox 1320 2089 1552 2116; x_wconf 83' lang='lat' dir='ltr'><strong>circumlambunt</strong></span> <span class='ocrx_word' id='word_1_730' title='bbox 1565 2090 1585 2123; x_wconf 88' lang='lat'><strong>),</strong></span> <span class='ocrx_word' id='word_1_731' title='bbox 1614 2090 1756 2125; x_wconf 84' lang='lat' dir='ltr'><strong>implican-</strong></span> 
     </span>
    </p>
   </div>
   <div class='ocr_carea' id='block_1_100' title="bbox 971 2134 1756 2170">
    <p class='ocr_par' dir='ltr' id='par_1_100' title="bbox 971 2134 1756 2170">
     <span class='ocr_line' id='line_1_100' title="bbox 971 2134 1756 2170; baseline 0.003 -10"><span class='ocrx_word' id='word_1_732' title='bbox 971 2136 1016 2161; x_wconf 89' lang='lat' dir='ltr'><strong>tur</strong></span> <span class='ocrx_word' id='word_1_733' title='bbox 1030 2138 1057 2160; x_wconf 85' lang='lat' dir='ltr'><strong>et</strong></span> <span class='ocrx_word' id='word_1_734' title='bbox 1075 2134 1224 2169; x_wconf 80' lang='lat' dir='ltr'><strong>illigantur,</strong></span> <span class='ocrx_word' id='word_1_735' title='bbox 1244 2134 1323 2169; x_wconf 89' lang='lat' dir='ltr'><strong>quasi</strong></span> <span class='ocrx_word' id='word_1_736' title='bbox 1346 2134 1450 2162; x_wconf 82' lang='lat' dir='ltr'><strong>retibus</strong></span> <span class='ocrx_word' id='word_1_737' title='bbox 1467 2135 1642 2169; x_wconf 84' lang='lat' dir='ltr'><strong>quibusdam,</strong></span> <span class='ocrx_word' id='word_1_738' title='bbox 1660 2135 1756 2170; x_wconf 87' lang='lat' dir='ltr'><strong>hujus-</strong></span> 
     </span>
    </p>
   </div>
   <div class='ocr_carea' id='block_1_101' title="bbox 972 2178 1756 2215">
    <p class='ocr_par' dir='ltr' id='par_1_101' title="bbox 972 2178 1756 2215">
     <span class='ocr_line' id='line_1_101' title="bbox 972 2178 1756 2215; baseline 0.004 -10"><span class='ocrx_word' id='word_1_739' title='bbox 972 2179 1046 2206; x_wconf 88' lang='lat' dir='ltr'><strong>modi</strong></span> <span class='ocrx_word' id='word_1_740' title='bbox 1062 2178 1168 2207; x_wconf 89' lang='lat' dir='ltr'><strong>ﬁlorum</strong></span> <span class='ocrx_word' id='word_1_741' title='bbox 1182 2179 1361 2214; x_wconf 81' lang='lat' dir='ltr'><strong>circumjectu</strong></span> <span class='ocrx_word' id='word_1_742' title='bbox 1375 2189 1381 2206; x_wconf 95' lang='lat'>:</span> <span class='ocrx_word' id='word_1_743' title='bbox 1397 2179 1513 2211; x_wconf 82' lang='lat' dir='ltr'><strong>deliciis,</strong></span> <span class='ocrx_word' id='word_1_744' title='bbox 1531 2180 1652 2215; x_wconf 87' lang='lat' dir='ltr'><strong>inquam,</strong></span> <span class='ocrx_word' id='word_1_745' title='bbox 1671 2181 1756 2208; x_wconf 86' lang='lat' dir='ltr'><strong>hono-</strong></span> 
     </span>
    </p>
   </div>
   <div class='ocr_carea' id='block_1_102' title="bbox 973 2224 1756 2260">
    <p class='ocr_par' dir='ltr' id='par_1_102' title="bbox 973 2224 1756 2260">
     <span class='ocr_line' id='line_1_102' title="bbox 973 2224 1756 2260; baseline 0.003 -9"><span class='ocrx_word' id='word_1_746' title='bbox 973 2224 1062 2256; x_wconf 90' lang='lat' dir='ltr'><strong>ribus,</strong></span> <span class='ocrx_word' id='word_1_747' title='bbox 1080 2224 1177 2259; x_wconf 77' lang='lat' dir='ltr'><strong>gloria,</strong></span> <span class='ocrx_word' id='word_1_748' title='bbox 1193 2224 1331 2259; x_wconf 86' lang='lat' dir='ltr'><strong>variisque</strong></span> <span class='ocrx_word' id='word_1_749' title='bbox 1339 2224 1534 2259; x_wconf 86' lang='lat' dir='ltr'><strong>cupiditatibus</strong></span> <span class='ocrx_word' id='word_1_750' title='bbox 1558 2225 1631 2252; x_wconf 83' lang='lat' dir='ltr'><strong>velut</strong></span> <span class='ocrx_word' id='word_1_751' title='bbox 1644 2225 1756 2260; x_wconf 88' lang='lat' dir='ltr'><strong>quibus-</strong></span> 
     </span>
    </p>
   </div>
   <div class='ocr_carea' id='block_1_103' title="bbox 972 2269 1757 2306">
    <p class='ocr_par' dir='ltr' id='par_1_103' title="bbox 972 2269 1757 2306">
     <span class='ocr_line' id='line_1_103' title="bbox 972 2269 1757 2306; baseline 0.001 -9"><span class='ocrx_word' id='word_1_752' title='bbox 972 2269 1035 2297; x_wconf 90' lang='lat' dir='ltr'><strong>dam</strong></span> <span class='ocrx_word' id='word_1_753' title='bbox 1052 2277 1214 2298; x_wconf 89' lang='lat' dir='ltr'><strong>araneorum</strong></span> <span class='ocrx_word' id='word_1_754' title='bbox 1246 2270 1361 2297; x_wconf 86' lang='lat' dir='ltr'><strong>texturis</strong></span> <span class='ocrx_word' id='word_1_755' title='bbox 1391 2270 1579 2303; x_wconf 82' lang='lat' dir='ltr'><strong>involvuntur,</strong></span> <span class='ocrx_word' id='word_1_756' title='bbox 1609 2271 1699 2306; x_wconf 60' lang='lat' dir='ltr'><strong>pratda</strong></span> <span class='ocrx_word' id='word_1_757' title='bbox 1731 2275 1757 2299; x_wconf 89' lang='lat' dir='ltr'><strong>et</strong></span> 
     </span>
    </p>
   </div>
   <div class='ocr_carea' id='block_1_104' title="bbox 971 2314 1757 2350">
    <p class='ocr_par' dir='ltr' id='par_1_104' title="bbox 971 2314 1757 2350">
     <span class='ocr_line' id='line_1_104' title="bbox 971 2314 1757 2350; baseline 0 -7"><span class='ocrx_word' id='word_1_758' title='bbox 971 2323 1034 2343; x_wconf 85' lang='lat' dir='ltr'><strong>esca</strong></span> <span class='ocrx_word' id='word_1_759' title='bbox 1051 2315 1115 2342; x_wconf 78' lang='lat' dir='ltr'><strong>facti</strong></span> <span class='ocrx_word' id='word_1_760' title='bbox 1136 2315 1175 2342; x_wconf 91' lang='lat' dir='ltr'><strong>illi</strong></span> <span class='ocrx_word' id='word_1_761' title='bbox 1192 2314 1265 2348; x_wconf 80' lang='lat' dir='ltr'><strong>ferae,</strong></span> <span class='ocrx_word' id='word_1_762' title='bbox 1283 2323 1343 2350; x_wconf 73' lang='lat' dir='ltr'><strong>quae</strong></span> <span class='ocrx_word' id='word_1_763' title='bbox 1358 2322 1407 2350; x_wconf 89' lang='lat' dir='ltr'><strong>per</strong></span> <span class='ocrx_word' id='word_1_764' title='bbox 1429 2315 1486 2343; x_wconf 66' lang='lat' dir='ltr'><strong>haec</strong></span> <span class='ocrx_word' id='word_1_765' title='bbox 1502 2316 1565 2342; x_wconf 87' lang='lat' dir='ltr'><strong>talia</strong></span> <span class='ocrx_word' id='word_1_766' title='bbox 1584 2317 1757 2344; x_wconf 73' lang='lat' dir='ltr'><strong>venationem</strong></span> 
     </span>
    </p>
   </div>
   <div class='ocr_carea' id='block_1_105' title="bbox 972 2361 1756 2397">
    <p class='ocr_par' dir='ltr' id='par_1_105' title="bbox 972 2361 1756 2397">
     <span class='ocr_line' id='line_1_105' title="bbox 972 2361 1756 2397; baseline 0.001 -9"><span class='ocrx_word' id='word_1_767' title='bbox 972 2361 1119 2388; x_wconf 87' lang='lat' dir='ltr'><strong>instituere</strong></span> <span class='ocrx_word' id='word_1_768' title='bbox 1133 2361 1213 2388; x_wconf 86' lang='lat' dir='ltr'><strong>solet.</strong></span> <span class='ocrx_word' id='word_1_769' title='bbox 1231 2361 1266 2388; x_wconf 85' lang='lat' dir='ltr'><strong>At</strong></span> <span class='ocrx_word' id='word_1_770' title='bbox 1279 2361 1301 2389; x_wconf 93' lang='lat' dir='ltr'><strong>si</strong></span> <span class='ocrx_word' id='word_1_771' title='bbox 1316 2361 1377 2396; x_wconf 88' lang='lat' dir='ltr'><strong>quis</strong></span> <span class='ocrx_word' id='word_1_772' title='bbox 1389 2362 1487 2396; x_wconf 67' lang='lat' dir='ltr'><strong>aquilae</strong></span> <span class='ocrx_word' id='word_1_773' title='bbox 1504 2367 1601 2389; x_wconf 90' lang='lat' dir='ltr'><strong>natura</strong></span> <span class='ocrx_word' id='word_1_774' title='bbox 1614 2362 1756 2397; x_wconf 67' lang='lat' dir='ltr'><strong>praeditus,</strong></span> 
     </span>
    </p>
   </div>
   <div class='ocr_carea' id='block_1_106' title="bbox 972 2406 1756 2435">
    <p class='ocr_par' dir='ltr' id='par_1_106' title="bbox 972 2406 1756 2435">
     <span class='ocr_line' id='line_1_106' title="bbox 972 2406 1756 2435; baseline 0 -2"><span class='ocrx_word' id='word_1_775' title='bbox 972 2406 1079 2433; x_wconf 85' lang='lat' dir='ltr'><strong>acutius</strong></span> <span class='ocrx_word' id='word_1_776' title='bbox 1093 2406 1126 2433; x_wconf 84' lang='lat' dir='ltr'><strong>ad</strong></span> <span class='ocrx_word' id='word_1_777' title='bbox 1138 2406 1206 2434; x_wconf 79' lang='lat' dir='ltr'><strong>lucis</strong></span> <span class='ocrx_word' id='word_1_778' title='bbox 1222 2406 1314 2433; x_wconf 91' lang='lat' dir='ltr'><strong>radios</strong></span> <span class='ocrx_word' id='word_1_779' title='bbox 1339 2407 1497 2434; x_wconf 85' lang='lat' dir='ltr'><strong>irretortum</strong></span> <span class='ocrx_word' id='word_1_780' title='bbox 1525 2407 1625 2435; x_wconf 89' lang='lat' dir='ltr'><strong>mentis</strong></span> <span class='ocrx_word' id='word_1_781' title='bbox 1647 2407 1756 2434; x_wconf 86' lang='lat' dir='ltr'><strong>oculqu</strong></span> 
     </span>
    </p>
   </div>
   <div class='ocr_carea' id='block_1_107' title="bbox 972 2452 1758 2488">
    <p class='ocr_par' dir='ltr' id='par_1_107' title="bbox 972 2452 1758 2488">
     <span class='ocr_line' id='line_1_107' title="bbox 972 2452 1758 2488; baseline 0.001 -10"><span class='ocrx_word' id='word_1_782' title='bbox 972 2456 1148 2485; x_wconf 86' lang='lat' dir='ltr'><strong>convertens,</strong></span> <span class='ocrx_word' id='word_1_783' title='bbox 1170 2459 1254 2487; x_wconf 79' lang='lat' dir='ltr'><strong>seque</strong></span> <span class='ocrx_word' id='word_1_784' title='bbox 1270 2452 1360 2488; x_wconf 85' lang='lat' dir='ltr'><strong>ipsum</strong></span> <span class='ocrx_word' id='word_1_785' title='bbox 1378 2452 1404 2479; x_wconf 91' lang='lat' dir='ltr'><strong>in</strong></span> <span class='ocrx_word' id='word_1_786' title='bbox 1415 2452 1499 2479; x_wconf 85' lang='lat' dir='ltr'><strong>altum</strong></span> <span class='ocrx_word' id='word_1_787' title='bbox 1516 2452 1639 2484; x_wconf 87' lang='lat' dir='ltr'><strong>vibrans,</strong></span> <span class='ocrx_word' id='word_1_788' title='bbox 1663 2453 1690 2480; x_wconf 91' lang='lat' dir='ltr'><strong>in</strong></span> <span class='ocrx_word' id='word_1_789' title='bbox 1705 2453 1758 2479; x_wconf 94' lang='lat' dir='ltr'><strong>hu-</strong></span> 
     </span>
    </p>
   </div>
   <div class='ocr_carea' id='block_1_108' title="bbox 969 2497 1756 2534">
    <p class='ocr_par' dir='ltr' id='par_1_108' title="bbox 969 2497 1756 2534">
     <span class='ocr_line' id='line_1_108' title="bbox 969 2497 1756 2534; baseline -0.001 -9"><span class='ocrx_word' id='word_1_790' title='bbox 969 2497 1092 2534; x_wconf 87' lang='lat' dir='ltr'><strong>jusmodi</strong></span> <span class='ocrx_word' id='word_1_791' title='bbox 1106 2505 1270 2525; x_wconf 86' lang='lat' dir='ltr'><strong>aranearum</strong></span> <span class='ocrx_word' id='word_1_792' title='bbox 1285 2498 1353 2526; x_wconf 87' lang='lat' dir='ltr'><strong>telas</strong></span> <span class='ocrx_word' id='word_1_793' title='bbox 1378 2497 1525 2525; x_wconf 87' lang='lat' dir='ltr'><strong>inciderit:</strong></span> <span class='ocrx_word' id='word_1_794' title='bbox 1555 2498 1613 2525; x_wconf 86' lang='lat' dir='ltr'><strong>sola</strong></span> <span class='ocrx_word' id='word_1_795' title='bbox 1639 2505 1705 2524; x_wconf 85' lang='lat' dir='ltr'><strong>aura</strong></span> <span class='ocrx_word' id='word_1_796' title='bbox 1729 2501 1756 2524; x_wconf 80' lang='lat' dir='ltr'><strong>et</strong></span> 
     </span>
    </p>
   </div>
   <div class='ocr_carea' id='block_1_109' title="bbox 972 2543 1755 2579">
    <p class='ocr_par' dir='ltr' id='par_1_109' title="bbox 972 2543 1755 2579">
     <span class='ocr_line' id='line_1_109' title="bbox 972 2543 1755 2579; baseline 0.001 -8"><span class='ocrx_word' id='word_1_797' title='bbox 972 2543 1092 2579; x_wconf 88' lang='lat' dir='ltr'><strong>impulsu</strong></span> <span class='ocrx_word' id='word_1_798' title='bbox 1104 2544 1224 2578; x_wconf 86' lang='lat' dir='ltr'><strong>pernicis</strong></span> <span class='ocrx_word' id='word_1_799' title='bbox 1239 2544 1356 2576; x_wconf 87' lang='lat' dir='ltr'><strong>volatus,</strong></span> <span class='ocrx_word' id='word_1_800' title='bbox 1381 2544 1496 2578; x_wconf 87' lang='lat' dir='ltr'><strong>soloque</strong></span> <span class='ocrx_word' id='word_1_801' title='bbox 1516 2544 1620 2571; x_wconf 88' lang='lat' dir='ltr'><strong>alarum</strong></span> <span class='ocrx_word' id='word_1_802' title='bbox 1642 2544 1755 2579; x_wconf 87' lang='lat' dir='ltr'><strong>impetu.</strong></span> 
     </span>
    </p>
   </div>
   <div class='ocr_carea' id='block_1_110' title="bbox 971 2589 1755 2625">
    <p class='ocr_par' dir='ltr' id='par_1_110' title="bbox 971 2589 1755 2625">
     <span class='ocr_line' id='line_1_110' title="bbox 971 2589 1755 2625; baseline -0.001 -9"><span class='ocrx_word' id='word_1_803' title='bbox 971 2589 1105 2625; x_wconf 82' lang='lat' dir='ltr'><strong>quidquid</strong></span> <span class='ocrx_word' id='word_1_804' title='bbox 1123 2590 1256 2623; x_wconf 91' lang='lat' dir='ltr'><strong>occurrit,</strong></span> <span class='ocrx_word' id='word_1_805' title='bbox 1270 2590 1386 2625; x_wconf 89' lang='lat' dir='ltr'><strong>dissipat</strong></span> <span class='ocrx_word' id='word_1_806' title='bbox 1400 2593 1427 2617; x_wconf 84' lang='lat' dir='ltr'><strong>et</strong></span> <span class='ocrx_word' id='word_1_807' title='bbox 1439 2590 1552 2625; x_wconf 87' lang='lat' dir='ltr'><strong>disjicit.</strong></span> <span class='ocrx_word' id='word_1_808' title='bbox 1566 2589 1657 2617; x_wconf 86' lang='lat' dir='ltr'><strong>Talem</strong></span> <span class='ocrx_word' id='word_1_809' title='bbox 1673 2589 1755 2624; x_wconf 76' lang='lat' dir='ltr'><strong>igitur</strong></span> 
     </span>
    </p>
   </div>
   <div class='ocr_carea' id='block_1_111' title="bbox 971 2635 1754 2670">
    <p class='ocr_par' dir='ltr' id='par_1_111' title="bbox 971 2635 1754 2670">
     <span class='ocr_line' id='line_1_111' title="bbox 971 2635 1754 2670; baseline -0.004 -7"><span class='ocrx_word' id='word_1_810' title='bbox 971 2642 1064 2663; x_wconf 84' lang='lat' dir='ltr'><strong>secum</strong></span> <span class='ocrx_word' id='word_1_811' title='bbox 1081 2635 1108 2663; x_wconf 88' lang='lat' dir='ltr'><strong>in</strong></span> <span class='ocrx_word' id='word_1_812' title='bbox 1125 2636 1209 2662; x_wconf 90' lang='lat' dir='ltr'><strong>altum</strong></span> <span class='ocrx_word' id='word_1_813' title='bbox 1220 2635 1339 2662; x_wconf 88' lang='lat' dir='ltr'><strong>eveheus</strong></span> <span class='ocrx_word' id='word_1_814' title='bbox 1356 2635 1482 2663; x_wconf 89' lang='lat' dir='ltr'><strong>sublimis</strong></span> <span class='ocrx_word' id='word_1_815' title='bbox 1495 2635 1641 2670; x_wconf 82' lang='lat' dir='ltr'><strong>Propheta,</strong></span> <span class='ocrx_word' id='word_1_816' title='bbox 1672 2641 1754 2668; x_wconf 74' lang='lat' dir='ltr'><strong>supra</strong></span> 
     </span>
    </p>
   </div>
   <div class='ocr_carea' id='block_1_112' title="bbox 1020 2734 1333 2772">
    <p class='ocr_par' dir='ltr' id='par_1_112' title="bbox 1020 2734 1333 2772">
     <span class='ocr_line' id='line_1_112' title="bbox 1020 2734 1333 2772; baseline -0.003 -9"><span class='ocrx_word' id='word_1_817' title='bbox 1020 2736 1046 2772; x_wconf 55' lang='grc' dir='ltr'><strong>β)</strong></span> <span class='ocrx_word' id='word_1_818' title='bbox 1061 2735 1142 2772; x_wconf 85' lang='lat' dir='ltr'><strong>Forte</strong></span> <span class='ocrx_word' id='word_1_819' title='bbox 1153 2736 1195 2772; x_wconf 73' lang='grc' dir='ltr'>εἰς</span> <span class='ocrx_word' id='word_1_820' title='bbox 1204 2734 1333 2772; x_wconf 20' lang='grc' dir='ltr'>ἒννέργον.</span> 
     </span>
    </p>
   </div>
   <div class='ocr_carea' id='block_1_113' title="bbox 1018 2770 1252 2805">
    <p class='ocr_par' dir='ltr' id='par_1_113' title="bbox 1018 2770 1252 2805">
     <span class='ocr_line' id='line_1_113' title="bbox 1018 2770 1252 2805; baseline 0 -7"><span class='ocrx_word' id='word_1_821' title='bbox 1018 2770 1045 2804; x_wconf 83' lang='lat'><strong>5)</strong></span> <span class='ocrx_word' id='word_1_822' title='bbox 1062 2770 1195 2805; x_wconf 80' lang='grc' dir='ltr'>Ἀγαθῶν,</span> <span class='ocrx_word' id='word_1_823' title='bbox 1210 2771 1252 2798; x_wconf 85' lang='lat' dir='ltr'><strong>ed.</strong></span> 
     </span>
    </p>
   </div>
   <div class='ocr_carea' id='block_1_114' title="bbox 1008 2805 1236 2841">
    <p class='ocr_par' dir='ltr' id='par_1_114' title="bbox 1008 2805 1236 2841">
     <span class='ocr_line' id='line_1_114' title="bbox 1008 2805 1236 2841; baseline 0.013 -3"><span class='ocrx_word' id='word_1_824' title='bbox 1008 2806 1046 2841; x_wconf 67' lang='lat' dir='ltr'><strong>(t5)</strong></span> <span class='ocrx_word' id='word_1_825' title='bbox 1060 2806 1113 2841; x_wconf 53' lang='grc' dir='ltr'><strong>Τὴν</strong></span> <span class='ocrx_word' id='word_1_826' title='bbox 1126 2812 1182 2832; x_wconf 81' lang='lat' dir='ltr'><strong>om-</strong></span> <span class='ocrx_word' id='word_1_827' title='bbox 1193 2805 1236 2841; x_wconf 72' lang='lat' dir='ltr'><strong>sd-</strong></span> 
     </span>
    </p>
   </div>
   <div class='ocr_carea' id='block_1_115' title="bbox 1008 2839 1221 2876">
    <p class='ocr_par' dir='ltr' id='par_1_115' title="bbox 1008 2839 1221 2876">
     <span class='ocr_line' id='line_1_115' title="bbox 1008 2839 1221 2876; baseline 0 -10"><span class='ocrx_word' id='word_1_828' title='bbox 1008 2839 1045 2876; x_wconf 83' lang='grc'><strong>(7)</strong></span> <span class='ocrx_word' id='word_1_829' title='bbox 1059 2840 1105 2868; x_wconf 86' lang='lat' dir='ltr'><strong>Ed.</strong></span> <span class='ocrx_word' id='word_1_830' title='bbox 1124 2839 1221 2876; x_wconf 67' lang='grc' dir='ltr'>ἑαυτῷ.</span> 
     </span>
    </p>
   </div>
  </div>
