1986 3080
128 128 179 156 ιω

829 127 860 156 ΙΝ
880 127 1047 156 PSALMOS.

1699 124 1752 154 ΠΟ

128 183 178 218 τῆς
202 181 277 213 θείας
299 181 460 218 λυτρώσεως
487 181 610 217 ἄμοιρον.
639 181 707 217 Φησὶ
733 182 796 218 γάρ·
816 192 825 208 ι
851 183 917 210 Ἀπὸ

972 183 1069 219 ptiouis
1094 186 1236 218 expertem
1263 182 1398 210 mansisse
1427 181 1517 210 docet.
1549 180 1622 209 Dicit
1648 181 1720 209 enim
1743 189 1752 209 :

129 226 264 254 ἀνατολῶν
283 226 331 253 καὶ
346 225 456 261 δυσμῶν
467 245 474 258 ,
491 226 537 252 καὶ
551 225 653 262 βορρᾶ,
674 226 720 254 καὶ
736 226 883 262 θαλάσσης.
903 236 912 252 ι

129 274 255 310 θαλάσσῃ
267 274 452 309 διασημαίνων
465 274 495 300 τὸ
508 275 603 302 νότιον.
620 275 663 302 Ἐν
678 275 817 310 κεφαλαίῳ
827 276 917 303 τοίνυν

130 320 178 354 τὴν
201 319 247 346 τοῦ
274 318 341 345 Θεοῦ
364 318 564 354 προεκθέμενος
585 320 723 352 εὐποιΐαν,
748 321 917 356 ἣν(15)ὲπὶ

123 356 220 400 Eis-qq
233 364 282 400 τῆς
294 364 466 400 ἀνθρωπίνης
479 366 615 401 ἐνήργησε
627 365 743 399 φύσεως,
757 365 827 402 μετὰ
838 366 917 393 τοῦτο

131 411 285 441 διασκευαῖς
297 418 351 436 τισι
371 410 421 445 τήν
439 419 469 450 τε
482 411 550 446 πρὸς
563 410 594 437 τὺ
610 411 695 437 κακὸν
710 412 848 447 ἀπορροὴν
863 412 917 440 τῶν

132 455 282 491 ἀνθρώπων
301 455 476 490 ἐκδιηγεῖται,
492 456 538 483 καὶ
554 456 603 492 τὴν
619 457 660 491 ἐφ’
675 457 731 491 (14)
747 457 852 493 ἑκάστῳ
871 467 917 492 γε-

133 502 284 537 γενημένην
298 502 373 537 παρὰ
391 502 438 528 τοῦ
455 501 521 528 Θεοῦ
542 502 610 538 πρὸς
632 502 661 529 τὸ
675 504 797 537 κρεῖττον
822 513 916 540 χειρα-

133 549 253 582 γωγίαν’
276 548 349 582 λέγει
370 548 398 574 δὲ
421 548 517 580 οὕτως’
547 558 557 574 ‹
593 549 798 584 Ἑπλανήθησαν
826 551 855 576 ὲν
884 551 916 585 τῇ

134 595 229 629 ἐρήμῳ
246 594 275 620 ὲν
294 593 416 629 ἀνύδρῳ*
433 603 442 619 ι
481 593 594 629 ἀφέντες
609 595 672 630 γὰρ,
691 595 767 630 φησὶ,
786 596 836 631 τὴν
848 595 916 622 ὀδόν.

141 639 215 670 Ὁδὸς
228 639 256 665 δέ
277 639 349 666 ἐστιν
364 640 378 665 6
394 639 499 674 Κύριος.
524 639 569 666 Ἑν
581 641 612 674 τῇ
628 640 723 675 ἐρήμῳ
736 640 787 672 ἔξω
802 641 852 674 τῆς
871 640 917 667 τοῦ

135 684 203 711 Θεοῦ
218 685 370 720 ἐπισκοπῆς
393 684 563 711 ἐπλανῶντο·
596 683 612 718 ἢ
639 685 708 720 ξηρὰ
723 683 757 720 ἦν
771 686 825 720 (15)
844 686 917 712 πᾶσα

135 731 182 757 καὶ
197 732 311 766 ἄνικμος
326 731 375 766 τῆς
394 731 580 766 πνευματικῆς
600 731 696 766 δρόσου
716 732 916 768 κεχωρισμένη.

135 776 184 802 Διὰ
203 775 281 803 τοῦτο
302 776 351 812 τὴν
373 776 448 802 πόλιν
469 776 515 802 τοῦ
532 775 611 807 Θεοῦ,
630 777 658 803 ὲν
709 777 737 803 τὸ
756 778 919 812 κατοικητή-

137 830 192 856 ριον
203 822 256 848 τῶν
269 821 351 855 ἀξίων
362 822 445 853 ἐστὶν,
458 822 486 848 ἐν
497 823 532 856 τῇ
547 821 639 857 ἀνοδίᾳ
650 821 818 857 πλανώμενοι
830 823 918 855 εὑρεῖν

135 867 185 893 οὐκ
201 866 340 900 ἠδύναντο.
361 866 428 900 Φησὶ
443 865 511 900 γὰρ,
526 865 566 891 ὅτι
585 874 594 890 ι
616 865 692 892 πόλιν
708 865 917 900 κατοικητηρίου
936 859 955 886 Β

135 913 184 947 οὐχ
198 909 290 948 εὖρον,
312 912 457 943 πεινῶντες
481 912 528 938 καὶ
545 910 686 946 διψῶντες·
697 921 706 936 ›
719 912 752 946 τῇ
768 911 822 946 γὰρ
839 911 919 946 ἀτρο-

135 958 185 992 ei;
197 957 246 992 τῆς
254 957 394 992 δυνάμεως
402 956 491 984 αὐτῶν
525 955 712 991 ἐκλειπούσης,
754 957 782 983 ὲν
797 956 918 982 ἐπιτάσει

135 1003 165 1029 το
179 1003 262 1029 κακὸν
275 1003 365 1033 αὐτοῖς
385 999 428 1037 ἦν.
444 1001 505 1034 Πῶς
522 1002 576 1036 γὰρ
590 999 624 1037 ἦν
640 1001 694 1036 (lﬁ)
709 1001 795 1036 τροφὴ
816 1003 843 1027 ὲν
855 1002 920 1036 αὐχι

138 1049 216 1084 μώσῃ
229 1057 258 1074 τε
274 1048 320 1075 καὶ
334 1049 425 1084 ἁγόνῳ
436 1050 469 1084 τῇ
490 1050 543 1083 γῇ;
564 1047 644 1074 πόθεν
658 1047 687 1073 δὲ
702 1047 870 1082 θεραπεῦσαι
891 1048 920 1074 τὸ

136 1094 210 1127 δίψος
230 1095 258 1120 ὲν
277 1095 311 1129 τῇ
334 1093 454 1129 ἀνύδρῳ;
474 1093 552 1129 δῆλον
567 1093 596 1120 δὲ
613 1094 653 1119 ὅτι
669 1093 728 1119 οὐδὲ
746 1093 800 1127 (l7)
818 1093 920 1128 τροφὴν

136 1140 181 1167 τὸν
198 1140 294 1176 ἄρτον,
319 1139 379 1166 οὔτε
397 1140 475 1166 πόσιν
493 1139 522 1166 τὸ
542 1139 614 1174 ὕδωρ
634 1139 650 1174 ή
667 1139 820 1174 προφητεία.
836 1139 919 1173 λέγει,

137 1185 206 1211 ἀλλὰ
220 1185 322 1220 τροφὴν
335 1185 384 1220 μὲν
393 1185 442 1220 τὴν
455 1184 540 1220 ἀληθῆ
555 1184 664 1220 βρῶσιν,
680 1185 758 1211 πόσιν
769 1185 807 1214 δὲ,
820 1184 850 1210 τὸ
866 1184 920 1219 (18)

139 1231 321 1266 πνευματικὸν
333 1231 421 1257 ὲκεῖνο
435 1231 519 1270 ’πόμαῗ
537 1230 577 1257 Τὰ
589 1230 617 1256 δὲ
635 1230 681 1257 δύο
696 1230 780 1256 ταῦτα
795 1231 809 1257 ὁ
821 1230 920 1265 Κύριος

138 1277 260 1310 γίνεται,
284 1276 458 1312 καταλλήλως
477 1278 530 1308 τοῖς
544 1276 680 1311 δεομένοις
700 1276 795 1302 ἑαυτὸν
812 1277 921 1311 ἐμπαρ-

138 1322 208 1357 έχων
218 1330 226 1338 ·
239 1323 325 1358 τροφὴ
343 1322 391 1357 μὲν
409 1324 464 1354 τοῖς
480 1322 601 1354 πεινῶσι,
622 1322 698 1358 πηγὴ
711 1322 740 1348 δὲ
755 1323 811 1353 τοῖς
826 1322 922 1356 διψῶσι

138 1366 287 1402 γινόμενος.
309 1368 357 1399 Τίς
371 1365 416 1394 οὖν
444 1367 541 1404 εὑρέθη
559 1368 609 1403 τῆς
625 1368 752 1403 τοιαύτης
768 1367 923 1403 ἀμηχανίας

139 1414 155 1448 ὴ
177 1413 269 1445 λύσις,
292 1412 342 1448 τῆς
362 1413 479 1449 πλάνης,
503 1414 551 1448 τῆς
563 1413 692 1449 ἐρημίας,
706 1413 756 1448 τῆς
775 1414 803 1439 ἐν
818 1413 923 1448 ἀνύδρῳ

139 1459 324 1495 ταλαιπωρίας
334 1479 342 1492 ,
363 1460 413 1494 τῆς
436 1460 467 1485 ἑκ
490 1459 537 1486 τοῦ
550 1459 630 1495 λιμοῦ
645 1459 788 1494 γινομένης
801 1459 925 1486 λειποθυ-

141 1506 221 1541 uiae;
248 1505 280 1532 Ὢ
291 1505 337 1532 τοῦ
362 1505 517 1540 θαύματοςί
535 1505 589 1533 Μία
606 1506 686 1541 ’φωνὴ
708 1506 775 1542 πρὸς
799 1506 842 1532 τὸν
858 1505 923 1532 Θεὸν
937 1523 958 1552 c

138 1552 356 1588 ἔπιες-τρεπτικῶς
372 1552 511 1587 γινομένη,
524 1552 610 1578 πάντα
627 1552 737 1587 πρὸςεὸ
752 1551 831 1578 καλὸν
846 1560 923 1586 μετε-

140 1598 260 1632 ππιίησεν.
277 1607 286 1622 ι
302 1598 468 1632 Ἐκέκραξαν
483 1607 492 1624 ›
506 1598 570 1633 γὰρ,
586 1599 662 1632 φησὶ.
677 1607 686 1623 α
704 1598 771 1633 πρὸς
784 1597 883 1632 Κύριον
895 1598 924 1623 ὲν

138 1644 178 1678 τῷ
193 1643 330 1670 θλίϐεσθαι
342 1644 449 1675 αὐτοὺς,
463 1644 510 1670 καὶ
523 1645 554 1670 ἐκ
568 1643 622 1670 τῶν
635 1643 762 1678 ἀναγκῶν
779 1643 870 1670 αὐτῶν
882 1643 924 1674 ἐξ·

139 1691 243 1724 ¹ήγιιγεν
252 1690 357 1722 αὐτοὺς,
373 1690 419 1716 καὶ
432 1690 571 1726 ὡδήγησεν
584 1690 681 1722 αὐτοὺς
691 1691 730 1722 είς
743 1690 801 1717 ὁδὸν
817 1689 924 1716 εὐθείαν

138 1735 185 1760 τοῦ
201 1734 366 1769 προευθϋναι
381 1735 421 1766 εἰς
437 1735 512 1761 πόλιν
522 1733 842 1770 κατοικητηρίου.›Ὀδδν
852 1733 924 1768 λέγει

138 1779 220 1805 αὑτὸν
235 1779 279 1806 τὸν
298 1779 410 1815 Κύριον,
424 1778 458 1816 ἦς
476 1779 671 1815 ἀπεσφάλησαν
686 1778 753 1813 (19).
768 1777 849 1812 Λέγει
866 1778 894 1804 δὲ
908 1779 924 1813 ή

145 1823 218 1855 Ὁδὸς
227 1823 296 1859 αὕτη
304 1825 333 1850 ἐν
341 1824 378 1859 τῷ
393 1823 565 1858 Εὑαγγελίῳ,
576 1822 630 1848 ὅτις
637 1823 730 1854 υύδεὶς
738 1823 924 1858 ἔρχεται-πρὸς

142 1869 185 1902 μὲ,
196 1868 243 1894 ἐὰν
253 1868 310 1903 μὴὸ
317 1868 411 1903 Πατήρ
422 1876 471 1903 μου
482 1867 608 1903 βούληται
621 1867 676 1902 (ἳο)
685 1867 796 1894 ἑλκύσαι
806 1868 896 1895 αὐτόν.
912 1877 923 1894 ι

139 1913 189 1939 Διᾶι
202 1913 279 1939 τοῦτο
291 1914 305 1939 ὸ
328 1913 394 1944 Θεὸς
424 1913 487 1945 τοὺς
504 1912 726 1948 πεπλανημένους
745 1914 791 1940 ἐπὶ
802 1913 853 1949 τὴν
865 1913 924 1940 ὁδὸν

139 1959 209 1992 ἄγει.
232 1958 261 1984 '0
279 1958 306 1985 δὲ
322 1958 402 1990 αὐτὸς
412 1954 498 1992 οὗτος,
520 1959 567 1985 καὶ
583 1958 660 1990 πόλις
680 1959 783 1993 γίνεται
801 1968 927 1995 κατοικη-

138 2013 171 2037 τη
178 2003 244 2038 ρίου,
261 2003 352 2035 καθώς
366 2004 467 2039 φησινὸ
479 2003 648 2036 ’Λπὸστολος,
657 2003 697 2029 ὅτι
708 2011 718 2028 ι
734 2002 778 2030 Ἐν
788 2003 863 2040 αὐτῷ
874 2004 927 2036 ζῶ-

141 2056 191 2083 μεν
210 2048 257 2074 καὶ
273 2048 430 2084 κινούμεθα,
448 2048 496 2074 καὶ
510 2048 602 2082 ἐσμέν.
618 2056 627 2073 ι
646 2048 742 2079 Καλῶς
765 2048 863 2083 ἐπάγει
875 2048 924 2084 τὴν

140 2093 341 2128 προτρεπτικὴν
350 2093 400 2127 τῆς
424 2093 597 2128 εὐχαριστίας
616 2092 717 2128 φωνὴν,
733 2093 773 2119 ὅτι
790 2094 814 2120 ot
824 2093 926 2120 τούτων

138 2138 334 2174 τετυχηκότες,
351 2148 360 2165 ι
379 2138 686 2174 Ἐξομολογησάσθωσαν
714 2139 753 2175 τῷ
781 2140 875 2175 Κυρίῳ
893 2140 927 2167 τὰ

138 2184 200 2220 ἐλέη
233 2184 332 2216 αὑτοῦ,
359 2185 406 2211 καὶ
435 2184 470 2211 τὰ
492 2184 630 2219 θαυμάσια
660 2184 742 2211 αὑτοῦ
772 2185 828 2216 τοῖς
857 2185 923 2216 υῑοῖς

137 2228 193 2254 τῶν
201 2227 360 2263 ἀνθρώπων.
377 2238 385 2254 ι
395 2228 533 2260 Τουτέστι,
548 2229 584 2263 μὴ
602 2230 690 2264 σιωπῇ
701 2229 751 2264 τὴν
767 2229 925 2264 εὐεργεσίαν

138 2275 168 2300 έν
183 2274 361 2309 ἀγνωμοσύνῃ
388 2273 591 2309 κρυπτέτωσαν,
608 2273 675 2300 ἀλλὰ
691 2274 876 2302 ὃιαϐοάτωσαν
895 2276 924 2302 ἐν

136 2319 297 2354 εὐχαριστίᾳ.
313 2319 362 2354 τὴν
387 2320 477 2354 χάριν,
492 2320 533 2346 ὅτι
555 2319 636 2355 κενὴν
653 2317 736 2346 οὖσαν
747 2320 800 2347 τῶν
814 2321 924 2355 ἀγαθῶν

136 2364 187 2398 τὴν
201 2363 300 2398 ψυχὴν,
313 2364 402 2399 πλήρη
417 2363 569 2399 ὲποίησεν.‹
581 2363 740 2398 Ἐχόρτασε»
755 2364 819 2399 γὰρ,
829 2363 922 2399 φησὶν,

139 2420 149 2434 ι
167 2409 256 2445 ψυχὴν
279 2409 370 2444 κενὴν,
389 2409 436 2435 καὶ
446 2409 534 2444 ψυχὴν
549 2408 684 2435 πεινῶσαν
695 2408 841 2444 ἐνέπλησεν
855 2409 925 2444 ἁγα-

137 2455 203 2481 θῶν.
225 2464 234 2480 ι
254 2455 337 2481 Πάλιν
365 2455 451 2490 ἑτέρῳ
469 2454 560 2490 τρόπῳ
580 2453 630 2488 τὴν
650 2453 791 2488 συμφορὰν
807 2454 862 2489 (2|)
878 2455 926 2490 τῆς

136 2498 245 2532 φύσεως
257 2498 301 2525 ὑπ’
315 2498 376 2533 δψιν
394 2498 464 2532 ἄγει,
484 2498 530 2524 καὶ
542 2497 588 2533 τὴν
599 2497 674 2524 θείαν
687 2498 851 2534 ἐκδιηγεῖται
866 2500 926 2534 φιλ·
936 2497 943 2503 “

177 2597 199 2612 ¹⁰
213 2596 293 2626 Joan.
308 2606 343 2629 γι,
361 2599 405 2625 55.

173 2688 231 2726 (l5)
248 2685 313 2726 Ἦςτ
329 2689 369 2715 θά-

173 2723 230 2756 (Η)
251 2724 305 2757 Ἐφ’
317 2731 372 2750 om.
389 2723 432 2749 ml.

176 2759 232 2793 (i5)
255 2759 285 2784 'H
303 2759 327 2791 ξ.
343 2758 400 2790 οὖν,
419 2758 464 2786 ed.

176 2794 232 2824 (Hi)
258 2794 288 2819 'H
306 2794 366 2819 :ulIi.
380 2794 424 2820 ed.

175 2828 233 2862 (l7)
249 2828 328 2860 Οὔτε,
346 2829 389 2855 ed.

970 238 980 254 ‹
996 228 1037 255 Ab
1052 232 1114 256 ortu
1133 228 1204 256 solis
1220 232 1247 256 et
1262 235 1373 259 occasu,
1388 227 1422 254 ab
1438 226 1566 262 aquilone
1586 229 1612 253 et
1625 226 1694 252 mari
1708 235 1715 253 :
1739 235 1749 251 ι

967 274 1050 301 maris
1070 274 1181 302 nomine
1195 274 1308 302 australi
1327 274 1403 308 plaga
1423 273 1574 307 designata.
1590 270 1751 299 Summatim

968 319 1051 354 igitur
1065 320 1188 354 exposita
1205 320 1251 347 Dei
1281 326 1363 353 super
1388 325 1484 345 omnes
1517 317 1642 344 homines
1666 317 1752 344 ellusa

967 363 1158 399 beneﬁcentia,
1177 369 1272 400 postea
1286 363 1410 392 artiﬁciis
1424 362 1589 398 quibusdam
1611 361 1751 388 hominum

968 411 1001 437 ad
1028 410 1158 437 malitiam
1178 410 1386 441 deerrationem,
1414 413 1442 436 et
1475 407 1692 442 uniuscujusque
1718 407 1753 434 ad

969 457 1112 484 rectiorem
1128 457 1199 484 viam
1214 457 1401 484 reductioncm
1423 454 1471 482 Dei
1495 461 1545 489 ope
1571 453 1681 485 laetam,
1705 461 1754 481 ex-

968 501 1062 535 planat
1075 501 1118 528 his
1137 501 1247 529 verbis:
1267 511 1275 527 ι
1299 501 1466 528 Erraverunt
1484 500 1511 526 in
1536 498 1693 530 solitudine,
1725 498 1754 525 in

969 547 1123 581 inaquoso;
1150 558 1159 575 ι
1170 547 1264 575 relicta
1278 566 1285 578 ,
1313 544 1402 580 inquit
1418 565 1431 578 ,
1455 543 1508 579 via_.
1550 543 1598 571 Via
1612 544 1685 571 cnim
1699 543 1753 571 Do-

969 593 1060 620 minus
1075 597 1116 621 est
1130 613 1137 621 .
1154 593 1182 620 l-n
1195 591 1343 620 solitudine
1358 595 1497 623 errarunt,
1508 595 1586 618 extra
1597 589 1642 617 Dei
1657 597 1751 616 curam

968 643 994 666 et
1012 639 1210 674 inSpectionem
1222 649 1227 665 :
1241 638 1395 666 haecautem
1406 638 1482 664 arida
1505 640 1556 669 est,
1570 640 1598 663 et
1630 635 1753 662 humoris

968 692 1076 720 expers,
1093 690 1217 720 separata
1232 692 1247 711 a
1275 684 1410 719 spirituali
1426 691 1498 710 rore.
1528 681 1699 716 Quapropter
1714 681 1754 708 ci-

968 731 1082 758 vitalem
1099 731 1156 764 Dei,
1173 732 1199 757 in
1215 738 1267 766 qua
1281 730 1418 765 justorum
1446 729 1632 756 habitaculum
1648 731 1699 758 est,
1726 727 1754 753 in

970 776 1044 804 invio
1057 780 1181 804 errantes
1195 777 1317 812 reperire
1330 783 1384 803 non
1400 777 1548 810 potuerunt
1561 782 1568 800 :
1583 773 1650 801 dicit
1664 772 1753 800 enim:

973 833 982 848 ι
1001 822 1145 849 Civitatem
1171 823 1318 850 habitaculi
1344 830 1398 849 non
1421 821 1583 848 invenerunt
1601 819 1755 846 esurientes

970 873 997 895 et
1015 868 1158 895 sitientes:
1178 878 1187 894 ι
1205 876 1268 895 nam
1289 868 1478 896 deﬁcientibus
1493 875 1542 901 per
1555 865 1672 893 inediam
1689 864 1755 891 viri-

971 914 1021 941 bus
1036 921 1143 945 eorum,
1159 915 1262 941 malitia
1274 914 1388 941 multum
1407 911 1599 941 intendebatur
1617 916 1643 938 et
1658 917 1756 945 auges-

970 960 1057 986 rebat.
1078 959 1156 987 Unde
1174 961 1245 987 enim
1265 960 1461 986 nutrimentum
1485 959 1511 984 in
1529 957 1642 984 ardente
1659 961 1686 983 et
1701 959 1756 983 ste-

970 1005 1012 1031 rili
1026 1005 1085 1032 solo
1104 1006 1193 1040 adepti
1215 1006 1327 1033 essent?
1350 1005 1420 1032 unde
1437 1005 1510 1032 sitim
1535 1003 1709 1038 depulissent
1729 1002 1756 1028 in

971 1050 1030 1077 loco
1046 1049 1383 1086 inaquoso?Perspicuum
1413 1055 1504 1078 autem
1518 1053 1560 1077 est
1590 1048 1755 1083 l’rophetam

972 1104 1058 1130 neque
1082 1092 1139 1123 cibi
1151 1097 1262 1124 nomine
1283 1103 1390 1131 panem,
1422 1103 1509 1130 neque
1530 1099 1620 1129 -potns
1645 1093 1756 1120 nomine

971 1148 1069 1175 aquam
1085 1141 1281 1178 indicare;sed
1297 1142 1388 1169 cibum
1404 1141 1512 1176 quidem
1529 1140 1646 1175 appellat
1662 1145 1755 1166 veram

972 1186 1044 1213 illam
1056 1194 1147 1214 escam
1158 1187 1190 1220 ¹⁰,
1199 1191 1225 1214 et
1238 1191 1344 1222 potum,
1353 1186 1492 1222 spirituale
1506 1186 1572 1213 illud
1586 1185 1711 1220 poculmn
1721 1183 1754 1210 ¹¹.

972 1230 1037 1263 Quae
1065 1230 1119 1258 duo
1143 1231 1326 1266 indigentibus
1351 1233 1428 1266 grata
1452 1230 1510 1257 vice
1536 1230 1594 1263 ipse
1623 1228 1756 1255 Dominus

972 1276 1085 1303 eﬁicltur
1097 1298 1104 1310 ,
1129 1277 1248 1312 seipsum
1266 1276 1495 1312 prmbens;cibus
1510 1266 1707 1305 esurientibus,
1729 1277 1758 1300 et

973 1322 1035 1349 fons
1053 1322 1210 1349 sitientibus
1226 1322 1325 1350 factus.
1344 1322 1409 1355 Qua:
1419 1322 1502 1357 igitur
1517 1321 1586 1348 ratio
1602 1321 1651 1347 hos
1667 1318 1758 1347 cxsol-

973 1368 1012 1394 vit
1031 1375 1062 1394 cx
1080 1367 1164 1395 tantis
1179 1367 1385 1395 dtﬁicultatibus
1396 1371 1423 1394 et
1438 1367 1582 1402 angustiis,
1599 1373 1632 1393 ex
1653 1372 1757 1396 errore,

973 1420 1007 1439 ex
1022 1413 1180 1445 solitudine,
1192 1421 1224 1440 ex
1247 1413 1293 1440 illa
1317 1413 1345 1440 in
1365 1413 1500 1447 ittaquoso
1526 1408 1697 1441 calamitate,
1724 1417 1758 1438 ex

974 1457 1127 1485 delectione
1141 1466 1221 1493 quam
1239 1458 1324 1486 (ames
1339 1459 1492 1486 aﬁ‘crehat?
1512 1466 1528 1486 0
1544 1466 1598 1485 rem
1618 1457 1757 1484 admiran-

975 1503 1036 1530 dam
1050 1504 1056 1530 l
1073 1505 1153 1530 unica
1170 1511 1221 1531 vox
1238 1504 1272 1531 ad
1290 1503 1384 1535 Deum,
1399 1504 1454 1530 imo
1466 1510 1498 1530 ex
1517 1507 1627 1537 pectore
1647 1501 1758 1534 emissa,

974 1549 1065 1577 omnia
1081 1550 1108 1576 in
1124 1550 1220 1578 melius
1239 1550 1425 1578 commutavit.
1444 1549 1490 1576 Ait
1510 1548 1603 1576 enim:
1623 1557 1632 1573 ‹
1652 1547 1760 1574 Clama-

975 1597 1073 1621 verunt
1087 1595 1121 1622 ad
1137 1594 1280 1622 Dominum
1301 1602 1362 1622 cum
1379 1594 1522 1622 tribularet
1541 1594 1613 1625 illos,
1627 1597 1653 1620 ct
1667 1600 1698 1620 ex
1716 1600 1760 1619 nc-

975 1640 1150 1668 cessitatibus
1164 1648 1258 1668 eorum
1278 1640 1378 1675 eripuit
1407 1647 1464 1671 eos,
1481 1643 1507 1666 et
1525 1638 1638 1665 deduxit
1655 1645 1703 1664 eos
1731 1637 1759 1664 in

974 1687 1045 1714 viam
1064 1690 1179 1718 rcctam,
1197 1690 1226 1713 ut
1250 1687 1320 1714 irent
1335 1687 1362 1713 in
1377 1686 1514 1713 civitatem
1541 1683 1728 1711 habitationis.
1747 1692 1756 1708 ι

973 1732 1051 1760 Viam
1066 1735 1146 1758 vocat
1161 1731 1251 1766 ipsum
1266 1731 1421 1761 Dominum,
1437 1738 1451 1756 a
1473 1736 1526 1763 qua
1543 1729 1736 1756 aberraverant
1750 1736 1757 1754 :

975 1781 1093 1805 testatur
1104 1784 1168 1804 vero
1180 1777 1238 1811 ipsa
1251 1775 1362 1803 lchia
1375 1777 1402 1803 in
1418 1774 1563 1809 Evangelia
1577 1773 1610 1806 ",
1623 1773 1758 1800 neminem

975 1822 1072 1850 venire
1085 1822 1118 1849 ad
1130 1830 1171 1855 se,
1183 1822 1236 1849 nisi
1254 1821 1334 1848 Pater
1345 1821 1468 1848 cmlestis
1485 1827 1546 1846 eum
1566 1818 1673 1846 trahere
1684 1818 1759 1845 velit.

976 1868 1110 1901 Quocirca
1128 1867 1199 1895 Deus
1214 1871 1338 1894 errantes
1363 1867 1390 1893 in
1415 1866 1485 1892 viam
1510 1864 1625 1892 reducit.
1656 1863 1689 1890 Et
1716 1863 1762 1889 ille

976 1912 1047 1940 idem
1060 1912 1089 1939 ﬁt
1105 1912 1203 1940 civitas
1217 1911 1383 1943 habitaculi;
1399 1911 1463 1946 quia
1480 1915 1510 1938 ut
1536 1908 1683 1944 Apostolus
1711 1909 1758 1939 ait,

979 1967 988 1983 ι
1011 1958 1039 1985 ln
1055 1958 1115 1993 ipso
1134 1958 1263 1990 vivimus,
1276 1965 1418 1985 movemur
1430 1961 1457 1984 et
1484 1964 1579 1984 sumus
1592 1955 1623 1982 ".
1649 1964 1657 1980 ι
1677 1954 1761 1982 Recte

977 2003 1060 2039 igitur
1070 2003 1104 2031 ad
1119 2004 1270 2038 gratiarum
1285 2003 1420 2031 actionem
1449 2003 1578 2038 deinceps
1601 2001 1762 2029 cohortatur

976 2056 1036 2080 eos,
1048 2049 1094 2084 qui
1108 2049 1166 2076 haec
1185 2049 1250 2076 talia
1265 2049 1405 2077 consecuti
1433 2052 1517 2076 sunt:
1549 2057 1558 2073 ι
1578 2047 1763 2074 Conﬁteantur

978 2093 1091 2122 Domino
1107 2095 1302 2122 misericordia:
1317 2096 1388 2129 ejus,
1407 2098 1435 2121 et
1458 2094 1593 2120 mirabilia
1613 2093 1672 2128 ejus
1698 2092 1762 2119 ﬁliis

978 2139 1130 2170 hominum,
1146 2140 1278 2172 )hocest,
1295 2147 1330 2168 ne
1349 2140 1459 2167 silentio
1488 2140 1616 2167 beneﬁcia
1637 2142 1761 2172 acerpta,

942 2189 1068 2217 umente
1099 2184 1186 2217 fatua,
1219 2184 1410 2218 abscondant;
1442 2185 1490 2212 sed
1521 2192 1582 2212 cum
1612 2183 1761 2219 gratiarum

979 2229 1088 2257 actione
1101 2233 1241 2265 acceptam
1252 2231 1367 2266 gratiam
1383 2230 1541 2265 divulgent;
1563 2230 1627 2265 quia
1644 2230 1762 2257 animam

977 2275 1112 2303 bonorum
1133 2276 1241 2302 inanem
1269 2276 1392 2311 replevit.
1420 2276 1465 2303 Ait
1492 2276 1584 2303 enim:
1605 2284 1614 2301 ι
1647 2275 1763 2303 Satiavit

977 2321 1096 2348 animam
1116 2321 1235 2353 inanem,
1260 2326 1286 2350 et
1313 2322 1431 2349 animam
1454 2322 1620 2349 esurientem
1651 2322 1763 2356 replevit

977 2367 1065 2394 bonis.
1087 2376 1096 2392 ι
1114 2365 1221 2395 Rursus
1237 2367 1292 2394 alio
1307 2367 1388 2395 modo
1403 2371 1509 2395 natum
1535 2367 1703 2394 calamitates
1728 2367 1763 2394 oh

978 2413 1073 2440 oculos
1086 2413 1171 2448 ponit,
1187 2413 1362 2449 divinamque
1382 2414 1580 2441 humanitatem
1604 2417 1631 2440 et
1646 2413 1763 2440 benevo-

978 2458 1100 2490 lentiam,
1119 2467 1173 2494 qua
1189 2460 1222 2487 ad
1237 2460 1349 2488 meliora
1366 2464 1463 2487 natura
1480 2465 1572 2488 nostra
1598 2459 1761 2490 traducitur,

979 2503 1120 2532 dilaudat:
1137 2509 1202 2533 sunt
1221 2509 1312 2534 autem
1325 2505 1459 2539 ejusmodi
1476 2513 1536 2541 qure
1547 2505 1640 2534 aﬁ'ert:
1651 2503 1763 2532 Mortale

447 2600 465 2614 "
488 2600 495 2625 l
513 2600 574 2626 (lor.
592 2609 616 2631 ι,
639 2601 665 2627 l.
707 2600 819 2628 "Joan.
837 2610 871 2634 γι,
890 2603 935 2630 εΗ.
974 2603 995 2618 ¹³
1012 2604 1071 2630 Act.
1090 2612 1156 2635 xvu,
1173 2604 1218 2631 ‘28.

1012 2692 1067 2727 (18)
1080 2693 1116 2720 Τό
1130 2700 1184 2720 om.
1200 2692 1242 2720 ed.

1009 2727 1286 2762 (19)Ἒπεσφάλησαν,
1297 2727 1340 2755 ed.

1013 2762 1073 2797 (90):
1082 2762 1219 2793 Βούλεται,
1237 2762 1281 2790 ed.

1014 2795 1070 2832 (2|)
1086 2797 1141 2828 Τὰς
1156 2797 1307 2833 συμφοράς,
1324 2795 1369 2823 ed.
