1986 3080
237 142 284 172 Ui

852 142 881 171 S.
901 140 1066 170 GREGORII
1085 139 1232 168 NYSSENI

1807 131 1861 164 l7!

190 202 193 203 ⁷
238 207 325 237 genus
340 208 356 227 a
375 199 477 228 lumine
492 199 671 233 abscessisse,
688 202 714 228 et
732 199 765 227 ad
782 203 924 234 peceatum
939 198 1021 227 deeli~

1074 196 1241 232 ανθρωπίαν.
1265 193 1298 221 δι’
1321 191 1355 229 ἦς
1371 193 1437 228 πρὸς
1455 191 1486 218 τὸ
1501 191 1624 227 κρεϊττον
1640 191 1657 226 ἡ
1671 190 1750 225 φύσις
1771 199 1857 227 μετα-

236 253 330 278 nasse,
344 252 432 279 neque
448 245 475 271 in
492 248 564 272 statu
586 248 660 272 recto
677 245 851 280 perstitisse;
872 248 899 272 et
923 245 958 272 ab
977 244 1022 271 illa

237 298 298 326 quae
319 298 381 317 vere
408 290 463 317 vita
480 293 532 321 est,
547 290 731 317 abalienatum
757 298 828 318 esse.
855 290 900 317 Ait
923 289 1020 318 enim:

240 346 250 362 α
273 335 405 363 Sedentes
420 336 447 362 in
463 335 583 363 tenebris
597 339 625 362 et
641 335 738 363 umbra
751 335 857 368 mortis,
872 335 980 363 vinctos
995 335 1021 362 in

237 380 414 409 mendicitate
433 384 459 407 et
475 379 567 412 ferro;
590 389 599 405 ›
626 387 690 407 nam
716 380 850 407 dimoveri
872 387 926 407 non
943 383 1021 414 pote-

241 428 304 452 rant
335 432 349 451 a
365 424 448 457 malo,
462 425 594 459 gravitate
609 424 770 460 compedum
786 425 899 453 detenti.
917 425 1020 453 Catena

237 475 280 498 est
294 471 359 498 recti
377 471 493 505 privatio
509 475 535 498 et
547 471 700 503 destitutio,
717 479 777 506 qua:
792 479 822 500 se
845 472 927 499 habet
955 471 1020 499 ferri

237 516 325 543 instar
349 516 507 550 praecordiis
532 517 711 551 circumiecti.
740 517 861 550 Quorum
899 518 1020 546 omnium

237 569 320 588 causa
335 565 395 588 erat
410 561 510 589 divina:
524 562 591 596 legis
602 563 752 598 neglectus,
765 564 927 598 consiliique
937 564 1022 591 Altis-

237 607 298 634 simi
331 611 513 642 contemptus.
547 607 604 635 lloc
623 609 696 635 enim
727 609 839 642 indicat,
871 617 933 636 cum
961 610 1020 637 ait:

239 661 248 676 ι
269 651 337 684 Quia
353 652 585 680 exacerbaverunt
608 654 715 688 eloquia
743 653 800 686 Dei,
823 658 850 682 et
876 651 1029 682 consilium'

236 697 367 725 Altissimi
384 697 570 725 irritaverunt.
589 708 597 724 ι
617 699 674 732 liis,
697 703 726 726 ut
752 707 802 734 par
817 705 886 732 erat,
905 701 981 728 labor
994 704 1021 728 et

237 742 355 777 abjectio
370 743 430 771 vita:
448 745 590 773 successit.
611 744 700 777 Labor
725 747 844 782 quidem,
863 755 924 774 cum
945 748 1019 775 omni

236 788 405 816 nutrimento
419 789 542 817 destituti
558 796 632 818 sunt.
649 792 774 826 Abjectio
787 798 887 825 autent,
911 794 1020 829 quando

237 841 298 860 cum
322 834 461 862 Altissimo
487 843 647 871 permanere
675 837 834 866 noluerunt.
856 839 901 866 Ait
925 841 1018 867 enim:

240 888 250 903 ι
275 878 453 908 llumiliatum
485 886 525 908 est
543 881 571 908 in
590 882 729 911 laboribus
758 891 806 910 cor
830 892 936 912 eorum.
960 895 970 911 ι
987 886 1020 912 At

237 926 374 958 separatio
387 933 402 952 a
419 926 519 954 virtute
532 927 600 954 nihil
614 928 688 955 aliud
703 936 784 964 quam
802 929 946 958 infirmitas
959 935 1020 964 est;

237 971 299 1004 quis
315 970 386 997 enim
411 971 470 998 sine
488 972 588 999 virtute
613 977 702 1007 potest
720 974 843 1002 invenire
861 975 993 1002 auxilium
1012 977 1024 1004 ἲ

237 1015 409 1051 Quapropter
435 1017 592 1052 subiungit:
611 1027 620 1044 ι
641 1017 770 1046 lnlirmati
792 1024 871 1051 sunt,
891 1027 942 1047 nec
970 1019 1022 1047 fuit

237 1061 283 1095 qui
300 1061 450 1096 adiuvaret.
473 1072 481 1089 ι
500 1063 634 1091 Caeterum
650 1071 745 1092 rursus
765 1065 844 1092 unica
860 1073 926 1092 voce
947 1066 1021 1092 cala-

239 1105 347 1133 mitates
378 1107 405 1133 in
432 1108 639 1142 prosperitatem
669 1113 841 1136 cornmutatce
864 1113 951 1137 sunt:
980 1109 1021 1136 ait

237 1155 308 1182 enim
325 1164 331 1182 :
350 1165 359 1181 ι
376 1154 566 1183 Clamaverunt
581 1156 615 1184 ad
635 1156 778 1184 Dominum
798 1165 861 1184 cum
878 1158 1022 1185 tribularet

238 1208 295 1233 eos,
319 1205 346 1228 et
370 1200 404 1228 de
427 1201 638 1229 necessitatibus
668 1209 763 1229 eorum
790 1202 914 1230 liberavit
931 1210 993 1230 eos.
1008 1212 1018 1228 ι

237 1244 376 1273 Tenebras
391 1246 503 1280 disjieit,
527 1250 642 1273 mortem
668 1247 804 1280 dissolvit,
831 1247 941 1275 vincula
965 1248 1022 1275 dis-

238 1290 349 1325 rumpit.
364 1289 447 1317 Addit
460 1291 531 1317 enim
547 1300 552 1317 :
569 1301 577 1317 ι
594 1291 626 1318 Ει
643 1291 737 1319 eduxit
751 1299 798 1319 eos
812 1292 845 1320 de
861 1293 981 1320 tenebris
996 1297 1022 1320 et

239 1335 334 1362 umbra
347 1335 454 1368 mortis,
469 1339 495 1362 et
511 1336 620 1363 vincula
632 1344 736 1366 ,eorum
762 1337 888 1372 disrupit.
910 1347 918 1363 ι
950 1337 1021 1374 Ergo

239 1380 306 1407 laetis
321 1380 432 1408 vocibus
449 1381 611 1408 beneﬁcium
630 1382 682 1409 hoc
704 1382 881 1417 przedicetur,
898 1384 1021 1418 quando-

237 1425 347 1460 quidem
363 1426 529 1454 inevitabilis
544 1427 669 1454 custodia
685 1428 792 1461 mortis,
803 1428 882 1456 aereis
897 1430 982 1464 portis
995 1435 1022 1457 et

239 1471 334 1498 ferreis
345 1471 467 1499 vectibus
484 1472 599 1505 munita,
612 1472 752 1499 confracta
766 1478 818 1505 est,
842 1475 1021 1509 quemadmo-

238 1517 302 1543 dum
330 1515 465 1550 Propheta
495 1517 568 1544 canit
592 1537 599 1545 .
617 1517 692 1546 Talis
720 1526 838 1554 namque
869 1520 1021 1547 habebatur

238 1561 336 1588 mortis
363 1561 501 1596 potentia;
531 1561 710 1597 quoadusque
738 1564 778 1591 vis
808 1567 863 1590 tam
889 1565 1020 1598 violenta,

239 1606 356 1633 adventu
369 1610 394 1633 et
408 1607 553 1640 praesentia
566 1615 636 1634 vera:
650 1608 709 1635 vita:
721 1609 830 1636 evanuit
844 1618 851 1642 ;
868 1617 929 1637 cum
945 1610 1021 1644 prius

238 1660 318 1680 omne
335 1652 401 1680 illud
421 1652 494 1687 quod
508 1653 581 1680 intra
604 1661 635 1681 ea
655 1654 856 1688 continebatur,
891 1660 1021 1691 tanquam

239 1698 361 1726 vectibus
376 1697 482 1729 ferreis,
502 1699 642 1734 portisque
653 1698 741 1735 frangi
754 1700 866 1733 nesciis,
889 1701 950 1728 sine
977 1709 1022 1735 pe‘

239 1743 326 1771 riculo
341 1743 411 1779 fugae
428 1748 624 1772 asservaretur.
655 1744 708 1772 Sed
726 1754 735 1770 ι
770 1747 900 1773 contrivit
928 1751 1021 1782 portas

239 1797 334 1821 aereas.
352 1799 362 1815 ι
382 1790 478 1825 inquit,
498 1800 508 1816 ι
542 1794 569 1817 et
585 1794 677 1818 vectes
709 1790 810 1820 ferreos
840 1792 982 1828 confregit.
1009 1803 1018 1818 ι

240 1835 297 1863 lloc
322 1836 452 1864 nimirum
479 1840 531 1868 est,
560 1837 631 1863 viam
659 1838 811 1872 iniquitatis
833 1839 953 1873 ipsorum
971 1847 1021 1866 au—

239 1882 320 1913 ferre,
337 1882 473 1917 vitamque
487 1881 520 1908 ad
548 1883 655 1916 pietatis
673 1890 796 1910 normam
826 1884 998 1913 conformare
1012 1893 1020 1916 ;

239 1925 351 1952 abolitio
382 1926 490 1954 illarum
511 1931 663 1962 portarunt,
694 1928 758 1963 quid
777 1929 849 1956 aliud
869 1935 920 1961 est,
938 1938 1021 1965 quam

240 1972 294 1998 vita
309 1979 341 1998 ex
357 1971 470 2006 justitia‘.
501 1974 660 2008 praescripto
690 1974 836 2001 instituta?
862 1975 907 2002 Ait
927 1977 1020 2004 enim:

242 2025 252 2043 ι
268 2016 394 2052 Suscepit
410 2026 458 2046 eos
473 2018 507 2046 de
522 2019 564 2045 via
580 2019 732 2054 iniquitatis
747 2027 853 2047 eorum.
868 2029 878 2046 ι

1076 242 1247 274 σκευάζεται.
1267 241 1302 267 Ἀ
1325 240 1353 266 δὲ
1373 239 1446 273 λέγει
1462 237 1576 265 τοιαῦτά⁴
1589 238 1662 264 ἔστιν
1673 245 1680 253 ο
1694 237 1734 264 δτι
1753 237 1859 273 ἀπέστη

1072 288 1119 315 τοῦ
1131 288 1219 324 φωτὸς
1247 287 1278 313 τὸ
1307 285 1484 320 ἀνθρώπινον,
1517 284 1562 310 καὶ
1577 283 1644 317 πρὸς
1659 282 1709 317 τὴν
1722 283 1860 318 ἁμαρτίαν

1073 334 1238 365 συνώκλασε,
1253 332 1299 359 καὶ
1315 327 1448 366 οὐκέτιῆν
1465 331 1494 356 ὲν
1504 329 1542 364 τῷ
1555 328 1638 364 ὀρθίῳ
1653 328 1701 354 τοῦ
1720 329 1858 364 σχήματος

1072 380 1119 407 καὶ
1131 379 1180 414 τῆς
1190 379 1272 408 ὅντως
1281 375 1436 411 ἀπεξενώθη
1455 373 1538 409 ζωῆς,
1555 383 1564 399 ι
1580 373 1758 409 Καθημένους
1769 383 1778 399 ι
1792 373 1858 409 γὰρ,

1072 425 1165 462 φησὶν,
1187 434 1196 450 ι
1215 425 1242 450 ἐν
1257 422 1346 449 σκότει
1362 422 1409 448 καὶ
1435 421 1498 455 σκιᾷ
1521 418 1858 454 θανάτου,πεπεδημένους

1072 473 1102 498 ιν
1128 470 1258 505 πτωχείᾳ,
1274 469 1320 495 καὶ
1344 467 1454 502 σιδήρῳ.
1474 475 1484 492 ι
1505 465 1645 499 Ἀκίνητον
1672 463 1726 499 γὰρ
1746 462 1780 499 ἦν
1803 464 1858 490 ἀπὸ

1071 517 1117 544 τοῦ
1133 516 1217 544 κακοῦ
1227 517 1259 551 τῇ
1271 515 1368 551 βαρείᾳ
1377 513 1557 549 κατεχόμενον
1570 512 1648 547 πέδῃ.
1662 511 1732 547 Πέδη
1743 511 1795 547 ὄὲὴ
1808 511 1856 538 τοῦ

1072 562 1154 590 καλοῦ
1177 562 1297 597 πτωχεία
1314 561 1397 592 ἐστὶν,
1415 557 1469 586 οἶόν
1483 568 1525 589 τις
1537 558 1644 593 σίδηρος
1661 557 1858 592 περιτυπωθεὶς

1071 611 1130 641 ταῖς
1149 608 1284 644 καρδίαις.
1299 607 1410 633 Πάντων
1428 606 1455 632 δὲ
1472 605 1576 632 τούτων
1593 603 1720 635 ὑπόθεσις
1738 601 1772 638 ἦν
1784 604 1799 638 ἠ
1810 602 1857 630 τοῦ

1072 653 1143 681 θείου
1159 654 1240 688 νόμου
1252 652 1386 688 παρακοὴ,
1399 651 1445 677 κα)⁹
1458 651 1475 685 ἡ
1490 650 1540 685 τῆς
1553 649 1650 684 βουλῆς
1667 649 1713 675 τοῦ
1730 649 1856 683 Ὑψίστου

1070 700 1205 735 ἀθέτησις.
1222 697 1312 724 Ταῦτα
1328 697 1382 732 γὰρ
1395 696 1521 732 σημαίνει
1541 694 1638 729 λέγων,
1654 694 1730 722 «Ὅτι
1742 695 1858 729 παρεπί·

1071 753 1173 781 κραναν
1191 744 1225 771 τὰ
1248 743 1326 777 λόγια
1338 742 1384 769 τοῦ
1399 741 1466 768 Θεοῦ
1491 741 1538 768 καὶ
1557 741 1606 776 τὴν
1621 738 1857 777 βουλὴντοῦὙψί-

1071 798 1133 818 στου
1159 789 1329 826 παρώξυναν.
1361 798 1369 814 ι
1399 788 1460 815 Ἐπὶ
1488 785 1591 818 τούτοις
1619 786 1689 813 κατὰ
1715 786 1744 812 τὺ
1765 784 1856 816 εἰκὸς,

1070 837 1163 870 κόπος,
1180 836 1226 862 καὶ
1238 835 1399 866 ταπείνωσις
1413 834 1462 869 τὴν
1483 833 1555 869 ζωὴν
1570 833 1624 859 τῶν
1635 832 1761 859 τοιούτων
1781 832 1856 858 ἐκδέ-

1038 870 1058 897 Β
1071 890 1157 918 χεται.
1171 881 1261 912 Κόττος
1279 880 1338 915 μὲν,
1351 879 1391 906 ὅτι
1403 879 1453 913 τῆς
1470 878 1571 913 τροφῆς
1591 878 1646 912 (2‘12)
1660 877 1855 912 ἐχωρίσθησαν,

1071 926 1233 957 ταπείνωσις
1255 925 1292 956 δὲ,
1311 925 1350 951 ὅτι
1368 925 1397 950 ὲν
1407 922 1447 957 τῷ
1458 921 1575 959 ’Υψίοτῳ
1592 923 1647 958 (25)
1660 923 1793 958 διαμεῖναι
1806 923 1857 949 οὐκ

1071 971 1282 1006 ἡϐουλήθησαν.‹
1295 964 1475 1004 Ἑταπέινώθη
1491 978 1501 994 ι
1514 967 1577 1003 γὰρ,
1588 968 1664 1002 φησὶ,
1680 976 1689 992 ι
1701 967 1729 993 ὲν
1742 967 1795 1002 (24)
1809 967 1856 993 κό-

1071 1023 1132 1048 ποις
1158 1017 1174 1051 ἠ
1195 1016 1291 1052 καρδία
1314 1014 1413 1042 αὐτῶν.
1432 1024 1440 1040 ι
1467 1014 1496 1040 Ὀ
1519 1014 1546 1040 δὲ
1562 1013 1700 1048 χωρισμὸς
1717 1012 1766 1047 τῆς
1779 1012 1857 1039 6)νά-

1073 1070 1144 1097 μεως
1159 1061 1233 1088 οὐδὲν
1245 1060 1309 1087 ἄλλο
1319 1060 1391 1086 ἐστὶν
1407 1059 1423 1094 ἢ
1443 1058 1570 1085 ἀσθένεια
1579 1064 1587 1073 ί
1603 1057 1645 1089 τίς
1659 1057 1713 1092 γὰρ
1726 1055 1758 1083 ἂν
1771 1055 1856 1092 χωρὶς

1070 1107 1209 1142 δυνάμεως
1229 1105 1353 1141 εὑρεθείη
1369 1104 1490 1140 βοήθεια;
1503 1099 1546 1130 Διὸ
1556 1111 1638 1139 φησιν
1647 1111 1666 1126 ·‹
1679 1102 1856 1136 Ἡσθένησιιιν⁹

1071 1152 1119 1179 καὶ
1133 1153 1183 1179 οὐκ
1199 1150 1232 1188 ἧν
1246 1153 1260 1178 ὁ
1273 1151 1385 1186 βοηθῶν.
1409 1160 1418 1176 ι
1443 1149 1522 1177 Ἀλλὰ.
1543 1149 1622 1176 πάλιν
1638 1148 1685 1184 μία
1699 1148 1773 1183 φωνὴ
1801 1147 1857 1183 (25)

1071 1198 1138 1233 πρδς
1173 1197 1340 1233 εὐφροσύνην
1379 1196 1428 1227 τὰς
1466 1194 1608 1230 συμφορὰς
1647 1193 1855 1229 μετεσκεύαοεν.

1074 1254 1083 1271 ι
1107 1243 1272 1279 Ἐκέκραξαν
1302 1253 1310 1268 ι
1326 1243 1389 1278 γὰρ.
1404 1242 1480 1277 φησὶ,
1496 1251 1505 1267 ι
1519 1241 1585 1277 πρὸς
1601 1241 1702 1276 Κύριον
1716 1241 1744 1266 ὲν
1755 1239 1793 1275 τῷ
1802 1239 1859 1265 θλί-

1072 1289 1165 1316 ίεσθαι
1179 1289 1338 1321 αύτοὶις,καὶ
1347 1288 1401 1322 (26)
1414 1288 1445 1314 ἐκ
1456 1287 1508 1314 τῶν
1516 1286 1642 1320 ἀναγκῶν
1650 1285 1739 1311 αὐτῶν
1755 1284 1856 1311 ἔσωσεν

1071 1335 1178 1366 αὐτούς.
1195 1344 1204 1360 ›
1215 1335 1352 1369 Ἀφανίζει
1376 1333 1405 1360 rb
1420 1332 1523 1364 σκότος,
1541 1332 1643 1359 διαλύει
1670 1331 1715 1358 τὸν
1734 1331 1857 1362 θάνατον,

1070 1382 1104 1408 τὲ
1118 1381 1204 1416 δεσμὰ
1218 1381 1419 1416 διαρῤήγνυσιν.
1438 1389 1446 1405 ι
1476 1379 1625 1413 Ἑξήγαγεν
1644 1387 1652 1403 ι
1675 1377 1739 1413 γὰρ,
1765 1377 1857 1412 φησὶν,

1073 1436 1083 1452 ι
1098 1427 1196 1458 αὐτοὺς
1219 1428 1251 1454 ἐκ
1273 1427 1394 1457 σκότους,
1408 1424 1455 1452 καὶ
1479 1425 1558 1456 σκιᾶς
1580 1424 1705 1454 θανάτου,
1725 1423 1772 1450 καὶ
1795 1423 1859 1454 τοὺς

1072 1472 1282 1508 δεσμοὺςαύτῶν
1296 1471 1445 1507 διέρρηξεν.
1466 1480 1475 1496 ι
1495 1469 1598 1496 Οὐκοῦν
1620 1469 1858 1504 ἀνακηρυττέσοω,

1073 1519 1148 1553 φησὶ,
1163 1518 1196 1545 δι’
1211 1517 1345 1552 εὐφημίας
1360 1517 1376 1551 ἡ
1390 1517 1480 1552 χάρις,
1491 1516 1532 1542 ὃτι
1552 1517 1569 1550 ἡ
1581 1515 1700 1550 ἄφυκτος
1715 1514 1762 1540 τοῦ
1777 1514 1859 1541 θανά-

1071 1573 1117 1591 του
1133 1563 1237 1599 φρουρὰ
1249 1562 1368 1597 διελύθη,
1382 1563 1397 1596 ὴ
1417 1561 1475 1592 ταῖς
1489 1561 1601 1596 χαλκαῖς
1614 1560 1712 1591 πύλαις
1738 1561 1784 1586 καὶ
1802 1559 1859 1590 τοῖς

1073 1610 1190 1645 σιδηροῖς
1201 1608 1388 1643 ὴσφαλισμένη
1408 1607 1630 1642 μοχλοῖς,ίκαθώς
1658 1615 1739 1641 φησιν
1757 1607 1771 1633 ό
1787 1607 1858 1640 Προ-

1073 1656 1171 1690 φήτης.
1199 1654 1315 1689 Τοιαύτη
1342 1654 1395 1690 γάρ
1416 1663 1457 1685 τις
1473 1655 1489 1688 ἠ
1507 1653 1571 1689 περὶ
1594 1653 1638 1678 τὸν
1656 1652 1769 1678 θάνατον
1782 1652 1858 1686 ἰσχὺς

1072 1699 1220 1734 ἐνομίζετο,
1252 1699 1304 1731 ’ἐως
1320 1699 1396 1725 οὔπω
1419 1700 1451 1734 τῇ
1467 1698 1603 1734 παρουσίᾳ
1624 1697 1672 1732 τῆς
1686 1697 1769 1728 ὅντως
1784 1697 1857 1731 ζωῆς

1073 1743 1235 1778 ἐξηφανίσθη
1249 1743 1295 1770 τοῦ
1316 1743 1430 1770 θανάτου
1447 1743 1477 1769 τὸ
1490 1743 1600 1777 κράτος,
1614 1743 1654 1769 ὅτι
1673 1743 1724 1768 πᾶν
1739 1742 1769 1768 τὸ
1784 1741 1859 1772 ἐντος

1073 1789 1176 1816 ἐκείνου
1196 1788 1349 1824 γενόμενον,
1370 1789 1464 1824 ὤσπερ
1480 1789 1536 1815 τισὶ
1558 1788 1664 1824 μοχλοῖς
1681 1788 1798 1823 σιδηροῖς
1812 1788 1859 1814 καὶ

1073 1834 1169 1866 πύλαις
1176 1835 1316 1870 ἀτρίπτοις
1329 1834 1522 1870 κρατούμενον,
1538 1833 1740 1869 ἀναπόδραστον
1751 1833 1857 1868 ἔμενεν.

1079 1880 1158 1907 Ἀλλὰ
1178 1889 1187 1906 ι
1201 1880 1340 1916 συνέτριψε
1350 1898 1358 1910 ,
1374 1889 1383 1905 ι
1393 1881 1469 1915 φησὶ,
1487 1889 1496 1906 ι
1513 1879 1600 1912 πύλας
1611 1880 1725 1915 χαλκᾶς,
1740 1880 1786 1906 καὶ
1809 1887 1858 1914 μο-

1072 1926 1152 1961 χλοὺς
1176 1926 1302 1961 σιδηροῦς
1328 1926 1483 1954 συνέθλασε.
1519 1939 1528 1955 ι
1557 1928 1642 1956 Τοῦτο
1672 1926 1700 1953 δέ
1727 1926 1785 1953 ἐστι
1829 1924 1860 1950 τὸ

1072 1972 1121 2008 τὴν
1147 1971 1206 1998 όδὺν
1228 1971 1277 2006 τῆς
1303 1971 1417 2005 ἀνομίας
1445 1970 1534 1998 αὐτῶν
1547 1970 1687 2004 ἀφανίσαι,
1708 1970 1755 1996 καὶ
1777 1977 1860 2003 μετα-

1073 2017 1253 2052 σκευασθῆναι
1279 2017 1327 2051 τὴν
1354 2017 1427 2051 ζωὴν
1443 2016 1510 2051 πρὸς
1526 2015 1676 2042 εὐσέϐειαν.
1694 2011 1778 2046 Οὗτος
1790 2015 1860 2050 ἀφα-

1072 2062 1166 2097 νισμὸς
1188 2062 1241 2088 τῶν
1267 2061 1360 2087 πυλῶν
1377 2061 1488 2087 ἐκείνων
1510 2061 1568 2087 ἔστι
1580 2061 1610 2087 τὸ
1629 2061 1670 2091 εἰς
1688 2060 1860 2095 δικαιοσύνην

1075 2107 1312 2143 μεταρυθμηθῆναι
1338 2106 1392 2141 (27)
1406 2106 1450 2133 τὸν
1472 2106 1538 2140 βίον.
1561 2105 1752 2132 ιἈντελάϐετο
1768 2115 1778 2132 υ
1795 2105 1861 2141 γὰρ,

1073 2153 1164 2189 φησὶν,
1181 2162 1190 2178 ι
1206 2153 1370 2186 αὑτῶνβῖ),
1388 2152 1418 2184 ἐξ
1432 2152 1491 2179 ὀδοῦ
1507 2152 1622 2187 ἀνομίας
1637 2152 1754 2179 αὐτῶν.)

274 2203 374 2229 lterum
394 2201 447 2228 alio
467 2200 548 2229 modo
561 2200 688 2228 humanae
707 2200 769 2228 vitae
786 2199 922 2227 miseriam
942 2198 1021 2226 nobis

1109 2198 1191 2225 Πάλιν
1202 2198 1302 2234 ἑτέρως
1321 2198 1370 2233 τὴν
1382 2198 1553 2234 ἀνθρωπίνην
1569 2197 1714 2233 ἀθλιότητα
1731 2197 1770 2232 τῷ
1789 2196 1861 2233 λόγῳ

239 2251 427 2283 τορνκεθιιιιιῑ,
445 2250 472 2274 et
496 2246 667 2282 iniquitatem
689 2246 755 2273 nihil
779 2244 851 2272 aliud
870 2252 931 2273 esse
948 2244 1021 2272 θοις-

240 2298 305 2322 mat.
320 2300 400 2327 quam
419 2292 636 2319 humiliationem
653 2296 681 2319 et
699 2291 889 2326 abjeetionem.
904 2290 936 2318 Ει
950 2295 1023 2318 recte

239 2338 360 2372 quidem.
380 2336 447 2364 Nam
464 2337 530 2365 huic
554 2337 696 2365 sententiae
720 2337 835 2365 alterius
856 2337 938 2364 etiam
959 2343 1023 2372 pro-

240 2383 327 2418 phetae
349 2383 490 2410 oraculum
512 2383 672 2414 subscribit,
690 2389 753 2409 cum
767 2382 814 2414 ait,
827 2391 837 2408 ι
854 2382 1023 2417 iniquitatem

241 2435 323 2462 supra
348 2428 450 2462 plumbi
477 2428 608 2455 talentum
639 2428 822 2461 considere“,
843 2437 852 2454 ι
874 2427 1023 2456 ostendens

240 2473 378 2505 videlicet,
398 2474 530 2501 malitiam
553 2474 614 2502 ess‘e
633 2474 739 2508 pondus
759 2474 906 2509 quoddam,
928 2476 1024 2501 natura

241 2528 290 2547 una
304 2520 432 2548 deorsum
445 2524 470 2547 et
487 2520 514 2547 in
534 2520 700 2556 profundum
719 2526 844 2555 vergens,
859 2519 965 2553 aliaque
981 2524 1024 2545 se-

280 2613 301 2628 "
314 2610 395 2640 Zaeh.
413 2618 440 2646 v,
456 2610 481 2640 7.

279 2704 334 2737 (‘22)
345 2704 465 2739 Τροφῆς,
483 2704 525 2730 ed.

281 2712 334 2737 (‘21)
350 2712 465 2765 ιρρφης,
483 2712 525 2730 eo.

281 2740 334 2774 (ᾏὸ)
355 2739 365 2748 ’⁷
391 2739 436 2774 ψει
457 2739 533 2766 forte.

280 2772 335 2807 (Ωιι
357 2772 403 2800 Ἑν
416 2781 470 2800 om.
482 2773 526 2800 ed.

284 2809 338 2843 (25)
355 2809 412 2843 Μιᾷ
428 2807 572 2843 φωνῇηειί.

282 2839 336 2875 (iiii
351 2839 406 2870 Καῖ
420 2839 474 2869 οήι.
490 2839 538 2870 ἰθύ.

1074 2244 1230 2279 παρίστησι.
1246 2244 1327 2278 Λέγει
1340 2243 1368 2270 δὲ
1382 2244 1431 2279 τὴν
1446 2243 1564 2271 διάνοιαν
1582 2243 1693 2278 ταύτην,
1710 2244 1750 2269 ὅτι
1769 2243 1863 2270 ταπεί-

1074 2288 1154 2321 νωσίς
1171 2289 1243 2315 ἐστιν
1258 2289 1274 2324 ή
1287 2288 1396 2323 ἀνομία.
1415 2288 1467 2314 Καὶ
1475 2287 1564 2320 καλῶς
1579 2287 1608 2314 τὸ
1618 2287 1735 2314 τοιοῦτόν
1746 2286 1801 2321 (‘29)
1816 2294 1866 2320 φησ

1076 2341 1117 2361 σιν
1128 2341 1135 2348 ·
1150 2333 1317 2369 συμφέρεται
1331 2333 1384 2369 γάρ
1391 2342 1433 2364 τις
1446 2333 1492 2360 καὶ
1501 2333 1579 2360 ἄλλου
1590 2333 1729 2368 προφήτου
1741 2331 1818 2366 λόγος
1825 2331 1864 2366 τῷ

1077 2379 1188 2415 τοιούτῳ
1210 2380 1334 2415 νοήματι,
1346 2380 1375 2411 ὃς
1390 2388 1482 2415 φησιν,
1498 2389 1507 2405 ι
1524 2379 1569 2405 ἐπὶ
1589 2379 1719 2406 τάλαντον
1740 2377 1864 2413 μολίϐδου

1078 2424 1212 2460 καθῆσθαι
1226 2425 1274 2460 τὴν
1295 2425 1420 2460 ἀνομίαν.
1437 2434 1446 2451 ι
1466 2424 1691 2458 Ἑνδεικνύμενος,
1707 2425 1748 2450 ὅτι
1768 2421 1867 2458 βαρεῖά

1077 2472 1119 2502 τίς
1130 2471 1239 2498 ἐστικαὶ
1247 2471 1405 2507 κατωφερὴς
1414 2473 1429 2506 ἡ
1440 2471 1533 2503 κακία,
1542 2471 1586 2498 τὸν
1596 2469 1652 2505 ('50)
1662 2471 1690 2496 ὲν
1699 2469 1810 2504 ὑψηλοῖς
1818 2468 1864 2495 διὰ

1055 2512 1064 2523 ⁸
1078 2517 1128 2553 τὴν
1140 2516 1205 2552 πρὸς
1214 2516 1244 2542 τὸ
1256 2516 1331 2544 Θεῑον
1344 2517 1473 2552 ὁμοίωσιν
1487 2517 1552 2546 ὄντα
1562 2517 1601 2548 είς
1619 2515 1664 2543 τὸν
1677 2515 1787 2551 βόθυνον
1800 2513 1865 2540 ἑαυ-

1119 2698 1175 2733 (27)
1188 2697 1405 2733 Μεταρυθμίσαι,
1423 2697 1467 2725 ed.

1119 2735 1175 2768 (28)
1193 2734 1284 2760 Αὐτῶν
1299 2740 1353 2759 om.
1367 2733 1410 2760 ed.

1119 2767 1173 2804 (29)
1187 2768 1225 2804 To
1237 2767 1355 2795 τοιοῦτον
1370 2775 1424 2795 οιιι.
1445 2767 1489 2794 ed.

1121 2804 1177 2840 (3m
1192 2803 1242 2836 Τὰ,
1256 2803 1299 2831 ed.
