1986 3080
93 101 139 133 473

787 108 819 135 IN
838 106 1007 137 PSALMOS.

1660 109 1714 136 ιη

93 163 137 197 τῆς
146 161 378 196 συγκαθέλκουσα*
395 162 461 199 φησὶ
481 164 547 199 γάρ·
561 164 602 191 ὃτι
619 174 627 190 ι
640 164 684 192 διὰ
695 165 744 197 τὰς
760 165 874 201 ἀνομίας

932 173 987 193 :um
1002 164 1123 200 rapiens,
1142 172 1203 200 qua:
1218 169 1330 200 propter
1343 165 1550 192 similitudinem
1571 170 1597 192 et
1613 171 1714 199 cogna-

94 207 175 234 αὐτῶν
198 208 430 244 ἐταπεινώθησαν.
453 218 462 235 ι
480 209 532 236 Καὶ
552 209 596 237 διὰ
615 209 694 238 τοῦτο
709 210 757 246 τὴν
775 219 875 237 παντο-

94 252 202 288 δύναμον
218 253 325 288 ἐκείνην
340 254 443 290 τροφὴν
455 255 749 292 ἀπεστράφησαν,περὶ
759 254 792 292 ἦς
803 256 876 290 λέγει

95 299 155 334 πρὸς
163 300 225 330 τοὺς
242 299 366 335 πρώτους
385 302 399 327 ὁ
416 301 503 336 λόγος,
517 302 557 328 ὅτι
570 310 579 326 ‹
597 301 661 328 Ἀπὸ
675 302 772 334 παντὸς
795 302 874 335 ξύλου

93 345 136 372 τοῦ
148 346 175 371 ἐν
191 345 230 380 τῷ
257 346 414 382 παραδείσῳ
430 346 528 382 βρώσει
553 348 637 383 φαγῇ.
658 356 668 373 ι
691 348 735 379 Ὡς
748 348 802 383 γὰρ
817 348 876 374 ἐκεῖ

93 392 142 418 πᾶν
153 389 228 423 ξύλον
240 391 366 426 ὀνομάζει
381 392 436 427 (3t)
447 393 477 418 τὺ
492 393 627 428 πλήρωμα
651 393 749 424 παντὸς
763 393 876 426 ἀγαθοῦ,

92 436 171 469 οὕτως
185 437 303 464 ἐνταῦθα
317 438 367 472 τὴν
379 438 465 473 ἀληθῆ
483 438 529 465 καὶ
546 438 748 474 παντοδύναμον
765 438 876 474 βρῶσιν,

94 482 142 508 πᾶν
159 481 256 516 βρῶμα
266 481 393 516 ὀνομάζει
412 482 426 508 ὁ
446 481 533 516 λόγος,
553 480 583 510 οὗ
601 484 617 518 ἡ
632 482 790 518 ἀποστροφὴ
807 485 879 510 ποιεῖ

93 527 138 562 τὴν
158 526 299 553 ἀσθένειαν
325 527 374 563 τὴν
397 529 435 559 εἰς
456 527 569 555 θάνατον
586 528 730 564 λήγουσαν.
753 529 833 564 Λέγει
849 529 877 556 δὲ

94 572 187 604 οὕτως·
203 573 243 599 ὃτι
261 582 269 598 ι
287 570 343 599 Πᾶν
364 573 460 608 βρῶμα
483 574 641 607 ἐϐδελύξατο
665 577 681 610 ἡ
697 575 770 610 ψυχὴ
786 575 877 602 αὐτῶν

96 619 138 645 καὶ
160 620 275 654 ήγγισαν
295 619 346 652 ἕως
371 620 424 647 τῶν
455 620 546 648 πυλῶν
572 620 619 648 τοῦ
645 621 770 648 θανάτου.
795 631 804 647 ι
822 621 878 648 Καὶ

95 663 170 690 πάλιν
182 664 248 700 πρὸς
264 664 309 690 τὸν
322 665 387 691 Θεὸν
400 665 474 700 φωνὴ
489 666 528 697 εἰς
544 666 696 700 πανήγυριν
712 666 760 701 τὴν
779 675 880 701 συμφο-

97 708 141 744 ρὰν
165 710 338 745 ἀναστρέφει.
359 720 367 736 ι
389 710 556 746 Ἐχέκραξαν
576 720 585 736 ι
601 710 668 746 γὰρ,
690 712 766 746 φησὶ,
787 721 795 737 ι
813 711 878 746 πρὸς

96 754 193 789 Κύριον
209 756 238 781 ὲν
254 755 292 791 τῷ
310 755 448 782 θλίϐεσθαι
464 755 572 788 αὐτοὺς.
585 756 631 782 καὶ
642 757 674 783 ἐκ
689 757 741 783 τῶν
752 757 878 790 ἀναγκῶν

95 800 180 827 αὐτῶν
192 800 292 828 ἔσωσεν
308 802 433 833 αὐτούς.»
451 803 504 829 Καὶ
521 802 652 838 διηγεῖται
673 802 723 837 τῆς
743 803 879 838 σωτηρίας

95 846 137 873 τὸν
150 847 260 882 τρόπον·
271 848 435 882 Εὑαγγέλιον
445 848 473 875 δὲ
485 848 613 884 ἄντικρύς
627 849 700 875 ἐστιν
714 849 730 884 η
742 848 877 883 διήγησις.

100 902 108 918 ι
127 892 279 919 Ἀπέστειλε
305 903 314 919 ι
330 893 393 929 γὰρ,
410 893 493 928 φησὶ,
504 892 655 927 ατὺνΛὸγον
671 893 766 925 αὑτοῦ,
781 894 827 920 καὶ
840 893 880 920 ἰά-

98 944 159 962 σατο
173 936 281 968 αὐτοὺς,
299 937 344 963 καὶ
358 936 492 972 ἐρρύσατο
502 937 599 968 αὐτοὺς
615 937 646 963 ὲκ
660 937 713 964 τῶν
726 937 879 972 διαφθορῶν

97 981 195 1008 αὐτῶν·
221 991 230 1007 ι
252 983 317 1017 ὁρᾷς
342 982 430 1014 ζῶντα
457 983 503 1009 καὶ
523 982 642 1017 ἔμψυχον
663 981 748 1016 Λάγον
766 981 878 1017 ﬁnita)

95 1026 215 1062 σωτηρίᾳ
231 1027 284 1053 τῶν
308 1027 500 1062 ἀπολλυμένων
512 1027 753 1063 ὰποστελλόμενον,
766 1028 812 1054 καὶ
832 1028 880 1063 τῆς

96 1071 195 1107 φθορᾶς
216 1073 261 1099 τὸν
283 1074 311 1099 ὲν
328 1073 396 1108 αὐτῇ
416 1073 472 1109 (35)
487 1073 615 1107 γεγονότα
633 1073 774 1109 ῥυόμενον.
801 1074 881 1105 "pro;

95 1117 285 1152 εὖαγγελιστὴς
294 1117 364 1144 οὕτω
380 1117 490 1153 γυμνῶς
502 1118 584 1153 ὲκΰοᾷ
592 1118 621 1144 τὸ
637 1119 800 1154 μυστήριονς
818 1119 881 1145 οὐκ·

43 1178 49 1181 -
95 1163 140 1189 οὖν
158 1158 376 1198 ἁνευιρημείσθω,
398 1165 474 1199 φησὶ,
491 1164 565 1200 παρὰ
577 1164 629 1191 τῶν
641 1163 669 1191 εὖ
681 1163 851 1191 πεπονθότων
863 1165 879 1200 ἡ

94 1207 181 1242 χάρις,
196 1208 242 1234 καὶ
251 1207 333 1243 ὕμνος
349 1209 394 1235 ἐπὶ
405 1209 574 1244 εὐεργεσίαις
586 1210 601 1244 ὴ
615 1208 736 1244 εὐφημία
753 1209 879 1243 γινέσθω.

97 1263 106 1279 ‹
124 1253 286 1280 Θυσάτωσαν
301 1255 354 1289 γὰρ
374 1254 459 1289 αὐτῷ,
482 1263 493 1280 ι
505 1254 581 1289 φησὶ,
603 1266 612 1282 ι
631 1254 726 1281 θυσίαν
741 1254 879 1286 αἰνέσεως,

95 1300 141 1326 καὶ
157 1299 388 1334 ὲξαγγειλὰτωσαν
404 1301 438 1327 τὰ
460 1301 528 1336 ἔργα
541 1300 625 1328 αὑτοῦ
646 1302 673 1327 ὲν
685 1300 854 1335 ἀγαλλιάσει,
869 1310 878 1326 ι

95 1344 171 1371 Μετὰ
188 1345 274 1372 ταῦτα
293 1345 372 1372 πάλιν
388 1346 558 1378 διασκευάζει
583 1347 617 1373 τὰ
639 1346 721 1382 πάθη,
739 1347 784 1373 καὶ
802 1346 881 1374 πάλιν

95 1391 193 1425 ἐπάγει
206 1391 252 1418 τοῦ
271 1391 338 1418 Θεοῦ
361 1392 430 1427 μετὰ
444 1392 478 1418 τὰ
492 1392 564 1427 πάθη
582 1391 631 1427 τὴν
648 1392 737 1428 χάριν.
759 1392 839 1426 Λέγει
853 1392 881 1418 δὲ

95 1436 142 1472 τὴν
168 1436 294 1463 ἁΰουλίαν
319 1437 373 1464 τῶν
388 1437 548 1473 ἀνθρώπων,
564 1438 604 1464 ὅτι
625 1438 818 1469 καταλιπόντες
833 1438 881 1473 τὴν

72 1508 78 1514 ,
95 1481 232 1517 οταθηρὰν
246 1483 301 1532 (δέ)
322 1483 369 1510 καὶ
384 1482 579 1510 ἀκλυδώνιστον
592 1483 647 1517 (55)
664 1483 746 1518 ζωὴν,
758 1483 882 1517 πελάγιοι
893 1503 915 1532 C

93 1528 126 1561 τῇ
148 1527 305 1563 προαιρέσει
327 1528 460 1562 ἐγένοντο.
478 1538 486 1554 ι
506 1529 536 1555 Ol.
563 1528 770 1560 καταϐαίνοντες
789 1539 797 1554 ι
813 1529 878 1564 γὰρ,

95 1573 186 1607 φησὶν,
203 1582 212 1599 ι
228 1574 267 1605 είς
288 1573 336 1609 τὴν
360 1573 496 1600 Θάλασσαν
518 1575 547 1600 ὲν
574 1574 686 1606 πλοίοις,
704 1584 713 1600 ι
738 1575 785 1601 καὶ
819 1574 880 1601 ἀντὶ

93 1619 140 1645 τοῦ
164 1619 326 1655 ἐργάζεσθαι
341 1619 387 1646 τὺν
403 1620 575 1655 παράδεισον,
589 1621 617 1647 ἐν
636 1616 657 1653 ᾧ
673 1621 803 1656 πρότερον
819 1619 879 1646 ἑτά-

94 1673 182 1700 γησαν
207 1666 273 1701 (56),
301 1665 465 1702 ὑποϐρύχιον
489 1666 641 1702 ποιούμενοι
667 1666 716 1701 τὴν
740 1666 879 1701 ἐργασίαν.

93 1711 238 1738 θάλασσαν
249 1711 277 1737 δὲ
294 1711 365 1745 λέγει
387 1711 435 1742 τὴν
451 1711 538 1746 ὑλώδη
553 1711 607 1746 (57)
623 1711 723 1745 ταύτην
736 1710 818 1746 ζωὴν,
832 1710 881 1746 τὴν

93 1757 162 1782 πᾶσι
189 1757 244 1788 τοῖς
273 1756 327 1782 τῶν
357 1756 517 1792 πειρασμῶν
536 1756 646 1791 ἀνέμοις
666 1756 880 1791 ταρασσομένην,

94 1802 142 1828 καὶ
168 1803 223 1834 τοῖς
257 1802 415 1838 ἐπαλλήλοις
440 1801 538 1829 πάθεσι
563 1802 776 1836 κνμαινομένην.
797 1810 805 1826 t
821 1802 883 1828 Ποι-

93 1847 189 1879 οὖντες
208 1857 216 1872 ι
237 1847 300 1883 γὰρ,
315 1848 405 1883 φησὶν,
423 1856 432 1873 ‹
451 1847 582 1882 ἐργασίαν
594 1847 623 1873 ὲν
641 1847 716 1873 ὕδασι
734 1846 849 1878 πολλοῖς.
871 1857 880 1872 ι

94 1894 152 1920 Καὶ
168 1902 176 1918 ι
197 1893 272 1919 αὐτοὶ
289 1891 357 1919 εἶδον
374 1893 408 1919 τὰ
422 1893 490 1928 ἔργα
507 1893 619 1928 Κυρίου,
635 1893 681 1919 καὶ
698 1892 731 1919 τὰ
746 1892 885 1927 θαυμάσια

93 1938 180 1965 αὑτοῦ
204 1940 232 1965 ἐν
260 1939 298 1974 τῷ
321 1939 402 1974 βυθῷ.
419 1948 428 1964 ι
450 1938 541 1965 Πύθιοι
563 1939 617 1973 γὰρ
635 1939 663 1965 ἐν
678 1940 711 1974 τῇ
731 1938 814 1974 κακίᾳ
827 1939 884 1973 (58)

93 1983 144 2010 τοῦ
174 1983 232 2019 βίου
257 1984 407 2019 γενόμενοι,
435 1985 481 2011 καὶ
512 1984 640 2016 πολλάκις
666 1984 701 2010 τὰ
721 1985 824 2020 πονηρᾶ
837 1985 885 2019 τῆς

93 2030 186 2065 ψυχῆς
213 2029 343 2062 παθόντες
370 2030 497 2064 ναυάγια,
518 2028 587 2056 εἶδον
603 2030 644 2063 ἐφ’
662 2030 764 2057 ἑαυτῶν
779 2029 813 2056 τὰ
829 2029 885 2065 (59)

93 2076 147 2111 τῆς
168 2075 368 2110 φιλανθρωπίας
382 2075 451 2111 ἔργα
465 2074 511 2102 τοῦ
526 2075 557 2100 ὲκ
571 2073 625 2100 τῶν
638 2074 725 2109 βυθῶν
737 2075 811 2110 ἡμᾶς
823 2075 888 2101 ἁνα-

96 2121 236 2153 σώσαντος
260 2121 325 2156 (40).
354 2131 362 2147 ι
388 2119 471 2147 Εἶπεν
493 2130 502 2146 ι
521 2121 591 2156 γὰρ,
616 2120 707 2156 φησὶν,
724 2130 733 2146 ι
751 2121 797 2146 καὶ
823 2120 886 2155 ἔστη

928 212 1029 239 tionem
1042 219 1104 239 cum
1119 210 1173 238 Deo
1186 211 1212 238 in
1228 211 1301 238 edito
1314 211 1374 238 loco
1390 213 1442 238 sita
1461 218 1535 239 sunt.
1553 211 1597 238 Ait
1611 211 1684 237 enim
1707 217 1715 236 :

930 267 939 282 ι
956 257 1068 292 Propter
1083 256 1230 290 injustitias
1247 264 1312 284 suas
1329 256 1464 283 humiliati
1485 260 1564 284 sunt.
1584 266 1592 281 I
1612 255 1645 282 Et
1660 255 1712 282 hac

927 302 961 330 de
981 309 1064 330 causa
1080 301 1294 336 omnipotentem
1313 300 1387 327 illam
1411 308 1502 327 escam
1519 300 1640 326 aversari
1658 305 1712 326 ca:-

928 352 1027 385 pernnt
1041 358 1046 376 :
1059 349 1092 376 de
1103 355 1156 383 qua
1174 347 1207 374 ad
1225 347 1329 382 primos
1340 351 1465 381 parentes
1480 346 1590 372 divinus
1601 351 1710 372 sermo:

931 404 939 419 ι
957 395 998 421 Ab
1014 394 1104 423 omnis
1119 394 1195 428 ligni,
1208 393 1279 427 quod
1293 396 1334 419 est
1350 392 1376 418 in
1393 391 1530 426 paradiso,
1547 398 1609 418 esca
1621 397 1710 417 come-

929 440 1028 471 des”;
1041 449 1050 465 ι
1070 443 1099 466 ut
1115 440 1187 467 enim
1204 439 1240 466 ibi
1260 446 1342 466 omne
1365 439 1468 473 lignum
1484 436 1607 464 nominat
1627 436 1712 470 pleni-

929 485 1051 514 tudinem
1066 485 1155 512 omnis
1172 485 1247 516 boni,
1267 485 1305 511 ita
1320 484 1364 511 hic
1377 491 1472 511 verum
1487 483 1561 510 illum
1582 486 1608 510 et
1623 482 1713 508 omni-

929 535 1064 565 potentem
1101 529 1191 556 cibum
1219 528 1335 563 appellat
1362 535 1471 555 omnem
1494 534 1602 558 escam,
1632 526 1711 559 cujus

929 576 1003 612 fuga,
1026 583 1085 604 eam
1105 583 1167 610 quae
1195 574 1228 602 ad
1248 578 1363 601 mortem
1383 573 1468 605 ducit,
1498 571 1711 599 imbecillitatem

929 623 1064 651 conciliat.
1084 621 1130 648 Sic
1146 628 1209 648 vero
1225 620 1282 647 ait:
1298 628 1307 645 ι
1322 619 1435 646 Omnem
1448 625 1540 645 escam
1555 617 1711 644 abominata

929 671 971 696 est
984 668 1074 694 anima
1097 674 1201 696 eorum,
1223 669 1249 691 et
1265 663 1552 699 appropinquaverunt
1575 667 1661 695 usque
1678 660 1712 686 ad

929 719 1023 750 portas
1038 712 1135 739 mortis
1150 720 1156 738 :
1175 722 1183 736 ι
1202 709 1356 744 iterumque
1371 716 1423 736 vox
1439 708 1472 735 ad
1485 707 1569 734 Deum
1585 706 1668 734 missa
1684 705 1711 732 in

930 759 1024 786 laudes
1034 763 1060 785 et
1075 757 1210 792 praeconia
1229 756 1398 783 calamitates
1414 753 1560 785 convertit,
1579 753 1651 787 quod
1669 752 1712 780 his

929 804 1021 832 verbis
1038 804 1140 830 indicat
1155 812 1162 832 :
1182 812 1191 828 ι
1208 802 1402 829 Clamaverunt
1424 801 1457 828 ad
1472 800 1629 831 Dominum,
1644 799 1709 826 dum

896 839 916 865 Β
931 846 1142 877 tribulurentur,
1160 850 1187 872 et
1202 853 1236 872 ex
1252 844 1378 872 omnibus
1394 838 1607 871 necessitatibus
1618 849 1713 870 eorum

931 893 1055 919 liberavit
1074 900 1131 919 eos.
1151 902 1160 918 ›
1188 891 1284 918 Narrat
1307 896 1398 918 autem
1422 890 1519 917 salutis
1541 889 1629 915 allatae
1652 894 1714 914 mo-

930 939 1012 971 dum;
1036 946 1096 973 qua:
1114 937 1235 966 narratio
1262 936 1430 972 ipsissimum
1456 935 1632 970 Evangelium
1648 937 1689 961 est
1707 941 1713 960 :

934 994 943 1010 ι
961 984 1033 1011 Misit
1049 982 1266 1012 Verhumsuum,
1283 992 1291 1008 ι
1308 982 1406 1017 inquit,
1425 991 1433 1007 ι
1448 985 1474 1008 et
1495 981 1601 1008 sanavit
1614 987 1672 1010 eos,
1688 982 1716 1006 et

931 1029 1030 1063 eripuit
1046 1035 1092 1056 eos
1113 1028 1146 1055 de
1162 1026 1367 1054 interitionibus
1392 1034 1497 1053 eorum.
1519 1035 1528 1051 ι
1545 1025 1627 1052 Vides
1648 1023 1714 1051 Vier-

931 1075 994 1102 bum
1012 1074 1106 1101 vivens
1135 1077 1162 1101 et
1193 1073 1313 1107 spirans,
1341 1071 1375 1098 ad
1404 1072 1519 1099 salutem
1546 1071 1714 1105 perditorum

931 1121 1056 1151 missum,
1073 1124 1103 1146 ut
1117 1120 1243 1146 liberaret
1257 1126 1271 1145 a
1284 1118 1459 1153 corruptione
1474 1125 1535 1145 eum
1548 1117 1593 1152 qui
1610 1117 1637 1142 in
1654 1123 1715 1142 cor-

931 1165 1058 1200 ruptione
1084 1165 1227 1192 haerebat.
1244 1163 1312 1197 Quis
1336 1163 1502 1199 evangelista
1531 1167 1584 1189 tam
1613 1161 1715 1188 diserte

931 1210 982 1238 hoc
998 1210 1157 1246 mysterium
1170 1209 1315 1244 explanat?
1331 1210 1415 1244 Igitur
1426 1209 1461 1236 ab
1477 1208 1542 1240 illis,
1557 1208 1657 1242 inquit,
1670 1207 1715 1242 qui

931 1256 1014 1283 tantis
1026 1255 1166 1282 beneﬁciis
1181 1255 1313 1281 cumulati
1328 1259 1404 1284 sunt.
1422 1257 1498 1281 tanta
1512 1254 1600 1289 gratia
1617 1253 1716 1288 praedi-

931 1306 1024 1334 cetur;
1045 1307 1072 1329 et
1092 1300 1468 1338 pradicatio’beneﬂcioruiii
1485 1301 1512 1327 in
1536 1300 1665 1334 hymnum
1691 1304 1719 1327 et

932 1347 1037 1374 laudem
1059 1350 1192 1374 transeat.
1209 1356 1218 1372 ι
1237 1346 1398 1373 Sacriticent
1422 1345 1447 1373 ei
1470 1345 1636 1373 sacrilieium
1661 1345 1719 1372 lau-

931 1391 984 1423 dis,
1004 1397 1031 1419 et
1052 1391 1217 1418 annuntient
1241 1398 1324 1426 opera
1348 1391 1408 1425 ejus
1435 1390 1463 1417 in
1486 1390 1682 1418 exsultatione.
1705 1398 1714 1415 ι

931 1438 1055 1466 Posthac
1070 1446 1169 1466 rursus
1184 1445 1322 1465 aerumnas
1336 1440 1363 1464 et
1378 1436 1539 1464 aﬂlictiones
1554 1442 1721 1463 commemo-

932 1490 985 1517 rat,
1007 1489 1034 1512 et
1054 1488 1115 1520 post
1136 1484 1196 1512 illas
1218 1483 1263 1510 Dei
1283 1483 1410 1518 gratiam.
1435 1482 1570 1510 Describit
1586 1481 1658 1509 enim
1678 1481 1723 1507 in-

931 1529 1086 1557 consultam
1117 1529 1257 1555 hominum
1288 1528 1489 1558 temeritatem,
1520 1526 1565 1561 qui
1591 1525 1720 1553 derelicta

931 1575 1023 1604 stabili
1038 1580 1064 1603 et
1074 1576 1157 1602 nullis
1172 1574 1382 1609 tempestatibus
1405 1573 1529 1608 exposita
1542 1572 1607 1604 vita,
1620 1571 1720 1598 volun-

931 1625 987 1649 tate
1003 1621 1035 1649 et'
1045 1622 1187 1656 proposito
1209 1620 1288 1655 quasi
1308 1619 1406 1646 marini
1428 1619 1519 1646 ell'ccti
1535 1621 1609 1646 sunt.
1628 1616 1721 1652 Inquit

934 1668 1005 1695 enim
1020 1676 1026 1694 :
1045 1677 1054 1693 ι
1072 1667 1123 1700 Qui
1140 1666 1311 1694 descendunt
1326 1665 1353 1692 in
1367 1672 1441 1691 mare
1453 1665 1580 1695 navibus,
1595 1673 1604 1688 ι
1622 1666 1648 1690 et
1662 1663 1722 1689 loco

933 1713 1063 1749 paradisi,
1087 1721 1168 1748 quem
1186 1713 1287 1742 colant.
1310 1717 1338 1740 et
1362 1712 1390 1738 in
1410 1719 1464 1746 quo
1485 1711 1561 1746 prius
1580 1710 1719 1741 vivebant,

933 1763 1019 1787 artem
1036 1759 1160 1786 factitant
1183 1758 1367 1786 subniersioni
1387 1758 1552 1787 obnoxiam;
1571 1755 1655 1782 maris
1676 1763 1723 1789 ap-

934 1805 1080 1841 pellatione
1109 1806 1192 1832 vitam
1217 1804 1286 1832 hanc
1311 1804 1448 1839 designat,
1478 1811 1538 1838 quae
1559 1801 1669 1836 corpori
1695 1806 1722 1827 et

934 1850 1054 1877 mater-im
1076 1849 1216 1881 immersa,
1230 1849 1413 1884 omnibusque
1436 1848 1615 1876 tentationum
1633 1846 1723 1874 ventis

935 1896 1058 1930 exposita
1075 1899 1128 1926 est.
1141 1898 1168 1922 et
1183 1895 1359 1930 passionibus
1372 1895 1424 1922 sibi
1441 1897 1536 1921 mutuo
1548 1891 1724 1920 succedenti-

935 1941 987 1969 bus
1003 1941 1169 1976 exagitatur.
1189 1949 1199 1966 «
1228 1940 1384 1973 Facientes,
1401 1951 1410 1967 ι
1433 1940 1532 1975 inquit,
1558 1949 1568 1965 ι
1582 1938 1724 1974 operatio-

938 1994 999 2013 nem
1016 1987 1043 2013 in
1058 1986 1136 2022 aquis
1157 1986 1261 2014 multis.
1279 1987 1335 2022 ipsi
1353 1986 1481 2014 viderunt
1504 1994 1587 2021 opera
1603 1984 1724 2016 Domini,

937 2036 964 2060 et
980 2032 1117 2059 mirabilia
1142 2032 1202 2066 ejus
1219 2032 1246 2060 in
1270 2032 1418 2067 profundo.
1438 2041 1448 2058 ι
1468 2032 1589 2059 Demersi
1605 2032 1677 2059 cnim
1697 2031 1724 2057 in

938 2076 1102 2113 profundum
1115 2077 1198 2112 hujus
1209 2077 1282 2109 vita,
1294 2078 1449 2113 saepiusque
1461 2077 1616 2112 pernicioso
1628 2077 1726 2103 anima:

940 2123 1080 2158 naufragio
1112 2123 1205 2154 l'acto,
1239 2123 1365 2150 viderunt
1394 2123 1422 2150 in
1441 2123 1539 2157 seipsis
1564 2129 1645 2156 opera
1681 2121 1726 2148 illa

94 2168 208 2203 πνεῦμα
231 2167 395 2202 καταιγίδος.
420 2177 429 2193 ι
448 2167 534 2193 Τοῦτο
560 2167 589 2193 δὲ
614 2167 663 2193 οὐκ
681 2167 721 2199 είς
743 2167 789 2193 τὸν
811 2166 875 2192 Θεὸν

941 2169 1132 2201 humanitatis,
1155 2172 1183 2196 et
1206 2169 1383 2203 benignitatis
1403 2168 1450 2196 Dei
1467 2168 1588 2195 eruentis
1610 2167 1672 2194 illos
1693 2174 1727 2193 ex

94 2213 157 2240 ἀλλ’
181 2214 220 2244 εἰς
237 2212 282 2239 τὸν
300 2213 396 2248 ὲχθρδν
415 2212 547 2238 ἀνακτὲον
563 2212 593 2237 τὸ
608 2211 706 2246 νόημα.
726 2211 759 2238 Ἡ
773 2211 827 2247 γὰρ
839 2211 887 2238 τοῦ

94 2258 287 2294 ἀντικειμένου
310 2258 395 2292 φωνὴ,
426 2258 457 2283 τὸ
474 2258 522 2292 τῆς
543 2266 552 2282 ι
577 2257 732 2291 καταιγίδος
753 2256 860 2292 πνεῦμα
875 2267 884 2283 ι

95 2305 258 2340 ἐργάζεται.
277 2304 333 2339 (41)
349 2304 482 2337 Καταιγὶς
501 2304 529 2330 δὲ
554 2303 661 2338 λέγεται
683 2303 768 2338 βίαιος
788 2303 887 2338 ἄνεμος

94 2351 149 2377 οὐκ
166 2351 221 2385 (42)
238 2350 280 2376 ἐπ’
299 2349 404 2381 εὐθείας
422 2348 611 2384 προσπίπτων,
629 2349 697 2376 ἀλλὰ
713 2349 776 2384 περὶ
793 2349 887 2375 ἑαυτὸν

94 2398 290 2432 ἀνειλούμενος
304 2397 360 2433 (45)
376 2397 410 2424 δι’
420 2396 509 2429 ὀξείας
520 2396 727 2432 στροφάλιγγος,
740 2396 768 2427 ὃς
779 2395 888 2422 ἐπειδὰν

93 2445 218 2480 ἐμπέσοι
238 2445 302 2472 ποτὲ
331 2444 425 2480 βιαίως
446 2444 500 2479 (ιιι)
523 2442 561 2479 τῷ
578 2443 664 2477 ὕδατι,
677 2434 804 2479 ’καθάπερ
818 2442 888 2474 τινὸς

138 2528 160 2543 ’⁵
176 2527 274 2555 Cenes.
290 2534 320 2558 ιι,
336 2526 378 2553 l6.

137 2612 196 2648 (3t)
216 2616 252 2642 Ίδ
263 2624 318 2644 om.
334 2616 377 2644 ed.

137 2651 197 2684 (32)
209 2651 264 2682 Ἐν,
282 2651 326 2678 ed.

139 2684 293 2724 ςὲἯονιε
307 2685 390 2724 05W-

138 2719 196 2756 (54)
207 2719 410 2756 Σταθεράνλὸά.

139 2753 199 2788 (55)
211 2756 271 2782 Τῶν
279 2753 430 2790 ἀνθρώπων
446 2753 508 2781 add.
525 2753 567 2781 ed.

138 2790 388 2859 ἓὸθΓΕστάθησαν,
404 2790 448 2817 ed.

153 2825 199 2858 57)
215 2825 293 2853 Forte
310 2823 440 2858 ὑδατώδη.

153 2825 199 2858 57)
215 2825 293 2853 Forte
310 2823 440 2858 ὗδατώδη.

941 2214 1087 2248 profundo.
1113 2214 1195 2241 Addit
1217 2215 1290 2241 enim
1307 2223 1314 2241 :
1331 2223 1339 2240 ι
1358 2213 1442 2245 Dixit.
1463 2217 1491 2240 et
1515 2214 1591 2240 stetit
1613 2212 1728 2247 spiritus

942 2260 1078 2295 procellae.
1095 2270 1104 2286 ι
1126 2259 1203 2293 Quod
1223 2259 1339 2293 dictum,
1371 2267 1424 2287 non
1445 2260 1479 2286 ad
1507 2259 1601 2292 Deum,
1626 2259 1671 2286 sed
1693 2258 1726 2285 ad

941 2306 1084 2332 inimicum
1100 2304 1147 2332 Dei
1165 2304 1338 2332 referendum
1353 2309 1410 2337 est;
1430 2311 1492 2331 nam
1514 2303 1663 2330 adversarii
1678 2310 1727 2329 vox

942 2352 1069 2387 spiritum
1086 2351 1214 2385 procellae
1229 2350 1324 2379 eﬂicit:
1339 2351 1458 2386 procella
1470 2357 1535 2378 vero
1549 2349 1652 2377 dicitur
1673 2349 1730 2375 vio-

942 2398 1032 2425 lentus
1048 2400 1156 2428 ventus,
1172 2404 1226 2424 non
1244 2401 1319 2425 recta
1338 2397 1382 2424 via
1398 2397 1518 2427 irruens.
1534 2396 1579 2423 sed
1599 2395 1651 2422 sibi
1671 2394 1730 2428 ipse

942 2442 1083 2470 involutus
1103 2441 1215 2477 obliquo
1233 2442 1353 2474 turbine,
1379 2441 1427 2476 qui
1452 2440 1564 2476 quando
1578 2444 1653 2467 tanta
1669 2437 1729 2466 vio-

977 2609 1032 2645 (58)
1049 2608 1166 2645 Καρδίᾳ,
1188 2608 1230 2645 ed.

978 2643 1032 2678 (39)
1049 2643 1100 2670 Ἐκ
1109 2644 1170 2670 add.
1185 2643 1230 2670 ed.

983 2676 1038 2713 (40)
1059 2677 1265 2710 ’Λνασὼζοντος,
1278 2676 1322 2704 ed.

983 2714 1038 2748 (Η)
1055 2713 1109 2748 Καὶ
1122 2713 1185 2748 add,
1203 2712 1245 2740 ed.

983 2748 1040 2783 (te)
1061 2747 1138 2780 Οὑδέ,
1152 2747 1195 2783 ed.
1218 2777 1225 2781 ,

995 2780 1040 2815 43)
1053 2782 1263 2817 Ἐνειλοὺμενος,
1277 2780 1320 2809 ed.

997 2818 1039 2853 Η)
1053 2817 1154 2850 Βίαιος,
1165 2817 1209 2844 ed.
