1986 3080
286 153 336 180 Πυ

889 145 917 173 5.
939 144 1078 172 (ιιιιῑυυιι

1131 142 1266 170 ίΥΞΒΕΝΙ
1854 135 1898 162 ιῦθ

285 218 311 235 et
341 206 461 241 pericula
487 210 589 240 peccati
617 204 757 236 nominat,
789 203 869 231 ﬁnem
895 203 1013 235 indicat,
1047 202 1075 228 in

1131 200 1180 227 τῶν
1198 199 1312 226 ὀδόντων
1330 206 1340 223 ι
1365 196 1394 223 τὸ
1413 195 1478 222 αὐτὸ
1498 193 1576 220 τοῦτο
1591 190 1821 226 διασημαίνοντος.
1842 188 1899 217 Εἶτα

285 261 337 286 quo
349 260 365 278 ιι
394 256 490 278 natura
516 251 620 286 peccati
650 250 762 282 desinit,
782 251 828 284 qui
845 257 899 276 non
924 252 966 276 est
994 247 1076 279 alius,

284 305 366 333 quant
396 298 537 324 tribulatio
556 302 583 324 ct
601 297 696 329 dolor;
716 296 783 324 illud
797 297 889 331 ipsqu
906 296 933 322 in
957 294 1079 328 Evange-

1123 244 1284 282 προστίθησι
1300 243 1333 270 δι’
1349 241 1495 270 ἀκολούθου
1507 240 1548 270 τὸ,
1559 237 1627 265 (Καὶ
1642 236 1755 272 ἐξεχύθη
1767 236 1900 269 ἔξουδένω-

1124 300 1166 323 σις
1176 292 1219 318 ἐπ’
1232 291 1366 326 ἄρχοντας
1383 288 1451 321 (5⁵1).
1470 297 1479 314 ι

285 329 322 370 lio
336 350 384 378 per
398 352 407 368 ι
426 343 518 371 ﬂetum
539 349 565 370 et
587 343 732 370 stridorem
747 329 870 369 dentium
889 351 897 367 ι
916 340 1039 368 innuitur
1054 339 1087 365 η.
1105 337 1185 364 Addit
1205 336 1304 364 deinde
1321 345 1328 363 :
1349 345 1358 360 ι
1381 334 1469 362 Etrusa
1504 336 1546 360 est
1579 330 1729 366 despectio,
1749 339 1757 355 ι
1786 332 1811 356 et
1827 329 1898 363 quasi

278 389 440 424 annullatio,
457 400 467 417 ι
490 397 571 424 super
587 388 724 424 principes
740 395 844 414 eorum.
866 397 874 412 ι

321 437 425 470 Quibus
441 435 531 466 docet,
544 435 617 470 quod
637 442 698 461 esse
715 435 742 461 in
765 441 808 465 eo,
827 433 900 468 quod
933 436 984 464 cst,
1012 439 1076 458 vere

286 481 322 507 sit
339 487 410 507 esse.
426 479 504 512 Quod
524 479 545 506 si
560 480 622 513 quis
647 479 681 505 ab
703 486 765 506 esse
780 478 899 510 excidit,
921 477 944 504 is
961 485 1016 504 non
1034 479 1076 503 est

287 527 399 552 inesse.
425 524 494 552 Esse
519 525 592 552 enim
616 525 642 551 in
669 529 792 560 peccato,
814 532 870 551 non
899 527 942 551 est
966 523 1076 558 proprie

286 578 360 604 esse,
379 571 444 606 quia
459 571 577 605 ipsamet
592 571 619 597 in
635 578 675 602 se,
693 575 721 598 et
740 571 893 598 secundum
917 577 948 597 se
971 569 1075 596 malitia

287 625 342 644 non
358 622 410 648 est,
425 624 486 643 cum
497 616 601 643 malitia
617 617 653 643 sit
667 616 795 651 privatio,
822 620 850 643 et
869 623 924 643 non
939 615 1075 642 exsislen-

286 664 323 690 tia
350 663 424 690 boni.
452 662 691 696 Quemadmodum
721 663 805 697 igitur
823 661 879 694 illc,
908 661 954 696 qni
980 664 1022 688 est
1047 660 1074 686 in

286 717 318 736 eo
336 710 382 744 qui
400 713 450 742 est,
472 709 499 735 in
515 716 577 736 esse
592 712 649 736 est:
675 708 715 735 sic
729 708 776 743 qui
793 708 820 734 in
844 707 931 734 nihilo
951 709 993 734 est
1010 706 1075 739 (tale

286 763 350 782 vero
364 760 406 782 est
417 755 544 789 malitia),
559 756 582 782 is
598 755 692 782 itidem
711 754 779 781 nihil
797 753 836 786 tit,
847 758 874 781 et
888 753 1073 784 annihilatur,

287 807 315 828 ut
333 801 360 827 in
376 801 482 835 psalmo
498 800 551 827 isto
567 800 680 827 dicitur.
699 799 746 827 Est
768 803 859 826 autem
883 799 967 833 hujus
994 805 1075 825 voca-

1164 429 1289 456 Διδάακει
1301 427 1329 454 δὲ
1339 426 1383 454 διὰ
1396 426 1508 457 τούτων,
1519 425 1560 452 ὅτι
1569 424 1598 450 τὸ
1611 423 1660 458 μὲν
1674 424 1703 449 ὲν
1716 421 1755 457 τῷ
1762 421 1816 448 δντι
1828 419 1900 453 εἶναι,

1128 474 1234 509 ἀληθῶς
1252 475 1325 499 ἐστιν
1344 470 1423 499 εἶναι.
1443 471 1511 498 Είδέ
1520 479 1561 503 τις
1571 469 1617 496 τοῦ
1634 469 1710 499 ὄντος
1725 467 1902 497 ἐκπέπτωκεν,

1127 521 1188 548 οὐδὲ
1203 521 1231 546 ὲν
1243 519 1281 555 τῷ
1305 517 1375 545 εἶναι
1401 519 1472 544 ἐστι.
1486 516 1522 543 Τὸ
1542 516 1596 551 γὰρ
1612 516 1640 542 ὲν
1669 514 1753 549 κακίᾳ
1770 510 1845 546 εἶναι,
1859 513 1903 539 οὐκ

1128 567 1184 594 ἔστι
1209 566 1310 601 κυρίως
1329 563 1409 591 εἷναι.
1429 563 1500 590 Διότι
1523 563 1592 598 αὐτὴ
1609 561 1668 588 καθ’
1684 561 1782 596 ἑαυτὴν
1798 561 1814 595 ἡ
1828 555 1921 586 κακίί

1127 614 1177 639 οὐκ
1189 612 1272 643 ἔστιν,
1289 611 1345 638 ἀλλ’
1360 612 1377 646 ή
1397 610 1443 637 τοῦ
1461 608 1543 636 καλοῦ
1559 607 1721 642 ἀνυπαρξία,
1736 607 1819 633 κακία
1836 606 1902 640 γίνε-

1126 666 1181 685 ται.
1200 658 1306 692 Ὥσπερ
1321 654 1367 683 οὖν
1383 657 1397 682 6
1411 656 1439 682 ὲν
1453 654 1491 690 τῷ
1504 654 1560 681 ὄντι
1575 653 1613 680 ὢν
1635 654 1664 679 ἐν
1682 652 1720 687 τῷ
1739 649 1808 678 εἷναί
1828 652 1902 681 ἐστιν,

1127 703 1213 735 οὕτως
1231 704 1244 730 ὸ
1268 705 1297 730 ὲν
1321 702 1366 738 τῷν
1374 701 1460 728 οὐδενὶ
1487 700 1630 735 γενόμενος
1647 698 1734 734 (τοῦτο
1755 697 1784 724 δέ
1800 698 1869 724 ἐστιν
1889 698 1904 731 ἡ

1126 750 1221 784 κακία)
1244 748 1436 782 ὲξουδένωται,
1449 747 1538 778 καθὼς
1559 745 1684 781 ὀνομάζει
1705 746 1718 771 6
1733 745 1820 778 λόγος.
1838 744 1867 770 Ἠ
1880 743 1905 769 δὲ

1127 794 1238 829 τοιαύτη
1253 794 1298 820 τοῦ
1314 793 1393 828 λόγου
1403 793 1511 829 χρῆσις,
1526 792 1668 828 τέτριπταί
1683 800 1741 822 πως
1756 792 1784 817 ἐν
1799 792 1830 826 τῇ
1846 798 1902 816 συν-

288 847 343 874 huli
358 847 443 879 notio,
469 846 552 873 etiam
568 846 709 873 communi
726 845 899 880 loquentium
925 848 1077 873 consuetu—

1131 839 1206 875 ηθείᾳ
1220 839 1274 866 τῶν
1300 837 1488 874 κεχρημένων.
1506 838 1549 869 Ὠς
1575 838 1624 872 τὴν
1648 836 1750 873 τροφὴν
1776 837 1805 862 ὲν
1831 836 1905 871 σαρκὶ

287 893 351 919 d.ne
379 892 454 919 trita.
484 891 607 918 Dicimus
633 892 705 918 enim
730 891 823 918 cibum
850 891 878 917 in
900 897 982 917 carne
999 897 1076 917 rece-

288 943 373 972 ptum,
390 945 501 965 carnem
519 936 589 970 ﬁeri,
611 940 638 964 et
650 937 744 964 vinum
757 943 835 971 aquae
854 935 988 967 infusum,
1015 934 1073 962 ﬁeri

287 992 385 1018 aquam
399 1006 405 1017 ,
423 983 582 1018 ferrumque
600 983 627 1010 in
652 984 716 1018 igne
744 983 902 1018 ignescere:
930 982 970 1009 sic
987 986 1014 1009 et
1042 982 1076 1014 is,

287 1030 333 1065 qui
353 1030 387 1057 ab
403 1038 437 1057 eo
457 1030 530 1065 quod
544 1035 596 1062 est,
621 1030 724 1058 excidit
753 1034 780 1057 et
802 1029 836 1056 ad
854 1029 924 1056 nihil
945 1027 1075 1059 deﬂectit,

287 1076 314 1103 in
340 1076 457 1103 nihilum
481 1084 591 1111 quoque
613 1067 739 1103 converti
775 1079 849 1102 recte
872 1074 983 1101 dicitur.
1005 1073 1078 1108 Ergo

287 1122 427 1149 annulatio
439 1126 481 1149 est
499 1130 552 1149 non
563 1121 725 1149 exsistentia
741 1121 767 1148 in
781 1121 864 1151 bono,
888 1127 949 1155 quae
967 1119 1002 1146 ad
1019 1119 1076 1154 pri-

288 1175 346 1195 mos
360 1171 486 1195 auctores
498 1168 620 1199 malitiae,
638 1167 688 1194 hoc
698 1170 752 1198 est,
773 1165 808 1193 ad
821 1167 924 1200 primos
951 1164 1078 1192 homines

287 1220 349 1239 cum
365 1212 491 1245 venisset,
505 1213 586 1239 etiam
608 1212 640 1240 ad
663 1216 837 1247 posterorum
856 1210 1076 1241 successionem,

288 1258 374 1285 instar
412 1259 558 1293 perniciosi
577 1258 722 1293 cujusdam
760 1257 882 1285 ﬂuminis
917 1256 1004 1284 elfusa
1025 1259 1075 1282 est.

288 1304 434 1338 Postquam
460 1304 541 1340 igitur
559 1309 656 1331 natura
685 1303 844 1337 hujusmodi
875 1309 989 1329 munere
1009 1302 1076 1328 orba

289 1350 351 1382 l'uit,
367 1350 422 1376 vita
436 1350 558 1384 inquam,
586 1350 723 1384 homoque
746 1357 761 1376 a
790 1353 911 1383 raptore,
940 1348 987 1383 qui
1011 1347 1079 1374 divi-

288 1403 351 1422 nam
369 1395 586 1423 benedictionem
609 1395 756 1430 surripuit,
778 1394 810 1421 ad
825 1397 1016 1429 paupertatem
1038 1401 1079 1420 re-

288 1441 386 1470 dactus
398 1446 457 1474 est;
477 1442 619 1477 subjungit
634 1450 640 1468 :
657 1451 666 1467 ‹
683 1441 794 1475 Adjuvit
806 1447 953 1475 pauperem
969 1439 1004 1466 de
1017 1439 1078 1466 ino-

289 1489 343 1523 pia.
358 1498 367 1514 ι
389 1487 477 1522 Ipsius
496 1489 568 1515 enim
592 1492 713 1522 egestate
729 1495 779 1515 nos
805 1487 886 1514 dilati
909 1494 1015 1514 sumus.
1042 1486 1075 1513 Et

1127 886 1275 920 γενομένην
1289 905 1296 917 ,
1313 883 1535 920 ἁποσαρκοῦσθαι
1561 883 1691 918 λέγομεν,
1712 883 1760 910 κα)¹
1781 882 1825 909 τὸν
1843 880 1905 908 οἶνον

1127 931 1272 967 ἐκχεθέντα
1290 931 1328 966 τῷ
1347 930 1423 957 ὕδατι
1445 929 1655 965 ἐξυδαροῦσθαι·
1670 929 1718 956 καὶ
1737 930 1766 956 ὲν
1788 928 1825 963 τῷ
1843 929 1903 962 πυρὶ

1129 978 1173 1004 τὸν
1187 978 1293 1013 σίδηρον
1311 976 1496 1012 ὲκπυροῦσθαί
1512 984 1602 1011 φαμεν
1623 982 1629 989 ·
1644 974 1714 1001 οὕτω
1729 975 1777 1001 καὶ
1796 975 1840 1001 τὸν
1855 974 1906 1009 (58)

1129 1024 1175 1050 τοῦ
1191 1024 1266 1055 ὄντος
1287 1024 1453 1054 ἐκπεσόντα,
1468 1023 1496 1049 ὲν
1511 1022 1551 1057 τῷ
1573 1021 1659 1048 οὐδενὶ
1682 1022 1823 1056 γενόμενον
1838 1020 1905 1053 ἐξου-

1128 1069 1281 1096 δενοῦσθαι’
1295 1068 1390 1096 οὐκοῦν
1405 1069 1420 1104 ἡ
1435 1068 1608 1101 ὲξουδένωσις
1627 1068 1643 1103 ή
1661 1068 1690 1093 ὲν
1707 1067 1745 1102 τῷ
1760 1066 1852 1101 ἀγαθῷ
1865 1066 1906 1092 ἀν-

1127 1115 1247 1150 υπαρξία
1261 1115 1343 1142 ἐστίν.
1359 1113 1432 1150 Αὕτη
1448 1114 1476 1141 δὲ
1495 1115 1540 1140 ἐπὶ
1563 1114 1627 1146 τοὺς
1643 1113 1778 1149 ἄρξαντας
1795 1113 1844 1147 τῆς
1864 1120 1906 1138 κα-

1129 1161 1190 1193 κίας
1202 1183 1209 1194 ,
1225 1161 1374 1193 τουτέστιν,
1392 1161 1437 1186 ἐπὶ
1453 1161 1515 1191 τοὺς
1542 1159 1667 1195 πρώτους
1689 1158 1847 1194 ἀνθρώπους
1865 1158 1904 1184 ὲ).-

1130 1207 1222 1240 θοῦσα,
1242 1207 1367 1242 καθάπερ
1385 1215 1412 1233 τι
1427 1206 1515 1242 ῥεῦμα
1535 1205 1661 1242 πονηρὸν,
1674 1206 1722 1232 καὶ
1739 1205 1786 1231 ἐπὶ
1797 1205 1845 1240 τὴν
1860 1203 1906 1230 τῶν

1129 1254 1325 1288 ἐπιγινομένων
1338 1253 1462 1288 διαδοχὴν
1479 1252 1600 1287 ὲξεχέθη.
1623 1252 1699 1277 Ἐπεὶ
1716 1249 1763 1277 οὖν
1778 1249 1907 1285 ἐπτώχευ-

1130 1307 1174 1326 σεν
1187 1299 1204 1333 ἡ
1219 1298 1298 1332 φύσις
1320 1298 1367 1324 τοῦ
1384 1298 1505 1324 τοιούτου
1525 1298 1672 1332 κτήματος,
1683 1297 1732 1331 τῆς
1748 1296 1821 1331 ζωῆς
1834 1295 1908 1329 λέγω,

1130 1345 1176 1371 καὶ
1190 1344 1275 1379 πένης
1288 1345 1303 1370 6
1317 1343 1459 1380 ἄνθρωπος
1475 1343 1527 1370 ὑπὸ
1537 1343 1583 1370 τοῦ
1603 1343 1719 1369 κλέπτου
1742 1340 1908 1376 ἐγένετο,τὴν

1130 1389 1204 1416 θείαν
1219 1389 1342 1425 manest;
1357 1389 1491 1424 εὐλογίαν.
1507 1388 1551 1416 διὰ
1562 1389 1640 1416 τοῦτό
1653 1397 1744 1424 φησιν,
1760 1389 1801 1415 ὅτι
1814 1397 1823 1413 ι
1835 1387 1908 1421 ἐϐοή-

1130 1435 1195 1471 θησε
1213 1436 1308 1470 πένητι
1327 1436 1360 1462 ἐκ
1374 1435 1518 1470 πτωχείας.
1533 1445 1541 1461 ι
1559 1436 1597 1471 Τῇ
1612 1435 1666 1471 γὰρ
1679 1436 1783 1461 ἐκείνου
1799 1432 1909 1468 πτωχείᾳ

1128 1483 1208 1516 ἡμεῖς
1223 1481 1436 1517 ἐπλουτήσαμεν.
1446 1481 1501 1508 Καὶ
1515 1481 1589 1507 ἔθετο
1603 1481 1700 1512 αὐτοὺς
1707 1481 1721 1507 ὁ
1730 1479 1832 1514 ποιμὴν
1841 1479 1854 1504 ὁ
1864 1486 1909 1504 κα-

290 1533 383 1566 posuit
401 1532 462 1559 illos
483 1533 571 1560 bonus
587 1536 690 1567 pastor,
719 1532 782 1559 loco
809 1532 961 1562 brutormn,
991 1540 999 1556 ι
1012 1538 1077 1558 oves

1131 1528 1174 1559 λδς
1184 1527 1372 1563 ἀντιθηρίων,ι
1381 1526 1502 1561 πρόόατα
1514 1526 1636 1560 πατριᾶς·
1645 1522 1776 1558 »πατριὰν
1783 1524 1811 1550 δὲ
1820 1521 1911 1557 ὀνομάο

291 1578 410 1605 Γυηιὶίίαι.
427 1588 436 1603 ι
460 1577 602 1605 Familiam
615 1579 738 1605 nominat
758 1581 861 1604 coetum
888 1581 916 1605 et
939 1576 1080 1604 collectio-

290 1633 354 1653 num
368 1626 505 1653 rationum
522 1626 555 1653 ad
569 1625 692 1653 divinum
709 1633 810 1652 numen
819 1624 998 1652 obtinendum
1013 1630 1080 1650 con—

290 1671 468 1702 ducentium;
493 1670 723 1705 quemadmodum
755 1674 782 1697 et
813 1669 912 1696 l’aulus
936 1672 1077 1696 testatur:

293 1726 302 1742 ι
320 1716 358 1743 Ex
373 1723 427 1750 quo
441 1716 532 1743 omnis
550 1716 652 1743 familia
671 1721 697 1743 et
713 1716 739 1743 in
756 1716 837 1748 cmlo,
855 1720 882 1743 et
898 1716 925 1742 in
942 1719 1012 1742 terra
1028 1721 1080 1741 no-

291 1763 457 1789 minatur”.
476 1771 486 1788 ι
516 1762 598 1789 Addit
624 1767 717 1797 postea
734 1770 743 1789 :
761 1771 770 1787 ι
786 1761 923 1790 Videbunt
952 1762 1021 1789 recti
1052 1766 1079 1788 et

290 1809 435 1839 timebunt,
449 1818 458 1834 ι
475 1816 530 1844 quo
542 1809 688 1844 signiﬁcat,
707 1808 824 1843 justum,
847 1808 911 1835 dum
935 1808 1030 1835 oculos
1047 1806 1081 1834 ad

290 1859 395 1882 tantam
411 1855 455 1882 Dei
469 1855 667 1890 benignitatem
680 1855 830 1886 convertit,
854 1859 977 1882 metuere
993 1864 999 1882 :
1017 1862 1079 1881 nam

290 1901 478 1929 eiustodiendis
499 1902 578 1928 bonis
606 1909 660 1928 non
686 1901 825 1929 modicum
853 1900 1010 1934 praesidium
1039 1904 1081 1927 est

290 1946 383 1976 timor.
405 1946 450 1980 qui
475 1947 672 1980 prmtcritornm
697 1946 886 1974 recordatione
905 1946 939 1973 ad
966 1949 1081 1973 eventus

291 1989 401 2017 futuros
420 1989 588 2017 moderatum
603 1990 685 2018 emcit
703 1996 779 2022 eum,
795 1997 876 2025 quem
893 1997 975 2025 prava
990 1989 1080 2024 aliqua

291 2035 400 2062 aﬂectio
428 2036 568 2068 concitat;
596 2037 643 2071 qui
672 2036 788 2071 proinde
813 2036 878 2063 dum
912 2036 1080 2067 dominatur,

292 2088 456 2116 omnemque
481 2082 618 2109 laxitatea
634 2082 714 2109 nobis
739 2082 771 2109 ad
792 2087 934 2116 peccatum
953 2077 1081 2108 introdu-

291 2131 362 2153 clant
379 2127 538 2154 facilitatem
553 2127 738 2160 exterminat,
766 2136 776 2153 ι
789 2135 851 2156 mox
868 2128 962 2154 onmis
977 2127 1081 2162 iniqui-

293 2177 344 2204 tas,
358 2181 368 2198 ι
383 2173 481 2208 inquit,
515 2173 671 2208 coppilabit
687 2181 720 2201 os
742 2181 832 2201 suum.
853 2183 862 2199 ι
892 2173 978 2205 Quam
1002 2174 1082 2201 beata

293 2218 339 2245 illa
355 2219 419 2252 vita,
439 2219 465 2245 in
481 2227 535 2254 qua
555 2219 709 2254 iniquitatis
726 2227 767 2252 os,
787 2219 867 2255 quasi
886 2219 987 2255 aliquis
1007 2220 1082 2246 omni

293 2265 366 2298 t'ons,
388 2265 415 2292 in
434 2271 595 2300 perpetuum
613 2267 784 2299 obstruetur,
805 2275 859 2294 non
878 2267 1081 2301 ampliustetro

293 2311 344 2338 hoc
359 2311 443 2339 odore
465 2312 547 2338 vitam
571 2312 716 2340 humanam
742 2313 945 2341 contaminatis.
971 2313 1022 2340 Hic
1043 2318 1085 2340 est

292 2357 430 2384 bonorum
455 2358 577 2385 omnium
606 2363 710 2390 vertex.
740 2363 768 2386 et
791 2359 883 2386 omnis
906 2359 963 2394 spei
990 2362 1083 2393 caput,

294 2403 358 2431 ﬁnis
377 2403 463 2431 totius
478 2404 670 2435 beatitudinis.
697 2405 829 2432 nimirum
852 2409 882 2432 ut
903 2409 1006 2435 natura
1028 2412 1085 2431 am-

295 2448 367 2483 plius
388 2456 443 2475 non
464 2449 589 2476 turbetur
603 2457 618 2476 a
636 2449 750 2482 malitia,
772 2451 819 2478 sed
836 2451 967 2478 utomnis
984 2449 1086 2484 iniqui-

294 2499 337 2521 tas
353 2494 447 2529 procul
464 2494 625 2530 ablegetur;
645 2492 706 2531 quae
724 2496 796 2523 hami
814 2497 865 2523 alia
887 2496 980 2526 fuerit,
1002 2503 1085 2530 quam

295 2541 354 2572 ipse
382 2539 537 2575 iniquitatis
567 2547 703 2576 repertor.
729 2542 785 2569 lloc
813 2543 885 2570 enim
911 2542 1086 2570 collec1ivum

295 2583 362 2611 illud
378 2585 553 2618 vocabulum,
569 2587 666 2620 omnis,
688 2587 845 2623 signiﬁcat;
868 2587 1028 2616 obstruetur
1047 2588 1087 2615 vi-

333 2651 353 2667 ”
366 2651 461 2680 Matth.
473 2661 533 2685 vtn,
555 2654 596 2681 12.
637 2655 658 2670 "
672 2654 771 2690 Eplies.
789 2663 830 2688 ιιι,
847 2655 890 2684 15.

331 2719 387 2751 (57)
402 2719 495 2746 Αὐτῶν
510 2719 572 2747 add.
587 2721 629 2747 ed.

332 2753 461 2786 (58).”Ex.
476 2755 519 2782 ed.

334 2788 390 2822 (59)
405 2789 441 2815 Τὸ
498 2790 567 2816 κατὰ
584 2789 681 2824 λόγων,
699 2791 742 2819 ed.

335 2823 390 2855 (60)
407 2823 522 2856 Παῦλος.
539 2825 582 2852 cd.

1130 1572 1181 1605 ζει,
1192 1573 1223 1599 τὸ
1235 1571 1361 1607 σύστημα
1371 1571 1424 1598 τῶν
1437 1572 1476 1603 εἰς
1488 1571 1532 1598 τὸν
1541 1572 1610 1598 θεῖον
1627 1571 1776 1603 κατάλογον
1791 1569 1844 1604 (59)
1855 1576 1910 1594 συν-

1130 1618 1286 1645 τελούντων.
1296 1616 1391 1648 Ὠςκαὶ
1399 1618 1413 1643 6
1425 1615 1585 1646 Ἀπόστολος
1597 1615 1739 1650 (60)λέγει·
1747 1624 1756 1639 ι
1772 1615 1817 1648 Ἐξ
1827 1611 1856 1640 οὗ
1863 1613 1911 1639 πᾶ·

1132 1670 1165 1688 σα
1174 1660 1276 1696 πατριὰ
1287 1661 1315 1686 ὲν
1330 1659 1446 1695 οὐρανῷ,
1458 1660 1505 1686 καὶ
1519 1659 1566 1686 ἐπὶ
1578 1660 1628 1695 γῆς
1639 1660 1813 1694 ὀνομάζεται.
1832 1669 1840 1684 ι
1853 1656 1911 1684 Εἶτα

1131 1706 1227 1740 ἐπάγει
1243 1714 1249 1721 ·
1271 1707 1311 1732 ὅτι
1333 1715 1342 1732 ι
1366 1706 1478 1741 ὅψονται
1495 1705 1592 1737 εὑθεῖς,
1613 1705 1660 1732 καὶ
1679 1705 1885 1740 φοϐηθήσονται.
1900 1711 1910 1727 ν

1132 1753 1270 1779 Διδάσκων
1286 1752 1329 1778 διὰ
1339 1751 1393 1778 τῶν
1408 1751 1560 1786 εἰρημένων
1572 1751 1611 1778 ὅτι
1625 1751 1693 1786 πρὸς
1704 1751 1753 1786 τὴν
1771 1749 1912 1785 φιλανθρω-

1133 1798 1198 1824 πίαν
1214 1798 1314 1832 ταύτην
1329 1797 1434 1832 βλέπων
1455 1798 1469 1823 ὁ
1492 1797 1572 1828 εὐθὺς
1589 1796 1733 1830 φοϐείσθω.
1753 1797 1791 1823 Οὐ
1806 1795 1859 1830 γὰρ
1872 1803 1911 1830 μι-

1133 1845 1198 1880 κρὺν
1212 1844 1265 1870 τῶν
1291 1843 1400 1877 ἀγαθῶν
1423 1843 1606 1878 φυλακτήριον
1622 1844 1636 1869 ὁ
1650 1842 1732 1877 φὸὕος
1751 1842 1863 1877 γίνεται1
1882 1840 1910 1874 τῇ

1135 1891 1229 1926 μνήμῃ
1243 1890 1296 1916 τῶν
1317 1890 1520 1925 προγεγονότων
1539 1889 1608 1925 πρὸς
1629 1890 1660 1915 τὸ
1674 1888 1774 1923 ἑφεξῆς
1790 1885 1913 1922 σωφρονί-

1133 1936 1186 1968 ζων
1211 1936 1255 1962 τὸν
1278 1935 1307 1962 ὲν
1327 1935 1409 1962 πάθει
1430 1935 1584 1970 γενόμενον.
1610 1931 1647 1961 Ub
1674 1933 1910 1969 κατακρατοῦντος.

1133 1981 1181 2007 κα).
1200 1982 1290 2007 πᾶσαν
1308 1980 1356 2015 τὴν
1373 1980 1416 2006 διὰ
1436 1980 1599 2015 χαυνότητος
1613 1979 1681 2014 πρὸς
1697 1978 1727 2005 τὸ
1746 1979 1831 2006 κακὸν
1846 1984 1912 2011 γινο-

1135 2025 1218 2061 μένην
1234 2025 1358 2052 εὐκολίαν
1375 2024 1452 2060 ήμῶν
1467 2023 1645 2060 ὲξορίζοντος,
1664 2033 1672 2047 ι
1689 2024 1775 2055 πᾶσα,
1792 2033 1800 2048 ι
1822 2022 1911 2057 φησιν,

1136 2082 1146 2097 ‹
1163 2071 1261 2107 ἀνομία
1276 2071 1409 2106 ἐμφράξει
1423 2071 1453 2097 τὸ
1465 2070 1553 2105 στόμα
1568 2071 1661 2106 αὐτῆς.
1681 2080 1690 2096 ι
1705 2070 1748 2102 Ὠς
1764 2067 1913 2106 μακάριοςό

1135 2118 1191 2153 βίος
1208 2118 1320 2148 ἐκεῖνος,
1341 2118 1370 2144 ὲν
1386 2114 1408 2151 ᾧ
1429 2117 1459 2143 τὸ
1480 2117 1528 2153 τῆς
1545 2117 1660 2152 ἀνομίας
1680 2116 1778 2152 στόμα,
1798 2112 1912 2148 καθάπερ

1135 2172 1177 2194 τις
1199 2163 1328 2198 βορϐόρου
1353 2163 1428 2198 πηγὴ
1448 2163 1515 2198 (61),
1534 2164 1574 2195 εἰς
1596 2163 1627 2189 τὸ
1642 2162 1766 2197 διηνεκὲς
1781 2159 1912 2197 ὲμφραγή-

1136 2218 1221 2241 σεται,
1239 2209 1330 2235 οὐκέτι
1353 2210 1386 2243 τῇ
1415 2208 1532 2244 δυσωδίᾳ
1555 2208 1600 2235 τὸν
1627 2208 1681 2235 τῶν
1696 2207 1846 2243 ἀνθρώπων
1862 2205 1913 2241 βίον

1135 2254 1328 2289 καταμολύνων
1340 2254 1406 2289 (62).
1414 2253 1490 2289 Αὕτη
1501 2255 1573 2281 ἐστὶν
1588 2255 1604 2290 ή
1615 2254 1669 2281 τῶν
1683 2253 1793 2288 ἀγαθῶν
1804 2250 1912 2288 κορυφὴ.

1134 2302 1165 2328 τὸ
1181 2301 1235 2328 τῶν
1252 2300 1366 2327 ἐλπίδων
1383 2300 1544 2335 κεφάλαιον,
1559 2300 1589 2327 τὸ
1612 2300 1699 2336 πέρας
1720 2300 1810 2335 πάσης
1834 2304 1913 2333 μακα-

1136 2348 1269 2383 ριότητος,
1287 2346 1317 2373 τὸ
1331 2346 1428 2382 μηκέτι
1442 2345 1603 2381 διοχλεϊσθαι
1615 2346 1668 2372 ὑπὸ
1691 2345 1789 2376 κακίας
1804 2343 1851 2379 τὴν
1867 2341 1913 2376 φύ-

1137 2401 1195 2420 σιν·
1218 2392 1286 2419 ἀλλὰ
1301 2391 1350 2427 τὴν
1373 2393 1462 2418 πᾶσαν
1488 2392 1601 2426 ἀνομίαν
1620 2390 1757 2427 (Baraba;
1775 2390 1797 2416 δ’
1822 2389 1854 2416 ἂν
1877 2387 1913 2420 εἴη

1135 2440 1150 2465 ὁ
1169 2438 1283 2474 εὑρετὴς
1308 2438 1357 2473 τῆς
1383 2438 1509 2473 ἀνομίας.
1525 2436 1611 2464 Τοῦτο
1627 2436 1681 2472 γὰρ
1702 2437 1718 2471 ἡ
1739 2430 1915 2471 περιληπτικὴ

1136 2484 1308 2519 διασημαίνει
1327 2483 1413 2519 φωνὴ,
1431 2482 1569 2519 ἐμφράξαι
1583 2482 1613 2509 τὸ
1627 2482 1714 2517 στόμα
1738 2482 1836 2511 ἐκεῖνο,
1857 2475 1885 2505 οὗ
1900 2478 1915 2511 ἡ

1137 2530 1214 2566 φωνὴ
1243 2530 1273 2556 τὸ
1300 2529 1439 2565 καταρχὰς,
1472 2529 1588 2556 θανάτου
1615 2528 1664 2564 ὓλη
1693 2529 1750 2560 τοῖς
1771 2525 1916 2562 ἀνθρώποις

1138 2578 1255 2610 ἐγένετο.
1277 2576 1363 2604 Ὅταν
1377 2574 1423 2603 οὖν
1440 2575 1592 2611 ἐξαιρεθείη
1609 2575 1663 2602 πᾶν
1676 2574 1706 2601 τὸ
1715 2573 1753 2610 τῷ
1772 2573 1827 2608 (64)
1847 2568 1914 2604 καλῷ

1174 2721 1230 2755 (6|)
1245 2719 1358 2753 Quidam
1374 2720 1453 2755 τομή.

1174 2756 1230 2790 (62)
1246 2756 1450 2791 Καταμολύνον,
1466 2756 1510 2782 ed.

1175 2791 1231 2827 (65)
1247 2790 1402 2827 Ϊβμφράξαι
1417 2790 1479 2818 add.
1495 2791 1539 2819 ed.

1177 2826 1232 2861 (64)
1248 2826 1292 2862 Τῷ
1307 2833 1362 2853 om.
1380 2828 1421 2853 ed.
