1986 3080
109 102 153 130 txt
809 103 839 131 IN
859 102 900 130 PS

952 101 1023 130 liOS.

1676 103 1729 130 ιιςε

108 158 304 192 ἀντικείμενον,
318 159 407 195 ἐκείνη
420 149 642 196 ἑκδέξεταιρήμᾶς
652 162 668 197 ὴ
679 160 851 193 κατάστασις,
862 157 896 195 ἦς

952 158 1045 185 lelicet
1062 164 1093 184 os
1106 157 1198 190 illius,‘
1212 157 1291 191 cujus
1320 164 1372 184 vox
1391 157 1470 185 initio
1496 157 1655 186 hominibus
1672 167 1730 186 ma~

109 205 192 236 λῠδείς
219 205 296 239 λόγος
315 205 436 241 μηνυτὴς
461 205 653 242 εὑρεθήσεται,
673 207 690 241 ἦ
710 215 753 238 τις
770 204 839 241 ὑπὲρ
856 204 894 230 ατ-

106 249 202 285 σθησίν
226 258 255 277 τε
277 249 323 276 καὶ
346 250 447 284 γνῶσιν
463 248 532 278 εἶναι
552 251 627 286 παρά
641 250 690 286 τῆς
711 250 785 282 θείας
803 247 894 284 φωνῆς

109 303 139 329 με
144 303 182 330 μα
185 294 328 331 ρτύρηται.
336 294 446 326 Τούτοις
452 295 548 329 ἐπάγει
557 295 683 331 καθάπερ
692 295 753 323 τινὰ
762 294 894 330 σφραγῖδα

110 341 155 373 τὶς
180 342 227 368 ἐπὶ
242 341 314 367 τέλει
328 341 418 375 φωνὰς
433 341 600 375 λέγων-(Τίς
612 342 703 376 σοφὸς,
717 341 764 369 καὶ
784 340 894 376 φυλάξει

107 387 193 413 ταῦτα
205 395 212 402 ’
229 387 275 413 καὶ
297 387 441 422 συνήσουσι
461 387 495 413 τά
513 386 573 421 ὲλέη
599 386 644 413 τοῦ
653 385 774 422 Κυρίου;
788 385 895 422 »ἐπειδὴ

107 432 162 468 γὰρ
178 431 258 464 διπλῆ
279 433 294 468 ἡ
313 432 362 467 τῆς
385 432 479 466 σοφίας
497 432 636 467 ἐνέργεια,
650 432 697 458 καὶ
710 433 727 467 ἡ
752 432 802 467 μέν
822 432 895 458 ἐστιν

108 477 270 512 ὲρευνητική
288 486 317 503 τε
343 478 392 504 καὶ
421 477 554 512 ζητητικὴ
576 476 631 503 τῶν
658 477 895 512 συμφερόντων,ή

107 523 134 549 δὲ
153 523 306 558 φυλακτικὴ
333 523 387 550 τῶν
412 522 592 558 εὑρεθέντων
612 521 645 548 τὸ
669 522 697 548 ἓν
726 522 776 557 τῆς
800 522 895 557 σοφίας

108 567 198 604 ἔργον,
213 568 242 595 τὸ
254 567 398 603 ζητητικὸν
411 568 492 601 λέγω,
505 567 661 594 πεπαῦσθαι
671 567 822 602 τηνικαῦτα
835 567 896 602 βού-

108 620 192 641 Αεται.
205 613 250 645 Εἰς
262 613 287 640 τί
296 613 349 648 γὰρ
362 614 394 648 τῇ
411 613 524 648 ζητήσει
535 612 693 648 χρησόμεθα
705 612 750 638 τοῦ
762 612 895 646 ζητουμέ-

109 669 155 688 νου
167 661 299 696 παρόντος
310 669 316 693 ;
334 659 362 687 ἓν
374 659 453 695 ἔργον
464 659 519 695 (65)
529 659 556 685 δὲ
571 659 648 694 μόνον
658 658 760 685 κελεύει
771 658 801 684 τὸ
811 657 897 684 λειπό-

109 714 190 740 μενον
207 705 338 738 γίνεσθαι,
350 705 423 737 ὅπως
435 704 468 731 ἂν
483 704 629 740 φυλαχθείη
644 704 675 730 τὺ
689 703 814 739 πορισθὲν
826 704 892 737 ἀγα-

109 749 240 783 θὺν,πρὺς
250 750 328 777 τοῦτο
342 750 391 785 τῆς
405 750 500 784 σοφίας
516 750 581 784 ἡμῖν
595 748 788 784 συνεργούσης.
805 748 852 779 Τίς
868 747 896 773 δὲ

109 797 132 832 ἡ,
142 795 231 830 σοφία,
243 796 289 822 καὶ
303 795 344 827 τίς
359 797 374 831 ἠ
393 795 446 822 τῶν
461 795 570 829 ἀγαθῶν
585 796 658 821 ἐστιν
675 794 798 829 φυλακῆς
813 794 843 820 τὸ
858 792 895 828 μὴ

945 203 1041 231 teriam
1070 202 1165 230 mortis
1195 202 1320 237 praebuit.
1349 203 1462 236 Quando
1488 203 1571 239 igitur
1589 204 1729 231 sublatum

945 248 1028 276 fuerit
1045 255 1126 276 Omne
1142 247 1207 275 illud
1224 247 1298 282 quod
1310 248 1382 275 bono
1402 247 1574 282 adversetur,
1599 254 1657 277 tum
1678 258 1728 278 nos

945 293 1077 328 suscipiet
1095 293 1140 320 ille
1157 295 1246 321 status
1274 300 1355 328 quem
1379 293 1454 320 nulla
1479 294 1568 322 oratio
1591 295 1731 330 explicare

945 342 1046 374 potest,
1058 338 1104 373 qui
1121 342 1148 365 et
1192 345 1304 366 sensum
1319 341 1345 366 et
1357 338 1564 374 intelligentiam
1602 340 1630 366 in
1644 341 1731 368 sacris

945 385 1057 412 Litteris
1074 391 1204 420 superare
1221 384 1364 411 dicitur".
1375 383 1425 412 His
1440 385 1567 413 omnibus
1586 386 1665 420 quasi
1688 387 1724 413 si-

945 431 1038 466 gillum
1051 430 1100 458 has
1113 433 1249 458 extremas
1259 438 1339 458 voces
1349 430 1471 466 adjungit
1481 437 1488 455 :
1499 440 1508 456 ι
1523 431 1591 463 Quis
1609 431 1730 466 sapiens,

945 481 973 504 et
987 476 1125 504 custodiet
1151 477 1221 509 haec,
1248 481 1274 504 et
1290 476 1424 512 intelliget
1448 477 1652 504 misericordias
1678 476 1731 503 Do-

946 521 1034 548 mini?
1045 518 1129 547 tCum
1138 518 1210 547 enim
1221 522 1361 556 sapientiae
1371 522 1444 550 actio
1462 522 1563 557 duplex
1576 523 1630 552 sit:
1645 523 1732 550 altera

947 574 1007 602 quaI
1019 566 1129 601 indagat
1141 570 1168 594 et
1177 567 1275 601 quaerit
1288 567 1376 599 utilia,
1395 567 1482 595 altera
1497 576 1559 603 quae
1577 572 1655 603 parta
1672 575 1732 595 ser-

947 615 1008 639 vat:
1024 612 1098 638 illam
1115 613 1223 647 quidem
1235 613 1375 647 sapientia:
1390 613 1537 646 actionem,
1560 621 1622 648 qua:
1645 614 1671 641 in
1689 613 1733 640 in-

947 656 1126 692 vestigatione
1144 657 1281 690 consistit,
1309 657 1410 685 indicat
1436 663 1502 685 tunc
1532 664 1702 686 cessaturam
1724 667 1731 685 :

946 703 1012 737 quid
1039 703 1111 730 enim
1132 710 1200 737 opus
1230 707 1272 731 est
1299 703 1490 738 inquisitione,
1515 711 1578 730 cum
1606 704 1632 731 id
1657 703 1731 739 quod

947 749 1091 783 quaeritur,
1105 749 1201 776 adest?
1220 749 1268 776 sed
1288 749 1402 776 alteram
1421 749 1610 777 tantummodo
1633 750 1733 777 durare

948 799 975 821 et
991 801 1070 829 agere
1088 795 1209 828 postulat
1228 798 1258 821 ut
1279 795 1379 822 bonum
1395 795 1521 830 adeptum
1549 796 1732 828 custodiatur,

109 841 244 872 ἀσυνέτως
253 841 301 876 τῆς
309 841 382 872 θείας
393 841 595 877 φιλανθρωπίας
603 840 684 875 ἔχειν.
694 839 722 866 '0
736 839 789 875 γὰρ
799 838 897 874 συνεὶς,

952 839 1093 875 adjuvaute
1109 848 1158 868 nos
1174 841 1206 867 ad
1222 841 1274 867 hoc
1298 841 1387 875 ipsum
1414 841 1558 876 sapientia.
1582 841 1648 875 Qum
1667 850 1732 869 vero

110 884 146 914 ὧν
156 886 316 922 τετύχηκεν,
326 887 376 913 οὐκ
387 887 419 913 ἂν
429 887 538 922 πρόοιτο
546 886 602 921 (66)
612 886 641 912 τδ
652 885 760 920 ἀγαθὸν,
770 882 799 911 οὗ
813 885 896 919 ἠξίω-

111 942 166 960 ται.
183 933 212 959 '0
225 933 252 959 δὲ
266 933 401 964 ἀσυνέτως
416 933 484 967 ἔχων
497 932 547 967 τῆς
559 932 677 968 χάριτος,
693 930 790 957 ταύτὸν
807 931 896 958 πείσε-

950 887 1007 914 haec
1022 889 1064 913 est
1082 887 1226 922 sapientia,
1245 890 1272 914 et
1293 887 1428 914 bonorum
1449 887 1593 915 custodia?
1614 886 1652 915 Ne
1669 888 1733 922 quis

949 931 1047 959 divina:
1073 932 1252 960 humanitatis
1282 936 1309 959 et
1343 932 1522 968 benignitatis
1547 933 1584 960 sit
1608 933 1686 961 rudis
1707 937 1734 960 et

112 988 153 1006 ται
171 981 227 1011 τοῖς
241 979 359 1014 τυφλοῖς,
374 980 398 1006 οἳ
417 980 588 1015 μαργαρίτην
603 979 619 1014 ἢ
632 978 795 1014 σμάραγδον,
811 978 898 1013 ἤτινα

952 977 1072 1013 ignarus.
1091 976 1158 1004 Nam
1172 978 1218 1012 qui
1235 977 1360 1013 intelligit
1375 985 1436 1012 quae
1458 981 1602 1005 assecutus
1627 981 1678 1010 cst,
1712 978 1735 1005 is

108 1025 162 1052 τῶν
178 1025 274 1060 τιμίων
286 1024 366 1052 λίθων
380 1026 408 1051 ὲν
418 1026 496 1060 χερσὶ
507 1025 642 1056 λαὸὀντες,
662 1024 700 1054 ὡς
717 1023 820 1059 ψηφίδα
838 1022 898 1049 τινὰ

952 1024 1109 1058 neutiquam
1127 1023 1256 1057 abiecerit
1267 1024 1368 1050 bonum
1382 1023 1459 1056 illud,
1472 1031 1528 1058 quo
1544 1023 1663 1051 donatus
1678 1026 1731 1050 est.

109 1072 288 1099 τῶν.είκαίων
306 1071 361 1107 (67)
377 1071 601 1107 ἀπορρίπτουσιν,
622 1069 717 1104 ἀγνοίᾳ
729 1068 775 1095 τοῦ
786 1068 899 1099 κάλλους

952 1069 986 1096 At
1006 1068 1052 1103 qui
1067 1069 1181 1103 gratiam
1196 1076 1250 1096 non
1263 1069 1400 1104 intelligit,
1413 1069 1439 1096 ei
1456 1069 1526 1096 idem
1542 1069 1640 1096 accidit
1661 1069 1735 1104 quod

112 1118 244 1149 ἀκουσίως
258 1117 440 1153 ζημιωθέντες
453 1116 500 1143 τοῦ
515 1117 565 1151 κτή
571 1124 663 1151 ματος.

952 1114 1043 1145 caecis,
1059 1114 1105 1148 qui
1123 1114 1297 1149 margaritam
1312 1114 1354 1140 vel
1365 1114 1550 1150 smaragdum,
1561 1115 1602 1141 vel
1618 1115 1735 1149 aliquem

111 1164 294 1198 pretiosorum
309 1163 428 1199 lapidum
448 1170 530 1190 manu
551 1167 683 1194 tenentes,
707 1165 737 1189 ut
752 1161 885 1189 calculum
904 1161 1019 1196 aliquem
1038 1161 1174 1195 vulgarent
1189 1164 1216 1187 et
1229 1161 1329 1195 passim
1346 1161 1454 1188 obvium
1481 1161 1622 1195 objiciunt,
1639 1162 1683 1196 qui
1701 1161 1736 1189 ob

110 1210 292 1244 ignorantiam
315 1209 527 1246 pulchritudinis
556 1216 616 1244 qua:
645 1208 671 1235 in
701 1212 776 1235 tanta
800 1215 830 1235 re
852 1208 932 1240 inest,
947 1215 978 1236 ea
997 1212 1094 1243 praeter
1107 1215 1184 1235 suam
1205 1208 1370 1234 voluntatem
1389 1207 1540 1242 privantur.

381 1278 578 1306 ΚΕΦΑΛΑΙΟΝ
597 1277 624 1304 6'
629 1297 635 1304 .

147 1337 255 1369 Ταύτας
271 1337 300 1363 δὲ
321 1337 371 1368 τὰς
386 1336 466 1363 πέντε
486 1335 540 1362 τῶν
558 1335 673 1370 ψαλμῶν
689 1334 849 1370 διαιρέσεις,
865 1334 899 1360 δι’

113 1385 152 1412 ὢν
178 1383 302 1419 καθάπερ
321 1382 396 1414 τινὰς
420 1381 539 1417 βαθμοὺς
562 1381 684 1415 ἀλλήλων
711 1379 899 1415 ὑπερανεστῶ-

113 1438 163 1461 τας
174 1429 230 1464 (68)
241 1428 311 1456 κατά
327 1436 386 1454 τινα
397 1427 499 1458 τάξεως
512 1426 670 1453 ἀκολουθίαν
684 1425 900 1460 κατανοήσαντες

1248 1275 1362 1304 CAPUT
1394 1275 1438 1303 ΙΧ.

986 1333 1048 1360 Ista:
1078 1332 1162 1367 igitur
1185 1337 1250 1359 sunt
1278 1331 1402 1366 quinque
1429 1331 1535 1366 partitae
1560 1329 1734 1359 Psalmorum

950 1379 1113 1411 divisiones,
1127 1378 1342 1414 quas’tanquam
1364 1377 1466 1412 gradus
1488 1377 1634 1412 quosdam,
1669 1377 1737 1404 alios

952 1426 1014 1453 aliis
1028 1425 1151 1455 altiores,
1168 1424 1318 1452 secundum
1345 1423 1490 1458 quamdam
1516 1423 1622 1450 ordinis
1639 1423 1737 1450 seriem

115 1475 148 1502 ὲκ
162 1474 217 1500 τῶν
237 1474 387 1509 εἰρημένων
401 1472 574 1508 διεκρίναμεν
588 1471 718 1507 σημείων,
733 1472 773 1498 ὅτι
785 1471 899 1497 ἑκάστου

952 1471 1153 1503 consideratas,
1173 1477 1206 1497 ex
1223 1468 1342 1503 propriis
1358 1468 1443 1503 signis
1462 1472 1489 1495 et
1506 1467 1615 1495 indiciis
1631 1468 1733 1495 discre-

115 1521 260 1555 τμήματος
276 1521 293 1554 ἡ
319 1518 463 1545 τελευταία
476 1518 552 1554 φωνὴ
571 1517 663 1544 στάσιν
679 1517 742 1544 τινὰ
758 1516 805 1543 τοῦ
822 1516 901 1550 λόγου

117 1566 163 1592 καὶ
175 1565 252 1600 βάσιν
266 1565 316 1600 τῆς
330 1563 448 1595 διανοίας
462 1563 518 1598 ἔχει
531 1583 539 1596 ,
557 1562 781 1599 περιγράφουσαν
796 1563 824 1589 ὲν
839 1562 903 1589 ἑαυ-

116 1613 150 1646 τῇ
167 1611 220 1637 τῶν
246 1609 458 1646 προηνυσμένων
481 1609 513 1636 τδ
536 1609 632 1644 πέρας,
649 1609 692 1635 διά
709 1608 758 1643 τῆς
769 1607 901 1641 δοξολογι-

117 1657 168 1692 κῆς
183 1665 212 1682 τε
237 1656 284 1682 καὶ
313 1655 473 1690 εὐχαρίστου
489 1655 580 1690 φωνῆς
594 1655 644 1690 τῆς
655 1651 902 1688 λεγούσης,ιΕὐλο-

117 1700 201 1736 γητος
214 1700 314 1736 Κύριος
330 1701 370 1731 εἰς
380 1700 425 1726 τὸν
439 1699 534 1730 αίῶνα,
545 1700 660 1734 γένοιτο,
668 1699 780 1734 γένοιτο,
790 1697 839 1724 »Τὸ
849 1695 902 1730 γὰρ

118 1747 207 1782 νόημα
223 1746 336 1777 τούτων,
358 1745 517 1781 εὐχαριστία
533 1744 574 1774 τίς
588 1742 643 1777 (69)
659 1744 732 1769 ἐστιν
746 1743 785 1773 εἰς
802 1741 831 1767 τὸ
845 1740 903 1775 διη-

117 1790 197 1822 νεκὲς
220 1790 435 1826 παραμένουσα·
464 1788 555 1823 ἐπειδὴ
579 1787 628 1814 οὐκ
651 1786 767 1818 εἰσάπαξ
790 1785 874 1813 εἰπὼν
889 1787 904 1812 ὁ

117 1836 197 1870 λόγος
208 1835 450 1869 ,Γένοιτο,ἔστησε
467 1834 514 1868 τὴν
539 1833 677 1867 εὐλογίαν,
693 1832 760 1859 ἀλλὰ
775 1833 807 1866 τῇ
825 1831 902 1867 δισσῇ

117 1880 250 1916 ἀναλήψει
269 1879 318 1913 τῆς
339 1878 430 1913 φωνῆς
446 1879 475 1904 ὲν
494 1879 527 1913 τῇ
550 1877 709 1913 εὐχαριστίᾳ
725 1876 862 1912 νομοθετεί
874 1875 904 1902 τὸ

117 1925 216 1952 ἀΐδιον.
238 1924 281 1950 Ἐν
294 1924 399 1958 ἑκάστῳ
413 1924 442 1950 δὲ
463 1924 541 1958 μέρει
563 1922 616 1949 τῶν
633 1923 701 1949 κατὰ
717 1922 750 1948 τὰ
766 1922 821 1956 (70)
834 1921 905 1957 τμή-

120 1979 193 2005 ματα
216 1969 302 1996 ταῦτα
324 1969 519 2003 διαιρεθέντων,
535 1968 600 1995 ῐδιόν
619 1976 645 1994 τι
667 1967 767 2001 ἀγαθὸν
791 1968 805 1994 ὁ
826 1966 904 2001 λόγος

118 2014 296 2050 ὲνεθεώρησε,
309 2015 342 2041 δι’
359 2012 389 2041 οὗ
405 2015 509 2048 γίνεται
525 2015 591 2049 ἡμῖν
606 2014 638 2040 ὲκ
654 2013 721 2040 Θεοῦ
737 2014 753 2048 ἡ
770 2012 903 2048 μακαριό-

119 2070 180 2096 της,
200 2061 270 2088 κατά
288 2069 348 2087 τινα
376 2059 451 2093 τάξιν
470 2058 616 2086 ἀκόλουθον
633 2058 688 2085 τῶν
714 2059 742 2085 ὲν
761 2058 817 2093 (71)
840 2058 905 2084 ἐκά-

121 2115 176 2142 στῳ
198 2105 390 2142 θεωρουμένων
406 2104 533 2139 ἀγαθῶν,
546 2104 589 2130 ἀεὶ
603 2103 670 2138 πρὸς
687 2103 719 2130 τὸ
739 2103 904 2138 ὑψηλότερον

951 1517 1052 1547 vimus,
1063 1516 1126 1550 quia
1143 1515 1277 1549 cujusque
1296 1514 1426 1542 sectionis
1442 1521 1492 1541 vox
1511 1514 1657 1541 terminum
1682 1521 1741 1541 ser-

952 1561 1027 1589 moni
1046 1566 1074 1588 et
1098 1565 1196 1588 metam
1223 1559 1382 1595 cogitationi
1404 1559 1494 1595 ponit,
1518 1559 1737 1594 circumscriptis

952 1606 1166 1642 praecedentium
1199 1605 1310 1636 ﬁnibus.
1345 1605 1504 1639 huiusmodi
1528 1605 1685 1632 laudatione
1713 1609 1737 1632 et

952 1654 1101 1688 gratiarum
1121 1652 1250 1678 actione:
1271 1660 1281 1676 ι
1302 1649 1465 1679 Benedictus
1482 1651 1615 1678 Dominus
1638 1652 1665 1678 in
1689 1658 1733 1678 sa:-

953 1699 1056 1730 culum,
1071 1697 1126 1729 fiat,
1144 1699 1200 1724 ttat.
1213 1706 1222 1722 ι
1243 1697 1346 1724 Sensus
1356 1697 1428 1724 enim
1445 1697 1487 1725 his
1503 1698 1662 1725 substratus
1672 1705 1734 1725 con-

952 1745 1021 1771 tinet
1035 1744 1186 1779 gratiarum
1203 1744 1337 1770 actionem
1351 1742 1380 1770 in
1397 1747 1557 1777 perpetumu
1568 1743 1733 1778 durantem;

953 1789 1172 1825 quandoquidem
1185 1789 1267 1816 semel
1283 1795 1386 1821 vocem,
1403 1801 1413 1817 ί
1429 1789 1484 1820 ﬂat,
1498 1797 1508 1814 ι
1531 1789 1666 1823 posuisse,
1683 1790 1738 1817 sic-

953 1842 1007 1870 que
1032 1833 1217 1861 laudationem
1243 1833 1407 1860 terminasse
1422 1840 1477 1860 non
1498 1838 1658 1866 contentus,
1677 1842 1737 1862 eam

953 1880 1074 1915 duplicat
1091 1889 1098 1906 :
1119 1887 1171 1914 qua
1194 1879 1318 1913 ejusdem
1348 1876 1424 1906 vocis
1451 1879 1597 1907 iteratione
1618 1880 1737 1907 insinuat

955 1930 983 1954 et
1001 1926 1145 1953 confirmat
1185 1924 1395 1959 perpetuitatem
1426 1925 1578 1960 gratiarum
1610 1926 1738 1953 actionis.

955 1971 1039 1998 Porro
1064 1971 1091 1997 in
1121 1969 1242 2004 qualibet
1266 1974 1344 2003 parte
1363 1969 1555 2003 praedictarum
1585 1971 1738 1997 sectionum

954 2016 1095 2052 proprium
1124 2015 1264 2051 quoddam
1290 2015 1391 2042 bonum
1424 2015 1643 2043 animadvertere
1666 2017 1738 2049 licet,

954 2068 1002 2095 per
1016 2059 1088 2096 quod
1105 2060 1184 2087 nobis
1201 2059 1340 2087 beatitudo
1365 2059 1486 2091 obvenit.
1514 2061 1666 2088 secundum
1694 2069 1740 2088 or-

954 2107 1045 2134 dinem
1065 2106 1222 2142 quemdam,
1239 2106 1286 2140 qui
1309 2105 1335 2132 in
1351 2105 1467 2140 singulis
1483 2105 1537 2133 illis
1555 2106 1634 2134 bonis
1648 2108 1740 2135 inesse

119 2152 170 2188 τὴν
182 2152 269 2187 ψυχὴν
285 2152 335 2178 om
341 2150 450 2186 ρτιθεὶς,
462 2149 500 2182 ὡς
519 2149 552 2177 ἂν
570 2149 616 2176 ἐπὶ
630 2149 660 2176 τὸ
677 2149 826 2186 ἀκρότατον
840 2149 900 2183 ἀφί-

957 2152 1148 2187 conspicitur;
1171 2158 1280 2185 semper
1306 2150 1338 2177 ad
1354 2150 1451 2176 altiora
1479 2150 1572 2178 animo
1599 2151 1738 2183 traducto,

120 2207 202 2233 κηται
214 2198 269 2233 (72)
284 2197 337 2224 τῶν
348 2196 467 2231 ἀγαθῶν.

155 2243 241 2270 Τοῦτο
258 2243 286 2269 δέ
312 2243 384 2269 ἐστιν
404 2243 418 2268 ὁ
441 2239 514 2272 αἶνος
534 2240 580 2267 τοῦ
601 2239 668 2266 Θεοῦ
691 2239 747 2275 (73)
774 2240 804 2266 ἐν
826 2240 907 2266 πᾶσιν

121 2289 209 2324 ἁγίοις
220 2287 469 2323 ἀποπληρούμενος,
481 2286 571 2317 καθὼς
591 2285 713 2320 περιέχει
727 2286 742 2311 ό
755 2285 907 2317 τελευταῖος

119 2334 228 2369 ψαλμὸς
235 2333 331 2368 λέγων’
343 2342 352 2358 ε
359 2334 461 2359 Αἰνεῖτε
470 2331 514 2358 τὸν
524 2330 590 2357 Θεὸν
598 2331 626 2357 ἐν
637 2332 692 2362 τοῖς
703 2331 789 2364 ἁγίοις
797 2329 888 2357 αὑτοῦ.
895 2340 904 2356 ι

122 2380 211 2407 Ὅπου
229 2379 283 2415 (74)
301 2387 310 2404 α
328 2379 358 2405 τὸ
372 2378 514 2414 στερέωμα
526 2376 575 2412 τῆς
588 2376 753 2411 δυνάμεως,ι
772 2376 802 2402 τὸ
815 2376 846 2402 ὲκ
860 2375 906 2402 τοῦ

121 2425 226 2460 ἀγαθοῦ
242 2425 435 2460 ἀμετάπτωτον
448 2422 647 2458 σημαίνει(75),
659 2421 706 2447 καὶ
717 2421 745 2447 at
758 2421 908 2448 δυναστεῖαι

121 2471 169 2498 τοῦ
179 2469 256 2502 Θεοῦ,
269 2469 299 2496 τὺ
311 2469 407 2504 μηκέτι
417 2468 469 2495 ὑπὸ
480 2468 578 2499 κακίας
585 2466 792 2494 δυναστεύεσθαι
802 2467 851 2503 τὴν
860 2467 910 2502 φύ-

161 2549 184 2565 ¹⁹
199 2547 316 2583 Philipp.
332 2554 369 2579 ιν,
384 2546 410 2574 7.
449 2545 470 2560 ¹¹
484 2545 555 2572 Psal.
572 2552 614 2577 CL,
632 2545 643 2570 t
659 2551 719 2579 sqq.

161 2628 217 2663 (65)
232 2627 367 2663 Ἑνεργόν,
379 2626 424 2663 e_d.

161 2661 217 2697 (66)
232 2661 354 2698 Προῒετο.
369 2661 400 2689 ed
406 2681 412 2688 .

162 2691 220 2742 (67)
246 2691 356 2732 Ᾰιίῳιοι
373 2695 537 2731 exemplaria
564 2694 636 2723 edita
661 2693 731 2720 male
754 2692 855 2719 habent
868 2691 909 2717 cl-

128 2742 223 2761 καιων.

163 2769 220 2802 (68)
238 2768 348 2802 Aliquot
368 2766 447 2793 codd.
463 2769 614 2801 ὑπερανεστ
626 2765 698 2795 τισας.

162 2804 217 2838 (69)
231 2803 278 2834 Tt;
290 2810 344 2830 om.
360 2802 404 2829 ed.

956 2198 1044 2225 donec
1061 2197 1093 2224 ad
1105 2204 1263 2232 supremum
1289 2196 1411 2223 omnium
1437 2196 1571 2222 bonorum
1592 2197 1739 2232 pertingat.

994 2243 1050 2270 Hoc
1067 2251 1131 2270 vero
1148 2243 1219 2277 quod
1237 2241 1364 2268 omnibus
1380 2248 1525 2268 commune
1535 2241 1597 2274 erit,
1613 2242 1649 2268 nil
1667 2243 1740 2269 aliud

957 2293 1009 2320 est,
1027 2297 1110 2323 quam
1127 2288 1216 2315 laudis
1235 2287 1334 2314 divina:
1358 2287 1588 2322 celebratio,qua:
1603 2289 1630 2315 in
1653 2289 1744 2316 omni-

957 2335 1009 2362 bus
1028 2334 1133 2361 sanctis
1149 2333 1348 2368 complebitur;
1364 2339 1444 2368 prout
1464 2333 1492 2360 in
1512 2337 1652 2368 postremo
1667 2335 1739 2369 psal-

958 2387 1004 2406 mo
1026 2379 1142 2407 habetur
1155 2387 1161 2406 :
1173 2389 1181 2404 ι
1188 2378 1308 2407 Laudate
1316 2379 1460 2407 Dominum
1467 2379 1495 2406 in
1503 2377 1696 2414 sanctisejus“
1708 2385 1729 2404 ε»

960 2424 1005 2451 ubi
1029 2424 1111 2450 etiam
1131 2433 1140 2449 ι
1153 2423 1353 2450 ﬁrmamentum
1375 2423 1485 2450 virtutis
1511 2422 1571 2457 ejus
1584 2431 1594 2448 ι
1615 2422 1744 2448 immuta-

960 2469 1041 2497 bilem
1061 2469 1244 2497 constantiam
1258 2469 1284 2496 in
1298 2469 1368 2496 bono
1382 2467 1517 2503 signiﬁcat
1531 2477 1539 2495 :
1553 2466 1742 2501 Principatus-

996 2618 1052 2652 (70)
1069 2618 1109 2645 Τὰ
1121 2625 1176 2644 om.
1193 2618 1241 2644 cd-

995 2652 1051 2688 (71)
1062 2654 1107 2680 Ἐν
1126 2660 1181 2679 om.
1193 2653 1234 2679 ed.

996 2685 1052 2722 (72)
1068 2687 1220 2722 Ἐφίκηται,
1235 2685 1279 2722 ed.

998 2719 1053 2758 (75)
1073 2719 1214 2758 ’θ’μηὸιέτι
1226 2721 1278 2758 ὑπὸ
1293 2720 1390 2752 κακίας
1404 2719 1466 2747 add.
1480 2719 1522 2747 ed-

999 2742 1055 2790 ἱίιῖς
1069 2742 1102 2784 AZ
1116 2742 1243 2783 ἐἶὲίὲἷὲάῖ

1001 2793 1056 2830 (75)
1072 2791 1258 2827 Διασημαίνει,
1277 2791 1319 2817 ed.
