1986 3080
111 85 158 114 £85

802 84 835 112 ΙΝ
848 85 1013 115 PSALMOS.

1650 111 1654 116 .
1674 88 1726 115 486

109 143 199 178 σοφίας
218 143 283 178 ἡμῖν
304 143 449 179 ὑπεδείχθη
463 164 469 176 ,
492 144 535 170 ἀεὶ
559 143 625 180 πρὸς
646 143 675 170 τὸ
693 143 785 179 μεῖζόν
799 153 828 170 τε
844 144 890 171 καὶ

949 145 1015 177 )liia,
1044 154 1103 181 qua:
1132 154 1239 181 semper
1260 147 1293 173 ad
1317 146 1420 180 majora
1445 149 1472 173 et
1496 147 1591 174 altiora
1619 146 1727 173 virtutis

109 189 267 224 ὑψηλότερον
290 189 340 223 τῆς
358 190 404 215 ἐπὶ
427 189 474 224 τὴν
497 190 596 225 ἀρετὴν
623 190 758 221 πολιτείας
781 191 888 217 ἐπεισά-

109 243 190 268 γουσα
206 235 260 269 (90)
280 234 342 265 τοὺς
355 234 397 261 διὰ
413 235 514 262 τούτων
536 236 604 271 πρὸς
619 237 649 262 τὸ
665 235 731 270 ὕψος
742 235 888 271 ὁδηγουμέ-

109 289 176 312 νους,
193 280 230 311 ὡς
244 281 274 307 ἂν
290 289 331 312 τις
345 280 388 306 ἐπ’
406 281 493 306 ἐκεῖνο
510 281 600 316 φθάσῃ
618 281 647 307 τὸ
667 281 766 316 μέτρον
777 282 826 316 τῆς
841 290 890 316 μα-

109 327 277 362 καριότητος,
289 323 318 352 οὗ
333 326 364 353 τὸ
375 327 503 353 ἐπέκεινα
514 326 573 353 οὕτε
587 327 670 362 ή(9ι)
687 327 791 354 διάνοια
807 328 891 362 χωρεί

110 373 269 407 ποχασμοίς
289 380 343 398 τισι
361 373 407 398 καὶ
431 372 567 404 ὑπονοίαις
584 372 813 406 ἀναλογίσασθαι,
830 372 890 399 οὔτε

109 418 184 451 λόγος
199 417 233 443 δι’
249 417 393 444 ἀκολούθου
405 417 435 443 τὺ
453 417 550 452 ἐφεξῆς
566 417 727 453 ἐξευρίσκει.
749 418 829 444 Ἀλλὰ
845 419 891 444 καὶ

109 463 126 498 ἡ
152 463 210 488 κατ’
232 462 325 489 ἐλπίδα
352 462 455 497 κίνησις
476 463 492 497 ἡ
515 462 651 497 πανταχοῦ
672 463 723 498 τῆς
746 463 892 498 ἐπιθυμίας

110 508 185 544 ἡμῶν
212 508 425 544 προεξαλλομένη
441 517 470 534 τε
487 508 533 535 καὶ
562 509 757 544 προτρέχουσα,
784 509 892 536 ἐπειδὰν

110 555 247 590 ὲμπελάσῃ
261 555 317 586 τοῖς
336 554 515 586 ἀνεικάστοις,
534 554 604 589 ἀργὴ
623 555 706 589 μένει.
724 544 760 583 Tt
779 555 808 582 δὲ
823 556 892 592 ὑπὲρ

109 599 197 631 τοῦτο,
212 601 334 634 κρεῖττον
356 599 371 635 ἢ
397 600 457 626 κατ’
471 600 564 626 ἐλπίδα
588 601 670 628 ἐστίν.
696 601 740 632 Ὠς
759 602 805 627 καὶ
826 601 892 636 αὑτὴ

110 646 152 672 διὰ
168 647 216 681 τῆς
232 645 415 680 θεωρηθείσης
429 645 531 677 τάξεως
550 646 566 680 ἡ
585 646 655 672 κατὰ
672 646 721 681 τὴν
737 645 893 681 ψαλμῳδίαν

114 691 255 725 φιλοσοφία
276 691 453 726 μαρτύρεται,
480 689 534 718 οἷόν
551 699 611 717 τινα
625 691 709 727 θύραν
725 691 773 717 καὶ
794 691 894 718 εἴσοδον

111 738 139 763 ὲν
160 739 213 768 τοῖς
235 737 350 772 πρώτοις
375 737 428 762 τῶν
447 736 533 770 λόγων
554 737 601 762 ἐπὶ
613 736 659 763 τὸν
676 737 810 772 μακάριον
826 736 893 771 βίον,

111 783 157 818 τὴν
171 783 217 809 τοῦ
241 782 326 809 κακοῦ
341 782 512 818 ἀναχώρησιν
531 783 597 818 ἡμῖν
618 782 794 815 ὑπανοίξασα.
810 782 895 809 Τοῦτο

940 193 1029 220 studia
1047 199 1094 220 cos
1121 193 1248 225 traducit,
1273 192 1319 226 qui
1341 192 1374 218 ad
1397 191 1571 226 perfectionis
1589 191 1727 226 fastigium
1768 221 1771 225 η

940 239 1001 272 ejus
1016 239 1146 273 auspiciis
1162 238 1227 265 eniti
1244 238 1403 268 moliuntur,
1424 242 1454 264 ut
1470 238 1503 264 ad
1521 238 1596 265 illum
1611 237 1728 265 beatitii~

941 284 1014 311 dinis
1030 288 1131 312 statum
1143 284 1172 311 'et
1188 283 1296 310 modum
1310 283 1392 310 homo
1404 283 1632 318 pertingat,ultra
1648 291 1727 317 quem

942 330 1100 364 cogitationi
1114 333 1224 362 nostrae,
1238 336 1273 356 ne
1286 328 1453 363 coujecturis
1465 329 1575 363 quidem
1592 328 1727 363 aliquibus

942 379 968 402 et
985 375 1190 410 suspicionibus
1207 374 1332 409 progredi
1355 374 1417 401 licet
1431 382 1438 406 ;
1454 379 1481 401 et
1502 374 1529 400 in
1550 381 1603 408 quo
1614 374 1640 400 id
1656 373 1728 408 quod

943 421 1011 447 ultra
1026 425 1078 452 est,
1096 428 1173 448 mens
1188 428 1276 455 neque
1291 420 1493 451 ratiocinando,
1510 420 1680 454 alterumque
1696 427 1728 446 ex

943 467 1028 494 altero
1040 466 1191 501 colligendo
1208 466 1307 500 reperit
1321 473 1328 491 :
1341 465 1388 493 sed
1404 470 1431 493 et
1446 465 1502 500 spei
1520 469 1619 492 nostrae
1635 464 1727 495 motio,

943 518 1003 546 qua:
1021 510 1120 545 ubique
1140 510 1268 538 desiderii
1283 510 1371 537 nostri
1388 509 1529 537 antevenit
1545 513 1571 536 et
1588 508 1730 544 praecurrit

944 565 1066 589 cursum,
1080 562 1224 592 postquam
1242 558 1269 584 in
1283 557 1328 584 illa
1342 556 1451 589 incidit,
1467 564 1528 590 qum
1545 556 1618 582 nulla
1634 554 1730 582 simili-

944 602 1037 633 tudine
1048 603 1162 637 exprimi
1174 607 1288 638 queunt,
1303 603 1414 638 fatigata
1427 606 1535 635 cessat;
1548 609 1609 628 nam
1619 600 1645 627 id
1658 599 1730 634 quod

945 657 1027 684 supra
1042 649 1107 676 illud
1124 653 1174 681 est,
1188 649 1260 675 omni
1282 656 1329 684 spe
1343 649 1439 676 melius
1452 652 1505 681 est,
1524 647 1596 683 quod
1611 647 1731 674 Psalmo-

945 703 1004 722 rum
1018 695 1153 727 doctrina,
1178 695 1237 729 ipsa
1255 694 1446 728 dispositione,
1464 694 1497 722 de
1520 701 1573 728 qua
1596 693 1729 719 hactenus

945 739 1141 771 disseruimus,
1151 743 1280 766 testatum
1294 739 1366 770 facit,
1383 746 1443 773 qua:
1454 739 1505 766 sub
1520 738 1626 764 initium
1642 744 1732 764 reces-

946 792 1006 811 sum
1029 792 1043 811 a
1071 784 1152 816 malo,
1178 785 1256 819 quasi
1279 788 1373 819 aperto
1393 785 1476 816 ostio,
1502 788 1529 811 et
1549 783 1684 818 patefacto
1698 782 1731 808 ad

110 817 163 864 γὰρ
188 829 216 856 αἱ
239 828 342 864 πρῶται
363 817 450 862 φωναὶ
465 828 514 863 τῆς
527 817 688 863 ψαλμῳδίας
713 827 893 860 διδάσκουσιν,

949 830 1142 857 beatitudinem
1154 817 1240 862 aditu,
1251 817 1393 857 constituit
1405 830 1513 865 {primis
1528 817 1600 857 enim
1613 828 1733 857 Psalmo-

111 875 196 909 ἀρχὴν
218 873 416 909 μακαριότητος
429 873 572 907 λέγουσαι,
595 873 646 908 τὴν
671 872 716 899 τοῦ
739 873 824 900 κακοῦ
850 873 894 899 ἀλ-

111 918 262 953 λοτρίωσιν.
292 916 356 945 Εἶτα
381 919 430 953 τὴν
457 919 488 944 ἐκ
523 918 569 945 τοῦ
598 918 680 953 νόμου
713 919 896 954 χειραγωγίαν

112 966 166 994 τοῖς
200 963 387 999 πλανωμένοις
423 963 604 998 προτείνασα,
637 959 683 998 τήν
714 973 742 990 τε
770 964 837 999 πρὸς
866 964 895 990 τὸ

112 1009 232 1040 ἀειθαλὲς
254 1009 331 1041 ξύλον
344 1009 472 1044 ὁμοίωσιν
486 1009 528 1035 διὰ
552 1008 600 1035 τοῦ
622 1008 742 1035 τοιούτου
762 1008 816 1043 βίου
833 1010 897 1035 ὑπο-

112 1053 240 1088 σχομένη,
256 1054 302 1080 καὶ
325 1054 357 1080 τὰ
374 1053 523 1089 σκυθρωπὰ
535 1054 588 1080 τῶν
601 1054 647 1090 τὴν
662 1055 785 1081 ἐναντίαν
801 1063 897 1091 τρεπο-

113 1099 200 1134 μένων
219 1099 277 1125 ὁδὸν
292 1099 464 1133 ὑποδείξασα,
491 1100 534 1127 διὰ
549 1100 601 1127 τῶν
621 1102 720 1136 ἐφεξῆς
740 1102 898 1128 ἀναϐάσεων

112 1145 179 1180 πρὸς
193 1145 222 1171 τὸ
237 1146 385 1180 ἀκρότατον
404 1147 463 1181 ἄγει
480 1147 525 1174 τοῦ
542 1148 714 1184 μακαρισμοῦ
727 1149 772 1174 τὸν
791 1149 823 1183 τῇ
844 1156 899 1183 χει-

113 1193 237 1227 ραγωγίᾳ
253 1192 338 1228 ταύτῃ
353 1193 494 1228 ἑπόμενον.
512 1193 596 1220 Τοῦτο
608 1194 661 1229 γάρ
678 1202 717 1220 σοι
732 1194 898 1220 ἐνδείκνυται

110 1238 128 1272 ὴ
146 1237 192 1263 τοῦ
205 1238 358 1265 τελευταίου
373 1239 481 1274 ψαλμοῦ
496 1239 611 1272 διάνοια,
626 1240 654 1265 ἑν
669 1236 691 1273 ᾧ
709 1240 777 1275 μετὰ
791 1240 836 1267 τὸν
848 1240 899 1275 τῆς

112 1282 211 1314 κακίας
227 1284 344 1319 παντελῆ
362 1284 514 1320 ἀφανισμὸν
534 1286 622 1313 πάντα
635 1285 690 1321 (92)
706 1287 734 1312 ἐν
751 1288 805 1318 τοῖς
826 1284 899 1313 οὖσιν

113 1328 178 1362 ἅγια
189 1328 328 1361 Exuimur).
342 1331 431 1357 πάντα
453 1331 520 1365 πρὸς
533 1331 578 1357 τὸν
598 1329 672 1358 αἶνον
687 1332 733 1358 τοῦ
752 1331 818 1358 Θεοῦ
833 1341 900 1366 συμ-

112 1375 244 1409 φωνήσει,
260 1376 302 1401 ὲπ¹
316 1375 377 1410 ῐσης
387 1376 415 1402 ὲν
429 1376 467 1411 τῷ
478 1376 583 1413 στερρῷ
595 1377 649 1413 (95)
662 1377 710 1412 τῆς
722 1378 859 1412 δυνάμεως
871 1377 901 1404 τὸ

112 1419 182 1455 πρὸς
199 1420 248 1455 τὴν
264 1420 362 1447 κακίαν
376 1421 508 1456 ἄτρεπτον
525 1422 720 1458 προσλαϐόντα,
740 1423 787 1450 καὶ
802 1425 834 1459 τῇ
851 1432 900 1459 με-

111 1465 255 1502 γαλωσύνῃ
271 1466 352 1493 αὐτοῦ
379 1467 424 1493 τὸν
442 1467 562 1503 εὔφημον
581 1466 646 1504 ἦχον
666 1467 721 1495 οἷόν
743 1478 795 1496 τινι
815 1478 897 1504 μεγα-
914 1482 934 1510 c

111 1510 224 1546 λοφὼνῳ
240 1511 370 1546 σάλπιγγι
389 1513 592 1548 συνεπαίροντα.
619 1513 703 1540 Ὅταν
720 1515 759 1545 είς
775 1513 838 1549 μίαν
855 1522 901 1548 χο-

114 1557 258 1591 ροστασίαν
275 1558 447 1593 συναρμοσθῇ
469 1559 543 1585 πᾶσα
557 1559 574 1594 ὴ
591 1558 688 1590 κτίσις,
705 1559 758 1586 τῶν
774 1568 802 1585 τε
819 1560 901 1595 ὑπερ-

112 1603 256 1638 κειμένων,
270 1604 322 1630 τῶν
338 1613 367 1630 τε
385 1604 590 1640 ὑποϐεϐηκὸτων
608 1605 744 1638 ἁπάντων,
768 1606 815 1633 καὶ
831 1615 902 1642 κυμ-

113 1648 196 1675 ϐάλου
215 1649 292 1684 δίκην
307 1651 323 1685 ἡ
338 1650 419 1685 νοητὴ
434 1651 535 1684 κτίσις,
557 1650 604 1677 καὶ
624 1651 641 1684 ὴ
656 1651 703 1678 νῦν
719 1651 752 1677 δι’
765 1652 901 1686 ἁμαρτίας

115 1695 304 1731 μεμερισμένη
315 1716 322 1728 ,
338 1697 384 1723 καὶ
399 1697 530 1723 διεστῶσα
548 1697 593 1723 τὸν
610 1696 711 1730 ἀγαθὸν
725 1694 789 1733 ἦχον
806 1697 837 1723 ὲκ
854 1699 902 1732 τῆς

113 1740 253 1775 ἡμετέρας
268 1741 424 1776 συμφωνίας
437 1741 604 1770 ἀποτελέσει,
617 1742 701 1768 Ὅταν
713 1742 853 1778 συνδράμῃ
865 1742 903 1777 τῷ

114 1786 254 1822 ἀγγελικῴ
270 1787 298 1812 τὸ
313 1786 454 1822 ἡμέτερον·
476 1787 523 1813 καὶ
539 1787 709 1814 ἀναλαϐοῦσα
728 1788 782 1822 (94)
804 1788 903 1822 ἑαυτὴν

115 1833 149 1858 ὲκ
160 1832 209 1867 τῆς
223 1832 379 1867 συγχύσεως
389 1833 405 1867 ἡ
418 1832 477 1859 θεία
487 1832 649 1868 παράταξις,
662 1833 706 1859 ἐπὶ
716 1833 755 1868 τῷ
765 1834 837 1868 φόνῳ
847 1833 903 1868 (95)

114 1876 171 1902 τῶν
186 1877 322 1912 πολεμίων
336 1877 462 1910 ἀλαλάξει
478 1877 516 1912 τῷ
529 1877 699 1912 τροπαιούχῳ
712 1877 742 1904 τὸ
760 1878 902 1904 ἐπινίκιον.

116 1924 184 1950 Τότε
198 1923 299 1957 γίνεται
314 1923 402 1958 πάσης
418 1923 501 1958 πνοῆς
512 1923 526 1949 ὁ
536 1921 609 1955 αἶνος
626 1924 665 1955 είς
679 1924 721 1950 ἀεὶ
737 1924 904 1958 παρατείνων

115 1969 167 2005 τὴν
185 1970 274 2005 χάριν,
295 1971 341 1996 καὶ
356 1970 389 1996 δι’
411 1969 550 2004 αὐξήσεως
570 1969 724 2001 πλεονάζων
740 1971 778 2001 εἰς
798 1970 827 1997 τὸ
848 1970 906 2006 διη-

115 2015 196 2046 νεκὲς
208 2016 238 2041 τὸ
255 2017 398 2051 μακάριον,
417 2016 504 2042 ἐκεῖνο
522 2015 593 2050 λέγω
607 2015 638 2042 τὸ
657 2015 741 2047 ὄντως
760 2015 904 2051 μακάριον·

116 2062 162 2096 ἐφ’
177 2060 207 2087 οὗ
224 2062 303 2097 ἀργεῖ
325 2063 400 2098 μὲνὴ
418 2061 580 2097 στοχαστικὴ
596 2062 659 2097 περὶ
672 2061 720 2096 τὴν
737 2062 835 2095 γνῶσιν
847 2062 905 2088 διά-

116 2117 188 2141 νοια,
211 2109 290 2143 ἀργεῖ
305 2108 333 2134 δὲ
348 2109 394 2134 καὶ
410 2108 425 2143 ἡ
446 2108 588 2142 ὲλττιστικὴ
601 2107 678 2142 ἡμῶν
692 2108 824 2143 ἐνέργεια.
844 2109 906 2135 Δια-

947 883 1007 901 rum
1020 874 1109 902 verbis
1123 876 1255 902 asscritur
1270 875 1449 902 beatitudinis
1467 875 1630 909 principium
1645 881 1734 908 aegre»

932 920 1019 955 igatio
1049 927 1063 946 a
1088 920 1224 955 malitia),
1258 920 1394 955 simulque
1416 920 1571 947 errantibus
1593 927 1671 954 opem
1699 927 1733 946 ex

947 965 1015 1000 lege,
1038 966 1117 1000 quasi
1133 974 1213 994 manu
1244 970 1356 994 extensa
1381 966 1568 998 demonstrat;
1599 965 1733 1000 promissa

948 1018 996 1046 per
1011 1010 1168 1045 liujusmodi
1190 1012 1274 1038 vitam
1291 1011 1470 1038 similitudine
1488 1018 1549 1038 cuin
1570 1017 1679 1045 semper
1691 1011 1732 1037 vi-

948 1060 1024 1084 rente
1033 1057 1105 1092 ligno
1116 1066 1122 1089 ;
1135 1065 1283 1092 eorumque
1296 1057 1342 1092 qui
1356 1057 1493 1084 contraria
1504 1057 1667 1092 gradiuntur
1678 1057 1731 1088 via,

949 1101 1161 1129 adversitatibus
1179 1102 1214 1129 ob
1237 1102 1331 1129 oculos
1346 1102 1460 1136 positis,
1491 1109 1538 1136 per
1554 1101 1654 1136 gradus
1673 1108 1734 1128 sese

950 1151 1044 1174 mutuo
1070 1152 1271 1182 consequentes
1309 1147 1341 1174 ad
1368 1155 1525 1182 supremum
1556 1146 1734 1174 beatitudinis

950 1195 1059 1221 Culmen
1075 1192 1138 1222 euin'
1152 1194 1236 1227 ducit,
1250 1194 1295 1228 qui
1313 1193 1384 1220 hanc
1400 1193 1640 1220 manuductioncm
1658 1193 1734 1227 sequi

950 1240 1096 1268 desiderat.
1127 1239 1184 1267 lloc
1205 1239 1277 1266 enim
1301 1239 1380 1266 docet
1398 1244 1424 1267 te
1449 1239 1535 1266 ultimi
1552 1238 1652 1266 Psalmi
1673 1245 1737 1265 seu-

951 1286 1044 1318 tcntia,
1061 1285 1088 1313 in
1106 1293 1160 1320 quo
1174 1285 1295 1320 peccatis
1311 1285 1420 1320 penitus
1437 1284 1556 1316 abolitis,
1574 1283 1663 1310 omnia
1675 1291 1736 1318 qua:

951 1333 1086 1360 exsistunt
1112 1336 1207 1360 sancta
1230 1337 1321 1363 erunt,
1351 1336 1378 1359 et
1393 1331 1484 1358 omnia
1508 1330 1541 1357 ad
1564 1330 1672 1357 laudem
1689 1329 1735 1356 Dei

952 1376 1175 1408 concordabmit;
1206 1384 1266 1411 qua:
1292 1379 1351 1403 laus
1366 1375 1507 1410 aequaliter
1523 1375 1549 1401 in
1566 1374 1736 1400 firmamento

952 1423 1071 1455 virtutis,
1093 1428 1120 1450 et
1134 1422 1380 1451 immutaliilitatem
1398 1422 1430 1448 ad
1447 1421 1547 1448 malum
1563 1419 1695 1451 continet,
1710 1422 1737 1445 et

954 1468 1162 1503 magnificentia:
1174 1475 1230 1495 sum
1243 1472 1367 1494 nostrum
1377 1474 1473 1494 sonum
1486 1466 1557 1493 velut
1569 1464 1739 1492 canoraecui-

954 1513 1016 1540 dain
1045 1513 1117 1540 tubm
1143 1513 1304 1544 consociat;
1330 1511 1441 1546 quando
1463 1511 1490 1537 in
1512 1518 1595 1537 unmn
1625 1510 1738 1536 chorum

953 1559 1088 1586 coalescet
1100 1558 1189 1586 omnis
1202 1562 1339 1589 creatura,
1355 1556 1466 1584 inferior
1476 1560 1502 1583 et
1513 1555 1653 1590 superior;
1664 1562 1739 1582 cum-

954 1613 1005 1640 que
1021 1604 1140 1640 cymbali
1162 1605 1260 1637 instar,
1285 1603 1479 1630 intellectualis
1505 1605 1613 1634 natura,
1634 1604 1660 1628 et
1680 1607 1740 1635 quae

954 1657 1086 1685 nuncper
1105 1655 1243 1684 peceatum
1266 1648 1403 1682 disiuncta
1424 1652 1474 1679 est,
1495 1647 1647 1681 jucundum
1663 1646 1739 1672 illum

955 1703 1052 1723 souum
1074 1703 1105 1722 ex
1134 1699 1227 1722 mutua
1245 1695 1405 1729 symphonia
1429 1693 1607 1720 resultantem
1625 1691 1740 1723 efﬁciet;

954 1742 1064 1777 quando
1079 1745 1172 1768 nostra
1196 1746 1293 1767 natura
1308 1747 1370 1766 cum
1386 1738 1507 1772 angelica
1523 1736 1677 1767 conveniet,
1697 1735 1740 1762 di-

954 1789 1089 1822 vinusque
1110 1787 1246 1814 exercitus
1269 1793 1300 1812 ex
1329 1785 1382 1812 ista
1405 1783 1565 1810 confusione
1586 1785 1740 1814 revocatus,

955 1833 1043 1868 palatii
1056 1836 1082 1860 et
1099 1833 1125 1859 in
1150 1835 1296 1866 conspectu
1318 1831 1436 1858 hostium
1462 1828 1608 1864 epiniciuiii
1627 1827 1741 1854 Domitio

955 1878 1050 1906 victori
1066 1882 1155 1905 canet.
1182 1877 1260 1904 Tunc
1277 1877 1366 1904 omnis
1391 1875 1504 1910 spiritus
1522 1873 1666 1913 Dominum
1683 1873 1741 1899 lau-

955 1923 1049 1951 dabit:
1066 1932 1126 1958 quae
1140 1924 1199 1951 laus
1216 1923 1331 1958 gratiam
1351 1922 1395 1949 Dei
1415 1925 1544 1956 perpetuo
1560 1922 1740 1953 reprazsonta-

955 1969 1006 2002 bit,
1023 1973 1049 1996 ct
1066 1970 1233 1996 incremento
1246 1968 1357 2003 perenni
1373 1966 1565 1994 beatitudinem
1585 1963 1740 1998 adaugebit.

956 2015 1030 2042 illam
1046 2015 1107 2042 dico
1123 2015 1330 2045 beatitudinem,
1355 2021 1416 2048 qua:
1440 2019 1503 2039 vere
1529 2009 1670 2038 beatitudo
1683 2013 1741 2041 est;

957 2069 1038 2097 quam
1063 2061 1085 2089 si
1105 2060 1263 2094 conjectura
1288 2059 1396 2095 assequi
1424 2059 1501 2090 velis,
1525 2057 1635 2091 languet
1659 2055 1740 2085 ratio,

957 2108 1067 2143 languet
1081 2112 1108 2135 et
1122 2109 1179 2143 ipsa
1194 2116 1254 2143 quae
1271 2108 1298 2134 in
1315 2106 1392 2134 nobis
1407 2109 1457 2137 est,
1467 2103 1595 2139 sperandi
1613 2101 1740 2128 facultas.

114 2153 225 2187 δέχεται
241 2153 268 2179 δὲ
285 2152 338 2187 (96)
354 2153 370 2188 ἡ
392 2153 510 2188 ἄρρητός
533 2162 562 2179 τε
581 2153 627 2179 καὶ
647 2153 840 2188 ἁκατανόητος,
858 2153 898 2180 κα¹

959 2154 1087 2181 Succedit
1102 2162 1166 2181 vero
1180 2153 1224 2181 ille
1243 2152 1388 2180 iiieﬂ‘abilis
1404 2156 1431 2178 et
1447 2146 1742 2184 incomprehensibilis,

115 2199 210 2232 πάσης
225 2200 346 2234 κρεῖττον
363 2199 417 2234 (97)
432 2198 547 2230 διανοίας
562 2199 737 2231 κατάστασις,
765 2209 774 2224 ι
795 2199 826 2234 ἢν
844 2199 904 2226 οὔτε

114 2246 257 2281 ὀφθαλμὸς
270 2242 412 2278 είδεν,οὗτε
425 2242 471 2275 οὖς
484 2244 608 2279 ἤκουσεν,
635 2254 644 2269 ι
668 2243 728 2271 οὗτε
748 2244 905 2280 ἀνθρωπίνη

114 2292 218 2328 καρδία
227 2291 374 2327 ἐχώρησεν.
387 2291 464 2317 Οὕτω
475 2291 527 2326 γὰρ
537 2290 654 2326 ὡρίσατο
665 2289 697 2317 τὰ
709 2290 797 2324 ἀγαθὰ
804 2291 839 2317 τὰ
852 2290 906 2327 (98)

116 2340 149 2365 ὲν
161 2337 199 2373 τῷ
212 2336 341 2377 ᾁγιασμῷ
360 2337 528 2371 ἀποκείμενα
542 2337 556 2362 ὁ
570 2335 640 2367 Gaio;
657 2333 828 2366 Ἀπόστολος,

156 2435 180 2453 ιδ
197 2436 205 2462 Ι
222 2435 285 2463 Cor.
301 2443 330 2467 ιι,
344 2436 371 2463 9.

155 2535 215 2587 ςθθ)
231 2534 440 2568 Ἐπεισάγουσα,
455 2535 497 2561 ed.

170 2571 213 2587 (ll\
241 2570 271 2587 ’Π
289 2577 333 2587 nm
362 2568 394 2587 ml

289 2560 404 2596 otii.'etl.
433 2560 440 2566 1
476 2560 479 2561 ν

159 2606 215 2637 (92)
234 2604 330 2632 Omnia
348 2605 428 2631 verba
438 2603 470 2630 ad
483 2602 527 2629 τὸν
541 2610 596 2629 oni.
608 2601 652 2630 ed.

159 2606 205 2637 (9?.
234 2606 330 2632 Omnia
348 2606 428 2631 verba
438 2606 470 2630 ad
483 2606 527 2629 τὸν
541 2610 596 2629 oni.
608 2606 652 2630 ed.

157 2606 215 2676 (95)
232 2640 303 2675 Πρὸς
311 2639 345 2676 τὸ
353 2639 470 2676 στερρὸν
481 2639 589 2676 aliquot
599 2636 680 2664 codd.

160 2673 216 2713 (94)
232 2673 439 2706 Καταλαϐοὖσα,
456 2673 499 2700 ed.

960 2203 987 2226 et
1001 2199 1074 2226 onini
1100 2199 1265 2234 cogitatione
1285 2197 1382 2225 melior
1406 2199 1504 2227 status,
1522 2201 1602 2230 queui
1632 2202 1640 2218 ι
1656 2199 1743 2227 neque

960 2246 1057 2273 oculus
1076 2245 1154 2277 vidit,
1171 2252 1259 2279 neque
1273 2243 1347 2270 auris
1363 2242 1480 2273 audivit,
1496 2251 1504 2267 ι
1527 2247 1614 2274 neque
1625 2239 1743 2265 humana

961 2299 1039 2319 mens
1056 2291 1218 2326 percepit“.
1243 2289 1288 2317 Sic
1312 2289 1383 2317 enim
1406 2288 1529 2316 definivit
1545 2287 1653 2314 divinus
1669 2285 1744 2320 Apo—

961 2336 1048 2364 stolus
1060 2336 1130 2363 bona
1151 2338 1179 2363 in
1197 2335 1373 2363 sanctissimo
1390 2334 1436 2361 illo
1451 2337 1523 2362 statu
1539 2331 1675 2367 repositam

998 2531 1054 2567 (θῆ)
1069 2530 1189 2567 Φανερῷ,
1205 2530 1248 2558 ed.

1000 2563 1054 2602 (εισι
1072 2563 1194 2598 Καί,ὐὶί.

999 2600 1054 2635 (97)
1070 2601 1217 2636 Κρείττων,
1235 2600 1266 2626 ed
1272 2619 1279 2626 .

1000 2633 1054 2673 (93)
1069 2633 1171 2670 Ἀγαθὰ
1184 2635 1217 2662 τὰ
1229 2643 1283 2662 οιιι.
1302 2633 1346 2660 ed.
