1986 3080
274 116 321 144 ιιτ

891 114 925 144 s.
945 101 1109 144 anGoun
1129 116 1278 145 stsem

1843 123 1898 151 488

763 241 837 283 ΤΟ
864 239 1152 284 ΔΕΥΤΕΡΟΝ
1176 242 1408 287 ΒΙΒΛΙΟΝ.

733 371 1072 418 TBACTATUS
1113 373 1254 419 SECU
1267 373 1440 418 NDUS.

528 505 643 533 CAPUT
661 505 808 535 PRIMUM.

1384 508 1582 536 ΚΕΦΑΛΜΟΝ
1598 508 1637 534 Δ¹.

310 550 358 578 [iis
371 551 444 578 hunc
460 550 486 577 in
504 551 613 578 modum
631 551 783 586 explicatis,
797 558 904 587 tempus
922 553 1061 588 postulare

1149 555 1258 582 Τούτων
1270 554 1317 582 οὖν
1332 555 1386 590 (99)
1399 554 1485 585 οὕτως
1500 555 1565 589 ἡμῖν
1575 551 1826 588 διευκρινηθέντων,
1841 558 1904 576 και.

274 598 390 630 videtur,
402 602 430 624 ut
444 602 470 624 et
484 597 517 623 de
528 598 754 632 inscriptionibus
766 606 918 626 sermonem
932 599 1060 626 institua-

274 651 345 675 mus,
372 651 432 678 quae
452 650 504 670 non
520 643 648 678 exiguum
672 647 838 671 momentum
873 644 906 672 ad
932 646 1059 673 virtutem

275 689 399 720 alTerunt,
421 689 493 724 quod
520 697 552 716 ex
589 689 723 716 sententia
760 690 802 717 his
834 687 1059 725 inscriptionibus

275 736 396 770 subjecta
423 737 550 771 colligere
567 737 638 764 licet.
661 737 852 765 Necessarium
874 743 963 766 autem
979 739 1062 767 fuerit

275 782 350 816 prius
364 782 496 809 rationem
512 782 656 817 quamdam
671 784 722 809 arti
745 788 955 811 consentaneam
989 785 1062 820 ipsa-

276 836 334 855 rum
350 828 556 862 inscriptionum
569 828 649 861 inire,
663 837 744 864 quam
759 830 880 863 ipsorum
891 829 1060 858 Psalmorum

259 874 523 905 considerationem
550 874 750 909 aggrediamur,
780 879 808 901 ut
834 882 916 909 quam
943 876 1062 903 maxime

277 920 385 954 planum
405 920 482 947 nobis
500 919 555 952 ﬁat,
578 920 661 954 hujus
674 921 806 947 divinitus
823 921 962 956 inspirata:
979 921 1062 948 disci-

1115 603 1161 638 ρδς
1174 602 1205 629 ἂν
1221 602 1262 637 εῐη
1279 602 1324 628 καὶ
1339 601 1383 627 τὸν
1399 601 1462 636 περὶ
1478 600 1532 626 τῶν
1545 597 1705 634 ἐπιγραφῶν
1721 595 1898 630 ἐξετασθῆναι

1113 650 1201 685 λόγον.
1219 650 1255 675 Οὺ
1267 649 1351 685 μικρὰ
1369 649 1406 684 (1)
1424 647 1478 681 γὰρ
1491 647 1556 681 ἡμῖν
1572 645 1640 681 πρὸς
1651 644 1699 679 τὴν
1711 643 1770 670 κατ’
1782 642 1820 677 (2)
1836 642 1901 676 ἀρεο

1113 697 1162 731 τὴν
1173 696 1230 722 ὁδὸν
1244 696 1291 723 καὶ
1301 695 1381 722 αὑταὶ
1395 693 1600 729 συμϐάλλονται,
1611 691 1648 722 ὡς
1659 690 1763 722 ἔξεστιν
1774 688 1803 720 ἐξ
1814 688 1901 721 αὐτῆς

1111 742 1162 777 τῆς
1173 742 1289 772 διανοίας
1299 741 1352 768 τῶν
1360 741 1510 774 ὲπιγεγραμ
1517 738 1603 774 μένων
1614 736 1720 772 μαθεῖν.
1738 734 1900 767 Ἀναγκαῖον

1112 788 1134 815 δ’
1151 788 1183 815 ἂν
1200 788 1242 822 εῐη
1257 787 1363 823 πρῶτον
1379 786 1509 821 τεχνικήν
1523 793 1584 822 τινα
1598 783 1652 809 τῶν
1666 780 1823 816 ἐπιγραφῶν
1834 780 1900 814 ἔφο-

1113 832 1156 860 δον
1170 832 1203 859 δι¹
1214 832 1310 866 ὀλίγων
1326 831 1379 867 πρὸ
1398 831 1446 866 τῆς
1459 830 1513 857 τῶν
1525 829 1640 865 ψαλμῶν
1652 827 1767 861 θεωρίας
1784 826 1901 861 ποιήσα-

1115 878 1176 905 σθαι
1188 887 1194 893 ·
1213 878 1250 910 ὡς
1266 878 1299 904 ἂν
1316 878 1429 913 μάλιστα
1445 876 1550 911 γένοιτο
1571 875 1650 909 δῆλον
1666 873 1713 900 καὶ
1734 872 1777 899 διὰ
1796 871 1900 898 τούτων

1113 925 1189 959 ἡμῖν,
1206 923 1246 950 ὅτι
1266 923 1320 954 πᾶς
1338 923 1352 949 ὁ
1369 921 1468 954 σκοπὸς
1486 922 1535 956 τῆς
1550 919 1726 947 Θεοπνεύστου
1741 917 1842 952 ταύτης
1856 916 1899 943 δι-

278 966 356 1000 plina-
384 965 462 993 linem
493 965 574 993 alium
603 974 658 993 non
687 974 850 1001 esse,quam
869 971 898 993 ut
918 958 954 994 ad
972 975 1062 995 veram

1116 958 1259 1000 δασκαλίας
1291 969 1374 1000 ἐστὶν,
1403 968 1449 994 ἐπὶ
1467 967 1496 994 τὺ
1523 967 1606 998 ὅντως
1630 965 1763 1000 μακάριον
1793 964 1899 996 ἀναγα-

276 1012 470 1039 beatitudinem
488 1013 608 1039 animum
639 1012 778 1047 perducat.
795 1013 965 1040 Psalmorum
981 1013 1063 1048 igitur

277 1058 320 1084 alii
335 1056 511 1092 inscriptione
525 1058 636 1085 omnino
652 1061 763 1085 carent:
790 1057 835 1084 alii
851 1059 921 1093 apud
936 1066 985 1086 nos
1002 1059 1063 1094 qui-

276 1101 335 1129 dem
348 1103 553 1137 inscriptionem
566 1102 707 1138 Propheta:
721 1103 818 1130 habent
827 1123 834 1136 ,
853 1104 923 1138 apud
934 1103 1064 1132 Hebraeos

277 1155 330 1174 non
338 1148 448 1175 habent.
463 1148 531 1175 Aliis
547 1149 740 1183 inscriptionis
752 1149 812 1176 loco
827 1155 868 1176 est
880 1150 968 1177 solum
985 1160 994 1176 ι
1012 1150 1064 1178 Da-

276 1193 346 1221 vidis
367 1203 376 1219 ι
394 1201 503 1220 nomen.
518 1194 585 1221 Aliis
601 1195 682 1221 simul
702 1201 764 1221 cum
790 1194 901 1221 nomine
925 1195 998 1222 aliud
1014 1195 1063 1222 ad-

277 1241 418 1272 scribitur,
434 1241 475 1267 vcl
496 1250 505 1266 ‹
522 1242 580 1268 laus
593 1260 600 1274 ,
615 1252 624 1268 ›
640 1241 681 1268 vel
703 1251 712 1266 ι
731 1242 879 1273 canticum,
896 1251 904 1267 ι
921 1242 960 1268 vel
980 1251 988 1267 ‹
1010 1242 1065 1268 lau-

278 1288 363 1319 datio,
393 1297 401 1313 ι
422 1288 463 1314 vel
481 1297 489 1313 ι
518 1288 650 1322 psalmus,
670 1297 679 1313 ›
705 1288 746 1315 vel
763 1297 771 1313 ε
802 1288 968 1319 intellectus,
991 1298 999 1314 ι
1023 1289 1064 1315 vel

279 1343 288 1359 ε
306 1333 403 1366 oratio,
425 1343 434 1359 ι
452 1333 493 1360 vel
510 1343 518 1358 ι
534 1333 776 1360 consummationis
787 1333 955 1359 tabernaculi
969 1355 975 1365 ,
993 1343 1002 1358 ι
1022 1333 1063 1360 vcl

279 1388 289 1405 ‹
306 1379 496 1409 dedicationis.
513 1388 522 1404 ›
541 1379 582 1405 vel
600 1388 609 1403 ‹
628 1379 763 1411 exstasis,
778 1388 786 1404 ι
801 1379 842 1406 vel
860 1388 868 1404 ι
890 1378 917 1405 ἱη
931 1386 1065 1406 rememo-

277 1425 421 1456 rationcm,
444 1433 453 1450 ι
471 1424 513 1451 vel
535 1433 543 1449 ι
565 1424 592 1450 in
616 1423 827 1455 confessionem,
857 1434 866 1450 ι
883 1425 925 1451 vel
943 1434 952 1450 ι
985 1432 1064 1452 servo

277 1468 395 1501 Domini,
412 1478 421 1494 ›
436 1469 479 1496 vel
499 1477 507 1493 ι
527 1468 656 1500 ldithum,
677 1478 685 1494 ι
708 1468 750 1496 vel
765 1477 773 1493 ι
794 1467 879 1495 Eman
893 1468 1030 1496 lsraelim.
1051 1479 1061 1496 ι

277 1514 305 1541 In
321 1514 381 1541 aliis
396 1513 548 1548 concipitur
563 1514 705 1549 inscriptio
717 1521 779 1541 cum
791 1514 907 1549 quadam
921 1514 1064 1541 nominum

278 1560 432 1594 hujusmodi
444 1564 471 1587 et
486 1560 629 1587 verborum
644 1564 739 1587 mutua
764 1560 934 1588 connexione
945 1564 972 1588 et
999 1568 1065 1588 con-

275 1607 416 1641 jugatione
449 1615 455 1634 :
480 1607 521 1633 vel
545 1607 617 1634 enim
645 1615 654 1632 ‹
690 1606 826 1633 canticum
852 1607 961 1641 psalmi,
995 1617 1004 1632 ι
1022 1607 1065 1635 vel

1114 1016 1171 1049 γεῖν
1185 1015 1222 1050 (3)
1237 1015 1285 1050 τὴν
1298 1015 1423 1041 διάνοιαν.
1439 1013 1498 1040 Τῶν
1507 1012 1594 1039 τοίνυν
1608 1011 1722 1046 ψαλμῶν
1733 1011 1756 1038 οἱ
1770 1010 1818 1044 μέν
1831 1009 1900 1034 εἰσιν

1115 1059 1295 1094 ἁνεπίγραφοι
1310 1058 1359 1092 (5')
1381 1057 1502 1085 καθόλου’
1518 1057 1549 1083 0t
1565 1056 1593 1082 δὲ
1616 1055 1682 1090 παρ’
1705 1055 1769 1089 ἡμῖν
1793 1053 1902 1087 ἔχοντες

1114 1104 1163 1139 τὴν
1183 1104 1338 1140 ἐπιγραφὴν
1353 1102 1400 1130 τοῦ
1415 1103 1576 1138 Προφήτου,
1588 1100 1667 1136 παρὰ
1686 1101 1741 1131 τοῖς
1764 1098 1900 1134 Ἑϐραίοις

1114 1151 1163 1177 οὐκ
1187 1150 1286 1185 ἔχουσι.
1303 1150 1365 1181 Τοῖς
1388 1149 1417 1175 δὲ
1435 1148 1572 1183 ἐπιγραφή
1597 1149 1654 1174 ἐστι
1668 1166 1674 1178 ,
1700 1146 1776 1181 ψιλὸν
1799 1145 1830 1171 τὸ
1851 1144 1899 1171 τοῦ

1117 1206 1126 1222 t
1143 1196 1224 1223 Δαυῗδ
1239 1206 1247 1222 ι
1261 1196 1354 1231 ὄνομα.
1373 1195 1480 1232 Ἀλλοις
1493 1193 1562 1230 μετὰ
1571 1194 1617 1221 τοῦ
1630 1193 1759 1228 ὀνόματος
1776 1192 1822 1219 καὶ
1836 1191 1901 1218 ἄλλο

1114 1251 1141 1268 τι
1153 1242 1429 1278 συμπαραγράφεται,
1445 1241 1461 1276 ἣ
1477 1250 1486 1266 ι
1504 1238 1603 1273 αϊνος,ι
1616 1240 1633 1275 ἣ
1650 1250 1658 1266 t
1672 1240 1737 1275 ᾠδὴ,
1752 1249 1761 1265 ι
1774 1240 1790 1276 ἢ
1805 1249 1814 1265 «
1827 1240 1902 1266 αἴνε-

1116 1295 1168 1318 σις,
1185 1296 1193 1312 ι
1210 1286 1226 1321 ἢ
1243 1295 1251 1311 t
1266 1286 1381 1321 ψαλμὸς,
1399 1297 1407 1312 ι
1425 1286 1462 1321 ἢ(
1479 1286 1620 1316 συνέσεως,
1637 1295 1646 1311 ι
1663 1285 1678 1320 ἦ
1696 1294 1705 1310 ‹
1725 1284 1862 1320 προσευχὴ
1874 1295 1899 1316 ,ι

1116 1332 1132 1367 ἢ
1151 1342 1160 1357 ι
1178 1331 1276 1364 ὲξοδίου
1292 1332 1404 1367 σκηνῆς,
1425 1341 1433 1357 ι
1449 1331 1466 1366 ἢ
1482 1341 1490 1357 ‹
1509 1331 1698 1366 ἐγκαινισμοῦ,
1713 1340 1722 1356 ι
1741 1331 1758 1366 ἢ
1775 1339 1783 1356 t
1801 1331 1901 1357 ὲκστάν

1117 1387 1195 1411 σεως,
1218 1387 1227 1403 ι
1248 1378 1265 1413 ἢ
1293 1387 1302 1403 ι
1317 1379 1356 1408 εἰς
1371 1377 1567 1412 ὲπανάμνησιν.
1586 1386 1594 1402 ι
1613 1377 1629 1412 ἦ
1653 1386 1662 1402 ι
1681 1377 1720 1407 είς
1739 1376 1902 1412 ἐξομολόγη-

1117 1430 1168 1455 σιν,
1183 1421 1219 1456 »ἢ
1234 1430 1242 1446 ι
1256 1420 1294 1456 τῷ
1306 1421 1390 1456 δούλῳ
1401 1421 1513 1456 Κυρίου,
1525 1420 1577 1456 »ἦε
1591 1421 1629 1456 τῷ
1643 1421 1767 1456 Ἰδιθοὺμ,
1783 1421 1818 1456 »ἢ
1835 1431 1844 1446 ε
1860 1421 1901 1456 τῷ

1122 1465 1206 1500 Ἐμὰν
1225 1465 1264 1500 τῷ
1289 1465 1450 1501 Ἰσραηλίτῃ.
1469 1474 1478 1490 ι
1501 1465 1619 1500 Ἐτέροις
1633 1465 1661 1491 δὲ
1682 1465 1751 1499 μετὰ
1772 1464 1904 1499 συζυγίας

1115 1512 1186 1543 τινὸς
1199 1511 1253 1538 τῶν
1267 1511 1404 1546 ὀνομάτων
1420 1510 1521 1537 τούτων
1536 1510 1617 1545 ἢτῶν
1632 1510 1761 1546 ῥημάτων
1776 1510 1904 1545 ἀλλήλοις

1117 1556 1347 1593 συγγραφομένων
1376 1556 1392 1592 ἡ
1415 1555 1553 1591 ἐπιγραφὴ
1570 1556 1685 1590 γίνεται·
1720 1555 1736 1591 ἢ
1755 1556 1808 1591 γὰρ
1823 1565 1831 1582 ι
1846 1556 1904 1592 ᾠδὴ

1115 1601 1232 1637 ψαλμοῦ,
1250 1611 1259 1628 ι
1274 1601 1290 1637 ἢ
1306 1612 1314 1627 ι
1330 1595 1435 1636 ψαλμδς
1445 1601 1525 1637 ᾠδῆς,
1539 1611 1548 1627 ι
1561 1602 1578 1637 ἢ
1593 1611 1602 1627 σ
1616 1602 1681 1638 ᾠδὴ,
1698 1611 1707 1629 ι
1719 1602 1735 1637 ἢ
1746 1612 1755 1628 ‹
1766 1603 1900 1638 gladly.ch

279 1663 289 1679 ί
310 1654 432 1688 psalmus
447 1653 560 1686 cantici,
588 1663 597 1678 ι
616 1653 657 1680 vel
677 1663 685 1678 ε
708 1654 858 1686 canticum,
879 1664 888 1680 ›
904 1655 945 1682 vel
965 1663 974 1680 ι
992 1655 1064 1690 psal-

1117 1649 1134 1683 ἢ
1151 1657 1159 1673 ι
1177 1648 1206 1675 ὲν
1221 1648 1316 1683 ὕμνοις
1329 1647 1481 1686 quas“)
1497 1647 1514 1682 ἢ
1533 1657 1542 1673 ‹
1561 1648 1589 1674 ὲν
1608 1648 1703 1683 ὕμνοις
1720 1648 1862 1679 συνέσεως,
1892 1658 1901 1673 ι

277 1709 349 1732 mus,
369 1711 377 1726 ι
396 1700 437 1727 vel
456 1710 464 1726 ‹
486 1700 511 1727 in
523 1700 632 1735 hymnis
647 1700 781 1734 psalmus,
797 1709 805 1725 ι
825 1700 866 1727 vel
886 1709 895 1725 ί
915 1700 943 1727 in
960 1700 1067 1735 hymnis

277 1747 441 1779 intellectus,
466 1755 475 1772 ι
506 1745 547 1773 vel
577 1756 586 1771 ί
615 1745 703 1772 oratio
731 1745 827 1777 David,
856 1755 865 1771 r
894 1745 934 1773 vel
951 1755 961 1771 ‹
980 1747 1068 1773 oratio

276 1793 400 1828 pauperi,
419 1802 428 1818 ι
461 1792 502 1819 vel
518 1801 527 1817 ‹
545 1792 604 1818 laus
618 1791 729 1822 cantici,
749 1800 758 1817 ι
776 1791 817 1818 vel
839 1791 928 1818 simile
943 1791 1006 1826 quid
1018 1798 1068 1818 no-

277 1839 342 1865 mini
361 1838 472 1866 Davidis
498 1837 691 1871 conjunctione
708 1837 824 1873 quadam
854 1837 1010 1872 copulatum
1027 1837 1068 1864 in-

277 1885 436 1919 scriptionis
446 1884 533 1910 vicem
546 1884 632 1911 subit.
647 1883 755 1910 Rursus
769 1884 795 1910 in
814 1882 874 1909 aliis
891 1883 944 1910 alia
958 1890 1068 1918 quoque

277 1926 368 1957 addita
391 1936 503 1956 cernere
520 1929 583 1955 licet
602 1937 608 1954 :
632 1927 803 1962 potissimum
823 1926 888 1953 illud
919 1935 927 1954 :
952 1935 961 1952 ε
981 1927 1009 1953 In
1035 1926 1068 1953 ﬁ-

277 1982 349 2001 nem.
374 1984 383 2000 ι
416 1973 485 2000 Huic
510 1973 602 2000 itidem
631 1973 691 2000 voci
714 1973 817 2005 multis,
845 1972 985 2006 variisque
1007 1972 1067 1999 aliis

277 2020 410 2054 adjectis:
430 2024 477 2046 aut
505 2019 578 2046 enim
592 2019 760 2053 adjungitur,
779 2028 789 2044 Ι
815 2026 864 2053 pro
881 2018 914 2046 iis
930 2018 976 2053 qui
993 2025 1068 2045 com-

238 2063 241 2067 ’
277 2067 454 2094 mutabuntur
472 2074 479 2098 ;
501 2075 510 2091 ›
527 2069 574 2092 aut
592 2074 601 2090 ί
621 2072 670 2100 pro
687 2065 805 2096 arcanis,
824 2073 832 2089 ι
852 2069 899 2091 aut
924 2074 933 2090 ‹
951 2072 1000 2098 pro
1021 2071 1068 2091 0C-

277 2117 350 2143 tava,
380 2121 389 2137 »
417 2115 462 2138 aut
479 2121 487 2136 ι
509 2119 557 2145 pro
577 2118 608 2138 ea
625 2118 686 2145 qua:
711 2109 897 2137 hmreditatem
921 2110 1068 2144 consequi-

278 2160 332 2188 tur,
352 2165 359 2181 I
387 2159 433 2183 aut
452 2165 461 2181 l
483 2163 533 2190 pro
551 2155 745 2186 torcularibus,
769 2164 778 2180 ι
816 2158 862 2181 aut
878 2164 887 2180 ‹
905 2162 953 2190 pro
977 2162 1069 2182 susce-

277 2202 368 2238 ptione
378 2202 521 2234 matutina,
541 2211 550 2227 ι
579 2205 626 2228 aut
641 2211 650 2227 ‹
671 2209 719 2236 pro
733 2200 877 2232 Mahelcth,
902 2210 911 2226 ι
929 2205 975 2227 aut
993 2210 1001 2226 ι
1018 2207 1067 2236 pro

278 2247 388 2282 populo,
404 2247 449 2281 qui
465 2254 479 2273 a
501 2246 605 2274 sanctis
632 2245 711 2280 longe
739 2245 827 2272 factus
841 2250 893 2277 est,
916 2254 926 2271 ι
941 2248 988 2272 aut
1005 2253 1015 2270 ι
1035 2252 1068 2272 ne

1117 1693 1134 1728 ἢ
1160 1703 1169 1719 t
1190 1693 1342 1729 προσευχῆς
1365 1692 1404 1728 τῷ
1417 1692 1513 1726 Δαυῒδ,
1535 1702 1544 1718 ι
1572 1693 1589 1728 ἢ
1610 1703 1618 1719 ι
1636 1694 1789 1729 προσευχῆς
1804 1693 1841 1727 (4)
1863 1693 1905 1728 τῷ

1118 1739 1228 1774 πτωχῷ,
1245 1749 1254 1765 ι
1272 1739 1288 1774 ἢ
1309 1748 1318 1764 ι
1332 1734 1406 1769 αἶνος
1418 1738 1501 1774 ᾠδῆς
1516 1748 1526 1764 ι
1548 1739 1564 1774 ἦ
1593 1748 1621 1766 τι
1636 1739 1690 1766 τῶν
1719 1738 1846 1765 τοιούτων
1859 1739 1905 1766 διὰ

1119 1784 1248 1819 συζυγίας
1271 1784 1493 1819 συντεταγμένων
1516 1783 1554 1819 τῷ
1574 1783 1683 1819 ὀνόματι
1702 1784 1740 1819 τῷ
1762 1784 1799 1819 (5)
1821 1783 1906 1810 Δαυῒδ

1120 1828 1259 1865 ἐπιγραφὴ
1274 1829 1390 1863 γίνεται.
1412 1828 1496 1855 Πάλιν
1515 1829 1557 1863 ἐφ’
1574 1828 1684 1865 ἐτέρων,
1701 1829 1747 1856 καὶ
1762 1829 1827 1856 ἄλλα
1842 1829 1905 1856 τινὰ

1117 1876 1222 1906 τούτοις
1246 1874 1486 1910 συνεπιγράφεται·
1503 1874 1722 1909 προτεταγμένον
1743 1873 1802 1910 μὲν,
1816 1873 1853 1906 ὡς
1868 1874 1906 1901 τὰ

1118 1921 1219 1953 πολλὰ,
1234 1919 1280 1946 τοῦ
1304 1929 1314 1946 ς
1332 1921 1371 1951 εἰς
1392 1920 1422 1946 τὸ
1438 1920 1523 1952 τέλος.
1546 1930 1554 1946 ι
1573 1921 1808 1956 Συγγραφομένων
1824 1921 1852 1947 δὲ
1867 1922 1903 1955 τῇ

1119 1968 1193 2001 φωνῇ
1206 1966 1290 2001 ταύτῃ
1308 1965 1437 1992 ποικίλων
1459 1975 1489 1993 τε
1507 1967 1554 1993 καὶ
1565 1965 1812 2003 διαφόρων-ἡγὰρ(
1833 1967 1904 2002 ὑπὲρ

1117 2012 1171 2038 τῶν
1186 2012 1439 2047 ἁλλοιωθησομὲνων
1450 2012 1634 2047 »προσγράφει
1644 2012 1717 2048 (6)·ἢ
1735 2022 1743 2037 ι
1764 2013 1834 2048 ὑπὲρ
1848 2012 1905 2038 τῶν

1118 2057 1251 2092 κρυφίων,
1272 2065 1280 2082 ι
1295 2056 1311 2092 ἢ
1329 2065 1338 2082 t
1353 2056 1423 2092 ὑπὲρ
1436 2057 1484 2092 τῆς
1495 2056 1724 2093 κληρονομούσης,
1745 2066 1753 2082 ι
1771 2057 1787 2092 ἢ
1806 2067 1814 2082 ι
1832 2057 1905 2092 ὑπὲρ

1117 2101 1167 2136 τῆς
1180 2101 1284 2136 ὀγδόης,
1300 2111 1309 2127 ι
1334 2101 1350 2137 ἢ
1369 2111 1377 2127 ι
1396 2102 1466 2137 ὑπὲρ
1487 2102 1540 2129 τῶν
1555 2101 1653 2137 ληνῶν,
1672 2111 1681 2127 ι
1701 2102 1716 2137 ἢ
1738 2112 1746 2127 ι
1768 2103 1838 2137 ὑπὲρ
1852 2101 1904 2137 τῆς

1117 2145 1284 2181 ἀντιλήψεως
1305 2146 1353 2181 τῆς
1378 2146 1502 2181 ὲωίὶινῆς,
1528 2156 1536 2172 ι
1555 2147 1570 2182 ἢ
1597 2155 1605 2171 ι
1627 2146 1696 2182 ὑπὲρ
1713 2146 1831 2178 Μαελὲθ,
1852 2156 1861 2173 ι
1883 2147 1901 2181 ἢ

1121 2201 1130 2217 ι
1147 2192 1215 2227 ὑπὲρ
1229 2191 1276 2218 τοῦ
1298 2191 1362 2218 λαοῦ
1385 2191 1431 2218 τοῦ
1452 2192 1506 2218 ἀπὸ
1526 2191 1578 2219 τῶν
1593 2192 1678 2226 ἁγίων
1700 2193 1904 2228 μεμακρυμμ.ἐ⁹

1118 2246 1189 2271 νουρ
1205 2237 1220 2273 ἢ
1238 2247 1247 2264 ‹
1267 2238 1303 2273 μὴ
1323 2237 1492 2274 διαφθείρῃς,
1507 2247 1516 2263 ι
1539 2238 1555 2274 ἢ
1576 2248 1585 2264 ι
1602 2239 1641 2270 είς
1658 2239 1871 2274 στηλογραφίαν,
1892 2248 1901 2264 ι

278 2301 448 2328 corrumpas,
468 2303 478 2319 ι
498 2296 570 2319 θυι(
592 2292 620 2319 in
643 2292 714 2318 tituli
739 2291 954 2326 inscriptionem,
987 2300 996 2317 ι
1020 2295 1064 2317 aut

1117 2282 1197 2318 ῆκαὶ
1217 2283 1358 2319 ἀμφότερα
1385 2284 1480 2312 ταῦτα·
1518 2283 1534 2319 ἢ
1560 2293 1569 2309 ι
1593 2284 1632 2315 είς
1653 2284 1824 2319 Σολομῶντα,
1851 2293 1860 2311 ι
1885 2285 1904 2321 ἢ

279 2338 336 2366 haec
364 2343 479 2373 utraque
496 2337 593 2370 simul;
620 2341 666 2364 aut
693 2345 702 2362 ‹
728 2336 756 2363 in
776 2335 960 2368 Salomonem,
992 2344 1002 2362 ›
1019 2338 1066 2363 aut

281 2393 291 2410 ι
309 2385 445 2411 canticum
458 2391 507 2417 pro
522 2382 632 2415 dilecto,
650 2392 660 2408 ι
678 2385 724 2409 aut
745 2391 754 2407 ι
774 2389 823 2417 pro
842 2382 955 2409 occultis
970 2381 1027 2411 ﬁlii,
1053 2391 1062 2407 ι

278 2433 326 2456 aut
342 2437 351 2454 ι
382 2429 410 2456 in
433 2428 653 2460 confessionem;
670 2437 680 2454 ι
699 2430 746 2454 aut
781 2427 871 2462 aliqua
889 2435 921 2454 ex
937 2426 1063 2457 historia,

279 2475 416 2508 rebusque
429 2474 514 2508 gestis
521 2473 727 2501 circumstantia
737 2473 855 2500 additur.
866 2472 989 2507 Exempli
1000 2479 1065 2499 cau-

278 2528 319 2553 sa,
341 2520 418 2553 illud,
433 2529 443 2544 ι
460 2520 506 2554 qui
521 2520 547 2547 in
561 2520 691 2554 spelunca
706 2538 713 2551 ,
733 2528 742 2544 ι
756 2518 807 2551 vel,
832 2527 841 2543 (
860 2517 967 2552 quando
991 2517 1066 2544 misit

279 2565 357 2599 Saul,
381 2570 411 2595 ut
424 2566 606 2598 occideretur,
639 2574 648 2591 ι
667 2564 710 2593 vel
729 2573 738 2590 ι
753 2563 861 2599 quando
879 2564 906 2591 in
918 2562 1066 2591 solitudine

317 2662 372 2697 (99)
383 2661 436 2689 Οὗν
446 2669 501 2689 om.
517 2660 561 2689 ed.

317 2699 354 2729 tt)
368 2698 487 2732 Μικράν,
503 2698 545 2724 ed.

317 2732 356 2767 (2)
375 2731 444 2758 Κατ’
459 2740 514 2759 om.
532 2731 576 2759 ed.

316 2768 355 2801 (5)
369 2767 505 2801 ’Λγαγεῒν,
521 2767 564 2794 ed.

318 2802 367 2838 (σε)
385 2803 415 2829 οι
428 2801 490 2829 add.
501 2801 544 2829 ed.

1113 2329 1260 2366 (ᾡδὴὺπὲρ
1269 2329 1316 2356 τοῦ
1324 2328 1519 2366 ἀγαπητοῦ,›ἢ
1537 2338 1546 2355 ‹
1568 2329 1637 2364 ὑπὲρ
1653 2329 1707 2355 τῶν
1720 2330 1842 2365 κρυφίων
1856 2329 1905 2356 τοῦ

1118 2374 1187 2407 υῐοῦ,
1200 2384 1210 2401 ι
1221 2374 1237 2410 ἢ
1249 2385 1258 2401 ‹
1269 2376 1308 2405 είς
1322 2375 1522 2411 ἐξομολόγησιν.
1544 2386 1553 2402 ι
1573 2376 1609 2402 Ἦ
1621 2385 1663 2408 τις
1678 2375 1707 2408 ἐξ
1722 2376 1840 2410 ἱστορίας
1855 2385 1907 2402 πε·-

1119 2420 1250 2455 ρίστασις.
1266 2417 1327 2447 Οἴον
1338 2421 1400 2448 (ὅτε
1407 2420 1485 2457 ἦν(7)
1504 2422 1532 2448 ἐν
1548 2420 1587 2456 τῷ
1601 2421 1734 2457 σπηλαίῳ,
1745 2430 1754 2446 ι
1765 2420 1782 2456 ἦ
1793 2429 1802 2444 «
1817 2421 1861 2448 ὅτε
1874 2421 1906 2448 ὲν

1117 2468 1150 2503 τῇ
1166 2467 1261 2502 ἐρήμῳ
1280 2490 1287 2502 ,
1308 2478 1317 2494 ι
1334 2467 1351 2503 ἢ
1369 2478 1377 2494 ι
1393 2467 1438 2493 ὅτε
1455 2468 1598 2495 ἀπέστειλε
1615 2468 1699 2495 Σαοὺλ
1716 2467 1762 2494 τοῦ
1784 2467 1906 2495 θανατῶ-

1119 2520 1163 2538 σαι
1179 2511 1269 2543 αὐτὺν,
1288 2521 1297 2538 ι
1323 2511 1339 2546 ἦ
1365 2520 1372 2536 l
1395 2511 1465 2547 ὑπὲρ
1483 2512 1537 2539 τῶν
1558 2512 1644 2546 λόγων
1665 2512 1760 2545 Χουσὶ,
1777 2511 1814 2547 »ἦ
1829 2522 1840 2538 Ι
1858 2512 1906 2538 ὅτε

1118 2557 1248 2592 ἡλλοίωσε
1268 2557 1299 2584 τὸ
1316 2557 1460 2592 πρόσωπον
1479 2558 1560 2585 αὑτοῦ
1582 2557 1701 2586 ἐναντίον
1719 2557 1875 2593 Ἀϐιμέλεχ,
1893 2565 1904 2583 ι

1154 2657 1192 2697 ei
1207 2657 1293 2697 Εάεος
1307 2656 1400 2697 suae.
1412 2656 1454 2683 ed-

1154 2692 1193 2725 (5)
1210 2692 1274 2723 Τοῦ,
1296 2692 1340 2719 ed.

1155 2693 1182 2725 (5
1210 2692 1274 2723 Τοῦ,
1296 2692 1340 2719 ed.

1155 2692 1193 2761 (ϐξ
1209 2727 1377 2761 Ηρογράιρει,
1397 2726 1442 2755 ed.

1157 2762 1195 2798 (τ)
1214 2762 1280 2798 Τήν,
1297 2763 1341 2789 ed.
