1986 3080
130 141 181 168 ι95

831 149 864 176 IN
881 148 1048 178 PSALMOS.

1694 144 1744 171 408

129 204 171 231 ρει
193 195 238 223 τὸν
257 196 376 233 ἀθλητήν
390 207 397 213 ·
421 198 468 233 τὴν
492 200 561 235 μετὰ
585 201 617 228 τὸ
638 202 723 239 πέρας
745 203 798 231 τῶν
824 205 912 233 πόνων

965 207 1045 234 ticum
1062 217 1071 232 ι
1088 206 1228 234 instituere
1240 207 1266 231 et
1280 210 1386 235 canere,
1405 211 1414 228 ι
1435 201 1487 230 Pro
1503 201 1674 238 susceptione
1687 210 1745 229 ma-

128 241 313 277 ἐκδεχομένων
335 244 407 279 ἡμᾶς
429 246 606 280 χοροστασίαν
634 249 815 283 σημαίνουσα”
841 251 912 278 οὕτω

128 286 182 322 γὰρ
198 287 214 322 ἡ
238 287 320 324 λέξις]
340 288 408 325 αὕτη
428 291 502 326 παρὰ
525 293 579 318 τῶν
594 293 693 320 λοιπῶν
708 295 911 331 σεσαφήνισται,

127 331 172 358 διὰ
186 333 294 367 χορείας
306 334 411 362 Μαελὲθ
433 336 629 371 ὲρμηνεύουσα.
648 339 684 365 Τό
704 348 733 366 τε
757 349 766 365 ι
789 341 861 376 Πρὸς
878 341 912 367 τὰ

126 379 230 413 κρύφια
251 379 374 415 βλέπειν,
399 391 409 408 ι
432 383 478 410 καὶ
498 392 507 408 ι
537 384 621 418 ’Υπὲρ
635 385 680 411 τοῦ
700 386 840 421 ἀγαπητοῦ
863 388 912 422 τὴν

126 424 198 460 ᾠδὴν
213 426 356 458 ποιεῖσθαι,
372 437 381 453 ι
396 429 441 454 καὶ
467 437 476 454 ‹
494 429 579 464 ’Υπὲρ
599 430 647 465 τῆς
666 431 780 466 ἑωθινῆς
802 432 910 466 ἀντιλή-

126 468 199 503 ψεως
209 470 280 505 ᾄδειν
289 479 296 486 ·
310 480 318 496 ι
329 472 375 497 καὶ
389 479 398 496 ε
413 471 461 507 τὴν
478 473 587 508 Ὀγδόην
600 473 803 510 πρὸὸφθαλμῶν
812 474 893 509 ἔχειν,
905 484 914 500 ι

127 514 174 541 καὶ
181 524 190 539 α
200 516 268 550 πρὸς
274 517 324 552 τὴν
332 514 551 550 κληρονομοῦσαν
559 518 623 552 ὸρᾷν
634 527 643 543 ι
650 536 656 548 ,
665 517 712 543 καλ⁸
722 523 730 539 ι
739 516 812 547 ὅπως
817 516 850 544 ἂν
861 517 913 550 ἔξω

125 560 175 593 τῆς
190 561 257 595 προς
271 561 316 587 τὸν
328 561 399 596 Κορὲ
414 562 571 596 συγγενείας
581 561 736 596 γενοίμεθα,
746 571 754 587 ι
766 562 815 597 τήν
824 571 854 589 τε
863 570 912 598 με-

125 604 212 641 γάλην
226 606 334 641 ἐκείνην
353 605 399 632 τοῦ
416 605 497 633 Δαυῒδ
513 606 603 641 φωνὴν
617 607 678 642 τὴν,
705 616 715 631 ι
733 607 779 642 Μὴ
790 607 911 642 διαφθεί-

127 660 211 687 ρῃς,›
239 652 271 687 ἦν
298 652 366 687 πρὸς
390 651 435 678 τὸν
463 652 634 687 ὑπασπιστὴν
658 648 817 688 ἐποιήσατο,
844 653 912 688 πρὸς

125 696 170 722 τὸν
192 696 246 731 (29)
268 696 354 723 Σαοὺλ
373 697 451 731 φόνον
467 697 633 732 ὁρμήσαντα,
655 697 910 733 ἑνστηλογραφηθῆ-

125 750 170 769 ναι
184 742 239 777 (50)
255 743 282 768 ὲν
301 744 335 778 τῇ
352 743 465 769 ἑκάστου
480 742 552 778 ψυχῇ
567 743 634 778 πρὸς
650 742 800 778 ὑπόδειγμα
815 751 912 778 μακρο-

965 251 1053 278 ttttina
1067 261 1073 278 :
1092 261 1101 277 I
1117 255 1143 277 et
1157 256 1218 278 ante
1233 249 1326 276 oculos
1356 256 1365 272 ‹
1383 252 1506 275 octavam
1525 256 1534 273 ι
1555 247 1654 274 habere
1665 266 1673 278 ,
1689 256 1698 272 ι
1718 251 1745 274 ct

967 305 975 320 ι
995 294 1094 323 intueri
1120 294 1193 321 illam
1223 300 1282 327 qua:
1309 293 1704 329 hereditatemconsequitur,i
1718 297 1745 319 et

966 347 976 364 ‹
988 341 1017 365 ut
1026 344 1102 367 extra
1110 337 1297 372 cognationem
1315 338 1384 366 Core
1400 338 1557 373 migremus,
1570 342 1612 366 iet
1622 338 1745 373 magniﬁ-

962 390 1021 410 cam
1035 382 1108 409 illam
1124 382 1233 410 Davidis
1247 391 1351 417 vocem,
1365 392 1374 409 ι
1389 383 1427 411 Ne
1443 391 1602 418 corrumpas
1619 403 1626 415 ,
1642 392 1652 410 ι
1664 391 1744 419 quam

963 428 997 455 ad
1009 419 1172 463 armigerum
1184 436 1263 456 suum
1282 429 1315 456 ad
1326 429 1425 456 caedem
1444 428 1534 456 Saulis
1550 433 1672 457 ruentem
1685 437 1748 464 pro-

964 473 1036 506 tulit,
1053 481 1106 508 qua
1126 481 1269 501 monemur
1292 475 1325 502 ad
1347 475 1483 510 patientiae
1493 478 1520 502 et
1535 475 1746 510 longanimitatis

963 519 1131 554 exemplum;
1153 524 1180 547 et
1202 520 1283 554 hujus
1310 521 1417 555 generis
1444 521 1585 555 complura
1612 521 1676 553 alia,
1701 521 1747 555 qui

964 565 1119 592 accuratius
1140 565 1306 600 perpendere
1325 565 1407 597 v‘olet,
1424 567 1448 594 is
1473 566 1589 593 libenter
1606 565 1746 597 fatebitur,

963 609 1031 636 nihil
1046 609 1118 636 aliud
1133 617 1204 643 esse,
1217 618 1298 645 quam
1326 611 1470 638 athleticas
1480 611 1613 646 quasdam
1626 611 1750 638 cohorta-

963 655 1063 686 tiones,
1083 659 1109 682 ct
1128 657 1323 691 praeceptiones
1349 657 1382 684 ab
1397 657 1563 685 instructore
1586 661 1614 685 et
1638 658 1749 685 doctore

965 701 998 728 ad
1018 701 1134 729 athletas
1150 704 1298 736 profectas,
1324 707 1354 730 ut
1369 707 1505 738 speratum
1531 704 1652 731 victoris:
1667 704 1747 731 ﬁnem

966 753 1178 782 consequantur.
1194 748 1326 775 Similiter
1341 749 1365 776 si
1380 749 1445 784 quid
1455 757 1488 777 ex
1498 750 1614 777 historia
1625 749 1747 778 additum

126 787 237 822 θυμίας,
258 788 405 823 συμϐάλλει
419 789 433 814 ό
455 788 542 822 λόγος.
568 789 623 816 Καὶ
647 789 735 815 πάντα
749 789 784 815 τὰ
801 788 912 817 τοιαῦτα

967 791 1001 818 sit
1013 792 1154 825 vocabulo,
1167 802 1176 818 ι
1190 793 1219 819 ln
1234 793 1325 826 ﬁnem,
1342 803 1351 820 ι
1365 794 1458 822 eodem
1472 795 1567 828 tendit,
1582 800 1610 823 ut
1621 795 1748 823 videlicet

125 832 201 871 ε’ύροι
217 842 258 865 τις
280 834 314 860 ἂν
334 834 368 860 δι’
390 834 532 869 ἀκριϐείας
555 833 756 870 σκοπούμενος,
772 835 813 861 ὅτι
828 835 911 871 ἀθλη-

965 844 1054 864 rerum
1071 845 1178 872 quoque
1188 842 1326 873 gestarum
1341 840 1472 874 exemplis
1486 845 1513 868 et
1526 841 1697 869 documentis
1714 840 1749 868 ad

126 878 199 905 τικαί
224 878 294 910 τινές
318 880 384 906 εἰσιν
410 880 598 915 ὑποφωνήσεις
623 880 697 918 παρά
710 880 756 907 τοῦ
776 880 913 916 παιδοτρί-

126 923 174 950 6ου
189 924 256 959 πρὸς
270 926 332 956 τοὺς
347 925 466 961 ἀθλητὰς
481 926 631 961 γινόμεναι,
649 927 722 957 ὅπως
737 926 769 953 ἄν
785 935 827 958 τις
846 926 913 961 πρὸς

965 882 1113 909 certamina
1143 883 1358 911 corroborentur.
1386 884 1420 911 Et
1449 885 1506 912 haec
1532 886 1640 921 quidem
1674 886 1749 914 notio

967 927 1088 962 subjecta
1099 932 1141 955 est
1158 929 1196 955 illi
1208 929 1322 956 dictioni
1338 939 1346 955 ι
1367 929 1395 956 1η
1412 931 1501 958 ﬁnem.
1524 940 1533 958 ι

126 972 157 998 τὸ
184 972 232 1007 τῆς
255 973 331 1007 νίκης
355 959 466 1006 φθάσειε
487 959 574 1005 τέλος.
595 973 730 1005 Ὡσαύτως
745 973 773 1000 δὲ
795 973 842 1001 καὶ
863 959 890 1000 ἐι
909 982 935 1001 τι
957 959 1151 1011 τῆς-ἱστορίας
1180 976 1463 1012 συμπαραγέγραπται
1485 979 1519 1014 τῇ
1545 987 1554 1006 ι
1575 979 1622 1010 Εἰς
1636 959 1716 1010 ἱτέλος
1736 987 1746 1004 ι

126 1019 214 1054 φωνῇ,
233 1019 301 1054 πρὸς
323 1019 388 1046 αὐτὸ
403 1019 480 1046 τοῦτο
495 1019 598 1054 βλέπει,
616 1020 653 1052 ὼς
669 1019 701 1046 ἂν
719 1019 764 1046 διὰ
781 1020 835 1047 τῶν
852 1020 994 1055 ἱστορικῶν
1008 1021 1211 1057 ὑποδειγμάτων
1227 1023 1325 1059 μᾶλλον
1345 1025 1410 1061 πρὸς
1426 1025 1488 1058 τοὺς
1505 1026 1611 1060 ἀγῶνας
1631 1025 1750 1062 ἐτιιρρω-

126 1064 264 1100 σθείημεν.
282 1065 355 1101 Αὕτη
372 1065 420 1100 μὲν
435 1066 450 1101 ή
464 1074 473 1091 ι
487 1066 533 1098 Εἰς
547 1065 622 1098 τέλος
637 1075 646 1092 ι
663 1065 774 1093 διάνοια.

388 1134 586 1161 ΚΕΦᾹΛΑΙΟΝ
607 1135 644 1162 Γ,

161 1204 273 1238 Ψαλμδς
288 1204 316 1231 δὲ
332 1203 378 1230 καὶ
393 1203 457 1239 ᾠδὴ,
482 1203 529 1230 καὶ
553 1203 666 1236 αἴνεσις,
689 1204 735 1231 καὶ
752 1204 844 1240 ὕμνος,
867 1205 912 1231 καὶ

125 1251 275 1286 προσευχὴ,
292 1250 419 1285 τοιαύτην
434 1250 502 1285 πρὸς
515 1250 616 1284 ἄλληλα
637 1251 686 1285 τὴν
702 1250 832 1286 διαφορὰν
845 1251 913 1285 ἔχει·

124 1297 238 1331 Ψαλμος
255 1296 304 1331 μὲν
319 1297 372 1331 γάρ
387 1297 459 1322 ἐστιν
469 1317 476 1328 ,
497 1297 514 1331 ἡ
535 1295 578 1322 διὰ
593 1296 638 1322 τοῦ
653 1296 767 1332 ὀργάνου
783 1296 830 1323 τοῦ
848 1305 912 1332 μους

127 1342 205 1369 σικοῦ
223 1341 340 1377 μελῳδία
352 1350 358 1357 ·
377 1342 431 1377 ᾠδὴ
445 1342 472 1368 δὲ
485 1343 501 1377 ἡ
515 1341 559 1368 διὰ
572 1342 704 1377 στόματος
719 1342 851 1378 γενομένη
865 1342 911 1369 τοῦ

127 1389 225 1424 μέλους
246 1389 315 1424 μετὰ
335 1388 389 1416 τῶν
407 1389 462 1423 (51)
489 1388 617 1424 ῥημάτων
642 1388 805 1424 ὲκφώνησις.
831 1389 863 1416 Ὴ
885 1389 913 1416 δὲ

125 1434 275 1471 προσευχὴ,
292 1434 416 1469 ἱκετηρία
433 1435 500 1465 ἐστὶ.
521 1434 584 1469 περί
600 1443 672 1466 τινος
691 1435 743 1461 τῶν
760 1435 911 1471 συμφερόν-

125 1490 180 1508 των
197 1480 386 1516 προσαγομένη
400 1479 439 1515 τῷ
453 1480 508 1515 (5‘2)
527 1479 595 1515 Θεῷ.
616 1481 718 1515 Ὕμνος
733 1481 760 1507 δὲ
773 1482 789 1516 ἡ
802 1481 847 1507 ἐπὶ
855 1481 912 1513 τοῖς

126 1526 295 1562 ὑπάρχουσιν
310 1527 376 1560 ἡμῖν
401 1524 511 1558 ἀγαθοῖς
535 1525 715 1561 ἀνατιθεμένη
738 1526 777 1561 τῷ
793 1526 853 1561 Θεῷ
868 1527 912 1552 εύ-

126 1572 226 1607 φημία.
242 1570 319 1603 Αἶνος
331 1571 370 1603 δὲ,
393 1571 451 1606 ἢτοι
464 1571 565 1602 αῐνεσις
583 1571 690 1606 (ταύτὸν
705 1571 760 1607 γὰρ
771 1572 813 1598 ἐπ’
824 1573 912 1608 ἀμφο-

124 1617 213 1652 τέρων
229 1617 260 1644 τὸ
283 1617 507 1652 σημαινόμενον),
530 1618 585 1644 τῶν
600 1617 679 1644 θείων
696 1617 841 1653 θαυμάτων
864 1627 912 1646 πε-

127 1663 212 1699 ριέχει
237 1663 282 1689 τὸν
306 1663 425 1689 ἔπαινον.
453 1663 520 1689 Οὐδὲ
542 1662 599 1699 (55)
622 1663 676 1698 γὰρ
697 1663 761 1690 ἄλλο
788 1663 815 1690 τί
838 1665 910 1690 ἐστιν

125 1708 256 1740 ἔπαινος,
282 1709 306 1734 εί
332 1708 368 1743 μὴ
393 1707 440 1734 τοῦ
463 1708 538 1735 αἴνου
563 1708 698 1740 ἐπίτασις.
723 1708 857 1740 Πολλάκις
883 1708 911 1735 δὲ

123 1753 211 1780 ταῦτα
234 1753 357 1788 ἀλλήλοις
374 1753 403 1779 ὲν
416 1754 475 1785 ταῖς
497 1754 662 1789 ἐπιγραφαῖς
679 1753 724 1780 διά
736 1762 808 1786 τινος
830 1753 911 1785 συζυ-

124 1798 187 1832 γίας
210 1798 403 1833 συμπλέκεται,
421 1798 491 1825 ὥστε
505 1798 534 1825 ἓν
558 1799 592 1825 τὰ
612 1799 657 1825 δύο
672 1799 715 1826 διὰ
727 1799 775 1835 τῆς
793 1799 913 1834 συμπλο-

125 1841 178 1876 κῆς
191 1842 326 1876 γενέσθαι.
338 1843 372 1869 Ἦ
389 1842 443 1878 γὰρ
456 1853 464 1868 ι
478 1843 592 1878 Ψαλμδς
604 1843 685 1878 ῲδῆςν
696 1853 705 1869 ⁸
723 1843 761 1879 ἦ(
774 1843 834 1879 ᾭδὴ
849 1843 913 1878 φίλ’

127 1887 190 1922 μοῦ,
205 1897 214 1913 ι
225 1887 240 1922 ἢ
251 1897 260 1913 ‹
272 1888 316 1914 Ἐν
331 1887 424 1922 ὕμνοις
436 1888 552 1923 ψαλμος,
564 1897 574 1914 ι
587 1889 603 1923 ἢ
621 1888 713 1920 καθὼς
732 1889 760 1914 ὲν
779 1888 818 1924 τῷ
835 1888 913 1916 Ἀδα-

125 1934 200 1968 κοὺμ
216 1933 425 1969 μεμαθήκαμεν,
444 1935 490 1961 καὶ
503 1943 512 1960 ι
529 1934 669 1970 Προσευχὴ
682 1935 739 1969 μετ’
755 1934 837 1969 ᾠδῆς.
856 1943 865 1960 ι
880 1934 913 1960 Ἥ

125 1977 155 2004 δὲ
169 1977 280 2009 διάνοια,
294 1978 355 2005 καθ’
372 1979 404 2014 ἠν
422 1978 490 2014 πρὸς
503 1979 601 2015 ἀρετὴν
613 1978 784 2014 ὁδηγούμεθα
795 1979 847 2005 ὑπὸ
859 1979 913 2006 τῶν

127 2021 288 2056 ἐπιγραφῶν
302 2022 414 2055 τούτων,
429 2023 487 2049 ἐστὶ
502 2023 624 2059 τοιαύτη·
644 2023 681 2050 Τὸ
692 2023 852 2059 ψαλτήριον,
869 2023 913 2059 δρ-

125 2066 209 2100 γανόυ
223 2068 279 2094 ἐστι
297 2068 425 2103 μουσικὸν
441 2069 472 2095 ὲκ
484 2068 537 2095 τῶν
550 2068 652 2095 ἀνωθεν
666 2069 756 2104 μερῶν
768 2069 818 2104 τῆς
833 2078 916 2097 κατα-

127 2112 228 2147 σκευῆς
242 2113 389 2141 ἀποτελοῦν
401 2113 444 2140 τὸν
453 2111 528 2149 ἦχον.
537 2114 569 2140 Ἦ
579 2114 606 2140 δὲ
618 2115 664 2141 τοῦ
674 2115 792 2141 τοιούτου
801 2115 919 2152 ὀργάνου.

128 2159 304 2193 μοσσουργία,
325 2158 429 2194 ψαλμδς
448 2159 566 2194 λέγεται.
586 2161 689 2188 Οὐκοῦν
701 2161 733 2187 ἐκ
749 2160 796 2187 τοῦ
813 2161 917 2196 σχήμα-

125 2211 172 2234 τος
186 2203 234 2238 τῆς
246 2205 416 2239 κατασκευῆς
431 2206 444 2232 ὁ
458 2206 653 2241 προτρεπτικὸς
670 2207 710 2238 εἰς
722 2206 822 2242 ἀρετὴν
838 2207 917 2241 λόγος

126 2247 246 2283 ἔμφασιν
265 2249 331 2285 ἔχει.
348 2250 398 2276 Τὸν
417 2250 469 2285 γὰρ
485 2251 530 2277 σὸν
548 2251 603 2285 βίον
619 2251 725 2287 ψαλμὸν
742 2251 811 2278 εἶναι
828 2251 918 2278 διακε-

126 2294 252 2326 λεὺεται,
278 2295 315 2330 μὴ
336 2296 391 2326 τοῖς
411 2296 515 2331 γηῖνοις
537 2296 664 2330 φθόγγοις
685 2296 915 2333 περιηχούμενον·

1266 1137 1379 1166 CAPUT
1400 1138 1443 1166 Ill.

1001 1204 1034 1231 At
1053 1205 1174 1239 psalmus
1188 1209 1215 1233 et
1230 1207 1375 1240 canticum,
1393 1212 1417 1235 et
1433 1208 1567 1242 laudatio;
1575 1213 1602 1237 et
1619 1209 1746 1245 hymnus,

966 1253 994 1277 et
1008 1250 1096 1277 oratio
1107 1251 1153 1277 tali
1167 1251 1284 1286 quodam
1297 1251 1455 1280 discrimine
1470 1253 1541 1280 inter
1556 1261 1586 1281 se
1603 1253 1745 1281 dissident:

965 1293 1091 1322 Psalmus
1105 1299 1146 1322 est
1162 1297 1308 1323 modulatio
1320 1304 1366 1331 per
1380 1297 1589 1327 instrumentum
1601 1298 1747 1325 musicum.

967 1340 1111 1368 Canticum
1124 1345 1165 1368 est
1176 1342 1292 1376 prolatio
1307 1346 1415 1373 cantus,
1428 1350 1489 1369 cum
1501 1343 1590 1371 verbis
1608 1351 1654 1371 ore
1664 1343 1747 1371 facta.

967 1385 1062 1413 Oratio
1082 1390 1124 1414 est
1139 1387 1301 1421 supplicatio
1318 1387 1352 1414 ad
1370 1386 1466 1420 Deum,
1484 1395 1532 1422 pro
1548 1395 1577 1415 re
1590 1388 1682 1423 aliqua
1699 1396 1749 1416 no-

965 1430 1008 1459 bis
1023 1431 1198 1459 conducibili.
1214 1431 1336 1468 Hymnus
1349 1436 1390 1460 cst
1406 1432 1560 1461 benedictio
1572 1434 1677 1461 reddita
1694 1434 1749 1462 Deo

965 1476 1001 1504 ob
1017 1477 1086 1504 bona
1101 1477 1181 1505 nobis
1201 1478 1331 1512 praestita.
1359 1477 1431 1505 Laus
1450 1486 1516 1506 vero
1539 1480 1596 1507 sive
1619 1479 1748 1512 laudatio,

965 1522 1036 1549 idem
1057 1523 1131 1550 enim
1162 1524 1305 1558 utriusque
1326 1524 1509 1558 signiﬁcatum
1535 1529 1587 1557 est,
1614 1525 1750 1560 signiﬁcat

965 1566 1121 1594 divinorum
1140 1568 1306 1595 mirabilium
1325 1569 1547 1603 praedicationem
1564 1573 1590 1597 et
1609 1577 1749 1597 commen-

965 1611 1119 1646 dationem;
1135 1621 1199 1640 nam
1214 1613 1343 1640 exaltatio
1366 1614 1393 1640 in
1408 1614 1555 1646 laudando,
1585 1615 1652 1642 nihil
1674 1615 1749 1642 aliud

963 1661 1004 1685 est
1018 1665 1099 1692 quam
1113 1657 1199 1686 laudis
1215 1658 1336 1687 intentio.
1355 1658 1487 1686 Caeterum
1511 1660 1568 1687 haec
1596 1667 1667 1694 saepe
1695 1659 1747 1687 sibi

962 1707 1057 1730 mutuo
1074 1703 1101 1730 in
1123 1703 1346 1737 inscriptionibus
1360 1705 1434 1731 varia
1452 1705 1646 1739 conjunctione
1664 1713 1748 1741 copu-

963 1748 1064 1780 lantur,
1081 1753 1110 1776 ut
1128 1749 1182 1776 duo
1207 1749 1376 1776 connexione
1390 1750 1417 1777 in
1428 1750 1498 1777 idem
1515 1751 1683 1778 coalescant.
1700 1750 1747 1778 Vel

963 1795 1035 1823 enim
1052 1794 1164 1826 dicitur.
1185 1804 1194 1820 ‹
1214 1795 1341 1823 Psalmus
1353 1795 1463 1828 cantici,
1482 1805 1492 1821 ι
1511 1796 1562 1828 vel,
1582 1805 1591 1822 ι
1606 1796 1748 1823 Canticum

963 1839 1072 1874 psalmi,
1100 1849 1109 1866 ι
1127 1840 1179 1872 vel,
1205 1849 1214 1865 ι
1233 1839 1262 1866 In
1279 1840 1387 1875 hymnis
1411 1840 1543 1874 psalmus,
1564 1850 1574 1866 ι
1600 1841 1653 1873 vel,
1671 1844 1700 1867 ut
1715 1849 1748 1868 ex

964 1885 1092 1913 Habacuc
1118 1886 1141 1901 "
1172 1885 1317 1913 didicimus
1332 1903 1340 1916 ,
1368 1894 1377 1910 ι
1396 1885 1489 1913 Oratio
1511 1893 1574 1913 cum
1597 1886 1715 1913 cantico.
1736 1896 1745 1912 ι

966 1929 1069 1958 Sensus
1088 1937 1166 1961 vero,
1191 1930 1238 1964 qui
1264 1937 1314 1957 nos
1332 1937 1381 1965 per
1403 1930 1470 1958 istas
1499 1930 1692 1967 inscriptiones
1715 1933 1748 1960 ad

965 1977 1093 2004 virtutem
1108 1976 1227 2008 deducit,
1241 1975 1376 2010 ejusmodi
1389 1981 1446 2004 est:
1459 1976 1618 2004 Psalterium
1636 1981 1677 2005 est
1690 1986 1750 2005 mu-

967 2023 1053 2050 sicum
1073 2021 1285 2048 instrumentum
1300 2040 1308 2053 ,
1327 2020 1399 2056 quod
1414 2029 1447 2048 ex
1465 2023 1650 2056 superioribus
1675 2027 1750 2052 stru-

967 2073 1049 2095 cturse
1065 2074 1121 2095 suae
1143 2067 1266 2102 partibus
1282 2074 1377 2094 sonum
1394 2067 1448 2095 edit
1462 2076 1469 2100 ;
1491 2068 1627 2104 hujusque
1647 2069 1750 2096 instru-

966 2113 1050 2140 menti
1063 2115 1224 2146 concentus,
1243 2112 1394 2148 appellatur
1412 2122 1421 2138 ι
1440 2113 1571 2148 psalmus.
1594 2123 1603 2139 ι
1627 2113 1698 2149 Ergo
1716 2122 1750 2142 ex

967 2158 1026 2192 ipsa
1049 2158 1263 2185 constructionis
1285 2157 1383 2192 ﬁgura,
1411 2158 1588 2186 commonitio
1610 2159 1689 2186 nobis
1717 2159 1750 2186 ad

966 2203 1095 2231 virtutem
1109 2203 1228 2236 exsistit,
1246 2211 1308 2230 cum
1329 2206 1403 2230 tuam
1420 2204 1502 2230 vitam
1523 2204 1588 2231 velit
1601 2211 1661 2231 esse
1678 2205 1752 2239 psal-

968 2257 1054 2281 mutn,
1071 2257 1127 2276 non
1152 2249 1330 2277 terrestribus
1353 2249 1428 2277 sonis
1452 2253 1626 2277 rcsonantem
1642 2259 1649 2283 ;
1667 2258 1751 2279 sonos

969 2296 1058 2320 autem
1072 2299 1139 2320 voco
1152 2292 1345 2327 cogitationes;
1358 2293 1405 2320 sed
1426 2293 1473 2327 qui
1489 2300 1587 2328 purttm
1604 2295 1749 2322 exauditu-

127 2339 262 2374 φθόγγους
279 2340 306 2366 δέ
324 2349 394 2376 φημι
405 2341 438 2367 τὰ
453 2342 576 2376 νοήματα
587 2349 593 2356 ·
611 2341 678 2368 ἀλλὰ
694 2342 812 2377 καθαρόν
825 2351 854 2368 τε
868 2343 912 2369 καὶ

968 2345 1020 2372 que
1029 2337 1146 2369 facilem,
1161 2340 1189 2364 et
1205 2344 1237 2364 ex
1250 2337 1332 2365 rebus
1343 2337 1448 2372 superis
1460 2339 1672 2375 caelestibusque
1685 2348 1751 2368 con-

127 2384 288 2418 ὲξάκουστον
302 2386 334 2412 ὲκ
350 2386 404 2412 τῶν
420 2386 521 2413 ἄνωθέν
535 2395 564 2413 τε
580 2386 627 2413 καὶ
642 2387 775 2421 οὐρανίων
791 2387 837 2413 τὸν
849 2385 912 2422 ἦχον

969 2387 1070 2411 textum
1082 2390 1179 2410 sonum
1191 2382 1298 2410 efﬁciat.
1309 2383 1344 2410 At
1352 2391 1413 2411 cum
1423 2384 1548 2413 audimus
1558 2394 1566 2411 ι
1577 2386 1724 2418 canticum,
1739 2397 1748 2412 ν

126 2429 361 2464 ἀπεργαζόμενον.
392 2431 467 2466 ’ῼδὴν
489 2431 517 2457 δὲ
533 2430 696 2463 ἀκούσαντες
708 2451 715 2463 ,
740 2432 789 2466 τὴν
806 2433 869 2467 περὶ
885 2431 912 2458 τι

967 2428 1098 2455 docemur
1113 2428 1191 2463 quasi
1201 2427 1319 2463 quodam
1331 2429 1482 2461 involucra,
1499 2429 1561 2457 vitae
1579 2430 1750 2458 honestatem

128 2475 290 2510 φαινόμενον
314 2476 521 2511 εὐσχημοσύνην
544 2476 591 2503 τοῦ
609 2475 666 2511 βίου
694 2477 864 2512 μανθάνομεν
880 2477 912 2503 δι’

968 2474 995 2501 in
1012 2473 1166 2501 actionibus
1189 2473 1291 2501 nostris
1312 2475 1493 2509 prastandam
1517 2482 1588 2503 esse.
1615 2476 1746 2508 Quemad~

127 2519 297 2555 αἰνίγματος.
323 2521 427 2556 Ὥσπερ
443 2521 497 2556 γάρ
514 2522 546 2548 ἐκ
568 2521 621 2548 τῶν
637 2521 772 2557 μουσικῶν
792 2522 912 2557 ὀργάνων

966 2519 1076 2546 modum
1089 2519 1163 2547 enim
1183 2527 1216 2546 cx
1234 2519 1347 2547 musicis
1372 2513 1560 2548 instrumentis
1583 2521 1656 2549 solus
1684 2530 1750 2549 conv

130 2565 210 2599 μόνος
224 2566 238 2591 ὁ
255 2563 322 2600 ἦχος
336 2566 385 2600 τῆς
401 2565 533 2601 μελῳδίας
547 2567 710 2601 προσπίπτει
726 2567 785 2598 ταῖς
807 2566 912 2598 ἀκοαῖς,

966 2567 1062 2592 centus
1077 2564 1109 2591 ad
1123 2571 1205 2591 aures
1222 2564 1367 2597 allabitur;
1388 2565 1447 2600 ipsa
1465 2572 1528 2592 vero
1549 2566 1630 2593 verba
1651 2566 1750 2593 decan-

127 2610 198 2637 αὺτά
213 2611 241 2637 δὲ
254 2612 288 2638 τὰ
303 2610 493 2646 μελῳδούμενα
506 2612 616 2646 ῥήματα
630 2612 659 2637 οὺ
672 2611 845 2647 διαρθροῢται
859 2613 912 2642 τοῖς

965 2613 1021 2636 tata
1039 2617 1086 2644 per
1100 2617 1184 2637 sonos
1207 2609 1373 2636 articulatim
1394 2618 1448 2637 non
1471 2610 1695 2645 distinguuntur;
1723 2612 1749 2638 in

127 2656 266 2691 φθόγγοις·
291 2657 320 2683 ὲν
340 2656 368 2683 δὲ
391 2658 424 2692 τῇ
439 2656 494 2692 ᾠδῇ
520 2656 550 2682 τὸ
575 2657 776 2692 συναμφότερον
799 2657 912 2691 γίνεται,

965 2657 1072 2682 cantico
1099 2659 1189 2682 autent
1218 2659 1363 2689 utrumque
1385 2659 1447 2682 est:
1474 2660 1655 2684 conccntuum
1673 2657 1749 2684 scili-

162 2731 184 2745 "
203 2729 302 2757 llabat'.
313 2738 352 2761 nt,
363 2730 387 2756 1.

167 2796 224 2831 (‘29)
239 2797 292 2823 Τοῦ
307 2797 369 2824 add.
388 2797 430 2824 ed.

162 2832 218 2867 (.30)
233 2832 499 2867 Στηλογραφηθῆναι,
512 2832 555 2859 ed.

164 2866 219 2901 (5|)
233 2867 292 2892 Τῶν
302 2866 355 2895 out.
366 2866 421 2901 etL,
439 2872 495 2895 tum
511 2866 688 2903 ἐπιφώνησις,
706 2867 764 2894 ed.‘

1001 2798 1056 2829 (52)
1069 2798 1112 2832 Τῷ
1128 2807 1180 2825 on).
1200 2799 1244 2827 ctl.

1002 2834 1056 2863 (55)
1070 2833 1161 2864 Οὐδέν,
1178 2833 1222 2861 ed.
