1986 3080
266 162 318 190 695

902 159 931 186 S.
951 158 1117 186 GREGORII
1137 158 1287 187 NYSSENI
1342 159 1344 162 ’

1836 162 1889 189 δυσ

265 223 308 246 cet
332 218 495 252 modulatio;
517 217 715 253 verborumque
732 218 773 246 vis
791 221 818 245 et
838 221 959 252 potestas
979 225 1046 245 cum

1102 219 1148 246 καὶ
1162 220 1176 246 ὁ
1191 219 1239 246 τοῦ
1256 219 1353 254 μέλους
1369 218 1483 254 ῥυθμὸς,
1499 219 1545 245 καὶ
1565 217 1618 244 τῶν
1633 217 1762 253 ῥημάτων
1776 218 1793 253 ἡ
1807 217 1888 244 δύνα-

263 268 346 292 cantu
375 264 455 292 simul
480 263 643 292 articulatim
674 264 790 299 prolata,
818 271 898 298 quam
924 263 1050 299 ignorare

264 317 376 338 necesse
390 313 441 343 est,
457 310 479 338 si
503 310 569 337 solis
588 310 778 337 instrumentis
796 308 911 336 musicis
933 309 1050 336 melodia

264 355 439 383 instituatur:
453 355 542 383 simile
555 355 619 390 quid
637 355 702 387 illis,
716 355 761 390 qui
788 354 898 382 virtutis
914 355 1049 382 exercita-

265 401 332 429 tioni
356 409 417 429 sese
429 400 542 433 dedunt,
571 401 710 428 indicatur
736 399 900 433 usuvenire;
924 400 1049 427 nonnulli

263 446 349 478 enim,
376 446 422 481 qui
448 454 539 473 rerum
567 446 779 474 considerationi
800 450 827 473 et
849 445 1050 480 investigationi

265 492 385 518 animum
400 491 548 526 adjiciunt;
564 492 647 519 vitam
671 491 779 526 quidem
795 498 858 518 cum
875 490 975 518 virtute
1002 490 1051 518 de-

265 541 349 572 gunt;
371 537 419 564 sed
451 537 536 572 ignoti
567 538 716 573 plerisque,
732 537 848 572 propria:
877 536 1050 564 conscientiae

265 583 390 610 terminis
406 586 510 609 tantum
530 583 631 610 bonum
649 583 895 610 circumscribunt:
924 583 970 618 qui
986 590 1050 610 vero

266 635 356 655 mores
372 636 480 663 quoque
493 636 558 656 suos
577 636 627 664 pro
645 629 749 656 viribus
773 632 846 656 recte
870 633 1048 664 componunt,

265 673 303 700 illi
335 674 479 701 honestate
504 677 532 701 et
554 674 689 706 decentia,
706 673 734 701 in
759 673 793 701 iis
813 681 874 708 qua:
899 677 1048 708 apparent,

265 719 386 754 agendis,
405 719 478 746 velut
499 720 624 747 oratione
651 719 780 754 quadam,
796 719 858 746 vitae.
885 719 1050 746 convenien-

267 765 330 791 tiam
361 769 490 800 recthue
512 764 709 792 conl‘ormatam
735 765 866 791 rationem
899 764 1048 798 publicant.

266 810 380 843 Quando
391 811 475 846 igitur
490 818 539 846 per
549 810 605 838 haec
619 810 699 836 ambo
709 809 788 836 cilicii
803 809 871 836 ratio
884 809 964 836 nobis
981 817 1048 836 con-

265 857 375 889 stiterit,
399 856 546 892 conjuncta
560 855 732 892 philosophia
744 855 799 886 illa,
817 863 878 890 qua:
902 855 934 882 ad
960 862 1049 882 mores

1105 273 1151 299 μις
1178 266 1194 300 ἡ
1221 265 1276 301 (54)
1301 264 1526 299 συνδιεξαγομένη
1555 264 1623 299 μετὰ
1645 263 1693 290 τοῦ
1717 263 1832 298 μέλους,
1856 264 1889 299 ἦν

1103 310 1258 344 ἀγνοεῖσθαι
1273 311 1347 337 πάσα
1363 310 1486 344 ἀνάγκη,
1511 310 1574 336 ὅταν
1596 308 1639 335 διὰ
1655 309 1742 344 μόνων
1757 308 1811 335 τῶν
1827 317 1892 344 μου-

1105 355 1188 382 σικῶν
1200 355 1323 391 ὀργάνων
1347 356 1363 391 ἡ
1391 354 1507 390 μελῳδία
1522 354 1650 389 γένηται·
1676 354 1746 382 οὓτω
1773 355 1819 381 καὶ
1845 356 1891 381 ἐπὶ

1102 400 1157 428 τῶν
1180 401 1229 435 τὴν
1252 401 1352 436 ἀρετὴν
1374 401 1518 436 μετιόντων
1535 399 1678 435 συμϐαίνει
1699 399 1766 434 (55).
1792 401 1823 426 υι
1843 400 1892 435 μὲν

1103 446 1158 481 γὰρ
1170 447 1203 481 τῇ
1218 445 1371 481 θεωρητικῇ
1388 454 1417 472 τε
1433 446 1480 473 καὶ
1492 446 1624 480 ἔποπτιχῇ
1646 444 1700 471 τῶν
1715 445 1800 472 ὄντων
1814 445 1891 479 φιλο-

1105 491 1185 527 σοφίᾳ
1206 491 1251 518 τὸν
1274 491 1337 518 νοῦν
1361 491 1585 526 προσανέχοντες,
1601 490 1697 526 ἄδηλον
1709 492 1767 522 τοῖς
1783 491 1891 522 πολλοῖς

1103 536 1152 573 τὴν
1164 537 1263 572 ἀρετὴν
1279 537 1466 572 κατορθοῦσιν,
1483 537 1511 563 ὲν
1525 536 1564 571 τῷ
1578 536 1632 572 (56)
1646 537 1703 572 ιδιῳ
1717 537 1847 563 συνειδότι
1860 536 1890 562 τὸ

1103 582 1204 616 ἀγαθὸν
1219 582 1434 614 κατακλείοντες·
1458 579 1498 613 οἷς
1519 582 1548 608 δὲ
1565 581 1611 609 καὶ
1633 582 1663 608 τὺ
1683 580 1750 618 ἦθος
1769 582 1816 609 τοῦ
1832 581 1888 617 βίου

1103 628 1173 655 κατὰ
1200 628 1316 663 σπουδὴν
1341 627 1591 663 συγκατορθοῦται,
1617 625 1689 654 οὗτοι
1715 629 1747 664 τῇ
1773 629 1836 663 περὶ
1859 628 1890 654 τὸ

1104 673 1263 708 φαινόμενον
1275 672 1475 708 εὐσχημοσύνῃ,
1487 672 1612 707 καθάπερ
1622 672 1675 698 τινὶ
1684 672 1755 707 λόγῳ
1766 672 1814 708 τὴν
1831 672 1889 707 (δη

1103 719 1154 754 τῆς
1175 719 1249 753 ζωῆς
1271 719 1374 745 ἑαυτῶν
1391 718 1540 755 εὐρυθμίαν
1565 718 1780 754 δημοσιεύουσιν.
1806 719 1889 746 Ὅταν

1103 765 1192 791 τοίνυν
1215 764 1248 791 δι’
1272 762 1465 802 ἀμφοτέρωνῇ
1488 764 1520 791 τὸ
1536 758 1637 799 ἀγαθὸν
1660 764 1888 800 κατορθούμενον,

1103 810 1154 845 τῆς
1169 810 1266 846 ἠθικῆς
1283 810 1440 845 φιλοσοφίας
1453 810 1521 846 πρὸς
1535 810 1585 845 τὴν
1599 810 1766 846 θεωρητικὴν
1781 810 1890 847 συνδρα-

1106 854 1233 891 μούσης,‹
1245 855 1306 891 ᾩδὴ
1317 854 1424 891 ψαλμοῦ
1437 855 1552 889 γίνεται,
1569 864 1578 880 ι
1596 854 1612 890 ἦ
1630 863 1640 880 ι
1657 854 1770 890 Ψαλμὺς
1780 854 1860 890 ᾠδῆς·
1876 865 1886 880 ι

266 903 392 937 pertinet,
406 910 468 929 cum
481 903 527 929 illa
539 910 599 938 qua:
619 901 646 928 in
662 900 892 936 contemplatione
910 900 1047 931 consistit,

1104 900 1167 927 ὅταν
1180 900 1208 926 δὲ
1227 900 1255 927 τὸ
1271 901 1326 936 (58)
1347 898 1466 938 ἕτερονῇ
1481 900 1583 927 τούτων
1598 900 1640 935 ἐφ’
1656 900 1751 927 ἑαυτοῦ
1770 902 1826 932 τοῖς
1839 901 1890 927 ἐπ-

265 952 331 975 tunc
346 957 355 973 ι
371 948 514 975 Canticum
525 947 638 982 psalmi;
660 956 668 972 ι
687 946 738 979 vel,
754 955 763 970 ι
782 945 907 973 Psalmus
922 945 1019 972 cantici
1037 955 1046 970 ι

1103 946 1188 978 αίνοις
1205 947 1393 982 προκείμενον,
1414 947 1431 982 ἦ
1452 947 1481 974 τδ
1502 946 1572 973 κατὰ
1587 946 1704 973 διάνοιαν
1722 945 1822 979 ἀγαθὸν
1845 947 1890 974 διὰ

265 992 389 1021 edicitur.
405 993 519 1026 Quando
550 996 639 1019 autem
657 992 771 1018 alterum
793 990 889 1018 horum
915 990 1050 1017 laudatio-

266 1038 347 1066 nibus
360 1038 490 1065 duntaxat
504 1041 681 1072 praznotatum
701 1036 794 1069 fuerit,
809 1041 873 1063 tunc
883 1035 924 1062 vel
936 1035 1048 1068 bonum,

265 1082 337 1116 quod
355 1083 382 1109 in
397 1082 488 1110 animo
505 1083 587 1109 situm
600 1087 650 1113 est,
663 1090 710 1116 per
724 1091 733 1108 ι
745 1081 883 1108 Psalmum
899 1090 907 1106 ι
921 1081 1047 1116 designa-

1101 990 1148 1017 τοῦ
1165 1001 1174 1016 ι
1191 990 1305 1026 Ψαλμοῦ
1326 1000 1336 1017 ι
1356 991 1434 1027 μόνον
1450 991 1625 1026 σημαίνεται·
1641 990 1657 1026 ἢ
1673 990 1703 1017 τὺ
1720 987 1786 1026 ἦθος
1805 991 1851 1017 καὶ
1869 992 1887 1026 ἡ

1103 1036 1166 1071 περὶ
1178 1037 1208 1062 τὸ
1225 1037 1386 1073 φαινόμενον
1406 1036 1611 1072 εὐσχημοσύνη,
1628 1035 1672 1063 διὰ
1690 1036 1739 1071 τῆς
1757 1045 1767 1062 1
1780 1037 1858 1072 ’ῼδῆς
1875 1045 1887 1064 ι

1099 1082 1289 1117 ἑρμηνεύεται.

264 1134 318 1161 tur,
334 1128 376 1156 vel
390 1135 496 1155 morum
511 1127 652 1160 honestas,
665 1127 732 1154 etin
748 1126 901 1154 actionibus
915 1125 1038 1153 decentia
1053 1133 1101 1160 per
1118 1135 1127 1151 ι
1142 1125 1285 1154 Canticum
1300 1136 1309 1152 ›
1328 1127 1492 1154 insinuatur.

300 1182 422 1219 Hymnus
438 1187 529 1210 autem
541 1182 584 1209 vel
599 1182 660 1209 laus
674 1182 697 1210 si
712 1190 773 1209 cum
789 1182 896 1209 cantico
907 1181 1049 1217 jungatur,

264 1229 428 1257 documento
442 1232 493 1260 est,
509 1236 543 1255 ne
556 1227 632 1263 prius
648 1228 830 1263 cogitationes
846 1228 880 1256 de
893 1227 948 1254 Deo
960 1228 1049 1255 susci-

264 1282 328 1310 pere
346 1273 635 1310 aggrediamur,quam
648 1272 768 1299 animum
785 1277 908 1300 nostrum
926 1275 1000 1299 tanta
1022 1272 1052 1299 li-

265 1321 368 1349 bertate
395 1320 506 1354 dignum
527 1318 674 1346 reddamus
691 1327 698 1345 :
717 1327 726 1344 (
749 1317 808 1345 Non
825 1325 834 1341 ι
849 1315 933 1350 enim,
950 1317 1049 1352 inquit,

267 1376 277 1393 ι
291 1367 415 1402 speciosa
431 1365 491 1392 laus
509 1365 536 1391 in
554 1371 600 1392 ore
616 1363 768 1399 peccatoris
782 1363 814 1389 “.
837 1372 846 1388 ι
865 1361 897 1389 Ει
912 1363 1049 1397 peccatori

263 1412 332 1439 dixit
346 1411 417 1438 Deus
434 1420 441 1438 :
458 1420 467 1436 ι
483 1409 572 1443 Quare
589 1413 618 1436 tu
632 1416 744 1436 enarras
759 1408 880 1443 justitias
894 1415 968 1435 meas
977 1408 1019 1435 "‘2
1037 1417 1046 1434 ι

263 1456 336 1484 Idem
361 1464 411 1484 nos
436 1456 516 1483 docet
538 1464 548 1481 ι
564 1455 652 1482 oratio
669 1462 730 1482 cum
744 1454 862 1486 cantico,
878 1463 887 1480 ι
911 1453 1047 1486 videlicet,

264 1507 293 1530 ut
310 1502 369 1530 vita:
384 1501 504 1529 rationes
516 1500 592 1536 prius
606 1504 681 1527 recte
695 1499 912 1532 conformemus,
927 1507 961 1526 ne
985 1499 1048 1535 quis

264 1547 355 1582 segris
364 1550 391 1574 et
402 1547 532 1574 dissonus
543 1546 600 1573 suis
609 1545 635 1572 in
650 1545 804 1572 actionibus
815 1548 952 1579 appareat,
969 1547 1048 1572 tunc-

1138 1182 1241 1218 Ὗμνος
1251 1183 1279 1210 δὲ
1294 1183 1310 1218 ἦ
1328 1181 1401 1214 αἶνος
1415 1184 1447 1218 τῇ
1461 1184 1515 1220 ᾠδῇ
1533 1183 1763 1220 συμμιγνύμενος.
1778 1184 1889 1219 παράγ-

1101 1226 1189 1262 γελμα
1204 1227 1317 1262 γίνεται,
1336 1228 1373 1263 μὴ
1389 1229 1521 1264 πρότερον
1546 1230 1619 1264 ἡμᾶς
1644 1230 1816 1265 κατατολμᾷν
1831 1231 1888 1258 τῶν

1100 1273 1165 1308 περὶ
1175 1273 1241 1300 Θεοῦ
1252 1275 1404 1309 νοημάτων,
1412 1275 1476 1310 πρὶν
1486 1275 1517 1302 ἂν
1528 1275 1573 1302 τὸν
1585 1275 1641 1310 βίον
1652 1275 1729 1311 ἡμῶν
1739 1276 1786 1311 τῆς
1796 1277 1890 1304 τοιαύ-

1100 1327 1150 1353 της
1159 1319 1313 1355 παρρησίας
1325 1320 1480 1355 ποιήσωμεν
1491 1321 1574 1354 ἄξιον.
1588 1331 1597 1347 ι
1609 1322 1645 1347 Οὐ
1657 1331 1666 1347 ι
1677 1322 1731 1357 γὰρ
1741 1332 1750 1348 ι
1760 1322 1867 1357 ὡραῖος,
1875 1331 1886 1348 ι

1103 1364 1194 1400 φησὶν,
1215 1375 1223 1390 ι
1239 1363 1312 1397 αἶνος
1325 1366 1353 1392 ὲν
1368 1366 1479 1401 στόματι
1495 1367 1666 1402 ἀμαρτωλοῦ.
1687 1378 1696 1394 ι
1710 1368 1764 1394 Καὶ
1775 1368 1814 1404 τῷ
1829 1368 1888 1404 (59)

1102 1409 1254 1444 ἁμαρτωλῷ
1278 1407 1353 1436 εἶπεν
1366 1411 1380 1436 ὁ
1399 1410 1475 1442 θεὸς,
1490 1419 1499 1435 ι
1513 1409 1572 1437 Ἵνα
1585 1410 1612 1437 τί
1626 1412 1658 1438 σὺ
1672 1412 1782 1448 ὲκδιηγῇ
1799 1413 1834 1439 τὰ
1848 1413 1890 1439 δι-

1100 1454 1246 1490 καιώματά
1264 1464 1331 1490 μους
1353 1465 1362 1481 ι
1385 1455 1522 1488 Ὡσαύτως
1543 1456 1570 1482 δὲ
1591 1456 1637 1482 καὶ
1656 1457 1673 1492 ἡ
1692 1465 1702 1483 ί
1726 1458 1794 1484 Μετ’
1812 1457 1889 1493 ᾠδῆς

1100 1500 1237 1536 προσευχὴ
1256 1510 1264 1525 ι
1279 1501 1309 1527 τὸ
1327 1497 1386 1528 ἴσον
1410 1502 1475 1536 ἡμῖν
1489 1501 1662 1533 ὑποτίθεται,
1677 1502 1806 1538 πρότερον
1821 1504 1889 1538 περὶ

1099 1545 1144 1571 τὸν
1161 1545 1217 1580 βίον
1238 1546 1415 1579 σπουδάζειν,
1429 1546 1467 1578 ὡς
1480 1546 1513 1573 ἂν
1531 1547 1567 1582 μή
1583 1555 1625 1578 τις
1647 1546 1766 1583 ῥᾴθυμός
1780 1548 1836 1582 ($0)
1856 1557 1888 1575 τε

263 1601 316 1628 que
337 1600 385 1628 per
401 1591 553 1620 orationem
573 1590 607 1617 ad
628 1590 711 1618 Dcum
728 1590 899 1617 accedamus.
920 1589 997 1622 Quod
1012 1589 1047 1616 si-

1102 1590 1145 1617 καὶ
1161 1591 1354 1626 παρηχημένος
1373 1592 1427 1623 τοῖς
1444 1591 1638 1627 ἐπιτηδεύμασι
1659 1592 1741 1629 τύχῃ,
1762 1593 1808 1620 καὶ
1824 1594 1888 1620 τότε

263 1639 402 1674 gniiicare,
413 1637 518 1673 judicio
529 1644 598 1669 meo,
609 1635 740 1663 Dominus
750 1635 868 1663 voluisse
880 1635 986 1662 videtur
995 1635 1049 1662 illis

262 1684 308 1719 qui
325 1684 460 1716 dicebant,
477 1691 487 1708 ι
504 1682 626 1714 Domine,
644 1681 711 1708 doce
732 1688 781 1708 nos
798 1688 876 1708 orare
885 1680 908 1696 ¹⁸
925 1682 960 1715 ι,(
971 1679 1049 1715 quasi

261 1730 350 1757 oratio
364 1736 420 1757 non
437 1728 464 1755 in
479 1728 578 1759 verbis,
591 1727 638 1754 sed
653 1727 680 1754 in
693 1727 748 1753 vita
760 1731 832 1754 recte
845 1722 970 1754 instituta
983 1733 1049 1752 con-

262 1775 357 1810 sistat)
386 1782 450 1802 cum
475 1774 512 1800 ait
533 1783 539 1800 :
558 1783 567 1798 ‹
583 1772 610 1800 Si
633 1772 794 1800 dimiseritis
816 1772 969 1799 hominibus
990 1779 1049 1806 pec-

256 1823 323 1848 cata
337 1827 442 1853 eorum,
463 1818 581 1846 dimittet
601 1821 628 1845 et
647 1816 727 1844 Pater
746 1817 867 1845 caelestis
880 1821 989 1851 peccata
1001 1823 1048 1844 ve-

262 1870 318 1894 stra
329 1866 362 1893 ".
380 1875 389 1892 ι

296 1953 332 1980 At
365 1953 475 1988 quando
498 1952 603 1988 psalmo
631 1952 688 1979 sola
717 1959 784 1984 vox,
812 1950 1043 1982 «laudationis.

262 1999 425 2034 prmﬁgitur,
455 2003 511 2026 tum
536 1998 659 2033 subjecta
696 1997 830 2025 sententia
860 1998 1046 2025 testimonium

261 2044 396 2080 quoddam
413 2044 534 2071 continet
547 2043 606 2079 ejus
618 2043 664 2078 qui
686 2042 741 2070 Deo
760 2042 932 2071 laudationes
948 2043 1045 2071 oﬂ‘ert:

261 2097 323 2118 nam
337 2090 447 2117 laudare
459 2089 542 2117 Deum
553 2089 665 2116 alterius
676 2096 729 2115 non
741 2092 793 2120 est,
805 2088 852 2116 sed
867 2097 875 2113 ι
890 2088 1046 2120 Laudation

260 2136 375 2170 inquit,t
388 2134 497 2162 Davidis
511 2144 518 2162 :
535 2143 544 2160 ι
564 2138 593 2161 ιιι
609 2134 671 2161 hinc
690 2134 838 2167 discamus,
858 2141 906 2161 nos
921 2138 985 2160 tunc
999 2133 1045 2161 Dei

260 2181 388 2209 laudandi
403 2181 449 2216 jus
465 2184 491 2208 et
507 2180 657 2208 libertatem
675 2178 833 2214 adepturos.
851 2179 873 2206 si
895 2178 989 2207 Davidi
1007 2180 1046 2207 si-

259 2228 336 2255 miles
349 2227 507 2255 evadamus.

296 2291 307 2308 ι
334 2281 458 2309 Psalmus
483 2290 493 2306 ι
522 2287 587 2308 vero
617 2279 669 2306 «in
699 2277 830 2314 hymnisr
860 2277 894 2305 ad
918 2278 1041 2306 altiorem

258 2326 402 2363 quemdam
430 2331 531 2354 statum
557 2324 670 2357 evehit;
687 2332 768 2359 quem
790 2324 864 2351 novit
886 2328 912 2351 et
933 2324 1043 2352 divinus

258 2371 416 2408 Apostolus,
428 2375 459 2398 ut
471 2375 589 2398 testatur
607 2370 641 2396 ad
661 2369 829 2401 Corinthios,
855 2376 917 2396 cum
940 2368 976 2395 ait
999 2375 1042 2396 se-

258 2416 347 2451 ipsum
359 2414 440 2442 modo
455 2414 552 2450 spiritu
565 2413 689 2449 psallere,
704 2412 783 2440 modo
800 2416 890 2440 mente
904 2412 936 2439 ³ο.
959 2411 1042 2448 Igitur

258 2459 410 2497 psalmodia
426 2459 570 2488 commista
581 2466 644 2487 cum
658 2463 759 2492 mente,
783 2458 850 2486 illud
865 2458 954 2493 ipsum
966 2457 1039 2493 quod

258 2506 335 2542 prius
349 2504 511 2533 tradidimus
523 2504 654 2538 declarat,
674 2504 760 2533 videri
775 2504 902 2532 nimirum
917 2503 943 2530 id
967 2503 1040 2538 quod

1099 1636 1240 1671 προσιέναι
1256 1636 1299 1663 διὰ
1316 1637 1470 1673 προσευχῆς
1486 1637 1524 1673 τῷ
1540 1637 1608 1673 Θεῷ.
1621 1637 1674 1664 Καί
1691 1647 1734 1674 μοι
1749 1638 1822 1665 δοκεῖ
1835 1639 1887 1674 τὴν

1097 1681 1224 1717 τοιαύτην
1239 1683 1253 1708 ὁ
1271 1682 1372 1718 Κύριος
1388 1682 1491 1709 ἔννοιαν
1507 1683 1679 1719 παραδιδόναι
1703 1685 1757 1716 τοῖς
1778 1684 1887 1712 εἰποῦσι

1098 1727 1166 1762 πρὸς
1174 1728 1263 1760 αὐτὸν,
1274 1728 1314 1755 ὃτι
1325 1738 1333 1754 ι
1347 1728 1452 1760 Δίδαξον
1462 1729 1534 1764 ἡμᾶς
1548 1729 1757 1764 προσεύχεσθαι·
1770 1739 1779 1756 ι
1789 1731 1828 1762 ὡς
1834 1731 1887 1758 οὐκ

1097 1773 1127 1800 ἐν
1142 1774 1244 1809 ῥήμασι
1257 1774 1306 1809 τῆς
1322 1774 1489 1809 προσευχῆς,
1505 1775 1561 1801 ἀλλ’
1575 1776 1605 1802 ὲν
1619 1775 1657 1810 τῷ
1674 1775 1723 1810 βίῳ
1735 1777 1885 1812 κατορθους

1100 1819 1196 1854 μένης,
1206 1821 1233 1846 ὲν
1243 1817 1283 1852 οἷς
1292 1829 1382 1856 φησιν,
1398 1821 1439 1847 ὅτι
1455 1830 1464 1846 ι
1482 1821 1544 1847 Ἐὰν
1558 1821 1644 1856 ἀφῆτε
1661 1823 1717 1853 τοῖς
1730 1822 1888 1857 ἀνθρώποις

1096 1864 1131 1891 τὰ
1148 1865 1355 1900 παραπτώματα
1377 1865 1480 1897 αὐτῶν,
1500 1866 1598 1902 ἀφήσει
1614 1867 1660 1894 καὶ
1677 1867 1739 1902 ὑμῖν
1758 1868 1772 1894 ὁ
1787 1868 1887 1904 Πατὴρ

1096 1910 1110 1936 ὁ
1124 1910 1246 1946 οὐράνιος
1257 1910 1307 1942 τὰς
1320 1910 1455 1946 ἁμαρτίας
1470 1911 1557 1946 ὑμῶν.
1573 1921 1583 1937 ι

1133 1954 1215 1981 Ὅταν
1229 1954 1256 1981 δὲ
1271 1954 1330 1981 καθ’
1342 1955 1440 1991 ἑαυτὴν
1455 1956 1471 1991 ἡ
1498 1949 1620 1988 Αῑνεάις
1643 1956 1792 1992 γράφηται,
1810 1966 1885 1993 μαρ-

1095 1999 1190 2034 τυρίαν
1212 1999 1272 2026 τινὰ
1294 2000 1342 2026 τοῦ
1356 2000 1528 2032 ἀνατιθέντος
1547 2001 1586 2036 τῷ
1599 2000 1658 2036 Θεῷ
1676 2002 1739 2033 τοὺς
1754 2001 1886 2035 ἐπαίνους

1096 2043 1217 2078 περιέχει
1235 2043 1265 2070 τὺ
1279 2044 1367 2080 νόημα
1378 2044 1444 2080 (41).
1465 2045 1504 2071 Οὐ
1520 2045 1574 2081 γὰρ
1586 2045 1665 2072 ἄλλου
1679 2046 1751 2078 τινός
1764 2047 1837 2073 ἐστιν
1851 2047 1885 2074 τὸ

1096 2088 1215 2114 ἐπαινεῖν
1240 2088 1295 2123 (42)
1320 2088 1365 2115 τὸν
1386 2088 1462 2121 Θεὸν,
1486 2089 1543 2116 ἀλλ’
1558 2090 1694 2123 Αῖνεσις,
1717 2090 1802 2126 φησὶ,
1826 2092 1884 2119 τοῦ

1095 2132 1198 2159 Δαυΐδ·
1212 2134 1250 2164 ὡς
1265 2133 1298 2160 ἂν
1312 2134 1355 2161 διὰ
1370 2135 1463 2162 τούτου
1484 2135 1627 2171 μάθοιμεν,
1643 2137 1683 2163 ὅτι
1704 2137 1729 2163 εἰ
1745 2137 1800 2172 (45)
1818 2139 1883 2164 κατ’

1095 2178 1198 2204 ἐκεῖνον
1212 2179 1366 2214 γενοίμεθα,
1380 2180 1440 2206 τότε
1457 2181 1504 2207 καὶ
1516 2181 1596 2216 ἡμεῖς
1610 2181 1659 2216 τὴν
1672 2181 1719 2208 τοῦ
1736 2183 1820 2209 αἰνεῖν
1834 2184 1884 2210 τὸν

1095 2223 1161 2250 Θεδν
1174 2224 1327 2260 παρρησίαν
1341 2225 1491 2261 ληψόμεθα.

1135 2278 1165 2304 Ὀ
1179 2277 1226 2305 δὲ(
1248 2279 1291 2305 Ἐν
1305 2279 1399 2315 ὕμνοις
1414 2280 1530 2316 ψαλμδς,
1546 2290 1555 2307 ι
1567 2282 1606 2313 εις
1622 2281 1789 2317 ὑψηλοτέραν
1805 2283 1885 2318 ἡμᾶς

1095 2321 1190 2356 ἀνάγει
1207 2323 1382 2356 κατάστασιν,
1398 2325 1432 2360 ἣν
1453 2325 1511 2360 ᾔδει
1523 2326 1572 2352 καὶ
1584 2328 1598 2353 ὁ
1618 2326 1688 2359 θεῖος
1708 2327 1883 2361 ’Λπόστολος,

1095 2367 1185 2399 καθὼς
1199 2367 1265 2403 πρὸς
1285 2369 1443 2404 Κορινθίους
1466 2371 1557 2406 φησιν,
1580 2371 1675 2398 ἑαυτὸν
1696 2372 1744 2399 νῦν
1768 2373 1817 2408 μὲν
1841 2373 1884 2409 τῷ

1094 2414 1230 2449 πνεύματι
1252 2414 1376 2450 ψάλλειν,
1401 2415 1449 2442 νῦν
1469 2416 1497 2442 δὲ
1521 2415 1560 2451 τῷ
1582 2417 1632 2443 νοτ.
1659 2417 1762 2444 Οὐκοῦν
1784 2419 1801 2452 ἡ
1829 2419 1884 2453 μὲν

1093 2458 1132 2494 τῷ
1153 2458 1190 2494 νῷ
1207 2459 1415 2495 συμμιγνυμένη
1430 2459 1573 2496 ψαλμῳδια
1595 2461 1640 2488 τὸν
1660 2462 1885 2498 προαποδοθέντα

1094 2503 1173 2538 λόγον
1196 2504 1366 2540 διερμηνεύει
1393 2506 1468 2541 (44),
1496 2506 1543 2533 τοῦ
1558 2507 1628 2541 ,δεῖν
1655 2507 1710 2544 (45)
1732 2507 1762 2535 τὸ
1786 2509 1884 2543 φαινό-

292 2597 316 2613 ¹⁶
335 2595 475 2629 Eecli.xv,
489 2596 516 2624 9.
555 2597 575 2612 "
592 2595 664 2625 Psal.
679 2603 754 2629 nix,
768 2595 812 2623 16.
850 2595 872 2611 ’⁸
883 2594 949 2623 Luc.
964 2602 1002 2628 ιι,
1017 2593 1042 2623 1.

1102 2597 1104 2607 ’
1124 2594 1219 2623 Matth.
1232 2603 1269 2628 vn,
1284 2596 1327 2624 14.
1365 2596 1410 2624 ³⁰Ι
1427 2596 1489 2624 Cor.
1510 2605 1565 2630 xw,
1577 2596 1620 2624 15.

341 2678 349 2711 )
369 2677 403 2704 Ἦ
418 2684 473 2705 om.
487 2675 528 2704 ed.

303 2711 348 2747 35)
366 2711 507 2747 Σημαίνει,
520 2711 566 2747 ed.

291 2745 348 2782 (se)
364 2745 478 2774 uada.
493 2745 538 2782 ed,

291 2780 349 2815 (37)
362 2782 418 2815 Τήν
437 2789 493 2808 om.
508 2780 552 2808 ed.

304 2813 350 2846 38)
365 2813 402 2842 Τό
418 2823 474 2843 om.
491 2815 536 2843 ed.
548 2814 609 2843 Mox
625 2815 741 2846 ἑαυτοῖς,
755 2813 800 2842 ed.

303 2850 349 2886 39)
366 2851 412 2887 Τῷ
426 2850 465 2885 δέ,
481 2851 528 2878 ed.

1139 2675 1183 2712 40)
1200 2675 1367 2712 ξΔρρυθμος,
1382 2677 1424 2705 ed.

1140 2711 1185 2746 Η)
1198 2711 1279 2738 Forte
1292 2712 1388 2746 ὄνομα.

1127 2746 1184 2779 (42)
1205 2747 1225 2772 Α
1231 2747 1304 2776 ινεῖν.
1322 2747 1365 2773 ed.

1129 2781 1255 2815 (45)_Kat
1269 2781 1331 2807 add.
1349 2781 1394 2809 ed.

1128 2813 1363 2850 (Mi'Eppqudet.
1381 2816 1425 2844 ed.

1129 2851 1185 2885 (45)
1198 2850 1235 2877 Τὸ
1250 2851 1348 2878 δοκεῖν.
1363 2850 1411 2879 Ευ.
