1986 3080
260 135 314 164 499

896 132 925 160 S.
948 131 1111 160 GREGORll
1125 131 1273 160 NYSSENI

1831 133 1883 160 500

295 192 332 218 Ita
346 189 566 225 interpretaberis
578 193 605 217 et
619 170 703 216 illud;
716 198 726 215 σ
735 188 828 216 Oratio
844 187 929 223 Moysi
942 187 1044 215 homini

1133 187 1210 214 Οὕτω
1234 188 1340 222 νοήσεις
1361 187 1408 215 καὶ
1435 188 1475 220 τὸ,
1508 197 1517 213 ι
1547 188 1688 224 Προσευχὴ
1710 189 1749 224 τῷ
1771 189 1885 216 Murtias!
1901 185 1907 195 ¹

260 235 322 267 Dei,
337 246 346 262 ι
358 237 435 270 quasi
453 243 506 263 non
518 235 598 263 liceat
608 235 686 263 aliter
696 242 742 270 per
756 235 906 262 orationem
917 233 949 261 ad
962 233 1046 260 Deum
1073 227 1081 236 “

259 282 398 313 accedere,
411 282 463 308 nisi
476 282 537 316 quis
555 281 588 308 ab
604 281 656 308 hoc
672 280 774 308 mundo
787 287 847 308 sese
859 287 987 312 avocans,
1002 286 1047 306 so-

248 316 312 356 ‘lius
326 327 373 356 Dei
394 328 476 355 homo
490 327 632 355 elliciatur.

562 434 674 462 CAPUT
693 434 736 462 IV.

295 539 486 574 Atinscriptio,
499 539 566 567 «Pro
582 540 624 568 his
636 540 682 575 qui
698 541 963 574 commutabuntur,»
974 541 1046 568 hunc

259 585 325 612 mibi
340 586 446 613 videtur
464 585 563 613 habere
579 593 700 618 sensum,
718 587 802 614 solam
818 587 938 614 divinam
964 590 1046 614 natu-

261 638 318 656 ram
333 631 422 658 omnis
435 631 623 659 conversionis
637 636 664 659 et
677 632 836 660 mutationis
850 637 988 667 expertem
1003 641 1047 661 es-

259 684 304 710 se;
319 685 372 704 non
386 677 459 704 enim
469 681 511 705 est
525 678 557 705 ad
570 678 643 713 quod
657 679 808 706 mutatione
823 684 925 712 utatur,
942 687 1003 707 cum
1019 680 1046 707 in

259 723 415 749 universum
427 730 481 750 non
495 723 530 751 sit
544 731 629 758 capax
642 724 723 757 mali;
736 724 769 752 ad
782 724 807 751 id
823 732 888 752 vero
902 725 1046 765 quodme—

258 767 311 796 lius
328 772 380 800 est,
396 769 573 796 transmutari
591 774 724 804 nequeat;
745 778 807 796 nam
821 771 925 797 nullum
945 771 1046 798 bonum

258 817 309 844 est,
326 817 435 848 propter
450 812 522 848 quod
539 813 566 840 in
580 821 639 841 eam
659 815 774 842 mutatio
787 815 885 842 cadat:
903 823 957 842 non
973 815 1046 842 enim

1098 232 1234 267 ἀνθρώπῳ
1247 232 1293 258 τοῦ
1309 232 1385 263 Θεοῦ,
1418 241 1427 258 ι
1453 232 1490 264 ὡς
1503 232 1552 259 οὐκ
1575 233 1634 260 ἐνὸν
1657 233 1742 265 ἄλλως
1767 234 1882 270 προσελ-

1099 277 1154 304 θεῖν
1169 278 1213 304 διὰ
1234 277 1386 314 προσευχῆς
1408 277 1447 312 τῷ
1461 277 1530 313 Θεῷ,
1546 279 1570 304 ει
1593 279 1630 313 μή
1657 287 1699 309 τις
1720 280 1766 306 τοῦ
1779 280 1882 315 κόσμου

1098 322 1193 350 τούτου
1208 322 1339 354 ἀποστὰς,
1354 322 1421 348 Θεοῦ
1441 322 1521 356 μόνου
1537 322 1640 356 γένοιτο
1654 322 1805 359 ἄνθρωπος.

1364 431 1561 458 ΚΕΦΑΛΛΙΟΝ
1580 432 1615 459 Δ’.

1139 539 1168 567 'll
1190 539 1218 566 δὲ
1233 549 1242 566 ι
1255 539 1346 575 Ὑπὲρ
1364 539 1418 566 τῶν
1434 538 1687 575 ἀλλοιωθησομένων
1705 549 1714 565 ι
1741 540 1879 578 ἐπιγραφὴ

1096 586 1189 614 τοῦτόν
1212 595 1256 622 μοι
1278 586 1352 612 δοκεῖ
1365 586 1409 612 τὸν
1426 585 1487 612 νοῦν
1505 586 1585 621 ἔχειν,
1599 586 1639 612 ὅτι
1661 585 1728 621 μόνη
1749 587 1879 621 κρείττων

1097 632 1155 658 ἐστὶ
1170 633 1273 667 τροπῆς
1291 640 1322 658 τε
1337 631 1384 658 καὶ
1398 630 1566 662 ἀλλοιώσεως
1579 632 1596 665 ἡ
1606 631 1666 657 θεία
1674 631 1751 665 φύσις
1762 639 1769 646 ”
1783 632 1813 658 οὐ
1827 633 1880 667 γὰρ

1097 676 1152 711 ἔχει
1169 676 1236 711 πρὸς
1250 676 1263 702 ὃ
1276 685 1302 702 τι
1324 676 1454 710 χρήσεται
1469 675 1535 710 (57‘)
1549 677 1582 710 τῇ
1595 677 1691 712 τροπῇ,
1707 676 1751 702 τοῦ
1766 676 1814 711 μὲν
1831 685 1880 703 κα-

1097 721 1144 748 κοῦ
1171 721 1344 752 ἀνεπίδεκτος
1370 718 1436 747 οὖσα
1458 720 1571 746 καθόλου
1604 720 1677 755 (58)·
1705 721 1772 756 πρὸς
1795 721 1823 748 δὲ
1849 721 1880 747 τὸ

1097 762 1219 801 κρεῖττον
1233 765 1370 801 τραπῆναι
1386 765 1422 800 μὴ
1435 765 1585 800 δυναμέντγ
1598 766 1648 792 οὐκ
1671 765 1729 792 ἐστι
1741 766 1794 801 γὰρ
1810 766 1879 802 πρὸς

1096 811 1110 836 ὃ
1138 819 1163 837 τι
1177 810 1282 842 δέξεται
1302 810 1369 845 (58“)
1391 809 1439 845 τὴν
1463 810 1666 837 ἀλλοίωσινόὺ
1693 810 1744 846 γὰρ
1769 811 1823 846 ἔχει
1848 812 1879 838 τὸ

258 859 394 893 reperitur
412 859 496 885 ullum
516 858 635 892 bonum,
652 860 685 887 ad
701 860 775 895 quod
795 865 932 893 transeat,
947 861 1044 888 melius

1097 856 1194 891 ἑαυτῆς
1209 857 1341 891 κρεῖττον,
1364 856 1432 890 πρὸς
1445 855 1459 881 ὃ
1476 855 1669 890 μεταὸήσεται.
1694 856 1787 890 Ἡμεῖς
1801 858 1828 884 δὲ
1853 858 1879 884 οἱ

259 903 305 929 illo
316 903 387 936 quod
399 903 456 937 ipsa
468 903 561 930 habet.
574 903 629 931 Nos
641 912 704 939 vero
716 905 840 932 homines
853 905 881 932 in
897 906 1046 933 mutatione

258 949 285 972 et
301 946 460 972 alteratione
471 945 564 980 positi,
577 947 728 973 secundum
741 951 888 984 utrumque
901 956 949 982 per
960 948 1047 975 facul-

258 993 342 1017 tatem
355 996 381 1018 et
393 990 446 1017 vim
458 991 707 1018 transmutatricem
722 991 871 1020 deteriores
883 997 908 1020 et
920 993 1045 1022 meliores

258 1034 411 1068 reddimur;
432 1035 594 1069 deteriores,
606 1037 715 1072 quando
725 1045 740 1064 a
751 1039 944 1067 communione
962 1040 1046 1067 bono-

258 1088 319 1108 rum
329 1081 495 1114 excidimus;
505 1082 630 1110 meliores
642 1090 761 1115 rursum,
773 1084 880 1118 quando
890 1084 923 1110 ad
935 1084 960 1112 id
972 1085 1045 1119 quod

257 1127 355 1154 melius
377 1131 419 1154 est
437 1135 485 1162 per
505 1128 711 1156 conversionem
727 1129 857 1156 redimus.
879 1128 947 1156 Cum
964 1130 1046 1165 igitur

257 1173 407 1199 mutatione
430 1173 457 1199 in
483 1174 584 1200 malum
608 1173 795 1206 inciderimus,
820 1182 888 1209 opus
913 1166 1045 1203 habemus

255 1217 328 1244 bona
343 1217 503 1249 mutatione,
520 1222 549 1245 ut
565 1217 625 1252 ejus
637 1218 767 1245 beneﬁcio
779 1219 812 1245 ad
822 1218 848 1245 id
859 1219 933 1253 quod
947 1219 1045 1246 melius

255 1265 299 1288 est
319 1262 517 1289 transferamur
533 1272 539 1289 :
553 1262 658 1298 hocque
670 1263 845 1291 manifestum
863 1263 892 1290 ﬁt
904 1272 936 1291 ex
952 1265 1044 1292 verbis

257 1313 317 1340 quae
331 1306 531 1342 subjunguntur
546 1307 610 1339 illis,
627 1317 635 1331 ι
645 1306 698 1334 Pro
713 1307 756 1335 his
770 1309 816 1343 qui
832 1310 1045 1336 commulabun-

256 1355 312 1378 tur.
323 1361 333 1378 ›
347 1352 489 1391 Νοηβηὶιη
505 1353 592 1380 solum
605 1354 692 1381 oratio
705 1354 784 1382 nobis
795 1354 903 1387 suadet,
917 1356 1045 1383 mutatio-

257 1404 317 1424 nem
338 1398 494 1425 necessario
510 1398 711 1433 suscipiendam
733 1407 803 1433 esse,
828 1400 876 1428 sed
900 1404 927 1428 et
952 1400 1044 1436 aliquo

257 1442 337 1469 modo
355 1443 475 1475 instruit,
496 1443 632 1478 quomodo
653 1448 726 1471 recte
746 1444 808 1476 ﬁat,
829 1446 960 1480 exemplis
980 1447 1042 1481 qui-

257 1487 369 1514 busdam
387 1488 564 1514 mutationem
577 1488 650 1515 illam
665 1488 692 1516 in
709 1490 805 1517 melius
822 1490 1021 1529 demonstrans.

1053 1532 1076 1562 (Ξ

292 1564 337 1590 Sic
350 1571 414 1591 vero
428 1565 509 1592 verba
523 1566 708 1601 inscriptionis
727 1567 826 1595 habent
844 1577 851 1595 ε
875 1578 884 1594 ι
900 1568 927 1596 1η
947 1569 1039 1603 tinem,

256 1617 305 1643 pro
321 1609 355 1637 iis
377 1610 422 1644 qui
443 1611 668 1644 immutabuntur,
684 1613 711 1639 in
729 1613 799 1640 tituli
813 1613 878 1649 (seu
892 1615 1041 1650 columnze)

258 1656 444 1690 inscriptione,
455 1656 546 1683 Davidi
563 1658 590 1684 in
606 1658 739 1689 doctrina,
755 1665 817 1685 cum
832 1659 972 1687 succendit
986 1660 1042 1688 Me-

256 1701 432 1734 sopotamiam
440 1701 534 1736 Syrim,
545 1706 570 1729 et
579 1700 683 1737 Syriam
695 1702 783 1736 Sobaz,
792 1708 818 1730 et
827 1704 1041 1739 convertitJoah,

255 1749 281 1771 et
293 1745 429 1778 percussit
437 1746 534 1773 vallem
550 1746 703 1774 Salinarum
718 1748 860 1775 duodecim
874 1750 969 1776 millia.
983 1760 992 1776 ι
1003 1750 1041 1778 Ex

255 1789 335 1817 dictis
349 1791 421 1817 enim
438 1791 612 1819 manifestum
631 1797 673 1820 est
689 1794 812 1821 oratione
827 1793 876 1821 hac
891 1794 1042 1823 doctrinam

255 1840 282 1862 et
305 1835 449 1862 consilium
470 1837 605 1871 quoddam
621 1838 824 1872 comprehendi,
841 1847 902 1866 cum
919 1839 1020 1867 dicitur
1035 1849 1041 1866 :

258 1890 267 1906 ι
285 1880 312 1908 In
335 1881 406 1908 tituli
426 1881 612 1916 inscriptione.
627 1883 720 1910 Davidi
741 1884 767 1910 in
785 1883 946 1911 doctrinam.
960 1895 969 1911 ι
984 1885 1043 1913 Non

255 1927 326 1953 enim
347 1927 478 1954 doctrina:
492 1928 652 1955 vocabulum
671 1929 805 1963 adjectum
821 1930 927 1962 luisset,
941 1931 963 1958 si
984 1931 1044 1960 ﬁnis

255 1973 339 1999 totius
359 1972 441 2006 hujus
455 1973 586 2000 orationis
604 1981 657 2000 non
676 1979 748 2002 esset
767 1975 873 2002 docere.
885 1975 951 2003 Illud
969 1984 1041 2010 vero,

258 2027 268 2043 ι
284 2017 310 2044 in
333 2018 403 2045 tituli
427 2018 614 2053 inscriptione,
630 2029 640 2045 ι
658 2019 761 2047 indicat
787 2028 940 2048 sermonem
971 2022 1044 2049 hunc

255 2063 392 2090 memorias
404 2063 584 2092 indelebiliter
598 2065 760 2100 impressum
771 2069 798 2092 et
809 2066 975 2101 insculptum
991 2067 1046 2094 cir—

254 2107 462 2136 cumferendum
475 2116 546 2142 esse,
557 2113 588 2137 ut
601 2111 738 2137 memorim
750 2110 847 2138 animae
855 2116 956 2138 nostra:
965 2111 1044 2146 quasi

254 2154 379 2180 columna
392 2153 438 2186 sit;
450 2158 522 2182 nota:
536 2154 598 2182 huic
608 2155 897 2190 inscriptaa,bonorum
908 2157 1041 2192 exempla.

254 2197 316 2224 llaec
331 2201 421 2225 autem
437 2199 593 2234 suppeditat
609 2199 687 2227 nobis
705 2199 835 2228 fortitudo
851 2206 878 2228 et
893 2202 1041 2229 strenuitas
1058 2195 1079 2220 ί)

255 2242 426 2277 imperatoris
437 2244 536 2271 summi
551 2245 686 2271 exercitus
700 2244 818 2277 Davidis,
830 2246 928 2280 quibus
942 2247 1041 2281 duplex

254 2285 378 2314 hostibus
387 2286 503 2314 infertur
513 2287 618 2321 clades;
634 2288 676 2315 his
686 2289 793 2324 quidem
805 2290 866 2325 igne
877 2291 1038 2326 absumptis,

255 2331 308 2358 illis
318 2331 407 2366 gladio
417 2332 541 2360 sublatis.
557 2332 634 2368 Syria
643 2341 704 2368 qua:
717 2334 788 2362 inter
801 2335 870 2363 duos
883 2336 978 2365 ﬂuvios
988 2338 1039 2364 sita

255 2381 307 2408 est,
326 2377 387 2412 igne
402 2377 583 2411 consumitur,
595 2382 622 2406 et
635 2379 698 2406 huic
712 2379 826 2408 ﬁnitima
844 2381 973 2417 Syrorum
991 2391 1039 2410 na—
1050 2379 1056 2384 ’

255 2423 304 2455 tio,
322 2423 447 2451 similiter
471 2427 498 2451 et
517 2424 594 2453 vallis
622 2425 778 2454 Salinarum
794 2431 928 2461 vastatur,
947 2429 1039 2457 multis

255 2467 375 2496 millibus
387 2469 537 2497 trucidatis.
549 2469 649 2498 Verum
665 2477 793 2500 accurate
807 2473 964 2500 histor-iram
980 2480 1041 2500 nar-

257 2515 388 2542 rationem
404 2516 529 2550 persequi
544 2517 628 2550 velle,
644 2517 754 2554 longum
766 2517 883 2546 fortasse
901 2522 927 2547 et
946 2526 1042 2554 super-

292 2636 360 2674 (ié'l')
375 2638 526 2674 Χρήσητσιιν
540 2640 583 2666 εει-
603 2616 613 2633 ⁸

291 2671 347 2706 (58)
361 2671 519 2704 mamma.

292 2706 360 2742 (ᾔδη
374 2707 499 2742 Δέξηται,
511 2710 556 2735 ed.

291 2741 350 2774 (59)
365 2742 441 2771 "015.
457 2743 500 2769 ed.

290 2772 347 2810 (60)
362 2776 496 2808 Βελτίους,
512 2777 556 2804 ed.
635 2772 648 2792 ¹

290 2810 438 2845 (61)”Οτε,
456 2812 500 2838 ed.

1097 901 1245 936 ἄνθρωποι,
1262 902 1290 927 ὲν
1305 901 1390 936 τροπῇ
1406 909 1435 926 τε
1455 901 1502 926 καὶ
1518 900 1657 927 ἀλλοιώσει
1674 902 1803 937 κείμενοι,
1818 903 1878 929 κατ’

1096 946 1238 981 ἀμφότερα
1250 945 1293 972 διὰ
1306 945 1356 980 τῆς
1370 945 1547 980 ἀλλοιωτικῆς
1561 946 1710 981 ἐνεργείας,
1727 947 1743 982 ῆ
1761 948 1876 983 χείρους,

1096 991 1112 1025 ἦ
1136 990 1255 1025 βελτίους
1276 990 1421 1024 γινόμεθα·
1446 990 1553 1025 χείρους
1581 991 1642 1025 μὲν,
1667 992 1730 1019 ὅταν
1757 993 1811 1027 (59)
1828 993 1878 1028 τῆς

1098 1037 1242 1072 μετουσίας
1258 1036 1310 1063 τῶν
1332 1035 1441 1070 ἀγαθῶν
1465 1037 1643 1072 ἀπορῤέωμεν
1653 1046 1660 1053 ·
1677 1038 1805 1073 ἀμείνους
1821 1039 1877 1073 (60)

1095 1082 1123 1108 δὲ
1140 1083 1230 1115 πάλιν,
1248 1083 1311 1110 ὃταν
1333 1082 1389 1117 (Gl)
1405 1081 1474 1117 πρὸς
1495 1082 1526 1108 τὸ
1546 1084 1669 1118 κρεῖττον
1694 1083 1877 1120 ἀλλοιούμενοι

1095 1127 1231 1164 τύχωμεν.
1260 1128 1335 1155 Ἐπεὶ
1351 1126 1397 1154 οὖν
1420 1127 1458 1163 τῷ
1473 1127 1550 1163 κακῷ
1569 1128 1613 1155 διὰ
1633 1128 1683 1163 τῆς
1695 1130 1797 1164 τροπῆς
1815 1138 1877 1156 συν-

1095 1173 1258 1209 ηνέχθημεν,
1281 1173 1360 1209 χρεία
1374 1173 1424 1208 τῆς
1441 1172 1546 1208 ἀγαθῆς
1570 1174 1635 1208 ἡμῖν
1649 1174 1823 1206 ἀλλοιώσεως,
1839 1174 1878 1206 ὡς

1095 1219 1127 1246 ἂν
1139 1219 1182 1246 διὰ
1197 1220 1297 1255 ταύτης
1309 1218 1412 1253 γένοιτο
1427 1219 1491 1253 ἡμῖν
1504 1218 1520 1253 ἡ
1537 1218 1604 1253 πρὸς
1616 1218 1646 1245 τὸ
1658 1221 1778 1254 κρεῖττον
1798 1228 1879 1254 μετα-

1094 1263 1169 1299 δολή·
1186 1265 1231 1291 καὶ
1244 1264 1321 1290 τοῦτο
1336 1264 1414 1298 δῆλόν
1428 1264 1501 1290 ἐστιν
1515 1264 1548 1290 ἐκ
1565 1264 1615 1299 τῆς
1629 1265 1810 1300 συμφρὰσεως
1823 1264 1878 1292 τῶν

1081 1314 1084 1324 ι
1097 1308 1166 1339 ιτοῖς
1174 1307 1432 1342 ἁλλοιωθησομένοις
1442 1317 1450 1333 ι
1460 1311 1720 1344 συγγεγραμμένων·
1728 1309 1757 1334 οὺ
1765 1310 1817 1343 γὰρ
1829 1309 1879 1343 μό-

1093 1359 1137 1377 νον
1159 1351 1189 1377 τὸ
1212 1361 1221 1377 ι
1242 1351 1297 1378 δεῖν
1319 1352 1497 1387 ἀλλοιωθῆναι
1523 1351 1700 1386 συμϐουλεύει
1719 1361 1728 1377 ι
1755 1353 1769 1379 ὁ
1788 1352 1876 1386 λόγος,

1093 1395 1159 1422 ἀλλὰ
1175 1396 1221 1422 καὶ
1235 1396 1335 1431 τρόπον
1351 1396 1412 1423 τινὰ
1429 1396 1593 1429 ὑποτίθεται,
1608 1397 1681 1428 ὅπως
1697 1396 1730 1424 ἂν
1746 1397 1776 1424 τὸ
1789 1397 1878 1425 τοιοῦ-

1091 1449 1137 1467 τον
1150 1440 1343 1477 κατορθωθείη,
1364 1442 1397 1468 δι’
1421 1442 1626 1477 ὑποδειγμάτων
1648 1442 1728 1470 τινῶν
1741 1443 1790 1478 τὴν
1808 1444 1878 1480 πρὸς

1092 1487 1121 1512 τὸ
1137 1487 1257 1522 κρεῖττον
1273 1488 1423 1522 μεταϐολὴν
1435 1488 1626 1523 προδεικνύων.

1130 1566 1204 1601 Ἔχει
1223 1566 1251 1592 δὲ
1271 1567 1286 1600 ἡ
1307 1566 1378 1600 λέξις
1395 1566 1446 1601 τῆς
1469 1566 1626 1602 ἐπιγραφῆς
1640 1565 1741 1596 οὕτως·
1762 1574 1771 1590 ι
1788 1566 1835 1596 Εἰς
1846 1564 1879 1591 τὸ

1092 1611 1167 1643 τέλος
1184 1612 1253 1647 ὑπὲρ
1270 1611 1324 1638 τῶν
1344 1612 1597 1646 ἀλλοιωθησομένων
1618 1612 1657 1643 εἰς
1678 1611 1879 1646 στηλογραφίαν

1092 1657 1131 1692 τῷ
1141 1657 1222 1684 Δαυῖδ
1236 1658 1275 1689 εἰς
1288 1657 1407 1692 διδαχὴν,
1424 1658 1503 1684 ὁπότε
1518 1658 1660 1693 ἐνεπύρισε
1682 1657 1730 1692 τὴν
1749 1657 1879 1683 Μεσοπο-

1092 1703 1192 1738 ταμίαν
1207 1704 1316 1738 Συρίας,
1337 1704 1384 1730 καὶ
1398 1703 1447 1739 τὴν
1462 1704 1560 1738 Συρίαν
1576 1703 1672 1734 Σοϐὰλ,
1686 1703 1733 1729 καὶ
1749 1702 1879 1737 ἐπέστρε-

1092 1749 1141 1784 ψεν
1171 1749 1258 1782 ’ἰωὰ6,
1279 1749 1326 1776 καὶ
1353 1749 1470 1781 ἐπάταξε
1495 1748 1544 1784 τὴν
1572 1749 1700 1784 φάραγγα
1727 1747 1779 1774 τῶν
1805 1747 1879 1774 ἀλῶν

1093 1794 1196 1821 δώδεκα
1212 1794 1342 1829 χιλιάδας.
1367 1803 1376 1819 ι
1407 1793 1489 1828 Δῆλον
1502 1793 1556 1828 γὰρ
1570 1793 1603 1820 ἂν
1620 1793 1662 1828 εἴη
1680 1792 1724 1819 διὰ
1736 1792 1790 1819 τῶν
1803 1793 1880 1828 εἰρη-

1095 1841 1192 1874 μένων,
1207 1841 1247 1866 ὅτι
1257 1838 1428 1866 διδασκαλίαν
1444 1838 1505 1865 τινὰ
1524 1839 1570 1865 καὶ
1586 1838 1738 1873 συμδουλὴν
1755 1838 1880 1874 περιέχει

1093 1887 1107 1912 ὁ
1132 1886 1210 1920 λόγος
1232 1884 1325 1918 εἰπὼν,
1353 1886 1393 1912 ὅτι
1420 1885 1475 1919 (62)
1503 1893 1512 1910 ι
1539 1885 1586 1915 Εἰς
1612 1883 1811 1918 στηλογραφίαν
1837 1883 1880 1918 τῷ

1095 1931 1174 1958 Δαυῒδ
1188 1931 1226 1962 εἰς
1238 1931 1358 1965 διδαχήν.
1378 1939 1387 1955 ι
1403 1930 1440 1956 Οὐ
1457 1929 1510 1964 γὰρ
1522 1929 1555 1955 ἂν
1568 1930 1585 1964 ἡ
1601 1929 1694 1964 διδαχὴ
1708 1929 1878 1964 προσέκειτο,

1096 1976 1133 2011 μὴ
1149 1976 1216 2011 πρὸς
1235 1975 1405 2002 διδασκαλίαν
1420 1975 1466 2002 τοῦ
1482 1975 1560 2008 λόγου
1577 1975 1728 2009 βλέποντος·
1744 1976 1759 2010 ἠ
1774 1975 1803 2001 δὲ
1821 1974 1878 2007 (63)

1098 2031 1107 2046 ι
1125 2021 1172 2052 Εἰς
1195 2018 1396 2054 στηλογραφιαν
1413 2029 1423 2046 ι
1437 2020 1468 2046 τὸ
1486 2019 1532 2046 τοῦ
1548 2020 1604 2055 (64)
1622 2021 1675 2046 δεῖν
1689 2020 1880 2052 magnumst;

1094 2074 1124 2091 τε
1150 2065 1196 2091 καὶ
1221 2065 1440 2099 ἐντετυπωμένον
1466 2064 1537 2099 ἔχειν
1557 2067 1590 2101 τῇ
1618 2066 1711 2101 μνήμῃ
1730 2065 1774 2092 τδν
1799 2065 1880 2099 λόγον

1095 2109 1270 2140 ἐνδείκνυται,
1287 2108 1324 2140 ὡς
1343 2107 1412 2135 εἶναι
1428 2109 1527 2144 στήλην
1546 2110 1595 2144 μὲν
1608 2110 1638 2136 τὸ
1654 2109 1817 2145 μνημονικὸν
1829 2110 1880 2145 τῆς

1095 2154 1194 2189 ψυχῆς,
1216 2154 1250 2180 τὰ
1263 2155 1291 2180 δὲ
1314 2155 1360 2180 ἐπὶ
1380 2155 1429 2190 τῆς
1449 2155 1506 2190 (65)
1529 2156 1628 2190 στήλης
1654 2156 1831 2191 χαράγματα,
1844 2156 1881 2183 τὰ

1093 2200 1147 2226 τῶν
1180 2199 1290 2234 ἀγαθῶν
1321 2199 1514 2234 ὑποδείγματα.
1545 2201 1636 2227 Ταῦτα
1668 2202 1695 2227 δὲ
1724 2199 1758 2236 ἦν
1784 2202 1800 2236 ἡ
1829 2201 1880 2227 τοῦ

1094 2245 1311 2280 ἀρχιστρατήγου
1339 2245 1390 2278 τῆς
1415 2244 1554 2279 δυνάμεως
1574 2245 1620 2271 τοῦ
1645 2245 1725 2272 Δαυῒδ
1741 2246 1880 2281 ἀριστεία,

1093 2289 1126 2315 δι’
1139 2286 1176 2316 ὦν
1190 2289 1299 2315 διπλοῦν
1317 2288 1422 2322 γίνεται
1436 2288 1506 2314 κατὰ
1517 2288 1571 2314 τῶν
1588 2288 1724 2324 πολεμίων
1739 2288 1769 2315 τὸ
1781 2288 1879 2320 πάθος,

1094 2338 1147 2365 τῶν
1184 2337 1233 2373 μὲν
1265 2337 1330 2372 πυρὶ
1357 2336 1564 2372 δαπανηθέντων
1589 2336 1662 2370 (66),
1693 2336 1747 2362 τῶν
1777 2335 1805 2361 δὲ
1835 2335 1882 2362 διὰ

1094 2382 1200 2417 πληγῆς
1234 2383 1263 2408 ὲν
1301 2382 1447 2418 ἀφανισμῷ
1481 2381 1642 2416 γενομένων.
1681 2380 1713 2406 Ἦ
1743 2380 1792 2415 μὲν
1822 2381 1882 2416 γὰρ

1094 2429 1164 2462 μέση
1180 2427 1234 2454 τῶν
1254 2427 1385 2462 ποταμῶν
1409 2427 1491 2462 Συρία
1513 2427 1557 2453 διὰ
1571 2426 1618 2452 τοῦ
1634 2426 1719 2461 πυρὸς
1732 2426 1881 2453 ἀναλίσκε-

1093 2483 1138 2500 ται
1155 2474 1201 2501 καὶ
1214 2474 1245 2500 τὺ
1260 2474 1419 2509 πρόσχωρον
1433 2474 1524 2504 αὐτοῖς
1536 2474 1591 2507 (67)
1611 2473 1692 2508 μέρος
1707 2472 1758 2498 τῶν
1771 2471 1882 2507 Σύρων,

1094 2519 1223 2551 ὡσαύτως
1238 2519 1266 2546 δὲ
1283 2520 1330 2546 καὶ
1344 2521 1360 2554 ἡ
1376 2519 1484 2554 φάραγξ
1504 2519 1557 2546 τῶν
1578 2519 1649 2546 ἁλῶν
1664 2520 1693 2546 ἐν
1707 2518 1816 2549 πολλαῖς
1833 2526 1882 2553 χι-

1127 2639 1184 2673 (62)
1197 2639 1257 2665 ’Ότι
1272 2646 1326 2665 om.
1341 2638 1374 2665 ed
1381 2659 1387 2665 .

1127 2674 1184 2709 (us)
1204 2673 1292 2709 mm
1306 2674 1367 2709 ήδη.
1381 2675 1425 2701 cd-

1127 2709 1183 2743 (64)
1199 2708 1262 2744 Τοῦ]
1277 2709 1303 2735 δὲ
1318 2709 1357 2738 τό,
1378 2709 1421 2735 ed.

1127 2743 1182 2777 (65)
1202 2743 1257 2777 Τῆς
1274 2751 1328 2769 mn.
1342 2743 1385 2769 ed.

1129 2778 1183 2809 (4:6)
1200 2778 1417 2812 Παραδοθέντων,
1432 2777 1475 2804 cd.

1129 2813 1183 2847 (67)
1196 2813 1284 2847 Λὺτῆς
1298 2813 1380 2847 aliqui
1395 2813 1474 2839 codd.
