1986 3080
148 129 197 160 50!

835 133 868 162 ΙΝ
883 132 1051 162 PSALMOS.

1723 135 1775 163 502

148 187 221 216 λιάσι
237 187 448 224 καταφσνεύεται
459 197 466 204 ·
479 188 547 216 ἀλλά
564 189 595 216 τὺ
616 189 666 225 μὲν
681 189 714 216 δι’
731 188 873 225 ἀκριὸείας
885 189 934 224 τὴν

988 188 1070 215 ﬂuum
1085 186 1184 220 fuerit;
1201 194 1262 223 quae
1277 187 1349 216 enim
1362 181 1466 217 utilitas
1479 188 1541 218 inde
1555 189 1590 217 ad
1607 197 1657 219 nos
1670 190 1774 224 redeat,

149 235 288 270 ἱστορικὴν
310 235 469 262 ἀκολουθίαν
491 235 631 268 ἐκθέσθαι,
654 236 758 272 μακρὸν
771 235 805 263 ἂν
819 236 873 272 εἴη,
890 236 949 262 καὶ·

150 280 276 314 περιττὸν
302 280 370 315 ἅμα.
391 281 423 307 Τί
447 281 501 317 γὰρ
525 281 559 309 ἂν
582 281 687 316 γένοιτο
711 281 790 308 πλέον
813 281 878 317 ἡμῖν
903 281 936 308 δι’

149 325 295 353 ἀκολούθου
318 326 367 362 τὴν
397 326 504 354 ἔκθεσιν
525 327 579 354 τῶν
604 327 753 362 γεγονότων
786 327 935 362 μαθοῦσιν;

149 372 218 399 ἀλλά
230 371 297 407 πρὸς
307 372 333 398 τί
346 372 422 407 φέρει
432 373 481 408 τῆς
496 373 635 409 ἱστορικῆς
648 373 757 408 μνήμης
770 373 799 399 τὸ
811 372 935 408 αἴνιγμα,

149 418 272 452 κρεῖττον
288 416 363 452 οἶμαι
383 418 416 444 δι’
429 418 526 452 ὀλίγων
541 418 679 454 προθεῖναι
698 418 737 454 τῷ
758 418 838 453 λόγῳ,
853 418 890 450 ὡς
904 418 938 445 ἂν

149 463 254 497 γένοιτο
271 464 336 498 ἡμῖν
353 463 369 500 ὴ
385 463 496 498 τοιαύτη
513 474 522 489 ι
541 464 727 499 στηλογραφία
744 473 753 490 ι
769 464 808 495 εἰς
827 463 937 498 διδαχὴν

148 509 196 535 τοῦ
211 508 345 544 ἡμετέρου
372 508 441 544 βίου.
469 509 502 536 Τί
527 507 574 536 οὖν
593 510 666 537 ἐστιν
681 510 694 536 ὅ
712 518 803 545 φημι;
825 509 885 536 ὅλον
906 509 938 536 τὸ

148 554 225 586 ἔθνος
247 555 347 590 Συρίαν
376 555 511 590 ὠνόμασε,
541 555 698 594 μερίζειγδὲ
719 555 798 582 τοῦτο
826 556 866 587 είς
891 554 938 581 δύο

148 600 289 635 τμήματα,
301 600 415 627 ἕκαστον
430 600 520 628 αὐτῶν
537 601 612 634 ἰδίοις
626 601 798 638 γνωρίσμασι
814 601 938 637 σημειού-

151 654 232 680 μενος
247 646 303 681 (68)
315 655 321 661 ·
344 647 360 682 ὴ
378 646 427 681 μὲν
443 646 498 682 γὰρ
511 647 611 679 αὐτῶν,
627 647 824 683 Μεσοποταμία
839 647 937 682 Συρίας

148 691 257 725 λέγεται
268 693 300 727 ’ἡ
311 692 339 718 δὲ
354 691 408 727 (69)
422 692 513 728 ἑτέρα,
526 691 572 718 τοῦ
590 691 676 718 Σοὸὰλ
690 692 773 726 Συρία
786 692 936 726 κατονομά-

148 737 242 768 ζεται’
259 737 490 773 καταπίμπραται
512 738 568 773 (70)
580 737 608 764 δὲ
632 737 678 764 καὶ
693 737 772 772 αὕτη,
795 738 842 764 καὶ
857 738 937 773 αὕτη.

149 783 204 809 Καὶ
218 783 288 818 μετά
300 783 378 810 τοῦτο
391 785 421 817 ἐξ
438 784 607 819 ἐπιστροφῆς
628 783 675 810 τοῦ
688 784 908 819 ἀρχιστρατήγου
920 785 937 819 ἡ

149 829 260 865 φάραγξ
273 829 326 857 τῶν
340 830 421 863 ἁλῶν,
446 831 474 856 ὲν
487 830 647 857 δυοκαίδεκα
664 830 765 866 χιλιάσι
778 830 817 865 τῷ
831 831 939 866 θανάτῳ

150 875 376 906 καταδικάζεται·
392 875 490 903 οὐκοῦν
512 877 663 912 νοήσωμεν,
686 875 728 902 ὅτι
747 875 858 902 διπλοῦν
879 877 937 903 ἑστι
953 864 974 891 Β

148 921 198 956 τῆς
221 921 321 957 Συρίας
343 921 373 948 τὸ
401 919 481 954 εἶδος.
505 923 535 948 0E
553 921 602 957 μὲν
622 921 676 957 γὰρ
698 921 787 949 αὐτῶν
809 923 862 949 εισι
882 922 938 954 τοῖς

151 970 361 1006 μεσοποταμίοις
380 970 436 1004 (71)
462 970 595 1005 ῥεύμασιν
617 971 645 997 ὲν
669 970 760 1005 κύκλῳ
779 969 938 1005 διειλημμέ-

147 1023 205 1043 νοι¹
231 1017 307 1043 αὐτοὶ
332 1016 354 1043 δ’
376 1016 410 1043 ἂν
433 1014 487 1044 εἶεν
500 1017 524 1043 oi
540 1018 596 1048 τοῖς
613 1017 757 1053 παθήμασι
771 1016 938 1052 πανταχόθεν

147 1062 366 1098 περιρρεόμενοι.
384 1063 416 1089 Ol
432 1062 461 1089 δὲ
482 1063 640 1090 ἀνάκεινται
655 1062 694 1098 τῷ
714 1062 810 1095 Σοϐἀλ,
827 1062 871 1089 διὰ
890 1062 937 1089 τοῦ

147 1108 278 1142 ὀνόματος
305 1107 400 1136 τούτου
433 1109 483 1144 τὴν
507 1109 558 1144 τῆς
579 1109 770 1144 ἀντικειμένης
797 1109 938 1144 δυνάμεως

147 1153 292 1188 τυραννίδα
317 1154 364 1181 τοῦ
396 1153 476 1188 λόγου
512 1155 708 1190 σημαίνοντος·
743 1154 840 1182 οὐκοῦν
867 1154 937 1190 αὕτη

147 1198 252 1232 γένοιτο
270 1199 303 1226 ἂν
324 1201 390 1236 ἡμῖν
405 1201 456 1236 τῆς
469 1200 537 1236 πρὸς
552 1201 582 1227 τὸ
601 1201 725 1236 κρεῖττον
738 1200 906 1232 ἀλλοιώσεως
920 1201 936 1234 ή

147 1246 216 1278 ὁδὸς,
238 1247 262 1272 εί
275 1246 314 1281 τῷ
326 1246 469 1282 καθαρσίῳ
483 1246 548 1283 πυρὶ
564 1247 594 1273 τὸ
607 1246 718 1274 διπλοῦν
730 1246 810 1273 τοῦτο
824 1248 873 1281 τῆς
889 1255 938 1272 κα-

147 1291 210 1323 κίας
224 1291 300 1323 ἔθνος
320 1291 482 1327 ἀφανισθείη
500 1298 508 1306 ·
541 1292 580 1324 ὡς
598 1292 654 1328 γὰρ
675 1293 692 1328 ὴ
710 1292 796 1327 ἀρετὴ
821 1291 870 1327 βίῳ
890 1292 937 1318 καὶ

146 1336 252 1372 διανοίᾳ
264 1336 509 1373 χαρακτηρίζεται,
523 1337 594 1364 οὕτω
611 1339 658 1365 καὶ
671 1339 688 1373 ἠ
713 1337 796 1365 κακία
818 1339 873 1369 τοῖς
892 1337 938 1364 δύο

147 1382 252 1414 τούτοις
263 1381 449 1418 ἐνθεωρεῐτάι·
458 1383 504 1410 καὶ
519 1384 535 1419 ὴ
552 1383 601 1418 μὲν
614 1384 685 1411 κατὰ
699 1384 744 1411 τὸν
757 1384 813 1420 βίον
827 1384 936 1417 ἀταξία,

147 1429 165 1463 ἢ
187 1428 222 1455 τὰ
243 1428 296 1454 τῶν
319 1428 412 1455 παθῶν
441 1429 565 1464 ῥεύματα
588 1430 681 1465 κύκλῳ
700 1430 749 1465 τὴν
773 1429 861 1465 ψυχὴν
881 1430 938 1456 δια-

147 1473 292 1508 λαμϐάνει,
316 1475 333 1510 ἡ
355 1475 409 1501 τῶν
427 1474 557 1509 ποταμῶν
573 1475 681 1509 λέγεται
705 1475 785 1510 μέση,
807 1476 824 1510 ή
845 1475 873 1501 δὲ
893 1475 936 1502 διὰ

987 234 1010 262 si
1025 238 1110 261 totam
1134 241 1224 261 rerum
1240 237 1378 269 gestarum
1401 235 1499 262 seriem
1520 235 1678 264 discamus?
1699 237 1774 270 Qua-

987 284 1097 316 propter
1107 280 1202 308 utilius
1212 287 1274 308 esse
1284 280 1414 311 arbitror.
1428 281 1547 310 breviter
1561 283 1698 317 explicare
1709 284 1774 319 quid

986 327 1066 354 nobis
1078 327 1215 354 historiae
1229 326 1394 354 narrationis
1409 327 1550 355 involucro
1564 329 1728 361 insinuetur,
1745 334 1774 356 ut

988 371 1045 399 haec
1062 380 1071 396 ι
1094 371 1164 399 tituli
1189 371 1333 406 inscriptio
1349 381 1358 397 ›
1386 372 1466 399 cedat
1493 373 1520 400 in
1535 373 1597 400 vita:
1619 378 1719 401 nostrm
1737 375 1776 401 in-

988 418 1175 445 structionem.
1193 417 1263 450 Quid
1289 417 1372 453 igitur
1399 417 1490 446 dicere
1511 420 1658 454 proposui?
1677 420 1773 448 Totam

987 462 1129 490 hominum
1154 463 1291 490 nationem
1314 463 1420 498 Syriam
1449 464 1605 499 appellavit,
1629 465 1775 500 divisitque

988 508 1016 536 in
1042 508 1111 536 duas
1132 511 1235 543 partes,
1252 508 1402 543 quamlibet
1418 509 1535 544 propriis
1551 509 1623 537 notis
1636 509 1774 537 discrimi-

987 562 1058 582 nans
1077 563 1083 581 :
1103 554 1189 582 altera
1207 554 1277 581 enim
1295 553 1488 590 Mesopotamia
1507 554 1593 590 Syria:
1612 556 1774 590 appellatur,

988 599 1073 627 altera
1103 599 1181 634 Syria
1205 599 1300 633 Saliae;
1321 600 1500 630 succenditur
1523 605 1550 628 et
1573 600 1630 628 haec
1651 605 1678 628 ct
1700 601 1747 628 illa
1766 610 1773 629 :

989 648 1084 681 postea
1098 646 1255 673 reversione
1269 645 1370 673 summi
1387 646 1560 681 imperatoris
1574 647 1653 674 vallis
1667 648 1775 675 Salina-

988 699 1050 719 rum
1073 696 1162 719 morte
1187 692 1352 723 mulctatur,
1376 691 1521 719 duodecim
1549 692 1671 720 millibus
1689 693 1776 721 inter-

988 737 1098 772 emptis.
1127 736 1316 772 lntelligamus
1340 743 1406 772 ergo
1435 737 1572 772 duplicem
1599 745 1661 766 esse
1689 739 1776 774 Syrias

990 783 1106 811 formam
1122 792 1128 810 :
1144 783 1269 811 nonnulli
1286 783 1359 810 enim
1374 783 1519 811 ﬂuviorum
1537 785 1665 812 cursibus
1687 785 1714 812 in
1731 793 1787 812 orc-

989 829 1050 857 bem
1071 829 1235 857 circumdati
1253 834 1328 862 sunt,
1347 834 1374 857 et
1401 830 1428 857 bi
1453 837 1508 858 non
1532 835 1597 858 sunt
1619 831 1675 864 alii,
1693 839 1775 867 quam

989 884 1058 911 quos
1075 876 1218 911 passiones
1244 876 1386 911 animique
1412 877 1633 911 perturbationes
1655 879 1776 914 undique

989 921 1195 955 circumﬂuunt;
1211 922 1255 949 alii
1272 921 1390 956 subjecti
1408 927 1473 950 sunt
1491 922 1580 953 Sobaa.
1598 931 1652 958 quo
1666 925 1776 952 nomine

989 969 1161 1004 significatur
1183 969 1346 996 adversaria
1368 970 1510 1004 potestatis
1527 971 1650 1006 tyrannis
1670 975 1697 999 et
1717 971 1776 998 vio-

989 1015 1061 1043 lenta
1072 1015 1234 1043 dominatio.
1251 1015 1322 1051 Ergo
1335 1015 1414 1044 nobis
1433 1015 1490 1044 hac
1505 1017 1592 1052 prima
1607 1018 1649 1045 via
1666 1017 1699 1045 ad
1715 1026 1775 1046 mu-

988 1061 1120 1087 tationem
1136 1060 1163 1087 in
1181 1059 1281 1088 melius
1303 1059 1402 1092 fuerit,
1430 1060 1453 1087 si
1477 1060 1540 1096 igne
1558 1066 1726 1097 expurgante
1748 1066 1776 1090 ct

989 1106 1123 1134 lustrante
1139 1105 1277 1140 duplicem
1294 1105 1365 1134 hanc
1380 1105 1492 1134 malitia;
1510 1107 1648 1136 nationem
1663 1108 1776 1136 aboles—

988 1160 1050 1180 mus
1070 1162 1076 1179 :
1100 1151 1331 1187 quemadmodum
1354 1152 1428 1180 enim
1444 1152 1533 1180 virtus
1550 1153 1605 1180 vita
1628 1157 1654 1182 et
1671 1153 1776 1182 ratione

989 1198 1123 1233 signatur,
1141 1197 1182 1224 sic
1199 1201 1226 1224 et
1243 1196 1347 1224 malitia
1367 1197 1395 1224 in
1421 1197 1466 1226 his
1481 1197 1589 1226 duabus
1609 1199 1701 1227 inesse
1714 1206 1777 1227 coro

988 1246 1079 1278 nitur;
1105 1249 1132 1272 et
1149 1245 1206 1272 vita
1229 1245 1339 1280 quidem
1357 1245 1441 1273 nullis
1455 1245 1563 1282 legibus
1578 1246 1699 1279 astricta,
1715 1254 1776 1281 qua

988 1292 1148 1326 passionum
1165 1291 1278 1326 impetu,
1291 1294 1318 1319 et
1330 1290 1410 1326 quasi
1425 1291 1509 1319 ﬂuctu
1522 1292 1643 1327 undique
1653 1293 1774 1320 animum

988 1336 1214 1372 comprehendit,
1239 1340 1267 1365 et
1286 1337 1488 1372 quodammodo
1505 1338 1532 1365 in
1549 1338 1668 1366 circuitu
1686 1338 1776 1366 inclu-

989 1384 1038 1416 dit.
1057 1385 1136 1420 Syria
1165 1385 1255 1412 media
1282 1384 1354 1412 inter
1369 1383 1467 1413 fluvios
1491 1385 1612 1418 dicitur;
1638 1385 1685 1412 illa
1710 1392 1776 1412 vero

991 1431 1126 1465 perversis
1142 1433 1168 1457 et
1182 1429 1345 1465 perniciosis
1358 1429 1533 1466 dogmatibus
1547 1434 1574 1457 et
1589 1430 1775 1465 persuasioni-

988 1475 1040 1504 bus
1056 1475 1173 1510 principi
1191 1475 1273 1510 hujus
1289 1475 1385 1502 mundi
1402 1475 1521 1508 addicta,
1537 1474 1615 1510 Syria
1628 1474 1707 1502 Sobae
1726 1482 1775 1509 ap-

147 1519 202 1546 τῶν
225 1520 350 1556 πονηρῶν
372 1520 514 1556 δογμάτων
532 1520 698 1556 ἀνακειμένη
712 1520 750 1556 τῷ
767 1520 875 1556 ἄρχοντι
889 1520 936 1547 τοῦ

989 1521 1105 1556 pellatur
1121 1529 1127 1547 :
1146 1521 1246 1556 quibus
1261 1519 1386 1548 doctrina
1402 1523 1429 1548 et
1440 1520 1546 1548 ratione
1563 1520 1596 1547 ad
1613 1519 1773 1548 illustratio-

149 1565 262 1600 κόσμου,
285 1566 371 1592 Σοϐἀλ
387 1566 486 1602 Συρίας
510 1566 741 1602 κατονομάζεται’
759 1563 796 1592 ὧν
818 1566 856 1601 τῷ
870 1575 938 1594 καυ-

149 1611 234 1647 στικῷ
258 1612 313 1647 (7‘2)
338 1620 369 1638 τε
395 1612 442 1638 καὶ
469 1611 611 1648 καθαρσίῳ
632 1612 702 1647 λόγῳ
719 1612 936 1647 δαπανηθέντων,

147 1658 243 1684 ἕπεται
271 1658 300 1683 τὸ
321 1658 369 1692 τὴν
391 1657 485 1692 ἄγονόν
516 1666 545 1684 τε
569 1658 616 1684 καὶ
642 1657 771 1692 ἀλμῶσαν
795 1657 857 1692 γῆν,
877 1657 938 1692 ἣτις

149 1703 329 1739 στρατόπεδόν
353 1705 409 1730 ἐστι
435 1703 488 1729 τῶν
509 1703 704 1738 ἀντικειμένων
727 1703 878 1738 δυνάμεων,
903 1704 936 1738 τῇ

146 1748 194 1775 τοῦ
219 1748 437 1784 ἀρχιστρατήγου
459 1747 550 1783 πληγῇ
572 1748 759 1783 παραχθῆναι·
781 1749 811 1775 οὐ
832 1748 886 1784 γὰρ
904 1748 937 1775 ἂν

147 1794 253 1828 γένοιτο
273 1795 339 1828 ἡμῖν
363 1794 378 1829 ἡ
396 1793 466 1820 κατὰ
481 1793 535 1820 τῶν
554 1793 659 1828 ἐχθρῶν
676 1793 749 1828 νίκη,
776 1793 812 1828 μὴ
828 1792 874 1820 τοῦ
892 1793 941 1828 ἄρ-

146 1847 240 1873 χοντος
263 1839 316 1865 τῶν
343 1839 474 1874 στρατιῶν
499 1839 555 1873 (75)
587 1838 767 1874 ὐπερσχόντος
799 1839 831 1874 τῇ
855 1839 935 1874 χειρί.

148 1886 187 1920 Τῇ
207 1884 234 1911 δὲ
250 1885 302 1911 τῶν
329 1885 464 1920 πολεμίων
480 1884 602 1920 ἀπωλείᾳ
616 1885 712 1920 είρήνη
731 1884 799 1911 κατὰ
819 1885 850 1911 τὸ
871 1885 937 1912 ἀκό-

147 1930 241 1957 λουθον
258 1931 368 1957 ἕπεται*
387 1932 434 1958 καὶ
450 1931 521 1957 τοῦτ’
543 1930 600 1956 ἐστι
617 1931 647 1957 τὸ
667 1930 812 1957 ἀκόλουθον
829 1930 879 1966 τῆς
896 1931 937 1957 νί-

149 1985 210 2011 κης,
224 1977 291 2012 πρὸς
308 1977 322 2003 ὃ
338 1976 472 2011 βλέπουσα
488 1978 503 2011 ἡ
518 1976 658 2012 ἐπιγραφὴ
673 1976 698 2011 (7
705 1977 740 2008 ί),
755 1976 936 2011 ὲνστηλιτεύει

147 2023 207 2053 ταῖς
232 2023 352 2057 μνήμαις
375 2022 452 2057 ἡμῶν
473 2022 520 2057 τὴν
548 2022 614 2057 πρὸς
636 2022 666 2048 τὸ
690 2021 866 2057 ἀλλοιωθῆναι
884 2022 937 2056 ὑφ-

148 2069 257 2104 ήγησιν,
273 2068 316 2095 διὰ
329 2067 382 2094 τῶν
403 2067 546 2102 ἱστορικῶν
560 2067 765 2102 ὑποδειγμάτων
782 2067 831 2103 τὴν
847 2067 936 2094 ἀπαλ-

147 2114 234 2149 λαγὴν
251 2113 305 2140 τῶν
321 2113 491 2148 παθημάτων
506 2113 717 2140 ὑποδεικνύουσα
738 2113 806 2148 (75).
829 2113 936 2140 Μᾶλλον

147 2160 169 2186 δ’
187 2159 219 2186 ἂν
240 2160 304 2194 ἡμῖν
326 2159 443 2195 φανερὸν
459 2159 563 2193 γένοιτο
580 2159 610 2186 τὸ
630 2159 701 2186 κατά
723 2159 772 2194 τὴν
795 2159 936 2186 ἀλλοίωσιν

989 1573 1050 1594 nem
1071 1571 1098 1594 et
1115 1567 1340 1601 expurgationem
1357 1570 1420 1601 apta
1438 1566 1622 1601 consumptis,
1637 1569 1732 1599 restat
1747 1571 1776 1593 ut

989 1612 1091 1640 sterilis
1109 1615 1136 1640 et
1161 1612 1335 1648 salsuginosa
1359 1616 1432 1639 terra
1448 1619 1509 1648 qua:
1528 1612 1598 1639 nihil
1621 1616 1664 1640 est
1689 1611 1774 1644 aliud,

989 1665 1070 1692 quam
1094 1657 1315 1685 adversariorum
1337 1658 1487 1690 exercitus,
1505 1657 1606 1684 virtute
1632 1661 1660 1685 et
1686 1656 1776 1692 gladio

990 1703 1089 1732 summi
1107 1704 1283 1738 imperatoris
1298 1703 1461 1730 conﬁciatur
1485 1711 1492 1729 :
1513 1710 1567 1731 non
1593 1702 1665 1730 enim
1687 1702 1775 1730 victo-

989 1750 1058 1776 riam
1089 1749 1123 1776 ab
1154 1749 1282 1777 hostibus
1315 1749 1539 1784 reportabimns,
1566 1748 1620 1776 nisi
1649 1746 1776 1783 princeps
1815 1769 1818 1772 .

988 1795 1127 1822 exercitus
1142 1802 1253 1822 manum
1276 1795 1424 1827 extendat;
1451 1794 1664 1822 internecionem
1685 1798 1775 1821 autem

988 1841 1109 1868 hostium
1126 1841 1252 1875 sequitur
1265 1844 1344 1868 certo
1361 1840 1458 1868 ordine
1472 1847 1540 1874 pax;
1562 1843 1589 1867 et
1605 1839 1663 1867 haec
1678 1842 1720 1867 est
1733 1839 1775 1866 vi-

989 1886 1085 1914 ctoriae
1098 1886 1194 1918 series,
1220 1887 1254 1913 ad
1279 1893 1360 1921 quam
1388 1885 1529 1920 Scriptura
1552 1884 1702 1920 respiciens
1725 1885 1776 1912 im-

988 1931 1093 1966 primit,
1110 1931 1189 1966 quasi
1205 1931 1232 1958 in
1250 1931 1391 1963 columna,
1406 1931 1434 1957 in
1447 1931 1578 1958 memoria
1593 1935 1687 1958 nostra
1701 1938 1776 1958 com-

988 1975 1216 2004 memorationem
1242 1976 1276 2004 de
1301 1976 1472 2009 mutatione,
1496 1976 1562 2004 dum
1588 1976 1719 2012 exemplis
1741 1983 1776 2003 ex

989 2020 1104 2048 historia
1121 2020 1247 2048 adductis
1263 2020 1393 2053 ostendit,
1409 2020 1547 2054 quomodo
1562 2027 1576 2047 a
1592 2020 1776 2056 perturbatio-

987 2067 1071 2094 nibus
1093 2067 1215 2102 expcdiri
1232 2072 1259 2094 et
1281 2067 1391 2094 liberari
1414 2068 1564 2102 pOSsimus.
1592 2058 1678 2102 Magis
1692 2074 1776 2102 porro

988 2113 1141 2140 innotescet
1157 2113 1236 2140 nobis
1251 2112 1396 2148 disciplina
1411 2113 1445 2141 de
1464 2113 1623 2144 mutatione,
1639 2113 1662 2141 si
1678 2113 1775 2141 audia-

988 2165 1050 2185 mus
1064 2158 1133 2185 alios
1149 2159 1312 2193 interpretes
1323 2178 1330 2191 ,
1350 2165 1467 2193 quorum
1492 2158 1537 2186 ille
1560 2157 1681 2193 quidem,
1697 2167 1705 2183 ι
1721 2157 1775 2186 Pro

149 2204 273 2239 μάθημα,
290 2205 314 2230 εἰ
328 2205 382 2235 τοῖς
397 2203 499 2235 λοιποῖς
513 2203 567 2229 τῶν
588 2203 727 2239 ἑρμηνέων
743 2203 798 2238 (76)
823 2203 935 2230 ἀκολου-

989 2202 1113 2234 ﬂoribus,
1127 2213 1136 2229 ›
1151 2203 1231 2236 alius,
1248 2211 1258 2228 ‹
1272 2202 1324 2230 Pro
1342 2202 1406 2230 liliis
1419 2212 1429 2229 ›
1446 2203 1537 2236 vertit,
1556 2203 1617 2230 loco
1632 2203 1690 2237 ejus
1702 2203 1774 2238 quod

147 2249 292 2285 θήσαιμεν,
305 2245 342 2276 ὧν
354 2250 368 2275 ὁ
383 2248 431 2284 μὲν
443 2257 451 2273 ι
464 2248 549 2283 ’Υπὲρ
560 2248 613 2274 τῶν
629 2247 726 2281 ἀνθῶν,
740 2257 749 2273 ι
760 2248 774 2273 ὁ
786 2246 813 2274 δὲ
829 2257 838 2273 ‹
849 2247 934 2283 ’Υπὲρ

147 2295 201 2323 τῶν
219 2295 330 2332 κρίνων,
345 2305 354 2321 ι
369 2295 428 2321 ἀντὶ
445 2294 495 2329 τῆς
516 2293 683 2325 ἀλλοιώσεως
702 2293 740 2328 τῷ
762 2293 833 2328 λόγῳ
849 2301 933 2328 προο-

146 2341 269 2378 έγραψαν
298 2341 365 2376 (77).
391 2340 427 2367 Τό
457 2349 486 2367 τε
515 2339 568 2374 γὰρ
598 2339 676 2371 ἄνθος
700 2338 864 2365 ἐνδείκνυται
886 2338 933 2365 τοῦ

146 2387 280 2424 χειμῶνος
294 2387 343 2422 τὴν
352 2387 391 2418 είς
401 2385 448 2420 ἔαρ
465 2386 626 2422 μεταϐολήν.
640 2386 729 2421 Ὅπερ
742 2384 868 2420 σημαίνει
884 2383 933 2420 τὴν

145 2433 201 2460 ἀπὸ
223 2432 322 2464 κακίας
340 2432 380 2464 εἰς
398 2432 444 2459 τὴν
469 2432 529 2459 κατ’
553 2431 653 2467 ἀρετὴν
674 2431 731 2466 βίον
755 2430 930 2466 μετάστασιν.

147 2479 185 2506 Ἤ
198 2487 228 2505 τε
244 2478 291 2506 τοῦ
315 2479 408 2515 κρίνου
425 2478 484 2513 ὄψις
503 2478 571 2514 πρὸς
583 2478 597 2504 ὃ
620 2486 647 2504 τι
669 2478 722 2513 χρὴ
743 2476 869 2511 γενέσθαι
884 2476 933 2513 τὴν

145 2524 297 2557 ἀλλοίωσιν,
314 2524 494 2561 διερμηνεύει·
518 2525 532 2550 ὁ
555 2524 609 2558 γὰρ
630 2523 663 2550 δι’
679 2522 848 2555 ἀλλοιώσεως
864 2523 934 2558 λαμ.

146 2570 216 2606 πρὸς
230 2571 384 2606 γενόμενος,
402 2571 522 2606 δηλονότι
548 2571 579 2597 ὲκ
601 2570 715 2604 μέλανός
735 2578 765 2596 τε
791 2569 839 2596 καὶ
855 2571 933 2597 ὲσκο-

146 2616 272 2651 τισμιένου
289 2616 414 2653 λαμπρόν
434 2625 463 2644 τε
479 2617 525 2643 καὶ
533 2615 660 2650 χιονῶδες
673 2615 740 2648 εἶδος
756 2615 933 2652 μεταλαμϐά-

182 2704 238 2739 (68)
255 2704 454 2740 Σημειούμενος
464 2711 518 2730 om.
531 2703 577 2731 ed.

183 2739 238 2773 (69)
254 2740 287 2765 Δέ
303 2748 358 2766 om.
373 2739 417 2766 ed.

183 2775 240 2809 (70)
258 2774 520 2809 Κατεμπίμπραται,
535 2772 579 2801 ed.

217 2810 240 2844 ii
258 2809 414 2844 Ποταμίοις,
426 2809 468 2844 ed,

198 2843 241 2879 72)
255 2843 421 2879 Φωτιστικῴ,
438 2843 481 2872 cd.

989 2253 1048 2281 est,
1070 2258 1079 2274 ι
1100 2248 1154 2276 Pro
1169 2248 1223 2280 his,
1241 2247 1288 2282 qui
1303 2247 1561 2275 commutabuntur:
1583 2257 1592 2273 ι
1622 2253 1686 2275 tunc
1702 2247 1774 2275 enim

988 2293 1038 2322 [los
1053 2294 1154 2329 prodit,
1171 2301 1233 2320 cum
1250 2293 1337 2322 hiems
1352 2294 1378 2320 in
1396 2301 1444 2321 ver
1458 2297 1589 2326 mutatur,
1606 2294 1678 2329 quod
1691 2294 1776 2330 signi—

988 2338 1051 2366 ﬁcat
1068 2338 1261 2366 transitionem
1288 2345 1304 2365 a
1331 2338 1433 2366 malitia
1459 2338 1494 2366 ad
1517 2339 1601 2367 vitam
1624 2347 1660 2366 ex
1675 2339 1776 2368 virtute

989 2389 1090 2413 actam.
1119 2385 1153 2412 At
1177 2386 1227 2413 lilii
1247 2390 1377 2422 aspectus
1393 2389 1497 2417 monet,
1513 2384 1547 2412 ad
1569 2385 1635 2420 quid
1651 2389 1777 2421 oporteat

987 2432 1166 2460 mutationem
1182 2432 1239 2459 ﬁeri
1257 2441 1263 2460 :
1282 2439 1344 2460 eum
1358 2432 1442 2463 enim.
1459 2431 1505 2467 qui
1523 2431 1674 2460 mutatione
1684 2433 1775 2469 splen-

988 2477 1070 2506 didus
1085 2476 1199 2505 effectus
1218 2481 1272 2509 est,
1288 2477 1372 2512 liquet
1387 2484 1422 2504 ex
1436 2481 1496 2504 atro
1511 2480 1537 2505 et
1554 2476 1726 2506 tenebricoso
1739 2478 1773 2506 ad

987 2523 1094 2551 niveam
1111 2523 1227 2551 formam
1243 2527 1456 2551 transmutatum
1472 2530 1543 2551 esse.
1561 2521 1591 2550 In
1607 2523 1679 2550 omni
1692 2523 1774 2558 igitur

986 2569 1167 2605 inscriptione
1190 2577 1250 2605 quae
1267 2569 1358 2602 habet,
1384 2578 1393 2595 ι
1409 2567 1464 2596 Pro
1490 2569 1532 2596 his
1555 2568 1602 2603 qui
1625 2572 1774 2596 commuta-

987 2613 1100 2646 buntur,
1116 2623 1126 2640 ι
1151 2613 1202 2642 hoc
1216 2615 1296 2649 quasi
1312 2614 1507 2642 documentum
1520 2612 1710 2649 accipiendum
1726 2619 1774 2640 ar-

1035 2701 1079 2735 73)
1088 2701 1250 2737 Στρατειῶν,
1268 2702 1312 2730 ed.

1034 2737 1078 2772 74)
1092 2737 1198 2772 Γραφή,
1212 2737 1254 2772 ed.

1034 2771 1078 2802 75)
1098 2771 1332 2802 ’Λποδεικνὺουσα,
1347 2771 1390 2798 (ιιι.

1020 2806 1076 2842 (Ὶθ)
1094 2806 1294 2842 ξΕρμηνευτῶν,
1314 2807 1358 2842 ed.

1020 2840 1077 2878 (77)
1091 2840 1295 2877 Προσέγραφεν,
1312 2840 1357 2868 ed.

1067 2737 1078 2877 ξ
