1986 3080
125 121 179 159 605

831 134 867 163 IN
886 133 1054 163 PSALMOS.

1703 136 1757 165 506

125 190 201 225 ζωῆς
218 190 383 218 κατάστασιν
405 191 660 227 μεταστοιχειὸύσης
681 191 731 228 τὴν
755 192 850 228 φύσιν
868 193 909 221 καλ

967 194 1167 223 resurrectione
1189 201 1393 231 corporumque
1419 195 1592 231 reparatione
1615 195 1643 223 in
1674 196 1755 224 aliam

124 238 143 271 ἡ
165 235 297 271 παροδικὴ
313 235 360 262 τοῦ
386 236 482 271 χρόνου
500 236 638 272 παύσηται
658 237 748 272 φύσις,
771 239 821 274 τῆς
844 239 915 266 κατὰ

123 281 232 316 γένεσιν
253 280 300 306 καὶ
320 279 424 315 φθορὰν
444 281 585 316 ἐνεργείας
610 282 710 317 μηκέτι
729 282 828 318 οὔσης·
849 283 913 319 στή-

124 335 202 354 σεται
215 326 336 357 πάντως.
355 327 402 352 καὶ
414 327 431 362 ἡ
447 326 563 362 ὲὸδομὰς
576 327 593 362 ἡ
608 327 780 363 ἐκμετροῦσα
792 328 837 354 τὸν
852 329 914 364 χρό-

124 382 181 405 νον,
198 373 247 399 καὶ
266 372 414 405 διαδέξεται
436 373 452 407 ἡ
474 372 570 408 ὐγδόη
601 373 692 409 ἐκείνη
704 394 710 406 ,
733 375 793 409 ἥτις
811 375 884 401 ἐστὶν
900 376 915 402 ὁ

124 419 225 454 ἐφεξῆς
238 418 316 451 αἰὼν,
329 418 389 450 ὅλος
404 419 451 453 μία
463 419 555 454 ἡμέρα
571 420 725 454 γενόμενος,
743 420 833 452 καθώς
847 421 913 455 φησί

122 473 166 496 τις
181 464 236 490 τῶν
248 463 403 499 προφητῶν,
419 473 429 489 ι
446 464 577 499 Μεγάλην
592 465 697 501 ἡμέραν
716 475 724 490 ι
743 465 791 501 τὴν
805 466 913 498 ἐλπιζο-

124 509 209 545 μένην
223 509 360 544 ὀνομάσας
375 509 458 545 ζωήν.
479 510 586 546 Ἐπειδὴ
603 511 651 546 ούχ
667 512 682 537 ὁ
698 511 824 548 αἰσθητὸς
839 513 913 549 ἥλιος

123 555 237 590 φωτίζει
253 554 302 590 τὴν
315 555 422 591 ἡμέραν
436 556 554 592 ἐκείνην,
576 557 643 584 ἀλλὰ
658 557 688 584 τὸ
708 557 832 593 ἀληθινὸν
844 559 910 594 φῶς,

122 602 137 628 ὸ
152 602 202 636 τῆς
219 601 393 637 δικαιοσύνης
412 602 504 637 ἥλιος,
525 603 554 635 ὃς
578 613 587 628 ι
611 604 740 639 Ἀνατολὴ
764 614 773 630 ι
797 605 848 631 ὑπὸ
862 605 912 640 τῆς

123 647 293 681 προφητείας
308 647 533 682 κατονομάζεται,
544 648 588 674 διὰ
603 649 633 675 τὸ
649 648 785 684 μηδέποτε
798 650 913 686 δυσμαῖς

124 692 374 726 συγκαλύπτεσθαι.

160 747 197 774 Τὸ
209 747 237 774 δὲ
249 748 314 775 αὐτὸ
323 749 401 775 τοῦτο
410 749 456 776 καὶ
464 749 492 776 ὲν
504 750 563 781 ταῖς
569 745 665 786 «Ὑπὲρ
674 750 729 778 τῶν
736 751 824 786 ληνῶν
834 762 842 778 ι
853 753 912 779 ὲπι-

122 795 243 829 γραφαῖς
257 795 416 830 ὲνοήσαμεν.
436 795 468 821 Ἦ
483 795 538 831 γὰρ
552 795 642 831 ληνὸς,
658 797 730 823 οἴνου
745 798 818 824 ἐστὶν
830 799 912 834 ἐργα-

123 840 244 875 στήριον,
264 841 293 866 ὲν
350 839 404 878 τῷν
424 840 544 876 βοτρύων
565 842 795 878 συνθλιϐομένων,
811 845 824 870 ὁ
840 843 911 877 οἶνος

122 884 238 918 γίνεται.
258 885 328 911 Ἀλλ’
342 886 365 911 εξ
382 885 432 920 μὲν
448 886 480 912 ἐκ
500 886 658 921 σεσηπότων
673 886 689 922 ἢ
703 888 909 923 ὀμφακιζὸντων

120 929 176 956 τῶν
196 929 316 964 βοτρύων
335 931 460 966 ἀπορρυῇ
481 932 495 958 ὁ
514 930 600 964 οἶνος,
624 926 737 969 τροπίοῖς
758 933 812 968 (85)
829 933 909 966 εὐθὺς

123 975 171 1001 καὶ
191 975 290 1007 ἄποτος
314 975 434 1010 γίνεται,
451 978 491 1008 είς
517 977 648 1004 δυσωδίαν
672 979 742 1010 τινὰ,
761 979 777 1015 ἢ
799 979 845 1006 καὶ
869 979 910 1011 είς

121 1020 207 1056 ὀξώδη
223 1020 381 1056 μεταϐαλὼν
395 1022 534 1057 ποιότητα⁹
550 1022 594 1049 διά
609 1031 681 1054 τινος
695 1024 789 1060 ἑτέρας
801 1024 915 1058 διαφθο-.

123 1069 174 1103 ρᾶς
191 1069 230 1099 εἰς
255 1068 402 1104 σκωλήκων
424 1069 532 1103 γένεσιν
553 1069 752 1105 ἀλλοιούμενος.
771 1070 800 1096 EE
817 1070 844 1096 δὲ
865 1070 910 1096 εύ-

120 1115 204 1149 γενής
218 1123 247 1140 τε
270 1115 317 1141 καὶ
335 1115 435 1150 ὡραῖος
455 1116 514 1146 ταῖς
533 1115 623 1151 ληνοῖς
641 1116 734 1152 ὲντεθῇ
758 1116 814 1152 (86)
831 1116 845 1142 ὁ
865 1116 909 1150 βό-

119 1168 188 1195 τρυς
200 1179 207 1192 ,
226 1160 291 1195 ἡδύς
313 1169 343 1187 τε
363 1161 410 1188 καὶ
430 1161 580 1196 ἀνθοσμίας
593 1162 607 1188 ὁ
626 1159 696 1194 οἶνος
718 1162 772 1188 τῶν
790 1161 909 1197 βοτρύων

121 1205 344 1240 ἀπορρυήσεται,
369 1205 407 1241 τῷ
433 1205 531 1242 μακρῷ
553 1206 642 1241 χρόνῳ
665 1207 848 1238 συνεπιδιδοὺς
870 1207 909 1238 είς

121 1250 219 1282 κάλλος
243 1252 289 1278 καὶ
315 1250 453 1279 εΰπνοιαν.
475 1253 507 1278 Τί
530 1250 575 1278 οὖν
594 1252 624 1278 τὸ
649 1253 763 1287 αῐνιγμα
786 1253 909 1288 βούλεται

121 1296 274 1332 φροντίζειν
295 1297 341 1324 τοῦ
362 1298 474 1334 βότρυος
496 1298 533 1330 ὡς
551 1298 591 1324 ἔνι
614 1298 745 1333 μάλιστα;
763 1299 856 1329 Ὅπως
877 1298 909 1325 ἂν

120 1343 187 1378 ἡμῖν
215 1344 342 1380 πλουτοίη
375 1344 421 1371 τοῦ
456 1345 626 1379 ἀνθρωπίνου
654 1345 699 1371 νοῦ
729 1346 745 1380 ἡ
771 1345 908 1381 ἀποθήκη·

120 1388 197 1421 ἐλπὶς
212 1389 266 1425 (87)
281 1390 308 1416 δέ
323 1391 394 1416 ἐστιν
412 1391 428 1426 ή
443 1391 567 1426 ἀποθήκη
583 1391 610 1417 ὲν
660 1392 735 1417 πᾶσα
751 1391 816 1426 ἡμῖν
831 1392 848 1427 ἠ
861 1390 908 1417 τοῦ

120 1434 180 1470 βίου
195 1436 356 1471 παρασκευὴ
370 1435 535 1471 περιέχεται.
551 1435 629 1462 Οὕτω
642 1435 663 1461 δ’
678 1435 709 1462 ἂν
723 1435 828 1470 γένοιτο
843 1436 909 1471 ἡμῖν

120 1481 254 1516 πρόδηλος
276 1481 328 1507 τῶν
351 1480 471 1516 βοτρύων
489 1482 505 1516 ἡ
525 1480 618 1515 φύσις,
641 1482 663 1507 εἰ
686 1481 782 1516 φανείη
803 1481 909 1516 πρῶτον

119 1526 153 1552 τὰ
169 1527 295 1561 κλήματα
309 1546 315 1557 ,
331 1527 376 1552 καὶ
390 1527 405 1561 ἡ
422 1527 582 1562 περιεκτικὴ
597 1526 651 1552 τῶν
672 1535 702 1552 τε
718 1526 773 1561 (88)
790 1526 909 1561 βοτρύων

119 1572 167 1598 καὶ
186 1571 331 1607 κλημάτων
356 1572 485 1607 ἄμπελος,
512 1572 592 1598 Ἀλλὰ
615 1571 693 1598 τοῦτο
712 1572 830 1606 φανερὸν
853 1571 908 1607 (89)

119 1617 152 1643 ὲκ
165 1617 218 1642 τῶν
233 1617 280 1643 τοῦ
295 1618 397 1653 Κυρίου
414 1617 501 1651 λόγων
517 1617 672 1651 γενήσεται,
687 1617 734 1643 τοῦ
750 1617 805 1652 (90)
818 1617 910 1643 εἰπόν-

118 1670 174 1692 τος·
187 1671 195 1687 ι
207 1661 277 1695 Ἐγὼ
289 1663 304 1697 ἠ
319 1662 374 1696 (91)
384 1662 514 1697 ἄμπελος,
523 1663 601 1698 ὑμεῖς
610 1662 645 1688 τὰ
651 1662 787 1697 κλήματα.
795 1672 804 1688 ι
815 1663 846 1689 Et
855 1665 909 1699 γὰρ

119 1707 227 1741 ἀληθῶς
241 1709 269 1733 ἐν
285 1708 358 1742 αὐτῷ
371 1710 464 1744 ἐσμεν,
476 1708 654 1744 ἐρριζωμένοι
672 1708 909 1744 καρποφοροῦντες

118 1761 149 1779 τε
157 1753 397 1789 καιαύξανόμενοι,
410 1754 500 1786 καθώς
512 1763 593 1789 φησιν
605 1755 618 1780 ὁ
635 1755 803 1786 ’Ᾱπὸστολος,
815 1755 909 1789 νοήσο-

121 1806 172 1833 μεν
185 1799 229 1825 διὰ
243 1798 297 1825 τῶν
316 1799 484 1834 εἰρημένων,
507 1800 547 1826 ὅτι
563 1800 587 1825 οἰ
611 1800 639 1825 ἐν
656 1799 729 1834 αύτῷ
743 1799 908 1832 κτισθέντες,

120 1844 168 1871 καὶ
185 1844 248 1871 ἄνευ
266 1845 346 1871 αὐτοῦ
361 1846 397 1881 μὴ
413 1845 498 1878 ὄντες,
510 1845 582 1877 ἄξιον
596 1845 725 1880 (91⁸)τῆς
743 1844 910 1880 ὑποτρειρού-

120 1899 171 1925 σης
185 1891 257 1925 ἡμᾶς
274 1891 395 1926 ἰκμάδος,
408 1891 453 1918 τὸν
465 1893 496 1918 ἐκ
508 1891 560 1918 τῶν
575 1891 663 1927 ἔργων
675 1891 772 1927 βότρυν
785 1892 849 1926 παρ’
861 1891 910 1918 αὑ-

118 1934 166 1961 τοῦ
182 1934 237 1970 (92]
256 1935 460 1970 ἀπαιτούμεθα.
478 1936 547 1970 μήτε
564 1935 597 1962 δι’
615 1935 701 1970 ὀργῆς
721 1934 910 1970 ὀμφακίςοντὰ

118 1988 147 2006 τε
165 1980 211 2007 καὶ
232 1981 438 2015 καταστύιροντα
456 1980 523 2016 (95),
543 1981 612 2016 μήτε
631 1980 664 2006 δι’
681 1979 777 2015 ἡδονῆς
793 1989 865 2012 τινος
880 1981 909 2007 ὲν

120 2027 249 2062 σηπεδόνι
264 2027 439 2062 φθειρόμενόν
454 2035 483 2052 τε
500 2027 547 2053 καὶ
570 2027 709 2061 λυόμενον.
738 2027 782 2052 Ἐν
805 2027 859 2062 γὰρ
875 2028 908 2062 τῇ

118 2072 193 2108 ληνῴ
206 2073 255 2107 τῆς
271 2073 385 2099 ἑκάστου
399 2072 487 2107 ψυχῆς
509 2071 598 2107 (in-(vo;
616 2072 643 2098 δέ
661 2073 734 2098 ἐστιν
753 2073 769 2107 ἠ
787 2072 909 2106 συνείδη-

120 2118 179 2152 σις)
195 2118 208 2144 ὁ
227 2118 260 2144 ἐκ
280 2117 334 2143 τῶν
348 2117 436 2152 ἔργων
451 2117 548 2152 βότρυς
564 2117 609 2143 τὸν
629 2113 700 2143 οἶνον
717 2117 784 2152 ἡμῖν
803 2118 843 2148 εἰς
863 2116 908 2143 τὸν

119 2162 218 2197 ἐφεξῆς
230 2162 397 2197 ἁποθήσεται
409 2161 474 2196 βίον.
490 2162 545 2188 Καὶ
560 2161 634 2187 πᾶσα
645 2161 749 2196 ἀνάγκη
764 2161 819 2188 τῶν
834 2162 907 2188 ἰδίων

966 240 1110 275 quamdam
1120 240 1182 268 vitae
1193 240 1376 269 conditionem
1392 244 1518 268 naturam
1534 246 1655 269 nostram
1666 245 1756 269 trans-

965 290 1100 318 mutante,
1117 286 1227 314 sublata
1241 287 1351 321 penitus
1367 286 1442 314 omni
1455 287 1573 320 actione,
1591 294 1651 322 qum
1663 286 1696 314 ad
1709 293 1755 313 or-

964 335 1022 359 tum
1037 332 1079 360 vel
1097 332 1235 360 interitum
1260 336 1379 368 spectal;
1402 336 1467 359 tunc
1480 333 1591 359 omnino
1614 333 1696 360 etiam
1711 340 1756 360 se-

964 379 1086 412 ptimana
1103 377 1166 410 ista,
1184 381 1291 413 tempus
1306 377 1451 405 dimetiens
1469 382 1495 405 et
1511 378 1753 411 circumscribens,

965 422 1085 455 finietur,
1101 423 1283 458 succedatque
1297 422 1400 450 Octava
1420 423 1476 456 illa,
1489 431 1550 458 qua:
1564 427 1606 450 est
1622 424 1752 450 szeculum

965 467 1096 501 futurum,
1109 472 1164 495 tota
1180 468 1264 495 unico
1281 468 1326 495 die
1340 468 1548 503 comprehensa,
1561 472 1589 495 ut
1600 473 1626 495 et
1636 469 1754 504 prophe-

965 517 1053 540 tarum
1069 514 1204 549 quispiam
1229 518 1355 545 testatur,
1380 514 1428 549 qui
1444 514 1538 547 vitam,
1554 521 1636 549 quam
1661 521 1752 549 spera-

963 566 1034 591 mus,
1051 569 1060 584 ι
1075 566 1202 594 magnum
1217 559 1288 586 diem
1297 560 1319 575 3‘
1337 569 1346 585 ι
1366 559 1527 591 nominavit,
1551 567 1613 587 cum
1629 566 1682 586 non
1702 560 1753 587 iste

964 602 1005 630 sol
1028 602 1144 630 visibilis
1161 603 1232 630 diem
1256 603 1331 630 illum
1350 603 1536 631 illustraturus
1553 604 1598 635 sit,
1617 604 1665 631 sed
1688 611 1751 632 vera

963 648 1008 676 illa
1034 649 1098 681 lux,
1116 648 1162 676 Sol
1180 649 1309 684 iustitiae,
1326 649 1371 684 qui
1392 658 1401 675 ι
1419 649 1544 677 Oriens"
1561 659 1570 676 ι
1590 657 1603 676 a
1615 649 1752 684 Propheta

963 693 1123 728 appellatur,
1135 701 1168 721 eo
1187 693 1259 728 quod
1272 694 1305 720 ab
1317 701 1417 721 occasu
1435 701 1573 728 nunquam
1589 694 1750 722 occultetur.

997 747 1069 774 idem
1093 755 1190 776 sensus
1209 748 1349 782 subjectus
1365 752 1407 775 est
1430 747 1485 776 illis
1503 748 1749 782 inscriptionibus.

962 799 1023 827 qua:
1039 793 1139 820 habent
1157 800 1163 818 :
1192 802 1201 818 ι
1217 792 1270 819 Pro
1287 793 1481 821 torcularibus.
1499 803 1508 820 ι
1530 793 1663 820 Torcular
1677 794 1748 821 enim

962 837 1068 864 officina
1092 841 1132 865 est
1150 838 1216 870 vini,
1240 838 1266 864 in
1289 844 1342 872 qua
1359 837 1484 865 contritis
1502 838 1561 864 uvis
1584 839 1612 864 ﬁt
1629 838 1720 865 vinum
1741 847 1748 864 :

963 883 1011 911 sed
1024 882 1047 909 si
1059 882 1168 917 quidem
1183 890 1217 911 ex
1237 883 1398 918 putrefactis
1414 888 1460 911 aut
1483 884 1589 911 acerbis
1605 884 1689 911 botris
1706 885 1748 912 vi-

962 935 1027 955 num
1042 927 1221 961 exprimatur,
1247 928 1392 955 evanidum
1409 932 1435 955 et
1458 928 1490 955 ad
1513 932 1604 963 potum
1628 929 1748 963 ineptum

963 973 1104 1001 confestim
1120 973 1244 1005 edicitur,
1258 977 1285 1000 et
1299 974 1471 1009 graveolenle
1484 974 1611 1009 quadam,
1625 981 1748 1002 acelosa—

963 1024 1015 1052 que
1029 1017 1159 1051 qualitate
1172 1017 1301 1044 inficitur.
1319 1017 1365 1045 Est
1379 1026 1441 1045 cum
1453 1023 1480 1045 et
1493 1019 1547 1045 alio
1562 1020 1748 1054 corruptionis

963 1062 1044 1089 modo
1059 1063 1086 1089 in
1103 1070 1210 1090 vermes
1223 1066 1417 1090 commutatur.
1432 1056 1510 1096 Quod
1529 1065 1551 1091 si
1566 1065 1748 1093 torcularibus

963 1108 1075 1142 pulcher
1088 1113 1114 1135 et
1131 1112 1254 1136 maturus
1273 1108 1406 1136 inferatur
1426 1110 1531 1144 botrus,
1547 1111 1626 1138 dulce
1644 1116 1670 1138 et
1683 1119 1749 1138 sua-

962 1155 1072 1183 veolens
1087 1155 1179 1182 vinum
1205 1163 1238 1182 ex
1265 1157 1326 1183 uvis
1351 1156 1514 1191 distillahit;
1539 1159 1666 1193 quodque
1691 1159 1749 1193 ipsa

963 1201 1093 1235 temporis
1116 1201 1294 1228 diuturnitate
1313 1203 1430 1228 Inuitum
1455 1202 1488 1228 ad
1516 1203 1664 1230 bonitatem
1688 1212 1748 1238 gra-

964 1251 1075 1282 tumque
1092 1247 1203 1275 odorem
1220 1248 1354 1282 proficiat.
1372 1247 1441 1281 Quid
1464 1248 1547 1284 igitur
1559 1249 1680 1284 aenigma
1696 1250 1747 1276 hoc

962 1297 989 1320 et
1005 1292 1125 1320 abditum
1141 1293 1210 1320 botri
1239 1301 1368 1320 arcanum
1389 1302 1439 1322 nos
1455 1302 1536 1329 quam
1559 1295 1677 1322 maxime
1701 1303 1746 1322 cu~

961 1345 1024 1366 rare
1048 1339 1158 1366 monet?
1177 1339 1311 1372 videlicet,
1334 1345 1362 1366 ut
1388 1348 1474 1374 penus
1498 1340 1624 1367 humanae
1649 1341 1748 1368 mentis

962 1384 1037 1411 omni
1054 1384 1191 1418 copiarum
1211 1393 1308 1419 genere
1324 1386 1455 1417 abundet,
1472 1386 1499 1412 in
1514 1394 1565 1420 qua
1581 1387 1669 1414 omnis
1686 1388 1749 1414 vitae

962 1435 1107 1464 apparatus
1123 1430 1201 1458 nobis
1218 1431 1386 1458 reconditur.
1420 1431 1473 1459 Sed
1495 1436 1550 1458 tum
1572 1432 1679 1459 demum
1699 1433 1748 1460 bo-

963 1480 1065 1502 trorum
1082 1479 1178 1502 natura
1202 1477 1345 1511 perspicua
1370 1477 1449 1504 nobis
1472 1478 1535 1509 erit,
1560 1478 1581 1505 si
1597 1486 1748 1512 cognosca-

963 1529 1022 1549 mus
1037 1529 1145 1557 quoque
1170 1523 1306 1557 palmites,
1329 1530 1444 1558 eamque
1473 1532 1533 1559 qure
1557 1528 1584 1551 et
1606 1525 1699 1552 botros
1722 1528 1749 1552 et

963 1567 1090 1602 palmites
1113 1569 1244 1601 continet,
1271 1569 1362 1596 vitem.
1382 1570 1447 1602 Quae
1461 1570 1570 1604 quidem
1587 1570 1666 1604 plana
1681 1571 1748 1597 fiunt

959 1621 990 1640 ex
1004 1621 1129 1641 sermone
1144 1614 1261 1646 Domini,
1275 1623 1335 1642 cum
1351 1615 1389 1642 ait
1397 1615 1419 1631 ⁸⁸
1436 1624 1442 1642 ;
1459 1615 1530 1651 «Ε.εο
1543 1623 1602 1642 sum
1616 1615 1687 1644 vitis.
1700 1623 1748 1642 vos

960 1657 1094 1692 palmites.
1122 1665 1132 1681 ι
1154 1655 1183 1683 Si
1208 1657 1280 1684 enim
1302 1665 1362 1685 vere
1379 1659 1405 1686 in
1420 1660 1479 1694 ipso
1496 1660 1608 1687 radicati
1627 1660 1745 1687 fructum

960 1701 1084 1734 ferimus,
1101 1701 1318 1736 crescimusque,
1330 1707 1357 1729 ul
1367 1703 1405 1730 ait
1414 1703 1598 1738 Apostolus",
1612 1705 1746 1739 intellige-

959 1753 1020 1773 mus
1036 1753 1069 1773 ει
1084 1746 1235 1781 praedictis,
1260 1753 1275 1773 ει
1292 1747 1370 1774 nobis
1386 1748 1432 1781 qui
1453 1748 1479 1774 in
1505 1748 1565 1782 ipso
1590 1750 1673 1775 creati
1699 1757 1747 1776 su-

960 1798 1020 1818 nms
1032 1811 1040 1824 ,
1059 1795 1086 1818 et
1101 1791 1146 1826 qui
1162 1791 1222 1818 sine
1245 1791 1305 1825 ipso
1327 1791 1401 1827 digni
1429 1799 1484 1818 non
1506 1800 1660 1825 censemur,
1678 1801 1747 1827 quos

960 1836 1035 1864 alens
1052 1836 1097 1863 ille
1117 1844 1162 1864 ros
1178 1837 1331 1872 contingat,
1349 1838 1456 1864 bolrum
1472 1845 1586 1872 operum
1601 1839 1684 1873 exigi,
1701 1847 1748 1866 nc-

959 1891 1012 1918 que
1026 1883 1065 1909 ira
1077 1888 1259 1915 acescentem,
1277 1887 1304 1910 et
1319 1884 1416 1911 acerbe
1432 1885 1673 1919 constringentem,
1698 1893 1746 1912 ne-

958 1936 1012 1963 que
1039 1929 1179 1964 voluptate
1202 1928 1330 1963 quadam,
1357 1930 1431 1956 velut
1449 1929 1660 1964 putrefactione,
1684 1937 1746 1957 cor-

959 1977 1068 2009 ruptum
1084 1979 1111 2002 et
1125 1974 1302 2002 dissolutum.
1330 1974 1360 2002 In
1381 1975 1511 2003 torculari
1525 1976 1598 2003 enim
1612 1975 1746 2010 cujusque

959 2018 1269 2055 animaz(torcularvero
1281 2027 1322 2050 εει
1332 2021 1616 2054 conscientia)botrus
1631 2028 1745 2056 operum

959 2066 1050 2093 vinum
1069 2066 1149 2093 nobis
1168 2066 1194 2093 in
1216 2066 1334 2093 futuram
1351 2067 1434 2093 vitam
1453 2070 1584 2102 reponet;
1606 2074 1669 2093 nam
1684 2074 1746 2095 mn-

959 2111 1024 2139 nino
1041 2112 1225 2139 necessarium
1243 2116 1284 2139 cst
1302 2112 1448 2146 quemlibet
1464 2112 1583 2147 propriis
1606 2111 1745 2139 laboribus

959 2158 1070 2193 repleri,
1093 2159 1300 2193 qualescunque
1323 2158 1432 2185 demum
1451 2158 1489 2185 illi
1514 2158 1625 2185 fuerint.
1652 2157 1745 2192 itaque

119 2208 234 2234 ἕκαστον
248 2207 424 2242 ἐμφορεῖσθαι
440 2207 538 2239 πόνων,
554 2204 604 2234 οἷοί
621 2215 673 2242 περ
686 2206 719 2233 ἂν
734 2207 852 2242 τύχωτιν
865 2200 909 2234 ὂνέ

962 2204 1031 2232 benti
1047 2209 1111 2231 sunt
1126 2203 1165 2231 illi
1181 2204 1282 2236 coloni,
1300 2211 1416 2238 quorum
1432 2204 1536 2236 vinum,
1554 2204 1617 2230 dum
1632 2203 1745 2235 bibitur,

117 2261 174 2284 τες.
194 2253 237 2284 Ὠς
255 2253 384 2288 μακάριοί
400 2261 431 2287 γε
446 2253 499 2279 τῶν
515 2252 645 2288 γεωργῶν
663 2253 772 2285 ἐκεῖνοι,
787 2249 823 2279 ὧν
839 2253 853 2278 ὸ
867 2251 906 2279 οῖ-

118 2305 163 2330 νος
183 2298 321 2334 εὐφραίνει
337 2298 451 2333 καρδίαν
473 2297 616 2333 ἀνθρώπου
636 2297 692 2331 (94)
708 2298 736 2323 ἐν
758 2298 906 2324 ἀπολαύσει

117 2344 270 2379 γινόμενος.
293 2343 418 2370 Ἐλεεινοὶ
440 2341 468 2368 δὲ
486 2343 518 2368 ἐκ
533 2341 580 2368 τοῦ
598 2342 718 2368 ἐναντίου
735 2343 782 2369 καὶ
800 2343 905 2378 θρήνων

119 2390 200 2423 ἄξιοι,
207 2386 244 2415 ὧν
254 2398 262 2414 ι
270 2389 283 2416 θ
291 2399 304 2417 υ
310 2390 360 2424 μῦς
369 2388 522 2423 δρακόντων
536 2387 550 2413 ὁ
562 2383 632 2417 οἶνος
643 2396 651 2412 ι
662 2387 766 2422 γίνεται
778 2386 849 2412 κατὰ
857 2386 904 2421 τὴν

117 2435 257 2468 Μωῦσέως
273 2437 374 2470 φωνὴν,
392 2435 431 2466 είς
445 2432 632 2469 δηλητηριώδη
654 2431 812 2467 μεταϐαλὼν
832 2432 904 2457 ποιό-

418 2521 439 2537 ²³
451 2521 532 2548 Zach.
546 2528 583 2551 vt,
601 2519 641 2546 12.
695 2519 717 2534 ³⁸
733 2518 811 2546 Joan.
831 2527 874 2550 xv,
889 2519 915 2546 5.

155 2523 177 2539 ³⁸
190 2523 259 2550 .ioel.
276 2530 306 2554 ιι,
326 2523 368 2548 ft.

118 2559 164 2590 52,
180 2559 225 2586 55.

168 2649 214 2683 85)
235 2649 393 2684 Ἐντροπίας
406 2646 516 2684 quidam
530 2645 607 2684 codd.

168 2678 213 2718 86)
231 2678 406 2718 Ἐναὲτοτεοῇ,
416 2678 465 2718 ω.
484 2678 748 2718 Ἐντεοείη-ιιὶιίὼιηι
763 2679 844 2707 codd.

168 2716 213 2754 8'7)
235 2719 328 2749 Ἐλπίς
340 2716 515 2754 ιιάᾶποθὴκη
533 2723 588 2743 om.
602 2716 646 2744 ed.

155 2751 212 2790 (88)
225 2753 273 2790 Te]
291 2754 354 2789 παρ’
366 2751 514 2790 αὺτοῦηιιιί.

157 2787 214 2823 (89)
228 2787 345 2824 Φανερόν
361 2796 414 2824 οιιι.
434 2787 477 2813 ed.

156 2824 212 2858 (9U)
229 2824 282 2851 Τοῦ
294 2823 348 2852 οιιι.
361 2823 405 2851 cd.

962 2256 1010 2276 cor
1029 2249 1147 2276 laetificat
1163 2258 1170 2276 :
1187 2249 1331 2276 miserandi
1345 2257 1361 2276 e
1372 2249 1521 2280 contrario,
1547 2248 1678 2283 dignique
1703 2249 1742 2275 la-

959 2296 1069 2331 crymis,
1083 2303 1199 2330 quorum
1210 2295 1301 2322 vinum
1314 2294 1393 2329 juxta
1408 2293 1491 2322 Mosis
1506 2294 1621 2326 dictum,
1640 2303 1649 2319 ι
1668 2293 1701 2321 fel
1718 2298 1745 2321 et

960 2340 999 2367 ira
1011 2340 1159 2367 draconum
1169 2340 1207 2366 ³⁸»
1223 2340 1346 2374 efﬁcitur,
1361 2343 1558 2367 commutatum
1572 2340 1599 2367 in
1612 2347 1744 2367 venenum

958 2386 1047 2418 letale,
1061 2391 1087 2413 et
1101 2393 1134 2413 ex
1148 2385 1316 2414 Sodomitica
1330 2386 1409 2414 vinea
1423 2385 1602 2420 perditionem
1613 2385 1744 2412 afferens.

958 2431 1026 2458 Cum
1044 2431 1126 2467 igitur
1163 2430 1259 2457 oculos
1290 2428 1324 2456 ad
1354 2429 1483 2458 Octavam
1516 2430 1666 2463 reflexeris,
1684 2438 1741 2458 me—

967 2518 989 2534 ³⁷
1006 2518 1104 2553 Ephes.
1121 2524 1163 2548 ιιι,
1181 2517 1230 2551 f7;
1253 2517 1357 2545 Coloss.
1384 2525 1414 2550 ll,
1429 2517 1454 2544 7.
1509 2517 1531 2533 "
1546 2517 1624 2545 Deut.
1651 2524 1738 2550 ut",

993 2642 1047 2677 (9|)
1071 2642 1102 2668 Ἦ
1114 2649 1168 2668 οιιι.
1183 2643 1226 2668 ed.

993 2678 1059 2712 (91')
1078 2678 1174 2710 ’Λξιοιη
1188 2678 1232 2704 ed.

993 2713 1049 2747 (92)
1066 2713 1133 2747 Ιῐαρ’
1153 2712 1233 2747 αὐτοῦ
1251 2719 1304 2738 οιιι.
1321 2711 1365 2747 ed.

993 2745 1048 2782 (9.7»)
1062 2745 1286 2782 Μεταστύφοντα,
1305 2745 1348 2773 ed.

992 2782 1047 2817 (94)
1069 2781 1224 2818 Ἀνθρώπου
1235 2790 1289 2809 οιιι.
1305 2781 1348 2808 ed.
