1986 3080
239 140 290 168 507

870 131 898 159 S.
919 128 1083 159 GREGOBII
1100 127 1248 156 NYSSENI

1805 125 1857 153 508

237 199 338 226 mento,
356 192 455 227 inquit,
478 189 668 222 torcularium,
693 192 723 215 ut
745 187 793 216 tibi
819 195 866 223 per
892 188 1024 215 bonorum

1086 193 1155 219 τητα,
1175 184 1208 210 ἐκ
1231 183 1280 218 τῆς
1299 181 1472 218 Σοδομιτικῆς
1498 181 1662 216 κληματίδας
1685 183 1861 217 καρτινγονῶν

237 247 351 274 operum
369 237 573 264 multitudinem
589 235 652 263 vino
667 235 770 270 optimo
793 238 820 261 et
841 233 954 260 odorato
969 239 1025 260 tor-

238 285 342 312 cularia
372 283 545 315 redundent,
574 285 603 310 ut
629 284 722 309 mouet
748 280 876 308 Salomon
904 280 932 307 in
955 278 1024 306 Pro-

239 331 340 358 verbiis
347 330 381 357 ".

544 481 657 510 CAPUT
676 481 720 509 Vl.

278 584 431 620 Inscriptio,
450 595 458 611 ι
473 584 526 612 Pro
542 585 656 612 Maelth
665 585 697 616 ⁵ο,
717 595 726 611 ι
752 585 854 612 clarius
871 585 976 613 reddita
993 586 1027 614 ab

243 630 296 658 illis
309 631 354 665 qui
368 638 426 657 eam
442 630 537 657 Gratco
553 631 686 658 vocabulo
705 635 909 665 expresserunt,
929 631 1027 658 alacri—

245 680 324 703 tatem
339 676 483 711 quamdam
501 676 575 703 addit
598 676 652 703 illis
675 675 721 711 qui
738 676 764 702 in
788 676 876 703 stadio
895 678 1026 704 virtutum

243 721 392 753 decertant,
412 722 476 748 dum
492 722 553 756 quis
569 722 604 748 sit
618 722 797 748 certaminum
821 721 881 749 linis
896 722 1026 754 ostendit,

244 767 342 794 choros
368 771 395 794 et
419 767 593 800 saltationes,
617 772 643 794 et
667 767 853 802 jucunditates
877 767 1026 796 victoribus

244 812 396 847 propositas
421 821 590 840 asseverans.
618 813 647 839 ln
672 813 744 840 hanc
766 812 838 840 enim
861 813 1025 842 sententiam

1075 231 1124 264 τὴν
1144 228 1290 255 ἀπώλειαν.
1316 227 1347 254 El
1362 227 1449 254 τοίνυν
1472 227 1536 262 περὶ
1550 227 1599 262 τὴν
1620 226 1730 261 Ὀγδόην
1738 227 1857 261 βλέπεις,

1078 276 1210 310 μέμνησο,
1224 274 1315 308 φησὶν,
1331 274 1385 299 τῶν
1400 273 1497 307 ληνῶν,
1514 273 1552 304 ὡς
1564 273 1596 299 ἄν
1613 281 1654 298 σοι
1667 272 1711 298 διὰ
1725 272 1778 298 τῶν
1793 273 1863 306 ἀγα-

1077 320 1131 346 θῶν
1145 321 1232 356 ἔργων
1246 319 1292 346 τοῦ
1304 319 1449 354 ἀνθοσμίου
1460 319 1542 350 οῐνου,
1554 318 1624 345 κατὰ
1634 318 1680 345 τδν
1691 317 1864 354 παροιμιώδη

1078 365 1166 400 λόγον,
1180 367 1207 392 αἱ
1222 366 1296 401 ληνοὶ
1312 364 1513 401 ὑπερϐλύζωσιν
1527 364 1594 400 (95).

1331 487 1536 514 ΚΕΦΑΔΜΟΝ.
1563 488 1607 520 ς’.

1119 591 1151 617 'H
1162 590 1202 617 δὲ(
1215 590 1298 625 ’Υπὲρ
1305 589 1409 616 Μαελὲθ
1416 599 1425 615 ι
1436 588 1573 623 ἐπιγραφὴ
1583 588 1746 624 σαφέστερον
1753 589 1867 616 ἐκδοθεῖ-

1079 643 1114 663 σα
1124 635 1198 670 παρὰ
1211 635 1264 660 τῶν
1281 633 1497 669 μταῦαλλόντων
1509 633 1564 668 (96)
1580 634 1618 664 εἰς
1624 633 1672 668 τὴν
1688 633 1799 660 Ἐλλάδα
1809 643 1867 669 φω-

1079 681 1126 715 νὴν
1139 680 1240 715 ταύτην
1252 680 1300 715 τὴν
1313 679 1396 713 λέξιν,
1412 679 1564 714 προθυμίαν
1575 680 1634 706 τινὰ
1648 680 1704 711 τοῖς
1717 680 1750 706 δι’
1764 679 1867 715 ἀρετῆς

1079 726 1287 761 ἀγωνιζομένοις
1309 724 1446 760 ἐντίθησι,
1467 724 1497 750 τὸ
1520 725 1606 760 πέρας
1623 725 1677 751 τῶν
1703 725 1792 751 ἄθλων
1810 723 1868 750 οἷόν

1079 773 1152 799 ἐστιν
1169 771 1399 798 ὑποδεικνύουσα·
1423 770 1530 806 χορείας
1552 770 1605 805 (97)
1629 771 1675 797 καὶ
1698 771 1869 806 εὐφροσύνας

1079 819 1135 850 τοῖς
1171 817 1354 853 κεκρατηκόσι
1390 816 1444 843 τῶν
1480 815 1591 851 ἀγώνων
1624 816 1785 851 προκεῖσθαι
1821 817 1868 843 λέ-

245 857 390 884 dictionem
420 858 493 884 illam
527 857 731 892 interpretatum
759 857 933 892 invenimus;
964 866 1027 886 nam

1086 871 1163 897 (ουσα
1175 862 1242 897 (98),
1260 861 1329 897 πρὸς
1344 861 1445 896 ταύτην
1462 861 1511 896 τὴν
1520 861 1638 896 ἔμφασιν
1652 861 1868 896 ἑρμηνευθείσης

245 903 328 930 dictio
347 903 460 930 Maeleth
475 903 544 930 idem
571 907 623 934 est,
640 904 710 938 quod
732 913 740 929 ι
755 911 802 938 per
814 904 928 932 chorum
944 914 952 930 ι
977 913 1027 932 seu

249 959 257 974 ι
272 950 454 981 saltationemI
470 959 479 975 ι
497 949 650 984 cujusmodi
666 950 791 978 videlicet
805 958 838 978 ex
851 951 1029 978 historiarum

247 995 431 1023 monumentis
445 997 584 1024 rxstitisse
600 996 725 1024 novimus
740 1001 801 1032 post
818 996 926 1024 Davidis
941 998 1030 1025 victo-

247 1041 325 1073 riam,
343 1041 454 1075 quando
474 1042 508 1069 ab
524 1043 570 1069 illo
584 1042 673 1069 adhuc
692 1042 876 1074 adolescente,
898 1043 1030 1078 singulari

247 1086 275 1112 in
305 1086 451 1114 certamine
480 1086 587 1114 Goliath
620 1091 779 1122 prostrato,
803 1088 957 1122 juvencula:
983 1095 1031 1122 per

247 1132 347 1160 choros
364 1132 456 1160 etTusaa
468 1153 475 1165 ,
503 1133 611 1161 labores
627 1133 702 1160 illius
721 1133 748 1160 in
767 1141 857 1168 pugna
876 1134 921 1161 illa
937 1141 1032 1162 susce-

248 1183 308 1212 ptos
323 1178 533 1206 celebrarunt“.
557 1178 619 1206 Pari
636 1179 741 1206 ratione
763 1187 871 1206 omnem
888 1179 1031 1206 victoriam

247 1224 281 1250 ab
304 1224 428 1251 hostibus
454 1225 554 1252 sudore
574 1228 601 1252 et
625 1224 718 1252 labore
743 1228 929 1259 tepor-tatam,
951 1224 1032 1252 docet

249 1269 390 1304 inscriptio
408 1279 417 1295 ι
433 1270 484 1298 Pro
501 1269 626 1303 Maeletb,
637 1279 647 1296 ›
665 1270 759 1297 laetitia
777 1274 805 1297 et
827 1270 918 1297 choris
931 1271 1030 1305 excipi,

248 1323 310 1342 cum
332 1315 422 1342 omnis
448 1319 573 1342 creatura
595 1315 711 1342 rationis
733 1315 870 1350 particeps
893 1315 1030 1350 scipsam,

249 1361 327 1396 quasi
353 1362 379 1388 in
397 1361 473 1388 chori
495 1366 630 1389 concentu
642 1382 649 1394 ,
679 1361 830 1388 victoribus
845 1361 1033 1388 accommodet

249 1411 274 1433 ct
291 1411 460 1441 attemperet.
487 1406 606 1442 Tempus
622 1407 694 1434 enim
721 1405 782 1439 fuit,
805 1414 861 1441 quo
883 1413 953 1433 unus
974 1410 1033 1433 erat

250 1453 350 1479 chorus
374 1457 499 1480 creatura
517 1453 667 1485 rationalis,
690 1452 717 1479 in
742 1460 825 1479 unum
849 1452 1032 1488 cbori,cory-

251 1499 355 1532 niueum
373 1498 506 1530 intentus,
524 1506 637 1533 seseque
651 1499 791 1533 explicans
807 1502 834 1526 et
849 1498 988 1526 revolvens
1000 1499 1032 1526 ad

1080 909 1129 944 τῆς
1142 908 1249 941 λέξεως.
1264 909 1300 935 Τὸ
1309 908 1363 944 γὰρ
1376 907 1483 934 Μαελὲθ
1494 907 1578 942 ὄνομα
1594 917 1602 932 ι
1615 906 1658 933 διὰ
1669 907 1776 942 χορείας
1791 916 1801 932 ›
1817 907 1869 942 τὴν

1081 954 1226 990 ἑρμηνείαν
1253 954 1320 988 ἔχει.
1356 950 1416 980 Οἴον
1441 953 1473 988 δὴ
1497 952 1545 979 καὶ
1569 952 1615 979 ἐπὶ
1641 952 1690 987 τῆς
1716 952 1794 988 νίκης
1821 951 1868 978 τοῦ

1080 999 1161 1026 Δαυῖδ
1173 1000 1215 1026 διὰ
1230 1000 1279 1035 τῆς
1294 999 1412 1034 ἱστορίας
1423 998 1556 1033 ἔγνωμεν,
1567 998 1608 1024 ὅτι
1623 998 1749 1030 πεσόντος
1763 997 1809 1024 τοῦ
1820 998 1869 1023 Γο-

1081 1045 1141 1072 me
1157 1046 1186 1072 ὲν
1202 1047 1234 1081 τῇ
1249 1045 1400 1081 μονομαχίᾳ
1412 1044 1458 1071 τοῦ
1470 1044 1542 1078 νέου,
1554 1044 1735 1079 θεραπεύουσι
1749 1044 1806 1079 (99)
1822 1044 1870 1070 τὸν

1081 1091 1226 1125 ἐναγώνιον
1242 1091 1323 1117 αὑτοῦ
1340 1090 1420 1116 πόνον
1435 1089 1632 1117 ὑπαπαντῶσαι
1652 1090 1695 1116 διὰ
1713 1089 1822 1125 χορείας
1840 1089 1870 1116 αἱ

1081 1135 1215 1168 νεάνιδες·
1235 1136 1306 1163 οὕτω
1332 1136 1423 1162 πᾶσαν
1446 1135 1524 1171 νίκην
1547 1136 1638 1172 ἱδρῶτί
1660 1144 1707 1168 τε,
1727 1136 1775 1162 κα).
1795 1135 1870 1170 πόνῳ

1082 1182 1152 1210 κατὰ
1176 1181 1232 1210 τῶν
1255 1180 1410 1208 ἀντιπάλων
1433 1180 1664 1216 κατορθουμένην,
1690 1182 1706 1216 ἡ
1736 1181 1800 1216 περ).
1821 1181 1870 1207 τοῦ

1082 1227 1188 1255 name
1207 1226 1347 1262 ἐπιγραφὴ
1364 1226 1533 1262 εὐφροσύνην
1545 1227 1618 1261 λέγει
1632 1226 1678 1253 καὶ
1689 1226 1870 1262 χοροστασίαν

1082 1271 1248 1307 ἐκδέχεσθαι,
1264 1272 1354 1307 πάσης
1369 1271 1418 1306 τῆς
1431 1271 1529 1307 νοητῆς
1543 1272 1658 1303 κτίσεως
1674 1271 1783 1307 ἑαυτὴν,
1799 1271 1871 1298 καθ-

1083 1317 1154 1352 άπερ
1170 1318 1198 1343 ὲν
1213 1317 1292 1353 χοροῦ
1309 1318 1462 1353 συμφωνίᾳ,
1476 1319 1532 1349 τοῖς
1549 1318 1674 1353 νικηταῖς
1685 1316 1872 1352 συναρμοζού-

1084 1372 1143 1399 σης.
1154 1361 1208 1390 Ἦν
1224 1363 1276 1398 γὰρ
1291 1363 1335 1390 ὅτε
1349 1362 1397 1398 μία
1414 1365 1463 1398 τῆς
1473 1363 1586 1398 λογικῆς
1599 1363 1704 1398 φύσεως
1719 1360 1752 1398 ἦν
1767 1363 1872 1397 ἡχορο-

1085 1408 1191 1439 στασία,
1208 1408 1275 1444 πρὸς
1288 1408 1334 1434 ἕνα
1348 1407 1484 1443 βλέπουσα
1494 1408 1539 1435 τὸν
1552 1408 1600 1434 τοῦ
1614 1408 1695 1444 χοροῦ
1711 1409 1872 1442 κορυφαῖον,

1084 1455 1130 1481 κα).
1145 1454 1212 1490 πρὸς
1223 1454 1272 1489 τὴν
1285 1454 1388 1480 ἐκεῖθεν
1400 1454 1569 1490 ἐνδιδομένην
1582 1454 1655 1488 αὐτῷ
1667 1455 1698 1489 τῇ
1712 1454 1818 1488 κινήσει
1832 1454 1872 1488 (I)

1084 1499 1127 1525 διὰ
1139 1499 1188 1534 τῆς
1201 1498 1308 1533 ἐντολῆς
1325 1499 1457 1534 ἁρμονίαν
1472 1499 1517 1525 τὸν
1532 1499 1611 1534 χορὸν
1629 1499 1666 1534 (2)
1685 1499 1872 1525 ὰνελίσσουσα.

251 1543 323 1570 illam
339 1564 346 1576 ,
374 1551 434 1578 qua:
463 1543 524 1571 inde
552 1543 822 1575 subministrabatur,
841 1543 962 1570 victm-ia:
987 1551 1032 1577 per

1092 1543 1198 1579 Ἐπειδὴ
1212 1543 1240 1570 δὲ
1254 1543 1303 1579 τὴν
1317 1544 1353 1579 (5)
1383 1543 1472 1571 ἔνθεον
1490 1544 1598 1579 ἐκείνην
1613 1544 1716 1570 διέλυσε
1730 1544 1776 1570 τοῦ
1791 1543 1874 1579 χοροῦ

252 1594 414 1625 praeceptum
437 1590 539 1622 relatze,
564 1590 734 1617 harmoniam
760 1594 787 1616 et
810 1589 1030 1617 consonantiam.

253 1637 396 1671 Postquam
414 1641 506 1665 autem
515 1641 592 1665 ortus
607 1637 709 1672 peccati
723 1636 844 1663 divinum
862 1637 937 1663 illum
957 1636 1034 1663 chori

252 1687 414 1710 concentum
433 1684 567 1714 dissolvit,
585 1683 753 1718 pedibusque
769 1682 918 1718 primorum
935 1690 1034 1716 parem

253 1732 320 1759 lllm,
338 1728 384 1762 qui
402 1729 472 1755 inter
493 1728 628 1763 angelicas
654 1731 802 1762 potestates
829 1727 972 1762 degebant,
992 1727 1034 1754 lu-

253 1771 328 1800 bric‘a
345 1773 511 1808 deceptionis
525 1774 629 1800 ratione
646 1773 795 1803 substrata.
814 1773 920 1799 ruinam
934 1773 1034 1803 elTecit.

255 1819 324 1846 unde
341 1819 419 1846 homo
437 1819 470 1846 ab
486 1819 531 1846 illa
559 1827 620 1846 cum
646 1820 749 1853 angelis
773 1819 902 1846 societate
925 1818 1036 1845 avulsus

253 1868 304 1895 est,
327 1872 391 1891 casu
409 1865 604 1892 conuexionem
620 1864 797 1895 dissolventc,
820 1864 912 1891 multis
929 1863 1036 1890 sudori-

255 1911 305 1937 bus
319 1914 345 1937 et
360 1911 498 1937 laboribus
511 1911 588 1945 lapso
603 1910 706 1936 homini
721 1918 790 1944 opus
806 1913 855 1940 est.
873 1914 902 1936 ut
917 1917 978 1937 cum
990 1909 1035 1943 qui

255 1956 306 1982 sibi
329 1955 383 1989 jam
411 1960 546 1990 prostrato
564 1956 695 1982 incumbit
706 1960 716 1986 ,'
739 1956 854 1982 debellet
873 1959 900 1983 et
922 1960 1035 1987 evertat,

255 2008 366 2038 remque
380 2001 484 2028 fortiter
501 2005 588 2035 gerat,
608 2005 766 2036 recepturus
785 2001 905 2028 muneris
923 2001 981 2028 loco
996 2001 1037 2028 di-

256 2047 333 2073 vinos
356 2047 455 2073 choros
471 2048 506 2073 ob
522 2047 663 2073 victorian:
688 2047 721 2074 ab
738 2047 895 2074 adversario
916 2051 1038 2081 reporta-

257 2097 321 2119 tam.
348 2092 461 2124 Quando
489 2093 570 2127 igitur
593 2093 712 2119 audieris
738 2093 954 2127 inseriptioucm,
978 2101 1038 2127 quze

257 2137 320 2164 illas
346 2145 436 2168 voces,
464 2147 473 2163 ι
490 2137 543 2165 Pro
569 2137 694 2169 Macleth,
711 2147 719 2162 ι
744 2137 866 2172 adjungit
895 2138 958 2169 illis,
988 2137 1038 2164 «In

258 2184 347 2216 linem,
364 2194 373 2210 ι
393 2189 458 2211 tunc
479 2184 587 2212 noveris
604 2184 652 2212 tibi
667 2184 740 2210 velut
758 2192 805 2218 per
819 2184 933 2218 :euigma
951 2184 1040 2210 consi-

259 2231 322 2256 lium
338 2230 406 2261 dari.
429 2238 463 2258 ne
484 2231 647 2258 succumbas
664 2229 691 2256 in
706 2229 885 2257 tentalionum
907 2229 1040 2256 conﬂicti-

259 2276 319 2307 bus,
347 2275 393 2302 sed
420 2279 450 2302 ut
473 2276 499 2302 in
519 2276 597 2302 linem
615 2275 735 2302 victoria:
763 2275 903 2309 respicias,
929 2275 974 2309 qui
998 2278 1040 2302 est

258 2321 386 2356 angelicis
411 2321 503 2348 choris
530 2321 730 2353 annumerari;
770 2324 898 2354 tuamque
921 2320 1039 2346 animam

259 2365 437 2392 tentationnm
456 2365 634 2399 impressione
657 2364 803 2399 expurgari
828 2364 946 2399 cogites,
967 2363 1040 2398 quod

260 2414 287 2437 et
301 2410 403 2436 Lazaro
418 2409 552 2437 accidisse
570 2418 601 2436 ex
617 2410 674 2444 ipso
691 2409 805 2437 Domino
819 2410 977 2442 didicimus,
994 2409 1040 2444 qui

259 2463 321 2481 cum
340 2462 387 2489 per
402 2454 559 2488 patientiam
584 2455 767 2482 calamitatum
792 2459 850 2482 toto
867 2455 928 2482 vita:
950 2455 1041 2482 curri-

260 2502 322 2529 culo
333 2509 392 2528 sese
409 2501 522 2529 illtesum
537 2509 672 2536 casusque
685 2505 824 2536 expertem
839 2506 1040 2533 conservasset,

297 2612 319 2630 "
333 2612 412 2640 Prov.
433 2619 474 2645 In,
496 2611 537 2640 l0.
581 2612 602 2627 ‘°
618 2611 689 2639 Psal.
707 2619 754 2641 ιιι.
774 2611 796 2638 l.

297 2717 354 2754 (95)
369 2717 631 2754 Ύπερεκὸλύζωσιν.

295 2752 350 2787 (96)
367 2752 588 2783 Μετάϐαλοντον).
607 2755 650 2781 (nl.

295 2787 352 2822 (97)
368 2788 404 2814 ΤΕ
419 2789 480 2815 add.
494 2789 536 2814 cd.

308 2823 352 2852 98]
370 2825 386 2849 .‘.
392 2824 469 2856 ἐγων,
485 2824 514 2848 vd
521 2843 527 2848 .

296 2823 352 2889 μου
370 2824 469 2856 ¹λέγων,
485 2824 527 2848 vd.

309 2857 352 2890 υυ)
367 2858 578 2891 θεραπεύσουσι,
593 2859 636 2890 cd,

1089 1589 1220 1624 συνῳδίαν
1241 1589 1456 1625 παρεμπεσοῦσα
1474 1590 1490 1624 ὴ
1515 1589 1648 1624 ἁμαρτία,
1665 1589 1712 1616 καὶ
1731 1591 1785 1620 τοῖς
1809 1590 1876 1615 ποσὶ

1087 1634 1141 1660 τῶν
1157 1633 1272 1670 πρώτων
1289 1633 1449 1670 ἀνθρώπων,
1461 1633 1516 1660 τῶν
1533 1635 1561 1661 ἑν
1580 1635 1638 1666 ταῖς
1655 1634 1812 1668 ἀγγελικαῑς
1829 1634 1876 1660 δυ-

1088 1680 1185 1715 νάμεσι
1200 1681 1426 1716 συγχορευόντων,
1444 1680 1489 1707 τὸν
1503 1680 1552 1716 τῆς
1568 1680 1676 1716 ἀπάτης
1689 1679 1793 1707 ὄλισθον
1808 1681 1877 1707 ὐπο-

1088 1726 1183 1760 χέασα,
1208 1725 1307 1760 πτῶμα
1326 1726 1470 1761 ἐποίησεν,
1493 1726 1554 1753 ὅθεν
1573 1726 1722 1761 διεσπάσθη
1742 1727 1790 1760 τῆς
1806 1727 1878 1762 πρὸς

1087 1772 1150 1803 τοὺς
1164 1771 1294 1806 ἀγγέλους
1312 1771 1459 1806 συναφείας
1474 1772 1487 1798 ὁ
1504 1772 1653 1807 ἄνθρωπος,
1669 1771 1714 1798 τοῦ
1730 1770 1878 1806 πτώματος

1088 1816 1137 1852 τὴν
1152 1817 1304 1852 συμϐουλὴν
1316 1818 1353 1852 (Δ)
1367 1817 1551 1849 διαλύσαντος·
1564 1817 1658 1843 τούτου
1676 1817 1755 1852 χάριν
1771 1817 1878 1844 πολλῶν

1090 1861 1207 1897 ἱδρώτων
1227 1864 1306 1898 χρεία
1327 1863 1366 1898 τῷ
1389 1863 1543 1890 πεπτωκότι
1565 1864 1613 1889 καὶ
1639 1863 1808 1893 πόνωνηῖνα
1831 1863 1878 1888 τὸν

1090 1909 1261 1943 ἐπικείμενον
1276 1908 1358 1936 αὐτοῦ
1375 1909 1414 1944 τῷ
1432 1909 1557 1944 πτώματι
1573 1908 1830 1944 καταγωνισάμενός
1846 1917 1879 1934 τε

1090 1953 1137 1979 καὶ
1147 1953 1311 1988 ἀνατρέψας,
1327 1953 1407 1980 πάλιν
1421 1953 1560 1988 ἀνορθωθῇ
1572 1974 1578 1986 ,
1590 1952 1672 1988 γέρας
1684 1953 1733 1987 τῆς
1748 1953 1818 1978 κατὰ
1829 1952 1878 1978 τοῦ

1091 1998 1247 2029 παλαίοντος
1267 1999 1344 2034 νίκης
1359 1999 1408 2034 τὴν
1424 1998 1498 2024 θείαν
1516 1998 1694 2033 χοροστασίαν
1718 1997 1877 2032 δεξάμενος.

1092 2043 1176 2070 ’Ὅταν
1198 2041 1243 2070 οὖν
1259 2044 1376 2079 ἀκούσῃς
1398 2043 1449 2079 τῆς
1465 2044 1619 2080 ἐπιγραφῆς
1640 2043 1828 2077 συναπτούσης
1846 2045 1878 2072 τὸ

1093 2098 1102 2114 ι
1115 2089 1200 2123 ’Υπὲρ
1215 2089 1332 2122 Μαελὲθ,
1342 2100 1350 2114 ι
1369 2091 1400 2124 τῇ
1414 2099 1422 2114 ι
1435 2089 1482 2120 Εἷς
1498 2089 1572 2119 τέλος
1588 2098 1597 2114 ι
1615 2090 1705 2124 φωνῇ,
1719 2089 1778 2114 τότε
1795 2089 1879 2122 γίνω-

1093 2144 1140 2161 σκε
1155 2135 1198 2161 διὰ
1212 2134 1257 2161 τοῦ
1275 2135 1430 2169 αἰνίγματος
1446 2134 1600 2169 συμϐουλήν
1617 2142 1657 2161 σοι
1672 2133 1878 2170 προσάγεσθαι,

1094 2181 1131 2216 μὴ
1149 2179 1344 2215 ὲγχαυνοῦσθαι
1363 2182 1418 2212 τοῖς
1432 2181 1486 2208 τῶν
1503 2180 1662 2215 πειρασμῶν
1678 2180 1878 2214 ἀγωνίσμασιν,

1093 2226 1149 2252 ἀλλ’
1164 2227 1203 2257 εἰς
1217 2226 1247 2252 τὸ
1259 2226 1335 2258 τέλος
1346 2226 1395 2261 τῆς
1410 2227 1486 2261 νίκης
1502 2226 1618 2260 βλέπειν.
1633 2225 1718 2252 Τοῦτο
1731 2225 1758 2252 δέ
1775 2226 1833 2252 ἐστι
1848 2226 1881 2252 τὸ

1093 2271 1295 2307 καταταχθῆναι
1310 2273 1343 2307 τῇ
1357 2272 1488 2307 ἀγγελικῇ
1505 2272 1614 2307 χορείᾳ.-
1636 2271 1682 2298 xui
1696 2273 1745 2306 τὴν
1761 2271 1809 2307 σὴν
1824 2271 1879 2306 ψυ-

1094 2316 1143 2352 χὴν
1163 2317 1196 2351 τῇ
1218 2316 1352 2351 προσϐολῇ
1381 2316 1434 2342 τῶν
1462 2315 1622 2351 πειρασμῶν
1650 2315 1897 2362 ἐκκαθαρθεῖσαν.)

1093 2361 1155 2389 Οἴον
1174 2362 1206 2397 δὴ
1224 2362 1270 2388 καὶ
1289 2362 1335 2388 ἐπὶ
1361 2361 1408 2388 τοῦ
1434 2361 1558 2398 Λαζάρου
1583 2361 1709 2395 γενέσθαι
1729 2361 1803 2396 παρὰ
1827 2362 1878 2395 τῆς

1093 2408 1185 2443 φωνῆς
1201 2407 1246 2434 τοῦ
1264 2408 1365 2443 Κυρίου
1391 2408 1555 2443 ἠκούσαμεν,
1584 2409 1631 2439 Ὃς
1651 2407 1743 2441 ἐπειδὴ
1762 2407 1806 2434 διὰ
1828 2408 1880 2442 τῆς

1093 2453 1231 2488 ὑπομονῆς
1247 2452 1300 2479 τῶν
1315 2453 1482 2488 παθημάτων
1496 2453 1560 2488 παρ’
1572 2452 1631 2479 ὅλον
1641 2452 1689 2478 τοῦ
1705 2452 1762 2487 βίου
1775 2451 1805 2478 τὸ
1819 2452 1880 2479 στά-

1092 2499 1147 2526 διον
1163 2499 1293 2534 ἐφύλαξεν
1310 2499 1404 2526 ἑαυτὸν
1419 2498 1624 2532 ὰκατάπτωτον,
1642 2497 1812 2534 διαλυθείσης
1827 2497 1879 2524 αὐ-

836 2611 855 2626 “
871 2610 880 2637 ι
896 2610 960 2646 Reg.
976 2617 1042 2643 xvu,
1061 2609 1096 2637 22
1110 2618 1170 2645 sqq.

1133 2714 1171 2746 (1)
1187 2713 1310 2747 Νεκήσει,
1323 2713 1364 2738 ed.

1133 2750 1170 2779 (2i
1185 2749 1243 2774 Τῶν
1259 2748 1364 2782 χωρῶν.
1383 2747 1426 2773 ed.

1133 2784 1171 2815 (5)
1190 2784 1244 2817 Τήν
1255 2791 1308 2809 om.
1329 2783 1370 2809 cd.

1133 2819 1168 2853 μ)
1185 2818 1334 2854 Συμϐολήν,
1355 2818 1387 2844 cd
1393 2837 1399 2844 .
