1986 3080
111 139 166 167 509

815 150 848 178 ΙΝ
867 151 1037 181 PSALMOS.

1683 159 1734 188 5|0

111 196 152 233 τῷ
166 197 216 254 ἰῆς
230 199 331 250 σκηνῆς
345 199 459 254 (Βλὶκαὶ
473 203 633 240 ἡττηθέντος
654 207 683 234 ὲν
700 207 738 244 τῷ
754 209 804 245 τῆς
827 210 898 246 ζωῆς

953 213 1130 242 tabernaculo
1146 215 1238 243 carnis
1256 215 1315 250 ejus
1334 223 1349 243 a
1363 220 1449 244 morte
1462 216 1605 251 dissoluto,
1621 226 1735 254 supera-

113 243 213 278 σταδίῳ
227 245 272 271 τοῦ
290 247 636 292 προσπαλαίοντος,.εὑοῡς
655 255 684 280 ὲν
708 243 834 289 ἀγγέλοις

115 298 127 315 ‹
152 290 275 324 Ἐγένετο
292 301 300 316 t
324 293 389 328 γὰρ,
409 292 501 329 φησὶν,
520 306 529 322 ι
547 290 700 326 -ἀποοανεῖν
717 301 762 326 τὸν
782 290 898 336 πτωχδν,

112 336 162 362 καὶ
182 337 364 373 ἀπενεχθῆναι
379 340 432 366 ὑπὸ
451 341 506 368 τῶν
522 342 654 376 ἀγγέλων.
679 354 688 369 ›
703 345 776 381 Αὕτη
795 347 869 373 ἐστιν
883 347 900 382 ἡ

112 382 218 417 χορεία,
235 383 251 418 ἠ
265 385 332 418 μετὰ
347 385 399 412 τῶν
415 387 536 421 ἀγγέλων
550 389 698 425 ὁδοιπορία,
713 392 759 417 καὶ
773 392 787 418 ὁ
802 393 901 424 κόλπος

112 428 161 454 τοῦ
184 429 370 464 πατριάρχου,
388 432 402 457 ὁ
418 432 448 458 ἐν
471 433 545 468 αὐτῷ
566 435 834 471 συμπεριλαμϐάνων
856 437 901 464 τὸν

113 474 257 509 Λάζαρον·
286 475 345 502 οὐδὲ
364 477 444 508 αὐτὸς
469 478 519 513 τῆς
543 480 658 516 φαιδρᾶς
681 481 729 508 τοῦ
756 482 836 519 χοροῦ
863 483 900 519 (6)

114 519 274 553 συμφωνίας
292 519 344 552 ἔξω
365 523 474 549 νοεῖται.
493 524 598 551 Κόλπον
614 526 668 561 γὰρ
692 527 820 560 ἀκούσας,
845 526 900 556 οἷόν

113 571 175 589 τινα
189 564 343 600 εὐρύχωρον
358 566 491 601 πελάγους
504 571 633 606 περιοχὴν
644 592 651 602 ,
669 572 700 598 τὸ
719 572 773 599 τῶν
791 574 901 607 ἀγαθῶν

114 608 264 643 πλήρωμα,
288 610 326 641 ὡς
350 612 530 649 ἐπωνομάσθη
555 616 569 641 ὁ
595 617 782 653 πατριάρχης,
803 620 901 654 νοήσας

113 662 167 685 τις,
182 654 231 698 οὐκ
250 654 284 681 ἂν
303 656 429 692 ἁμάρτοι,
449 659 478 685 ὲν
496 656 518 692 ᾧ
538 661 584 687 καὶ
597 662 611 688 ὁ
629 662 667 698 (7)
688 664 811 698 Λάζαρος
827 665 901 698 γενε-

113 706 170 724 ται.
184 697 243 725 Τῶν
256 700 308 735 γὰρ
323 701 352 728 ἐν
364 703 418 734 τοῖς
432 703 534 738 ὁμοίοις
547 705 634 739 ἀγῶσι
648 697 840 741 διαφανέντων,
854 709 900 735 οὑ-

113 742 160 768 δὲν
173 742 246 770 ἐστιν
257 744 320 770 ἴδιον
332 745 447 779 οὐδενὸς,
459 748 525 775 ἀλλὰ
538 750 626 777 κοινὸν
639 751 748 778 πάντων
758 753 788 779 τὸ
801 753 900 787 ἀγαθὸν

115 788 231 821 γίνεται,
247 790 300 816 τῶν
320 791 363 818 διὰ
383 792 433 827 τῆς
450 794 536 829 αὐτῆς
549 796 649 832 ἀρετῆς
670 798 716 824 ἐπὶ
734 799 764 825 τὸ
780 799 818 834 (8)
845 799 900 826 ἴσον

116 834 219 868 ἀγαθὸν
231 837 446 873 συνδραμόντων.

142 952 206 1000 ᾘδὲ
216 963 224 979 ι
233 955 369 1000 τὺ-εξόδιον
379 968 387 983 i
396 958 493 993 ἔχουσα
502 968 511 985 ι
521 960 570 994 τῆς
576 961 678 996 σκηνῆς
684 964 901 1000 pugnet-hui,

116 997 215 1029 πάλιν,
236 1008 245 1024 ‹
261 998 345 1035 ’Υπὲρ
368 1001 413 1027 τοῦ
435 1003 611 1040 ὲγκαινισμοῠ
626 1007 672 1033 τοῦ
691 1008 764 1034 οἴκου
781 1009 872 1042 Δαυῒδ,
888 1020 897 1036 i

108 1043 269 1090 ’γειτνιῷοῗν
288 1045 416 1081 ἀλλήλαις
436 1050 504 1076 κατὰ
521 1050 569 1085 τὴν
585 1050 659 1079 Θέσιν
682 1061 712 1079 τε
733 1054 779 1080 καὶ
795 1055 843 1090 τὴν
858 1055 900 1083 ἐν·

115 1095 201 1134 νοιαν.
221 1088 296 1116 Ἐστι
314 1091 368 1126 γὰρ
389 1093 405 1127 ἡ
432 1093 480 1128 μὲν
495 1095 523 1120 ἐν
541 1095 579 1130 τῷ
603 1097 718 1133 εἰκοστῷ
736 1099 783 1126 καὶ
798 1088 898 1134 ὀγδόῳ,

115 1133 132 1167 ή
148 1133 181 1181 δὲ
200 1134 229 1161 ὲν
246 1134 285 1170 τῷ
305 1137 373 1171 μετὰ
394 1138 497 1167 τοῦτον.
522 1140 553 1167 Ἦ
570 1141 597 1168 δὲ
613 1142 684 1176 λέξις
700 1144 743 1179 ἐφ’
759 1133 898 1181 ἑκατέρου,

113 1178 208 1227 τοῦτον
224 1180 278 1216 ἔχει
296 1183 341 1209 τὸν
356 1185 470 1220 τρόπον⁸
488 1188 534 1214 ὲπὶ
555 1189 604 1224 μὲν
625 1189 674 1224 τῆς
692 1191 826 1227 προτέρας
839 1178 900 1219 ἔπιε

115 1225 242 1271 γραεῆς,
260 1236 269 1252 ι
288 1228 402 1264 Ψαλμὺς
419 1231 459 1266 τῷ
481 1232 562 1260 Δαυῖδ
582 1233 681 1267 ὲξοδίου
706 1225 824 1271 πηνῆς’
844 1246 853 1262 i
871 1238 899 1264 ὲν

113 1269 144 1317 δε
160 1269 199 1306 τῷ
213 1273 323 1308 ἐφεξῆς,
341 1285 349 1300 ι
366 1276 477 1311 Ψαλμὸς
498 1278 569 1314 ᾠδῆς
584 1279 631 1306 τοῦ
654 1269 831 1317 ἐγκαινισμοῦ
852 1282 899 1309 τοῦ

206 1319 296 1346 Δαυῖδ.
320 1330 328 1345 ι
354 1321 415 1349 Ἐὰν
435 1323 489 1359 γὰρ
511 1325 547 1359 μὴ
569 1325 620 1360 τῆς
643 1326 775 1363 αἰσθητῆς
797 1328 900 1363 σκηνῆς

115 1361 275 1398 ἐξέλθωμεν,
292 1366 306 1391 ὁ
322 1366 447 1403 ἀληθινὸς
460 1369 538 1404 ἡμῶν
552 1368 626 1403 οἶκος
639 1372 689 1399 οὐκ
706 1361 897 1407 έγγδιαινίζεται.

115 1407 152 1455 :l'b
163 1408 192 1434 δὲ
205 1409 359 1445 λεγόμενον,
374 1414 491 1442 τοιοῦτόν
506 1416 543 1450 (9)
554 1418 638 1443 ἐστιν·
650 1418 701 1444 Δύο
718 1419 780 1455 περὶ
790 1419 838 1455 τὴν
855 1421 900 1446 ἀν-

115 1453 254 1501 ορωπίνην
273 1459 372 1485 νοεῖται
386 1459 481 1492 φύσιν
502 1461 519 1496 ἦ
531 1469 561 1488 τε
574 1463 715 1499 σαρκώδης
737 1453 804 1501 ζωὴ,
856 1467 900 1493 διὰ

113 1499 169 1547 τῷν
177 1501 328 1537 αἰσθήσεων
339 1505 530 1542 ἐνεργουμένη,
540 1508 586 1534 καὶ
597 1510 613 1543 ὴ
625 1499 794 1546 πνευματικῆ
805 1499 835 1538 δὲ)
844 1513 898 1547 (10)

114 1546 162 1571 καὶ
181 1547 269 1580 ἄῡλος,
287 1549 356 1584 ἡτῷ
375 1550 459 1585 νοερῷ
479 1560 509 1578 τε
524 1553 569 1578 καὶ
594 1554 730 1590 ἀσωμάτῳ
747 1546 899 1592 τῆςψυχῆς

114 1589 165 1625 βίῳ
181 1591 392 1629 κατορθουμένη.
414 1595 482 1622 Ἀλλ’
494 1596 542 1622 οὐκ
555 1597 611 1624 ἐστι
629 1598 682 1625 τῶν
694 1589 740 1625 δύο
754 1589 824 1627 κοιτᾶ

113 1636 159 1663 τὸν
171 1637 201 1663 ἐν
215 1639 343 1674 μετουσίᾳ
354 1640 489 1674 γενέσθαι.
509 1642 541 1668 Ἡ
551 1643 605 1678 γὰρ
616 1644 680 1680 περ)⁸
692 1645 721 1671 τὸ
734 1646 826 1682 ἕτερον
837 1647 898 1674 τού-

113 1689 168 1708 των
184 1684 296 1718 σπουδὴ,
313 1685 362 1720 τὴν
380 1686 427 1712 τοῦ
446 1687 538 1723 ἑτέρου
560 1689 685 1725 στέρησιν
701 1691 895 1727 ἀπεργάζεται.

114 1728 218 1755 Οὐκοῦν
233 1730 256 1755 εξ
278 1731 420 1767 μέλλοιμεν
434 1734 590 1770 οἰκητήριον
604 1736 670 1762 Θεοῦ
688 1739 773 1764 ποιεῖν
787 1738 834 1773 τὴν
847 1738 898 1773 ψυ-

113 1773 174 1806 χὴν,
195 1773 311 1806 ἐξελθεῖν
325 1778 456 1812 προσῆκει
476 1779 532 1813 (ll)
552 1779 602 1814 τῆς
618 1781 770 1815 σαρκώδους
785 1782 896 1817 σκηνῆς.

113 1818 152 1844 Οὐ
167 1819 221 1853 γὰρ
242 1819 314 1847 ἔστιν
335 1821 421 1854 ἄλλως
440 1823 644 1859 ἐγκαινισοῆναι
663 1825 708 1852 τὸν
734 1824 806 1854 οἷκον
821 1827 898 1862 ήμῶν

115 1864 168 1890 ὑπὸ
178 1865 224 1891 τοῦ
240 1867 457 1900 ἁνακαινίζοντος
469 1870 543 1904 ἡμᾶς
558 1870 601 1896 διὰ
616 1871 664 1906 τῆς
680 1871 775 1898 ἑαυτοῦ
793 1873 899 1908 ἐνοική-

115 1918 193 1941 σεως,
209 1912 232 1937 εἰ
255 1912 291 1947 μὴ
311 1913 341 1938 τὸ
362 1913 460 1946 ἐξόδιον
475 1915 525 1950 τῆς
543 1916 645 1951 σκηνῆς
659 1916 703 1942 διὰ
716 1917 765 1952 τῆς
783 1918 830 1944 τοῦ
846 1927 898 1944 σω-

117 1957 230 1991 ματικοῦ
247 1958 305 1992 βίου
325 1959 526 1996 ἀλλοτριώσεως
545 1962 740 1998 κατορθωθείη.

952 262 1034 294 toque
1052 260 1079 286 in
1097 260 1147 288 hoc
1162 260 1290 288 conﬂictu
1306 262 1474 294 adversario,
1495 264 1586 290 statint
1603 265 1672 292 inter
1686 273 1735 293 an-

952 303 1025 336 gelos
1041 308 1166 338 receptus
1180 309 1230 346 est.
1246 314 1255 330 ‹
1268 305 1379 332 Factum
1395 309 1435 332 est
1448 307 1530 338 enim,
1542 318 1551 334 ι
1566 307 1664 342 inquit,
1675 319 1684 335 ι
1706 313 1736 337 ut-

952 355 1103 377 moreretur
1114 351 1266 383 mendicus,
1277 355 1303 378 et
1317 351 1506 386 deportaretur
1519 352 1553 379 ab
1567 355 1708 388 angelis“.
1721 365 1731 381 ι

953 393 1084 423 Videlicet
1104 396 1161 423 haec
1178 404 1239 423 eum
1254 398 1358 432 angelis
1380 398 1489 430 chorea,
1507 399 1573 426 nihil
1595 403 1636 426 est
1660 400 1734 428 aliud

952 447 1031 474 quant
1050 448 1111 468 cum
1128 442 1231 477 angelis
1254 443 1396 477 profectio,
1414 444 1543 478 sinusque
1561 444 1732 478 patriarchae,

952 487 1000 520 qui
1013 485 1146 513 Lazarum
1163 488 1274 523 excipit,
1290 496 1324 516 ne
1341 489 1399 524 ipse
1415 490 1524 524 quidem
1540 494 1615 517 extra
1634 490 1734 524 jucun-

952 531 1013 558 dam
1030 531 1100 559 hanc
1115 533 1303 567 symphoniam
1319 534 1389 560 situs
1405 538 1455 561 est.
1476 533 1543 561 Nam
1559 534 1582 562 si
1594 535 1655 569 quis
1671 542 1733 562 cum

951 577 1040 602 sinum
1055 577 1140 608 audit,
1158 578 1231 604 velut
1248 582 1352 605 vastam
1377 578 1523 613 quamdam
1539 579 1625 614 pelagi
1642 580 1734 606 latitu-

952 620 1053 651 dinem,
1068 622 1200 649 honorum
1216 623 1336 649 mnnium
1354 623 1548 658 plenitudinem
1561 632 1607 658 per
1618 624 1734 658 patriar-

952 666 1030 693 cham
1044 667 1222 701 significatam
1235 668 1310 700 velit,
1327 668 1349 695 is
1366 676 1535 703 nequaquam
1552 669 1732 701 aberraverit;

950 715 978 742 in
995 722 1047 749 qua
1062 715 1195 742 bonoruut
1213 715 1379 743 abundantia
1392 716 1510 743 Lazarus
1525 723 1632 751 quoque
1647 716 1734 743 collo-

951 764 1037 788 catur.
1065 759 1132 787 Natn
1157 761 1229 796 quod
1255 762 1283 788 in
1308 762 1389 796 huius
1414 763 1522 797 generis
1538 762 1734 790 certaminibus

951 806 1092 837 elucescit,
1118 807 1221 834 nullius
1240 808 1380 842 proprium
1403 812 1465 839 est,
1489 809 1535 835 sed
1559 809 1586 834 ﬁt
1612 808 1734 834 omnium

951 858 1095 878 commune
1108 852 1220 884 bonum,
1241 852 1373 884 omnium,
1398 853 1519 887 inquam,
1536 853 1581 888 qui
1598 861 1646 888 per
1660 860 1735 880 eam-

915 882 938 913 Β
952 897 1013 925 dem
1027 897 1155 924 virtutem
1170 897 1203 924 ad
1216 898 1319 932 aequale
1333 882 1628 926 bonum-contendam.

983 963 1019 990 At
1033 963 1173 999 inscriptio
1187 972 1247 999 quae
1260 965 1300 992 sic
1314 965 1395 992 habet
1409 974 1416 993 :
1435 975 1445 991 ι
1459 964 1553 992 Exitus
1574 965 1737 993 tabernacu-

950 1008 980 1039 li.
998 1018 1007 1034 I
1025 1012 1053 1036 et
1067 1010 1123 1042 illa,
1147 1019 1156 1036 ι
1168 1009 1221 1038 Pro
1236 1010 1407 1038 dedicatione
1423 1011 1519 1039 domus
1534 1011 1628 1044 David,
1643 1020 1653 1037 ι
1670 1011 1737 1039 vici-

950 1054 1061 1081 nitatem
1083 1055 1229 1089 quamdam
1253 1063 1307 1082 non
1335 1055 1416 1082 modo
1441 1056 1574 1090 positione
1588 1061 1614 1084 et
1629 1056 1735 1088 ordine,

950 1099 997 1127 sed
1009 1104 1035 1127 et
1045 1107 1126 1127 sensu
1140 1100 1249 1127 habent.
1263 1101 1307 1127 Illa
1318 1101 1389 1128 enim
1400 1105 1442 1128 est
1453 1101 1479 1128 in
1489 1102 1619 1129 vicesimo
1628 1106 1734 1135 octavo,

950 1145 1007 1172 haec
1026 1146 1052 1172 in
1071 1147 1194 1181 sequenti
1212 1147 1326 1181 psalmo.
1342 1147 1373 1182 ln
1389 1151 1505 1182 utroque
1518 1151 1608 1175 autem
1625 1147 1658 1174 ad
1675 1155 1737 1174 ver-

950 1192 1013 1220 bum
1036 1193 1072 1220 ita
1093 1198 1135 1220 est
1151 1197 1281 1228 concepta
1295 1181 1446 1228 inscriptio.
1461 1181 1491 1220 ln
1506 1193 1588 1228 priori
1603 1193 1710 1228 quidem
1727 1201 1734 1220 :

953 1247 962 1264 ι
977 1237 1101 1266 Psalmus
1119 1238 1219 1270 David,
1235 1239 1323 1266 exitus
1347 1239 1526 1266 tabernaculi.
1541 1248 1551 1264 ›
1569 1237 1597 1265 ln
1613 1237 1736 1273 proxime

950 1283 1074 1319 sequenti
1090 1284 1141 1311 hoc
1153 1284 1233 1311 modo
1250 1293 1256 1310 :
1274 1284 1413 1312 «Psalmus
1429 1284 1542 1317 cantici_
1556 1282 1735 1310 dedicationis

951 1330 1047 1357 domus
1065 1329 1158 1356 David.
1177 1339 1186 1355 ι
1210 1329 1268 1357 Nisi
1291 1329 1363 1357 enim
1385 1337 1417 1357 ex
1436 1329 1557 1357 sensibili
1576 1329 1627 1356 hoc
1644 1328 1735 1356 taber-

950 1375 1048 1402 naculo
1063 1375 1244 1409 egrediamur,
1269 1382 1332 1402 vera
1349 1379 1444 1402 nostra
1459 1375 1557 1402 domus
1582 1382 1635 1401 non
1660 1373 1736 1400 dedi-

950 1425 1037 1447 catur.
1053 1420 1129 1453 Quod
1146 1428 1210 1448 vero
1227 1420 1270 1448 his
1281 1421 1445 1451 insinuatur,
1458 1420 1591 1455 ejusmodi
1605 1420 1734 1455 quiddam

950 1470 993 1493 est
1010 1474 1016 1491 :
1036 1465 1101 1492 Duae
1117 1467 1144 1493 in
1162 1466 1282 1493 humana
1306 1470 1404 1493 natura
1430 1465 1598 1494 considerari
1622 1469 1737 1500 possunt

950 1511 1022 1543 vitaz,
1041 1512 1126 1538 altera
1151 1512 1271 1540 carnalis
1287 1516 1313 1540 et
1336 1512 1444 1547 corpori
1469 1512 1590 1543 addicta,
1613 1519 1672 1546 quae
1689 1519 1737 1546 per

952 1565 1049 1585 sensus
1064 1563 1206 1592 operatur;
1224 1559 1308 1584 altera
1327 1558 1477 1593 spiritualis
1493 1562 1519 1585 et
1537 1557 1736 1589 immaterialis,

952 1611 1012 1638 quae
1029 1604 1055 1630 in
1071 1604 1177 1631 vivendi
1193 1612 1291 1639 genere
1307 1612 1321 1630 a
1341 1605 1481 1639 corporeis
1503 1605 1585 1632 rebus
1601 1604 1735 1638 sejuneto,

951 1652 978 1676 et
994 1649 1045 1675 sub
1058 1649 1142 1676 solam
1159 1649 1364 1684 intelligentiam
1380 1651 1494 1678 cadente
1515 1651 1650 1683 consistit,
1666 1650 1738 1677 licri-

950 1703 1004 1730 que
1029 1704 1084 1722 non
1107 1701 1212 1730 potest,
1239 1701 1268 1723 ut
1289 1697 1345 1724 hch
1370 1698 1424 1724 duo
1441 1698 1501 1725 vitae
1524 1705 1622 1733 genera
1642 1701 1736 1725 mutua

952 1741 1143 1768 communione
1166 1742 1326 1777 iungantur.
1353 1742 1419 1768 Nam
1440 1743 1571 1774 studium,
1591 1743 1663 1777 quod
1689 1742 1737 1769 uni

951 1786 1128 1821 impcmlitur,
1146 1788 1260 1814 alterum
1275 1795 1290 1815 e
1306 1788 1395 1815 medio
1409 1788 1478 1814 tollit
1499 1797 1505 1814 :
1524 1789 1547 1815 si
1569 1789 1652 1823 igitur
1677 1788 1736 1814 ani-

951 1840 1022 1859 mam
1047 1837 1168 1860 nostram
1196 1833 1242 1860 Dei
1263 1833 1449 1860 habitaculum
1474 1833 1580 1860 ellicere
1607 1833 1736 1865 velimus,

950 1882 1068 1912 oportet,
1086 1884 1114 1905 ut
1131 1887 1214 1906 carne
1234 1879 1407 1914 egrediantur
1425 1887 1456 1905 ex
1479 1878 1582 1905 carnali
1606 1879 1736 1905 taberna-

950 1924 1109 1951 culo.Aliter
1119 1925 1191 1952 enim
1206 1925 1263 1951 lieri
1278 1925 1381 1958 nequit,
1400 1928 1428 1950 ut
1445 1924 1541 1950 domus
1558 1928 1649 1950 nostra
1665 1923 1737 1950 dedi-

950 1974 1028 1996 cetur
1040 1970 1074 1996 ab
1086 1970 1141 2003 illo,
1166 1970 1212 2005 qtti
1228 1978 1277 1998 nos
1293 1970 1339 2005 per
1358 1977 1433 1997 suam
1449 1970 1670 1996 inhabitatiouem
1689 1969 1737 1995 de-

949 2015 1032 2045 dicat.
1055 2016 1107 2043 nisi
1121 2017 1211 2043 exitus
1226 2024 1259 2044 ex
1274 2017 1451 2043 tabernaculo
1466 2024 1514 2051 per
1527 2017 1694 2043 aversioncm
1710 2019 1737 2043 et

116 2048 207 2084 fugam
222 2049 284 2077 vitae
297 2052 421 2085 corporis
429 2051 648 2086 jucunditatibus
663 2053 770 2087 deditae,
783 2055 901 2091 legitime
916 2058 1086 2088 instituatur.

156 2119 185 2146 Ὀ
201 2119 228 2145 δὲ
242 2120 289 2155 τῆς
299 2130 307 2145 ι
319 2120 487 2152 Ἐκστᾱισεως
499 2130 508 2147 t
520 2121 626 2157 ψαλμος
637 2122 651 2148 ὁ
665 2122 732 2157 μετὰ
746 2122 791 2149 τὸν
804 2123 898 2157 ἐγκαι-

113 2166 209 2200 νισμὸν
231 2167 406 2201 τεταγμένος,
426 2164 456 2193 οὗ
479 2167 637 2202 πρόσκειται
654 2168 707 2202 (12)
728 2169 743 2203 ὴ
760 2169 898 2205 ἐπιγραςὴ

113 2211 194 2247 αὕτη,
213 2221 222 2236 ι
240 2213 287 2243 Εἰς
296 2213 327 2238 τδ
340 2212 415 2244 τέλος
430 2212 534 2247 ψαλμὸς
550 2212 588 2248 τῷ
605 2213 684 2240 Aonia
703 2215 871 2247 ἐκστάσεως,
887 2224 896 2239 ι

115 2258 259 2292 σύμφωνός
273 2259 329 2284 ἐστι
340 2260 395 2290 τοῖς
410 2259 580 2294 προτεοεωρη
586 2258 686 2293 μένοις,
693 2260 821 2294 ἐκστῆναι
831 2268 900 2296 συμσ

113 2304 249 2330 ϐουλεύων
265 2304 386 2337 ἐκείνων,
399 2301 435 2330 ὧν
452 2305 602 2340 ὲπιϐλαὸής
612 2306 684 2331 ἐστιν
728 2306 867 2340 συνάφεια.

151 2367 198 2401 Οἷς
209 2370 237 2396 δὲ
249 2370 412 2405 παράκειται
427 2370 466 2404 τὸ,
483 2379 491 2396 ι
505 2371 551 2402 Et;
568 2370 720 2406 ἀνάμνησιν
729 2393 737 2406 ,
749 2381 758 2397 ι
771 2371 901 2405 σύντομόν

113 2425 174 2443 τινα
180 2416 354 2442 διδασκαλίαν
364 2417 377 2442 ὀ
390 2416 467 2450 λόγος
479 2416 602 2452 ὑπὲρτῆς
613 2417 746 2452 σωτηρίας
758 2417 822 2452 ἡμῖν
834 2418 901 2444 ὑπο-

114 2459 228 2486 τίθεται.
238 2460 344 2495 Ἐπειδὴ
350 2460 425 2496 γὰρὴ
433 2460 558 2496 παρακοὴ
566 2462 614 2496 τῆς
624 2460 698 2493 θείας
711 2462 830 2497 ἐντολῆς,
842 2463 901 2494 ὁδὸς

113 2505 153 2536 εἰς
166 2504 302 2532 ἀπώλειαν
317 2507 371 2537 τοῖς
385 2506 538 2541 ἀνθρώποις
549 2507 656 2540 ἐγένετο
674 2508 714 2541 (οὐ
726 2508 781 2543 γὰρ
793 2508 826 2534 ἂν
838 2509 903 2534 ἀπο-

113 2549 248 2586 λώλαμεν,
264 2552 288 2578 ει
302 2553 334 2587 τῇ
356 2552 449 2587 μνήμῃ
463 2553 511 2587 τὴν
533 2553 640 2588 ἐντολὴν
654 2553 844 2588 ὲφυλάξαμεν),
860 2553 903 2581 διὰ

149 2650 172 2666 δ’
183 2649 249 2678 Luc.
266 2658 321 2683 xvt,
339 2651 384 2679 22.
422 2652 443 2668 ⁸³
460 2651 531 2679 Psal.
546 2659 608 2686 xxx,
625 2653 648 2680 1.

151 2747 190 2782 (3)
211 2747 322 2782 Κοινῆς,
335 2747 379 2774 ed.

153 2779 189 2818 (ﬁ)
214 2783 267 2818 ξιῇοῦ
278 2779 358 2818 χοροῦ
372 2789 426 2809 om.
448 2782 491 2810 ed.

150 2815 189 2849 (7)
213 2817 241 2843 '0
259 2815 318 2844 oin.‘
335 2818 379 2844 ed.

149 2851 188 2886 (Α)
202 2851 238 2877 Τό
250 2860 304 2879 om.
317 2852 360 2879 ed.

988 2126 1111 2154 Psalmus
1146 2137 1155 2153 ι
1172 2128 1330 2159 Exstaseos,
1351 2137 1360 2154 ι
1387 2128 1432 2162 qui
1457 2133 1518 2163 post
1539 2127 1736 2156 dedicationem

952 2172 1137 2208 subjungilur,
1161 2174 1203 2200 cui
1225 2173 1282 2200 hinc
1307 2174 1450 2208 inscriptio
1474 2179 1515 2201 est
1541 2174 1661 2208 praefixa,
1682 2184 1691 2200 ι
1707 2174 1737 2201 In

953 2216 1032 2243 linem
1045 2218 1166 2251 psalmus
1181 2217 1264 2244 David
1276 2217 1393 2244 exstasis
1403 2218 1436 2248 ”,
1453 2227 1470 2253 »η
1486 2221 1619 2244 consonat
1634 2217 1666 2243 iis
1678 2225 1738 2251 qua:

950 2262 1006 2296 jam
1022 2263 1163 2297 prmmissa
1181 2267 1255 2295 sunt,
1272 2270 1385 2290 monens
1402 2267 1432 2289 ιιι
1445 2263 1478 2290 ab
1492 2263 1545 2290 illis
1561 2262 1736 2294 absistamus,

952 2315 1068 2342 quorum
1085 2308 1244 2343 eonjunetio
1260 2308 1372 2343 periculi
1389 2309 1468 2343 plena
1484 2312 1535 2335 est.

990 2373 1094 2406 Quibus
1114 2381 1178 2400 vero
1196 2375 1364 2408 praeponitur
1385 2374 1450 2401 illud
1472 2384 1478 2401 :
1507 2385 1516 2400 ε
1531 2375 1558 2401 1η
1576 2382 1739 2402 rememora-

954 2418 1101 2451 tionem“;
1113 2428 1122 2444 ι
1136 2418 1175 2445 illi
1192 2419 1422 2454 compendiariam
1433 2421 1577 2454 quamdam
1588 2421 1738 2448 doctrinam

955 2463 1052 2490 salutis
1065 2468 1165 2490 nostra;
1176 2464 1355 2498 procuranda
1369 2465 1488 2492 tradunt.
1499 2465 1565 2492 Nam
1576 2473 1636 2492 cum
1652 2470 1739 2493 trans-

954 2509 1058 2543 gressio
1070 2509 1153 2536 divini
1171 2510 1299 2544 prteeepli
1321 2509 1475 2537 hominibus
1498 2511 1566 2537 viam
1590 2511 1622 2538 ad
1646 2511 1739 2538 interi-

957 2559 1013 2581 tum
1024 2555 1160 2589 aperuerit
1174 2554 1239 2588 (non
1254 2555 1326 2583 enim
1343 2555 1527 2590 periissemus,
1540 2556 1561 2584 si
1577 2560 1738 2592 prmeeptum

687 2653 710 2669 “
728 2653 799 2682 Psal.
816 2661 919 2686 xum,
937 2653 965 2686 l;
979 2661 1053 2686 Lxu,
1068 2655 1092 2681 1.

996 2750 1033 2784 (9)
1045 2751 1139 2781 Τοῦτο,
1161 2751 1204 2777 ed.

995 2786 1051 2819 (10)
1064 2786 1110 2817 Τε,
1124 2785 1166 2812 ed.

993 2821 1048 2853 (11)
1065 2820 1103 2855 Τῇ
1118 2821 1197 2855 σαρκί
1214 2820 1275 2846 add.
1294 2820 1337 2846 cd.

993 2855 1047 2888 (12)
1062 2855 1216 2890 ΙΙρὸκειται,
1233 2857 1275 2882 ed.
