1986 3080
254 123 303 151 su
332 108 336 118 "

883 123 913 150 s.
934 109 1097 151 assecuti
1114 122 1262 151 NYSSENI

1823 121 1879 149 5η

251 180 383 209 memoria
397 180 670 215 retinuissemus),ob
685 181 711 209 id
733 181 812 217 quasi
827 182 975 209 remedium
988 181 1038 209 de-

1093 180 1168 208 τοῦτο
1183 181 1220 214 ὡς
1239 182 1446 218 ἀντιφάρμακον
1460 180 1508 208 τοῦ
1526 180 1596 218 κατὰ
1610 179 1659 215 τὴν
1672 178 1756 216 λήθην
1773 179 1878 213 πάθους

252 227 368 261 pellendi
382 227 506 253 morbum
521 226 677 258 oblivionis,
693 227 853 262 proponitur
866 227 945 255 nobis
967 235 1036 262 pra:-

251 272 321 307 ccpti
337 272 500 304 recordatio,
517 272 597 308 idque
613 273 640 299 in
655 273 761 300 duobus
773 273 894 307 psalmis.

286 328 474 356 Confessionis
483 336 560 361 voce,
569 337 630 356 cum
643 330 748 364 psalmo
760 330 925 365 praeponitur
935 329 968 361 ",
979 329 1037 356 haec

252 371 397 398 docemur:
407 373 478 400 Cum
492 373 641 400 secundum
651 372 799 408 Scriptura:
812 374 1036 401 consuetudinem

251 416 349 452 duplex
364 417 399 444 sit
413 418 575 452 signiﬁcatio
590 418 871 448 confessionis:modo
885 420 956 447 enim
972 427 1036 454 pec-

252 467 388 495 catorum,
399 470 460 497 quae
476 463 648 496 admisimus,
673 465 850 498 prolationem
881 465 962 493 modo
977 473 1037 500 gra-

251 509 351 535 tiarum
371 509 506 535 actionem
528 509 661 544 signiﬁcat
675 519 682 537 :
694 510 738 537 hic
754 513 868 546 utroque
886 511 1036 546 signiﬁcatu

251 553 285 580 ad
301 553 382 580 vitam
398 561 430 580 ex
445 554 544 581 virtute
560 555 690 590 agendam
705 556 930 590 manutlucimur;
953 558 1038 592 prola-

251 600 290 626 tio
303 599 374 626 enim
393 604 566 633 peccatorum
581 604 690 636 separat
713 603 763 629 nos
782 605 808 628 et
823 602 932 630 abducit
948 611 962 630 a
980 610 1038 629 nia--

252 644 304 677 lis,
334 644 510 680 studiumque
540 651 664 680 prompte
692 646 788 681 agendi
815 647 934 681 gratias,
958 652 1038 682 auget

251 690 332 716 etiam
357 690 473 725 gratiam
499 693 526 718 et
548 691 761 719 benevolentiam
777 693 957 721 benefactoris
972 701 1035 729 erga

251 735 313 762 illos
326 735 372 769 qui
388 735 518 763 beneﬁcia
531 736 644 763 memori
661 740 688 764 et
699 743 775 772 grata
787 742 876 766 mente
893 740 1035 774 recipiunt.

252 779 377 808 Psalmus
406 781 488 817 igitur
515 782 558 808 cui
585 782 690 813 titulus,
721 783 773 810 (in
798 784 1007 817 confessionem,
1025 794 1034 811 ι

252 825 324 853 hunc
342 826 369 853 in
384 827 493 853 modum
509 829 666 863 propositus
683 832 735 863 est,
763 833 792 856 ut
816 830 839 857 si
863 830 966 866 peccati
982 838 1036 857 mc-

254 872 339 899 moria
358 878 383 899 te
397 876 487 908 angat,
503 874 670 908 ptenitenlize
688 875 870 910 expiationem
896 876 946 904 tibi
974 884 1037 904 sua-

253 917 331 950 deat;
347 918 419 952 quod
433 919 458 952 si,
472 919 505 946 ad
523 919 548 947 id
566 921 637 956 quod
657 922 754 949 melius
769 927 820 955 est,
837 922 892 948 vita
907 923 999 950 tendat
1012 927 1039 950 et

253 962 393 998 proﬁciat,
425 965 524 992 stabile
553 966 601 994 tibi
629 967 790 1002 ﬁrmumque
817 975 864 1003 per
889 968 1038 1003 gratiarum

253 1009 388 1036 actionem
401 1009 434 1036 ad
443 1009 527 1038 Deum
543 1015 598 1039 tam
613 1018 736 1040 sanctum
749 1013 917 1048 propositum
931 1013 1037 1040 elﬁciat.

292 1074 302 1090 ε
317 1064 400 1092 Tituli
414 1075 423 1091 ι
442 1074 490 1094 seu
521 1076 530 1092 ι
549 1068 681 1095 columna:
699 1069 854 1105 inscriptio,
868 1080 877 1096 ι
894 1075 921 1098 ct
949 1070 1015 1098 illud
1030 1081 1037 1099 :

256 1118 265 1134 ι
285 1109 323 1137 Ne
338 1118 498 1147 corrumpas
515 1123 521 1139 :
538 1123 547 1139 ι
564 1113 621 1141 sive
648 1114 827 1148 coniunctim,
853 1115 910 1143 sive
932 1123 1039 1151 separa-

253 1155 301 1182 tim
318 1156 454 1191 aliquibus
470 1159 584 1192 psalmis
601 1160 798 1192 inscribantur,
813 1161 956 1188 consilium
972 1169 1038 1188 con-

254 1201 340 1228 tinent
366 1203 500 1230 sectanda:
517 1204 748 1239 longanimitatis;
771 1207 835 1234 illud
857 1207 927 1234 enim
947 1217 953 1233 :
979 1206 1040 1234 «Ne

254 1254 423 1284 corrumpas,
439 1259 448 1274 ι
467 1249 577 1278 Davidis
597 1259 646 1278 vox
671 1257 722 1286 est,
740 1253 909 1287 prohibentis
923 1254 1039 1288 armige-

255 1300 326 1325 rum,
341 1301 374 1320 nc
387 1295 504 1322 trucidet
520 1294 638 1323 Saulem.

289 1350 323 1375 At
336 1358 346 1374 ι
366 1350 436 1377 tituli
453 1360 463 1378 ›
479 1359 527 1379 seu
544 1361 554 1377 ‹
570 1353 702 1380 columnae
716 1353 868 1388 inscriptio,
887 1363 897 1380 ι
916 1354 1040 1382 hortatur

255 1393 411 1429 hujusmodi
426 1403 530 1429 vocem,
549 1397 576 1424 in
603 1398 744 1429 memoria,
761 1400 833 1426 velut
856 1400 883 1427 in
913 1401 1039 1428 columna

255 1440 423 1468 incidendam
437 1450 507 1475 esse,
526 1448 556 1470 ut
570 1447 596 1470 ct
616 1444 643 1471 in
664 1445 798 1473 similibus
819 1446 909 1478 rebus,
931 1447 954 1474 si
977 1448 1039 1481 quis

256 1493 336 1513 casus
352 1487 384 1514 ad
400 1488 529 1515 ultionem
543 1489 601 1523 ejus
620 1490 666 1524 qui
684 1498 735 1518 nos
752 1492 939 1524 contristavit,
964 1493 1038 1520 exci-

256 1535 312 1562 tet,
340 1533 502 1567 cogitatione
531 1536 687 1563 mandatum
717 1537 784 1564 illud
814 1538 914 1566 caedem
943 1529 1074 1566 vetansc

258 1577 420 1611 relegamus,
435 1587 523 1614 eoque
543 1581 575 1608 ad
592 1582 748 1616 patientiam
769 1587 796 1611 et
808 1584 1039 1619 longanimitatcm

259 1621 389 1656 impetum
406 1624 488 1651 animi
508 1625 694 1655 deﬁcetamus.
721 1628 927 1656 Accuratiorem
951 1634 1040 1657 autem

260 1667 356 1695 horum
387 1670 507 1698 omnium
536 1673 745 1707 explicationem
775 1674 952 1703 instituemus
978 1680 1042 1703 tunc

258 1721 319 1740 cum
332 1715 365 1741 ad
381 1716 546 1751 reliquarum
569 1718 777 1754 inscriptionum
795 1721 1041 1748 considerationem

257 1759 428 1788 redierimus.

557 1861 671 1889 CAPUT
694 1861 748 1890 ΥΠ.

293 1947 498 1983 Dispiciendum
510 1950 582 1976 enim
594 1959 667 1978 nunc
678 1956 730 1984 est,
747 1960 827 1987 quam
840 1954 978 1983 notionem
991 1963 1042 1983 vox

261 2002 270 2018 ι
284 1993 397 2022 Alleluia
413 2004 422 2019 ι
444 1994 593 2028 subjectam
611 1996 728 2029 habeat;
750 2006 810 2033 qua:
822 2000 915 2027 multis
932 2001 1043 2035 psalmis

258 2040 318 2066 loco
327 2040 512 2074 inscriptionis
522 2042 699 2076 praeponilur.
709 2043 757 2070 Est
765 2044 847 2078 igitur
858 2054 866 2070 ι
877 2045 993 2073 Alleluia
1003 2047 1040 2072 ⁵⁵)

258 2086 370 2121 mystica
388 2086 549 2118 cohortatio,
566 2086 598 2113 ad
622 2087 715 2116 laudes
732 2088 779 2116 Dei
796 2089 981 2118 decantandas
995 2098 1044 2118 au-

257 2131 372 2159 ditorem
388 2132 525 2164 excitans,
544 2137 573 2159 ut
589 2133 702 2167 proinde
723 2134 793 2162 idem
814 2136 850 2163 sit
865 2137 925 2171 ejus
941 2137 1044 2172 signiﬁv

257 2180 358 2209 catum,
371 2178 441 2212 quod
451 2187 460 2203 ι
470 2177 590 2206 Laudate
604 2179 757 2207 Dominum.
772 2181 856 2208 rNam
871 2182 916 2209 ubi
929 2182 955 2209 in
970 2182 1043 2210 Scri-
1057 2201 1080 2230 Β

258 2228 336 2257 ptura
358 2223 413 2250 haec
427 2231 479 2250 vox
494 2223 609 2252 habetur
626 2233 631 2251 :
651 2234 660 2251 ι
681 2225 801 2253 Laudate
814 2226 988 2263 Dominum,»
1005 2228 1042 2256 ibi

259 2268 390 2297 ilebraice
403 2277 451 2304 per
464 2278 473 2294 ι
483 2270 597 2297 Alleluia
613 2280 623 2296 ι
641 2270 711 2298 idem
722 2271 961 2306 exprimiturznisi
976 2273 1045 2301 forte

257 2315 369 2341 verbum
394 2314 444 2342 hoc
461 2315 546 2350 magis
567 2324 691 2351 superna:
714 2317 788 2345 illius
809 2318 965 2352 psalmodiae
989 2319 1042 2346 vim

257 2359 425 2391 manifestat,
438 2361 563 2390 indicans
585 2363 658 2390 illam
677 2371 738 2391 esse
761 2364 867 2392 laudem
887 2365 943 2393 Dei.
961 2364 1043 2394 Varie

258 2406 330 2432 enim
347 2406 417 2441 apud
434 2405 560 2436 Hebraeos
572 2409 702 2443 quosdam
716 2418 750 2437 ex
764 2411 879 2438 diversis
891 2411 1042 2444 vocabulis,

258 2455 285 2477 et
301 2452 387 2485 ipsum
406 2461 414 2477 ι
431 2453 467 2485 ia,
482 2462 491 2478 ι
511 2454 653 2489 ipsumque
669 2465 679 2481 ‹
693 2457 784 2488 allelu,
800 2467 809 2483 ι
828 2458 934 2485 laudem
955 2459 1042 2493 signi-

259 2496 350 2524 ﬁcant.
366 2496 459 2532 Neque
474 2498 579 2527 mireris
594 2501 615 2528 si
630 2502 662 2533 is,
673 2502 719 2536 qui
733 2508 824 2530 rectus
835 2510 917 2531 casus
931 2503 1040 2536 dicitur,

259 2541 414 2578 huiusmodi
429 2544 465 2572 sit
480 2544 506 2572 in
520 2545 571 2572 hoc
583 2547 729 2579 vocabulo;
747 2555 800 2574 non
813 2548 884 2575 enim
900 2556 975 2578 more
991 2557 1042 2577 now

290 2632 312 2650 "
336 2633 407 2662 Psal.
426 2641 498 2666 xcrx,
518 2633 543 2660 1.
568 2628 603 2649 ’⁸⁸
618 2633 688 2661 Psal.
701 2641 744 2667 cx,
757 2641 811 2667 cxi,
827 2640 878 2662 etc.

297 2713 353 2748 (15)
367 2713 418 2740 Καί
434 2714 496 2741 add.
507 2715 550 2741 ed.

297 2749 354 2782 (Η)
371 2749 419 2775 Διά
433 2757 486 2775 om.
507 2750 550 2776 ed.

296 2785 352 2818 (I5)
375 2784 602 2818 Ἐφευρίσκονται,
616 2784 658 2812 cd.

297 2819 353 2852 (Mi)
371 2818 424 2845 Τοῦ
438 2819 499 2846 add.
517 2819 558 2846 cd.

1086 227 1136 263 τὴν
1150 227 1302 263 ἀνάμνησιν
1313 228 1362 262 τῆς
1375 227 1493 262 ἐντολῆς,
1507 227 1521 253 ὁ
1534 226 1612 260 λόγος
1626 226 1690 262 ⁴ἡμῖν
1708 225 1877 260 ὑποτίθεται,

1088 272 1115 298 ἐν
1131 272 1177 298 δύο
1191 272 1359 307 ψαλμῳδίαις
1375 272 1453 299 τοῦτο
1467 272 1561 298 ποιῶν.

1096 315 1105 322 “
1129 327 1173 353 Ἐν
1185 323 1225 357 οἷς
1237 326 1265 352 δὲ
1279 327 1295 362 ἡ
1310 326 1501 362 ἐξομολόγησις
1515 327 1684 362 πρόσκειται,
1700 325 1786 353 ταῦτα
1798 326 1879 362 παρὰ

1087 372 1136 408 τῆς
1150 373 1241 408 φωνῆς
1251 373 1441 408 διδασκόμεθα·
1452 372 1553 408 Διπλῆς
1566 371 1649 407 οὔσης
1661 372 1688 398 ὲν
1702 373 1735 407 τῇ
1748 372 1876 408 Γραφικῇ

1088 419 1226 454 συνηθείᾳ,
1241 420 1290 454 τῆς
1311 419 1381 446 κατὰ
1401 420 1450 453 τὴν
1464 418 1655 453 ἐξομολόγησιν
1671 418 1815 454 σημασίας,
1828 418 1878 445 καὶ

1089 462 1136 489 νῦν
1157 463 1206 498 μὲν
1222 460 1269 495 τὴν
1288 461 1474 497 ὲξαγόρευσιν,
1491 460 1568 494 αὖθις
1587 462 1615 488 δὲ
1627 462 1877 498 τὴν.εὑχαριστίαν

1089 508 1309 544 ἐνδεικνυμένης·
1332 507 1447 535 ἐνταῦθα
1460 507 1520 534 κατ’
1531 507 1688 543 ἀμφοτέρας
1706 507 1754 539 τὰς
1770 507 1876 538 ἑννοίας

1089 553 1157 588 πρὸς
1179 553 1223 581 τὸν
1246 555 1305 580 κατ’
1320 554 1420 590 ἀρετὴν
1443 554 1499 589 βίον
1524 553 1773 589 χειραγωγούμεθα.
1787 554 1825 580 Ἦ
1843 562 1876 580 τε

1088 599 1142 635 γὰρ
1158 599 1332 634 ὲξαγόρευσις
1349 600 1486 635 χωρισμόν
1508 608 1538 626 τε
1563 600 1610 626 mi.
1630 599 1803 634 ἀλλοτρίωσιν
1818 599 1876 626 τῶν

1088 644 1181 672 κακῶν
1192 644 1392 679 ἀπεργάζεται,
1408 645 1438 671 τό
1465 654 1496 672 τε
1524 646 1593 678 πρὸς
1615 646 1669 681 »τὴν
1695 645 1875 679 εὐχαριστίαν

1088 689 1227 724 πρόθυμον
1246 689 1386 721 πλεονάζει
1403 689 1470 724 (15)
1491 689 1540 724 τὴν
1564 690 1638 724 παρὰ
1661 688 1706 715 τοῦ
1729 689 1877 723 εὐεργέτου

1088 736 1167 771 χάριν
1187 735 1308 765 ὲπὶ.τῶν
1327 735 1492 771 εὐαισθήτως
1514 735 1664 770 δεχομένων
1677 735 1726 767 τὰς
1741 734 1877 766 εὐποιίας.

1090 781 1233 816 Πρόκειται
1245 779 1290 808 οὖν
1303 782 1317 808 ὁ
1327 781 1433 817 ψαλμὸς
1443 791 1452 807 ι
1465 781 1511 812 Εἰς
1523 781 1712 816 ἐξομολόγησιν
1725 790 1734 806 ι
1744 780 1840 811 οὓτως,
1851 781 1878 806 ει

1090 827 1138 862 μέν
1151 836 1192 859 τις
1203 827 1339 862 ἁμαρτίας
1352 827 1504 862 ὑποσμύχει
1519 835 1547 853 σε
1562 828 1667 862 μνήμη,
1684 825 1878 860 συμὸουλεύων

1089 873 1118 899 τὺ
1129 873 1174 900 διὰ
1186 873 1240 908 (14)
1253 873 1303 908 τῆς
1319 873 1462 908 μετανοίας
1482 873 1640 907 καθάρσιον.
1653 873 1683 898 El
1703 872 1732 898 δέ
1750 880 1790 898 σοι
1807 871 1878 906 πρὸς

1089 920 1118 946 τὸ
1130 921 1252 955 κρεῖττον
1274 919 1409 946 εὐοδοῦται
1427 920 1441 945 ὁ
1465 919 1531 954 βίος,
1547 918 1657 954 βεϐαίαν
1680 926 1719 944 σοι
1742 918 1813 944 ποιΞί
1831 917 1878 944 διὰ

1088 967 1137 1002 τῆς
1159 966 1227 1002 πρὸς
1246 966 1277 992 τὸ
1293 966 1369 993 Θεῖον
1384 965 1558 1001 εὐχαριστίας
1583 964 1631 1000 τὴν
1654 963 1757 991 ἁιιείνω
1780 963 1878 999 προαί-

1090 1021 1175 1048 ρεσιν.

1129 1070 1162 1096 Ἡ
1177 1070 1204 1096 δὲ
1219 1079 1228 1096 ι
1243 1069 1441 1105 Στηλογραφία,
1461 1078 1469 1095 ι
1486 1068 1534 1096 καὶ
1550 1068 1580 1095 τὸ
1598 1077 1607 1094 ι
1621 1067 1667 1104 Μὴ
1682 1066 1849 1102 διαφθείρῃς,
1865 1075 1877 1092 ι

1089 1113 1143 1140 εἴτε
1161 1115 1219 1149 μετ’
1236 1113 1367 1149 ἀλλήλων,
1388 1113 1444 1140 εἴτε
1459 1112 1668 1148 κεχωρισμένως
1684 1111 1739 1138 τισὶ
1750 1111 1804 1138 τῶν
1817 1112 1880 1137 ἐπι-

1089 1159 1202 1194 γραφῶν
1217 1160 1403 1194 ὲφευρίσκοιτο
1421 1159 1487 1195 (15),
1502 1157 1653 1194 συμϐουλὴν
1668 1158 1731 1193 περὶ
1745 1157 1793 1192 τῆς
1807 1156 1880 1183 κατὰ

1088 1205 1136 1240 τὴν
1155 1205 1343 1240 μακροθυμίαν
1367 1205 1468 1240 ἀρετῆς
1491 1204 1657 1240 περιέχουσι.
1673 1203 1709 1230 Τὸ
1727 1203 1781 1239 γὰρ
1803 1212 1812 1228 ι
1831 1203 1878 1238 Μὴ

1088 1250 1255 1286 διαφθείρῃς,
1271 1260 1279 1276 ι
1297 1250 1343 1276 τοῦ
1358 1250 1437 1276 Δαυῖδ
1453 1251 1525 1276 ἐστιν
1540 1251 1556 1285 ἡ
1570 1249 1655 1284 φωνὴ,
1671 1248 1818 1280 κωλύοντος
1832 1249 1879 1275 τὸν

1090 1294 1261 1330 ὑπασπιστὴν
1276 1295 1429 1330 χρήσασθαι
1444 1294 1515 1321 κατὰ
1526 1293 1580 1329 (16)
1596 1293 1681 1320 Σαοὺλ
1694 1295 1727 1329 τῇ
1740 1293 1842 1328 πληγῇ.

1130 1352 1195 1378 Ἡδὲ
1209 1352 1257 1387 τῆς
1269 1362 1277 1377 ι
1291 1351 1495 1387 Στηλογραφίας
1507 1361 1516 1377 ι
1530 1351 1641 1384 διάνοια,
1652 1351 1682 1378 τὸ
1689 1351 1744 1378 δεῖν
1755 1350 1809 1378 οἶόν
1825 1360 1879 1377 τινι

1091 1398 1173 1434 στήλῃ
1202 1398 1241 1433 τῷ
1270 1397 1427 1433 μνημονικῷ
1452 1400 1502 1433 τῆς
1524 1398 1612 1433 ψυχῆς
1638 1397 1881 1433 ἐγκεχαραγμένην

1090 1444 1161 1479 ἔχειν
1184 1445 1233 1480 τὴν
1255 1444 1382 1479 τοιαύτην
1408 1445 1508 1480 φωνὴν,
1529 1444 1566 1476 ὼς
1591 1444 1624 1471 ἂν
1646 1444 1692 1470 ἐπὶ
1710 1444 1764 1469 τῶν
1777 1443 1881 1478 ὁμοίων

1091 1489 1270 1524 πραγμάτων,
1287 1489 1314 1516 εἴ
1331 1497 1369 1520 τις
1384 1489 1539 1523 περίστασις
1557 1488 1625 1524 πρὸς
1639 1488 1688 1523 τὴν
1702 1487 1748 1514 τοῦ
1763 1486 1882 1521 λελυπημ

1091 1535 1168 1566 κότος
1190 1535 1296 1570 ἄμυναν
1309 1535 1355 1562 τὸν
1377 1535 1460 1570 θυμὸν
1478 1534 1557 1569 ἡμῶν
1573 1534 1773 1569 διαναστήσειεν
1784 1553 1792 1565 ,
1811 1533 1881 1559 ἁνα-

1091 1580 1268 1614 γινώσκοντες
1294 1582 1327 1615 τῇ
1353 1581 1456 1616 διανοίᾳ
1479 1580 1509 1607 τὸ
1543 1579 1691 1606 κωλυτικδν
1718 1577 1765 1605 τοῦ
1797 1577 1880 1612 φόνου

1092 1626 1265 1662 πρόσταγμα,
1284 1626 1331 1653 καὶ
1356 1627 1432 1653 αὐτοὶ
1448 1626 1502 1661 (i7)
1525 1626 1594 1661 πρὸς
1621 1624 1812 1661 μακροθυμίαν
1833 1623 1881 1650 τὸν

1092 1670 1175 1706 Θυμὺν
1206 1671 1427 1706 κατευνάσωμεν.
1460 1670 1662 1705 Ἀκριϐέστερον
1690 1669 1718 1696 δὲ
1745 1669 1790 1695 τὸν
1814 1669 1880 1702 περὶ

1091 1715 1192 1741 τούτων
1210 1715 1265 1750 (18)
1281 1716 1359 1749 λόγον
1375 1716 1415 1747 είς
1436 1712 1512 1747 αὖθις
1533 1713 1726 1749 διαληψόμεθα,
1741 1713 1809 1748 πρὸς
1830 1713 1881 1747 τὴν

1092 1760 1145 1786 τῶν
1160 1759 1259 1786 λοιπῶν
1275 1759 1434 1796 ἐπιγραφῶν
1451 1759 1566 1794 θεωρίαν
1580 1757 1825 1794 ὲπαναδραμόντες.

1362 1867 1559 1896 ΚΕΦΔΛΑΙΟΝ
1578 1869 1613 1895 Ζ¹.

1128 1956 1187 1992 Χρὴ
1203 1956 1257 1992 γὰρ
1271 1956 1317 1983 καὶ
1339 1956 1370 1983 τὸ
1387 1965 1396 1982 ι
1415 1956 1583 1991 Ἀλληλούῖα,
1599 1964 1608 1982 ι
1623 1955 1637 1981 ὅ
1652 1954 1678 1981 τί
1694 1962 1758 1981 ποτε
1778 1954 1880 1990 σημαί-

1093 2011 1142 2035 νει,
1154 2003 1328 2037 κατανοῆσαι,
1342 2004 1410 2038 ὅπερ
1425 2002 1530 2034 πολλοῖς
1546 2002 1600 2028 τῶν
1611 2001 1725 2036 ψαλμῶν
1740 2001 1880 2036 ἐπιγραφὴ

1092 2048 1288 2082 γίνεται.Ἔστι
1299 2050 1388 2075 τοίνυν
1402 2048 1432 2075 τὸ
1450 2058 1459 2074 ι
1474 2048 1640 2083 ’Λλληλούῖα,
1653 2056 1663 2073 ι
1682 2047 1880 2082 παρακέλευσις

1095 2094 1222 2129 μυστικὴ,
1237 2094 1305 2129 πρὸς
1321 2095 1369 2129 τὴν
1382 2094 1428 2121 τοῦ
1440 2094 1506 2121 Θεοῦ
1520 2094 1655 2129 ὑμνῳδίαν
1667 2094 1716 2129 τὴν
1733 2094 1816 2129 ἀκοὴν
1829 2095 1880 2120 ὲπ-

1093 2139 1247 2173 εγείρουσα,
1257 2139 1300 2166 ἵνα
1307 2138 1451 2175 τοιοῦτον
1461 2140 1556 2166 τούτου
1565 2139 1620 2174 (19)
1632 2139 1661 2166 τὸ
1672 2139 1879 2174 σημαινόμενον,

1093 2184 1134 2210 ὃτι
1156 2194 1165 2210 ‹
1182 2185 1285 2210 Αἰνεῖτε
1307 2184 1351 2210 τὸν
1373 2184 1488 2220 Κύριον·
1505 2193 1514 2210 ι
1535 2185 1564 2211 ὲν
1583 2182 1622 2216 οἷς
1641 2185 1695 2220 γὰρ
1717 2184 1810 2219 μέρεσι
1831 2184 1881 2219 τῆς

1095 2229 1175 2263 ἁγίας
1200 2230 1311 2265 Γραφῆς
1331 2229 1400 2265 αὕτη
1426 2229 1585 2265 πρόσκειται
1605 2231 1622 2265 ἡ
1644 2229 1719 2266 φωνὴ
1743 2229 1858 2264 λέγουσα
1871 2250 1879 2261 ,

1097 2284 1107 2300 ι
1120 2275 1224 2301 Αἰνεῖτε
1239 2275 1286 2301 τὸν
1301 2275 1411 2312 Κύριον,
1424 2285 1433 2302 ι
1448 2275 1491 2302 διὰ
1505 2276 1550 2302 τοῦ
1564 2285 1573 2302 ι
1584 2275 1741 2311 ’Δλληλούῖα
1754 2284 1763 2300 ι
1779 2276 1807 2301 ἐν
1820 2275 1882 2307 ταῖς

1100 2321 1255 2356 Ἑϐραϊκαῖς
1272 2323 1391 2356 γραφαῖς
1405 2321 1436 2347 τὸ
1451 2321 1569 2348 τοιοῦτον
1586 2321 1795 2357 σημαίνεται.Ἦ
1810 2321 1881 2356 τάχα

1095 2366 1194 2401 μᾶλλον
1207 2366 1333 2402 γνωρίζει
1351 2367 1366 2393 ὁ
1381 2367 1458 2401 λόγος
1473 2364 1548 2399 οὗτος
1562 2368 1611 2403 τῆς
1626 2367 1806 2402 ὑποκειμένης
1822 2366 1879 2402 (20)

1093 2412 1251 2448 ψαλμῳδίας
1275 2413 1324 2449 τὴν
1351 2412 1473 2449 δύναμιν,
1496 2413 1582 2448 λέγων
1606 2414 1689 2449 αὐτὴν
1712 2412 1783 2440 αἶνον
1809 2410 1881 2439 εἶναι

1095 2459 1171 2486 Θεοῦ.
1196 2460 1329 2492 Ποικίλως
1352 2459 1407 2495 γὰρ
1430 2460 1461 2486 ὲκ
1482 2459 1615 2495 διαφόρων
1647 2459 1784 2494 ὀνομάτων
1810 2459 1882 2486 κατά

1094 2513 1153 2531 τινα
1168 2505 1333 2541 συμϐολικὴν
1349 2505 1485 2540 σημασιαν
1505 2506 1556 2540 τῆς
1576 2506 1650 2538 θείας
1667 2505 1772 2541 φύσεως
1785 2505 1881 2541 δηλου-

1096 2551 1179 2586 μένης
1205 2552 1233 2577 ὲν
1254 2553 1314 2583 ταῖς
1331 2551 1463 2587 Ἑϐραίων
1480 2553 1598 2586 φωναῖς
1616 2552 1645 2579 ἓν
1668 2551 1721 2579 τῶν
1746 2559 1880 2588 σημαντι-

1133 2717 1156 2751 (ί
1164 2717 1189 2749 7)
1200 2716 1253 2742 Καὶ
1269 2715 1354 2751 αὐτοὶ]
1373 2715 1453 2751 αὐτῇ.
1469 2715 1512 2743 ed.

1132 2752 1187 2784 (illi)
1200 2750 1302 2777 Τούτου
1327 2750 1370 2776 ed.

1133 2786 1187 2819 (i9)
1208 2786 1303 2815 Τοῦτο,
1318 2785 1362 2811 cd.

1132 2821 1188 2856 (i0)
1207 2821 1271 2847 Ὑπε
1277 2819 1431 2856 ρκειμένης,
1442 2819 1485 2847 cd.
