1986 3080
132 123 186 151 513

818 121 856 149 ΙΝ
876 121 1044 150 PSALMOS.

1706 122 1757 151 5H

132 182 189 209 κῶν
207 180 269 216 περὶ
285 180 352 208 Θεοῦ
376 180 514 216 ὀνομάτων
535 180 609 216 παρὰ
627 180 763 217 Ἑϐραίοις
778 183 845 217 φησὶ
868 182 924 217 (ει)

977 187 1033 210 stro
1047 180 1197 209 formantur
1213 181 1284 216 apud
1303 181 1431 209 Hebraeos
1453 182 1583 215 nomine;
1599 180 1647 209 sed
1668 180 1758 209 diver-

131 227 180 255 καὶ
193 227 223 253 τὸ
236 237 244 253 ι
257 225 296 258 τα,
309 236 319 252 ι
330 227 360 253 τὺ
369 226 398 253 δὲ
406 226 461 261 (22)
476 236 486 252 ‹
502 226 627 262 Ἀλληλοῦ
643 237 652 252 ι
670 225 856 258 αῐνοςνοεῖται.
869 228 924 254 Καὶ

133 273 172 308 μὴ
187 272 338 308 θαυμάσῃς,
352 272 376 298 εί
393 272 443 307 τὴν
461 272 610 308 λεγομένην
633 273 738 299 εὐθεῖαν
751 273 780 299 ἐν
795 275 828 308 τῇ
850 273 923 300 πτώ-

133 318 238 354 σει-τοῦ
253 318 383 353 ὀνόματος
399 318 428 346 τὸ
441 318 560 345 τοιοῦτον
573 319 665 354 σχῆμα
680 319 730 354 τῆς
750 319 840 354 φωνῆς
857 319 925 346 ταύο

130 374 181 401 της
209 365 384 394 ὶνδείκνυται.
405 364 441 391 Οὐ
457 365 511 400 γὰρ
531 361 598 399 πρὸς
618 365 668 400 τὴν
688 365 753 401 παρ’
772 366 838 400 ἡμῖν
864 373 925 391 συν-

131 411 227 446 ήθειαν
239 410 370 437 ωποῦται
383 411 429 437 καὶ
442 410 518 445 παρὰ
532 412 586 442 τοῖς
605 410 740 446 Ἑϐραίοις
753 410 788 437 τὰ
805 412 924 446 ῥήματα,

132 456 190 483 ἀλλ’
204 455 297 491 ἔτερος
309 456 394 488 τύπος
415 456 465 492 τῆς
483 457 544 491 παρ’
565 457 656 488 αὐτοῖς
673 457 852 492 ὲκφωνήσεως
872 456 926 482 τῶν

131 502 273 537 ὀνομάτων
297 501 374 537 παρὰ
396 501 441 529 τὸν
470 502 614 538 ἡμέτερον.
639 501 717 528 Οὕτω
741 501 805 535 γοῦν
829 501 859 528 τὸ
878 500 925 528 τοῦ

133 548 274 583 προφήτου
286 547 381 582 ὄνομα,
395 549 476 583 ἡμεῖς
499 547 549 582 μὲν
572 547 641 574 κατὰ
657 548 702 574 τὸν
724 547 789 583 παρ’
801 548 866 582 ἡμῖν
879 546 926 573 τύ-

134 601 185 619 πον
210 593 439 628 ὲξελληνίςοντες,
459 602 468 618 ι
484 593 576 620 Ἠλίαν
594 602 603 618 ι
621 593 720 628 φαμέν.
747 593 778 619 Ἡ
803 592 832 618 δὲ
862 594 927 627 παρ’

140 638 276 674 Ἑϐραίοις
289 638 439 672 εὑγλωττία
455 639 504 673 τὴν
515 638 621 665 εὐθεῖαν
635 636 682 665 τοῦ
695 638 826 673 ὀνόματος
836 636 926 664 Ἠλιοῦ

134 684 219 718 λέγει.
237 684 328 716 Οὕτως
353 682 399 711 οὗν
423 684 470 711 καὶ
489 684 616 716 ἐνταῦθα,
636 684 700 711 ὃταν
717 685 772 719 (25)
794 684 839 710 τὸν
854 681 927 711 αἶνον

134 729 178 755 ἐπ’
188 729 294 761 εὐθείας
306 728 434 761 πτώσεως
448 730 568 765 σημᾶναι
580 729 714 765 βούλεται,
724 729 777 756 τῶν
795 729 927 765 Ἐϐραίων

133 775 150 809 ἡ
181 774 287 808 γλῶττα
301 784 310 800 ι
329 774 456 810 ’Δλληλοῦ
485 774 542 810 (24)
565 784 574 801 ι
605 775 795 810 κατονομάζει.
820 775 927 811 Ἐπειδὴ

133 822 163 849 δὲ
179 822 235 856 (25)
249 822 262 847 ὸ
276 819 349 853 αἶνος
369 823 408 853 είς
421 821 485 848 θεὸν
509 821 617 853 πάντως
633 820 683 858 τὴν
704 822 843 858 ἀναφορὰν
859 823 925 859 ἔχει,

133 867 165 894 τὸ
181 867 208 894 δὲ
223 876 232 892 ι
249 867 276 894 τα
290 876 298 893 ν
314 867 343 893 ἓν
364 867 418 894 τῶν
443 867 647 902 ὲρμηνευτικῶν
662 866 712 902 τῆς
731 867 805 900 θείας
822 868 928 903 φύσεώς

135 913 209 939 ἐστιν
223 912 316 947 ὄνομα,
331 912 390 939 ὅλον
403 914 478 948 κοινῇ
494 912 524 938 τὸ
544 922 552 938 ι
571 912 729 948 Ἀλληλούῖα
745 922 753 939 ι
769 911 844 945 αἶνος
858 914 924 941 Θεοῦ

135 957 325 993 ἑρμηνεύεται.
342 958 426 984 Ὅταν
454 957 544 984 τοίνυν
569 957 648 984 τοῦτο
676 957 706 984 τὸ
728 957 802 993 ρἦα
828 967 928 994 προγε-

135 1003 294 1037 γραμμένον
315 999 332 1039 ᾗ
359 1001 410 1037 τῆς
435 1002 606 1037 ψαλμῳδίας,
633 1002 742 1037 νοητέον
768 1003 801 1029 ἂν
821 1003 874 1038 εἴη,
898 1003 929 1030 τὺ

135 1047 190 1074 δεῖν
217 1047 325 1079 πάντως
348 1047 378 1074 τὸ
390 1047 567 1082 ὑποκείμενον
589 1047 629 1079 είς
653 1047 805 1082 δοξολογίαν
827 1049 928 1083 ἀναγα⁴

136 1093 194 1126 τείν
211 1092 267 1126 (26)
281 1091 358 1119 Θεοῦ.
373 1091 451 1119 Οὕτω
465 1101 506 1119 τοι
528 1093 575 1119 καὶ
593 1093 649 1124 τοῖς
671 1093 835 1125 τελευταίοις
851 1094 929 1129 μάλι-

139 1146 190 1164 στα
205 1136 255 1171 τῆς
269 1136 360 1172 βίϐλου
375 1137 429 1163 τῶν
444 1136 559 1171 ψαλμῶν
574 1138 601 1164 αἱ
618 1137 712 1164 πολλαὶ
728 1137 781 1165 τῶν
802 1139 929 1166 τοιούτων

137 1181 297 1218 ἐπιγραφῶν
317 1181 534 1217 ὲφευρίσκονται,
554 1182 587 1208 δι’
606 1179 643 1209 ὧν
665 1182 738 1209 ἔστιν
757 1183 866 1216 ἐννοεῖν,
887 1184 928 1211 ὅτι

137 1228 193 1258 τοῖς
207 1227 257 1262 ήδη
280 1227 348 1263 πρὸς
373 1227 402 1254 τὸ
420 1227 522 1254 τέλειον
546 1227 663 1262 φθάσασι
683 1228 732 1264 τῆς
755 1229 814 1255 κατ’
829 1229 929 1265 ἀρετὴν

137 1273 285 1306 πολιτείας,
299 1275 346 1300 καὶ
369 1273 412 1300 διὰ
431 1273 485 1300 τῶν
504 1273 691 1308 προλαϐόντων
712 1272 762 1308 τῆς
771 1274 929 1310 ψαλμῳδίας

137 1320 288 1355 τμημάτων
311 1319 382 1346 κατὰ
405 1319 454 1355 τὴν
477 1320 618 1355 νοηθεῖσαν
641 1320 684 1346 ἐπ’
704 1321 793 1347 αὐτῶν
813 1321 929 1356 θεωρίαν

138 1366 344 1401 ὲκκαθαρθεῖσιν
363 1366 477 1400 ἁρμόζει
501 1365 532 1392 τὸ
552 1366 635 1393 αἰνεῖν
657 1365 702 1392 τὸν
727 1365 808 1392 Θεόν·
831 1366 878 1392 καὶ
901 1366 929 1393 ὲν

137 1412 241 1443 τούτοις
255 1409 333 1444 εἶναι,
348 1412 377 1438 ὲν
394 1408 433 1444 οἷς
449 1411 495 1438 καὶ
514 1412 530 1447 ὴ
555 1411 609 1438 τῶν
624 1411 747 1446 ἀγγέλων
762 1410 842 1445 φύσις
859 1409 929 1438 εἴναι

139 1456 324 1483 πεπίστευται.
346 1455 414 1483 Οΰτε
434 1456 488 1491 γὰρ
504 1456 615 1483 ἐκείνων
632 1456 830 1491 μεμαθήκαμεν
847 1457 930 1491 ἀσχο-

975 235 1032 256 sam
1044 235 1058 254 a
1069 231 1163 255 nostra
1178 228 1309 255 rationem
1322 231 1349 255 et
1361 228 1472 263 ligurum
1491 228 1590 255 habent
1601 227 1757 262 proferendi

977 281 1065 301 voces.
1083 273 1149 300 Nam
1163 277 1189 300 et
1201 273 1337 308 prophetae
1348 281 1447 301 nomen
1460 278 1510 301 nos
1520 274 1629 308 quidem
1641 273 1674 301 ad
1685 272 1760 301 Grat-

975 325 1034 346 cam
1048 318 1180 346 rationem
1193 318 1378 352 eil'ormantes,
1399 328 1409 345 ι
1424 318 1528 346 Heliam
1546 328 1555 344 ι
1568 319 1757 354 appellamus:

974 363 1008 390 At
1026 363 1177 398 proprietas
1189 364 1289 399 linguae
1301 363 1441 392 Hebraica:
1456 365 1483 391 in
1509 372 1575 392 casu
1593 369 1668 393 recto
1680 365 1758 393 Helia

975 408 1057 442 dicit;
1076 409 1113 435 ita
1129 409 1213 444 igitur
1235 413 1262 437 et
1284 409 1313 436 in
1336 409 1494 444 proposito,
1513 409 1624 443 quando
1649 409 1759 436 laudem

975 457 1050 481 recto
1071 461 1137 481 casu
1158 454 1313 490 signiﬁcare
1328 455 1401 485 vult.
1422 455 1498 489 ponit
1521 454 1694 482 Hebrworum
1708 454 1760 480 lin-

976 503 1044 534 gua,
1063 509 1072 526 ι
1089 500 1207 527 alleluia.
1227 510 1237 526 δ
1263 499 1332 527 Cum
1350 505 1440 528 autem
1465 500 1525 527 laus
1540 500 1574 526 ad
1594 499 1677 527 Deum
1691 499 1761 526 rela-

976 545 1080 576 tionem
1096 545 1205 577 habeat.
1223 546 1345 581 illudque
1361 555 1370 572 ι
1389 546 1425 578 ia,
1444 556 1454 572 ι
1470 546 1505 574 sit
1522 553 1606 572 unum
1618 552 1651 572 ex
1670 544 1762 572 nomi-

976 591 1075 624 nibus,
1097 599 1157 626 quze
1176 591 1225 619 Dei
1247 595 1372 618 naturam
1389 591 1548 623 declarant,
1567 593 1654 617 totum
1680 588 1762 617 simul

980 646 990 663 ι
1014 637 1139 670 alleluia,
1159 647 1169 664 ›
1189 638 1249 666 laus
1271 637 1319 664 Dei
1338 645 1388 672 per
1403 637 1655 672 interpretationem
1671 635 1763 663 reddi-

976 686 1032 710 tur.
1053 681 1169 715 Quando
1195 683 1286 718 itaque
1311 690 1364 709 τοι
1384 682 1440 709 ιιιεε
1465 681 1546 708 alicui
1564 681 1670 716 psalmo
1694 688 1763 716 pra!-

978 727 1080 762 scripta
1095 730 1148 759 est,
1165 728 1284 762 cogitare
1299 731 1424 763 oportet,
1440 727 1467 754 id
1483 727 1556 762 quod
1572 726 1709 759 subditur,
1728 726 1763 753 ad

978 772 1024 800 Dei
1041 773 1224 800 laudationem
1241 777 1269 801 et
1292 773 1513 808 praedicationem
1529 773 1640 801 ducere.
1659 772 1763 804 Quibus

979 817 1204 852 inscriptionibus
1239 817 1316 844 multi
1344 825 1379 845 ex
1407 817 1552 853 postremis
1587 817 1761 852 potissimum

945 849 967 879 Β
981 849 1093 896 psalmis
1111 861 1193 897 hujus
1218 862 1280 889 libri
1301 849 1501 897 insigniuntur;
1521 871 1553 890 ex
1568 849 1667 897 quibus
1683 862 1764 890 intel-

980 907 1108 943 ligimus,
1124 908 1222 935 horum
1247 908 1294 943 qui
1314 909 1370 943 jam
1397 908 1430 935 ad
1454 908 1631 944 perfectionis
1654 908 1763 936 culmen

979 954 1161 981 ascenderunt
1175 954 1256 990 inque
1271 954 1488 990 praecedentibus
1513 955 1679 991 psalmorum
1700 962 1764 990 par-

979 1000 1068 1032 tibus,
1084 1000 1234 1027 secundum
1258 1000 1468 1035 explicationem
1491 1001 1525 1028 de
1550 1001 1605 1028 illis
1620 1001 1763 1034 traditam,

979 1046 1120 1081 cxpurgati
1139 1051 1220 1079 sunt,
1243 1054 1342 1074 munus
1357 1054 1435 1079 esse,
1453 1045 1536 1073 Deum
1554 1046 1682 1074 laudibus
1696 1053 1762 1081 pro-

979 1092 1068 1126 sequi,
1091 1096 1118 1119 et
1137 1092 1162 1118 in
1182 1092 1224 1119 his
1242 1093 1362 1124 versari,
1384 1093 1411 1119 in
1433 1092 1535 1126 quibus
1549 1092 1631 1119 etiam
1650 1091 1762 1126 angelo-

979 1144 1039 1163 rum
1059 1140 1157 1164 natura
1172 1137 1275 1164 versari
1296 1137 1425 1164 creditur.
1440 1136 1534 1173 Neque
1549 1137 1622 1164 enim
1638 1145 1763 1172 comper-

979 1188 1035 1210 tum
1058 1183 1136 1211 nobis
1155 1186 1197 1210 est
1222 1183 1303 1210 aliam
1321 1183 1430 1210 illorum
1455 1190 1516 1211 esse
1537 1183 1762 1218 occupationem,

979 1236 1060 1264 quam
1085 1228 1197 1256 laudare
1219 1228 1313 1256 Deum.
1329 1228 1422 1264 Neque
1437 1229 1471 1256 ab
1493 1229 1547 1256 illis
1570 1236 1696 1264 quoque,
1716 1223 1763 1263 qui

979 1275 1060 1302 vitam
1080 1274 1113 1301 ad
1136 1275 1246 1302 virtutis
1263 1282 1386 1302 normam
1408 1275 1516 1309 exigere
1540 1274 1668 1306 student,
1689 1274 1763 1301 aliud

981 1321 1082 1356 agitur,
1098 1328 1178 1355 quam
1201 1325 1230 1348 ut
1244 1321 1327 1348 vitam
1341 1329 1419 1349 suam
1438 1320 1555 1349 elliciant
1571 1321 1649 1355 quasi
1665 1327 1762 1355 peren-

980 1375 1040 1395 nem
1050 1366 1096 1394 Dei
1104 1365 1222 1393 laudem.
1231 1366 1299 1394 Cum
1306 1365 1435 1402 ergo,qui
1447 1366 1571 1393 ialleluia
1581 1375 1589 1391 ι
1597 1366 1761 1401 inscriptum

980 1412 1091 1445 habent,
1106 1403 1412 1446 omnes-propemodum
1433 1412 1460 1438 in
1475 1411 1569 1438 ultima
1590 1410 1762 1438 Psalmorum

981 1459 1103 1486 sectione
1119 1458 1300 1492 reperiantur,
1316 1457 1459 1493 perspicue
1473 1457 1645 1492 intelligitur,
1658 1460 1764 1492 postre-

138 1502 198 1528 λίαν
215 1501 296 1537 ἄλλην
310 1502 370 1528 τινὰ
384 1501 451 1536 (27),
467 1501 536 1537 πλὴν
555 1502 602 1528 τοῦ
619 1503 703 1529 αἰνεῖν
715 1503 760 1529 τὸν
777 1502 852 1534 Θεὸν,
868 1501 927 1528 οὔτε

981 1511 1052 1531 mam
1068 1504 1236 1531 Psalmorum
1258 1504 1406 1531 sectionem
1422 1503 1590 1538 superiorem
1608 1510 1671 1530 esse
1688 1503 1764 1530 omni

137 1550 194 1579 τοῖς
213 1549 272 1574 κατ’
293 1548 393 1583 ἀρετὴν
415 1548 526 1580 τελείοις
540 1548 632 1583 ἕτερόν
651 1557 677 1574 τι
701 1547 889 1580 σπουδάζεται,
911 1547 927 1583 ἢ

981 1550 1088 1577 excelsa
1109 1557 1157 1584 per
1182 1549 1306 1577 Psalmos
1332 1549 1511 1581 ascensione.
1536 1552 1630 1584 utpote
1655 1549 1687 1589 ω
1710 1556 1763 1583 qua

138 1593 169 1620 τὺ
182 1593 231 1628 τὴν
247 1593 319 1629 ζωὴν
333 1593 437 1621 ἑαυτῶν
460 1592 534 1620 αἶνον
548 1593 615 1621 εἶναι
632 1594 698 1621 Θεοῦ
710 1594 928 1630 παρασκευάσαι.

146 1640 222 1666 Ἐπεὶ
243 1640 331 1666 τοίνυν
354 1641 377 1666 οἱ
401 1639 449 1674 τὴν
470 1640 625 1676 ἐπιγραφὴν
634 1639 740 1675 ἔχοντες
750 1637 797 1665 τοῦ
812 1647 821 1663 ι
840 1639 930 1674 Ἀλλη-

981 1594 1127 1628 maximam
1147 1598 1251 1628 partem
1272 1593 1318 1621 Dei
1339 1594 1399 1620 laus
1422 1595 1587 1628 continetur,
1609 1594 1649 1621 vel
1666 1594 1764 1622 collor-

982 1639 1048 1665 tatio
1064 1639 1098 1666 ad
1113 1639 1346 1667 concelebrandas
1359 1639 1444 1666 divini
1457 1640 1583 1667 Numinis
1596 1640 1702 1669 laudes.

139 1685 225 1718 λούῖα,
236 1694 245 1711 ι
258 1686 356 1718 πάντες
369 1687 462 1722 σχεδὸν
471 1685 509 1722 τῷ
525 1686 668 1721 τελευταίῳ
682 1687 807 1721 τμήματι
827 1685 877 1720 τῆς
894 1685 1051 1721 ψαλμῳδίας
1066 1686 1236 1722 εὑρίσκονται
1253 1687 1318 1721 (28),
1337 1686 1429 1721 σαφῶς
1449 1687 1506 1713 ἔστι
1524 1688 1704 1722 κατανοῆσαι.
1723 1687 1764 1714 ὅτι

140 1736 229 1771 πάσης
244 1735 402 1770 ὑπέρκειται
418 1735 466 1770 τῆς
479 1734 582 1770 ὑψηλῆς
596 1734 639 1761 διὰ
655 1733 708 1760 τῶν
722 1733 836 1768 ψαλμῶν
851 1733 1008 1765 ἀναϐάσεως
1018 1734 1048 1760 τὸ
1057 1734 1209 1762 τελευταῖον
1222 1734 1320 1770 τμῆμα
1333 1735 1381 1769 τῆς
1392 1734 1558 1770 ψαλμῳδίας,
1570 1736 1598 1762 ἐν
1611 1733 1632 1769 ᾧ
1643 1735 1673 1762 τὸ
1689 1733 1762 1763 πλεῖ-

141 1791 202 1809 στον
221 1782 288 1808 Θεοῦ
302 1779 374 1812 αῐνός
391 1781 472 1812 ἐστιν,
490 1780 548 1814 ἦτοι
566 1780 605 1811 εἰς
619 1779 649 1806 τὺ
659 1779 744 1806 αἰνεῖν
759 1779 804 1805 τὸν
819 1779 884 1805 Θεὸν
898 1779 1106 1814 παρακέλευσις.
1202 1784 1204 1787 '
1726 1790 1736 1799 -

400 1855 598 1883 ΚΕΦΑΛΑΙΟΝ
624 1855 664 1882 Η’.

175 1935 302 1962 Δείπεται
314 1935 342 1961 δὲ
355 1935 410 1962 ἀπὸ
422 1934 476 1969 (29)
491 1934 545 1961 τῶν
558 1934 752 1968 ἀνεπιγράφων
764 1933 813 1969 τὴν
826 1933 925 1967 αἰτίαν,

1266 1857 1379 1886 CAPUT
1402 1858 1471 1887 VIII.

999 1933 1155 1969 ,Superest,
1174 1939 1204 1961 ut
1233 1935 1322 1970 quoad
1342 1935 1413 1964 vires
1430 1936 1528 1969 I‘crunt,
1543 1937 1677 1965 rationem
1698 1938 1761 1967 illo-

139 1980 176 2012 ὣς
191 1982 247 2007 ἐστι
270 1980 391 2013 δυνατδν,
414 1980 589 2015 κατανοῆσαι.
612 1979 652 2006 Τὰ
672 1979 700 2006 δὲ
724 1979 753 2005 ὲν
781 1979 820 2014 τῷ
850 1980 927 2015 μέρει

977 1988 1037 2008 rum
1060 1980 1262 2016 disquiramns,
1291 1981 1336 2016 qui
1360 1982 1543 2018 inscriptione
1566 1987 1675 2016 carent;
1700 1991 1761 2019 qua;

139 2026 226 2062 τούτῳ
240 2026 303 2062 παρ’
317 2026 394 2062 ἡμῶν
411 2026 600 2062 εὑρισκόμενα,
615 2026 643 2052 ὲν
660 2027 692 2061 τῇ
713 2025 856 2061 δοκιμασίᾳ
870 2025 924 2053 τῶν

977 2033 1043 2052 vero
1055 2025 1105 2052 hac
1119 2025 1146 2052 in
1159 2030 1235 2060 parte
1248 2026 1411 2058 afferemus.
1425 2027 1530 2061 judicio
1543 2028 1674 2056 lectorum
1688 2036 1762 2056 com-

140 2073 355 2108 ἐντυγχανόντων
376 2070 538 2109 προκείσθω,
559 2073 575 2108 ἢ
593 2073 718 2105 δέξασθαι
737 2072 772 2099 τὰ
791 2072 923 2108 ἡμέτερα,

977 2071 1130 2104 mittimus,
1154 2076 1183 2099 ut
1203 2073 1244 2099 vel
1266 2078 1361 2100 nostra
1384 2073 1500 2108 probent
1513 2078 1540 2102 et
1559 2075 1702 2110 recipiant,
1719 2076 1761 2104 vel

140 2119 157 2153 ἢ
179 2118 246 2153 πρὸς
269 2118 378 2154 μείζονα
400 2118 516 2154 θεωρίαν
541 2118 686 2154 προσάγειν
703 2118 791 2145 αὐτῶν
803 2119 853 2154 τὴν
868 2119 924 2145 διά-

977 2116 1010 2144 ad
1035 2117 1138 2152 majora
1161 2118 1341 2153 excogitanda
1365 2119 1529 2146 industriam
1551 2127 1628 2148 suam
1645 2128 1761 2148 conver—

140 2173 222 2191 νοιαν.
236 2163 343 2199 Ταύτην
355 2163 444 2191 τοίνυν
457 2163 505 2199 τὴν
520 2164 648 2199 διαφορὰν
662 2165 690 2190 ὲν
709 2165 764 2195 τοῖς
777 2165 925 2200 ἀνεπιγρά-

977 2166 1045 2190 tant.
1063 2162 1138 2190 llanc
1158 2170 1222 2198 ergo
1242 2164 1270 2191 in
1291 2165 1420 2198 psalmis,
1445 2164 1625 2200 inscriptione
1643 2168 1761 2194 carenti.

139 2216 199 2243 φοις
224 2210 432 2244 κατενοήσαμεν.
457 2209 519 2240 Τοῖς
544 2209 592 2244 μὲν
613 2208 666 2244 γὰρ
687 2208 775 2235 αὐτῶν
793 2209 850 2236 ἀντ’
869 2210 926 2236 ἑπι-

977 2208 1045 2240 bus.
1061 2209 1240 2236 differentiam
1264 2210 1434 2244 reperimus,
1452 2211 1516 2245 quia
1538 2211 1678 2240 nonnullis
1700 2212 1760 2240 loco

139 2253 248 2289 γραφῆς
257 2252 273 2288 ἢ
283 2253 338 2288 (50)
347 2253 501 2289 ψαλμῳδὶας
510 2253 611 2287 γίνεται
623 2253 736 2284 ἐπίνοια,
745 2250 830 2288 ἐφ’ὧν
838 2254 925 2280 κοινὸν

977 2255 1162 2290 inscriptionis
1175 2259 1218 2282 est
1231 2256 1289 2290 ipsa
1307 2256 1391 2283 totius
1407 2256 1504 2290 psalmi
1528 2257 1664 2284 sententia
1676 2279 1683 2291 ,
1699 2258 1761 2293 qui-

139 2300 186 2326 καὶ
203 2300 267 2333 παρ’
285 2299 419 2334 Ἑϐραίοις
441 2299 487 2326 καὶ
513 2299 665 2334 παρ’ὴμῖν,
688 2299 719 2325 τὸ
740 2300 777 2335 μὴ
799 2297 869 2326 εἶναι
883 2300 925 2327 ἆλ-

977 2300 1028 2328 bus
1042 2305 1071 2327 et
1085 2300 1155 2335 apud
1174 2308 1241 2333 nos,
1263 2305 1290 2328 et
1305 2302 1376 2335 apud
1392 2301 1520 2330 Hebraeos
1539 2309 1685 2331 commune
1705 2308 1759 2336 est,

138 2345 188 2379 λην
202 2345 355 2380 ἐπιγραφὴν
375 2345 428 2372 τῶν
450 2345 646 2380 ὑποκειμένων,
662 2345 686 2371 εί
705 2345 742 2381 μὴ
764 2345 864 2380 ταύτην
881 2347 926 2380 μό-

977 2349 1006 2373 ut
1027 2346 1079 2373 alia
1096 2346 1272 2380 inscriptione
1286 2354 1347 2381 quae
1363 2351 1524 2381 sequuntur,
1540 2356 1594 2376 non
1609 2349 1760 2384 insignitiu-

139 2399 188 2424 νην
204 2391 253 2425 τὴν
273 2392 328 2423 τοῖς
349 2392 439 2426 ῥητοῖς
459 2391 659 2426 ἐμφαινομένην
677 2391 804 2419 διάνοιαν.
823 2392 885 2424 Τοῖς
896 2392 924 2419 δὲ

977 2395 1035 2424 tur,
1065 2399 1146 2426 quam
1173 2392 1250 2427 ipso,
1278 2393 1326 2428 qui
1350 2393 1440 2421 verbis
1468 2394 1565 2430 psalmi
1598 2395 1756 2429 subjicitur,

138 2434 240 2466 λοιποῖς
261 2435 409 2471 ἐπιγραφαὶ
429 2436 478 2471 μέν
498 2436 565 2462 εἰσιν
582 2436 804 2470 ὲκκλησιαστικαί
826 2445 855 2463 τε
876 2438 924 2463 καὶ

977 2445 1068 2465 sensu.
1090 2437 1159 2466 Aliis
1180 2442 1269 2466 autem
1292 2438 1469 2474 praeﬁguntur
1480 2440 1694 2475 inscriptiones,
1709 2441 1757 2468 sed

140 2481 280 2515 μυστικαὶ,
302 2481 347 2507 καὶ
372 2482 421 2516 τῆς
447 2482 516 2508 κατὰ
537 2481 568 2508 τὸ
595 2483 740 2518 μυστήριον
766 2482 844 2518 ὴμῶν
866 2483 923 2518 (51)

977 2483 1167 2511 ecclesiastica:
1186 2488 1213 2511 et
1236 2486 1375 2520 mysticae,
1405 2486 1600 2522 mysteriique,
1627 2486 1700 2520 quod
1723 2486 1758 2513 ad

138 2525 278 2559 εὐσεϐείας
299 2527 474 2561 σημαντικαὶ,
491 2526 559 2554 ἀλλὰ
575 2528 630 2560 τοῖς
651 2527 783 2564 Ἑϐραίοις
797 2528 848 2556 οὐκ
860 2528 922 2563 εἰσὶ,

977 2532 1077 2556 nostrae
1106 2529 1215 2564 pietatis
1244 2530 1418 2566 disciplinam
1447 2531 1585 2566 pertinet,
1615 2529 1757 2567 signiﬁca-

175 2622 230 2656 (3!)
246 2622 316 2655 Τισί,
331 2623 376 2650 ed.

174 2657 229 2691 (9‘2)
247 2658 300 2684 Καὶ
319 2658 360 2690 τό,
373 2658 416 2686 ed.

173 2693 229 2724 (23)
247 2693 320 2724 Ὅτε,
333 2694 376 2720 ed.

173 2727 229 2763 (24)
254 2727 420 2763 Ἀλληλοὺῖα,
430 2727 475 2757 ed.

161 2762 228 2798 '(25)
240 2763 284 2794 Δέ,
304 2762 358 2790 om.
374 2763 418 2790 ed.

184 2764 228 2798 25)
240 2764 284 2794 Δέ,
304 2770 358 2790 om.
374 2764 418 2790 ed.

172 2764 228 2834 (26)
252 2798 385 2832 Ἃγαγεῖν,
399 2797 443 2826 ed.

1009 2625 1066 2659 (27)
1083 2627 1150 2654 Τινὰ
1171 2635 1224 2655 om.
1245 2627 1288 2655 ed.

1020 2661 1066 2697 28)
1087 2663 1312 2697 Ἐνευρίσκονται,
1327 2662 1370 2690 ed.

1020 2661 1066 2696 28)
1087 2663 1312 2697 Ἐνευρίσκονται,
1327 2662 1370 2690 ed.

1234 2698 1336 2733 aliquot
1355 2697 1437 2727 codd.

1008 2731 1065 2765 (50)
1082 2732 1123 2764 'H,
1137 2733 1180 2760 ed.

1007 2765 1064 2801 (31)
1084 2766 1176 2802 Ἡμῖν.
1187 2766 1231 2797 ed.
