1986 3080
282 121 334 149 5ιῖ

920 125 948 152 S.
970 123 1135 152 GREGORII
1151 126 1300 155 NYSSENI

1855 131 1900 160 5l6

283 178 380 210 trices,
395 178 444 206 sed
466 180 537 215 apud
559 180 686 209 llebraaos
700 189 752 210 non
775 186 854 215 sunt,
872 183 1070 211 convenienter

1123 185 1192 212 κατὰ
1204 186 1253 221 τὴν
1269 186 1453 222 γεγενημένην
1469 187 1498 214 ὲν
1516 187 1554 223 τῷ
1576 186 1732 223 Εὑαγγελίῳ
1747 187 1807 214 κατ’
1823 188 1902 215 αὐτῶν

281 225 408 252 videlicet
428 225 466 252 illi
489 227 515 253 in
538 226 686 263 Evangelia
711 228 842 256 adversus
857 229 932 263 ipsos
952 235 1069 256 accusa-

280 268 349 297 tioni
366 280 371 297 :
388 280 398 296 ι
419 270 554 304 Quoniam
570 273 655 308 legem
670 274 803 306 tulerunt,
827 277 857 300 ut
869 275 892 302 si
906 274 969 309 quis
981 275 1068 302 conli-

279 320 370 343 teatur
378 316 530 349 Christum,
540 323 616 346 extra
629 327 794 354 synagogam
811 319 890 346 ﬁat".
906 329 915 345 ι
927 319 1068 353 Quascun-

279 368 333 396 que
355 362 437 397 igitur
454 363 647 398 inscriptiones
658 365 707 398 ipsi
718 364 967 391 animadverterunt
978 365 1067 390 conti-

280 415 345 435 nere
353 408 614 437 demonstrationem
626 409 772 445 quamdam
787 409 908 445 mysterii
920 409 1066 442 Dominici,

280 453 342 480 illas
365 454 554 489 repudiarunt.
581 455 640 488 Qua
664 456 698 482 de
721 462 804 482 causa
829 459 957 482 accurate
984 454 1067 482 etiam

280 500 372 532 verba,
391 509 450 535 quie
466 501 574 528 lectioni
590 501 774 535 inscriptionis
789 501 982 529 ecclesiastica:
999 508 1066 536 pra-

280 546 333 572 I‘ixa
350 551 426 580 sunt,
449 551 575 579 monent,
601 551 628 574 et
649 552 744 573 contra
771 547 832 575 illos
847 551 960 579 notant,
977 547 1069 582 hujus-

279 593 352 620 inodi
378 593 499 628 psalmos
525 593 596 628 apud
623 592 751 620 llebrazos
779 593 1006 628 inscriptionibus
1022 600 1068 620 ca-

279 645 349 665 rere.
369 638 446 665 llune
462 639 489 665 in
509 638 619 665 modum
640 638 766 672 exposito
782 637 953 665 Psahnorum
967 638 1066 666 discri-

1123 230 1299 265 κατηγορίαν,
1312 241 1321 258 ε
1334 233 1393 260 Ὅτι
1405 232 1493 267 δόγμα
1506 231 1608 265 ἔθεντο.
1619 231 1651 258 Εἰ
1671 240 1713 263 τις
1737 231 1904 268 ὁμολογήσειε

1122 275 1167 301 τὸν
1186 275 1314 311 Χριστὸν,
1329 276 1540 311 ἀποσυνάγωγος
1558 277 1679 312 γένηται.
1697 287 1706 303 ι
1723 277 1810 309 Ὅσας
1825 278 1904 305 τοίνυν

1122 321 1220 347 ἐκεῖνοι
1246 321 1299 348 τῶν
1323 322 1482 358 ἐπιγραφῶν
1508 323 1683 357 κατενόησαν,
1714 323 1827 356 ἓνδειξίν
1853 332 1905 351 τινα

1122 367 1258 402 περιέχειν
1278 367 1324 394 τοῦ
1347 365 1513 405 μυστηρίου),
1537 369 1638 400 ταύτας
1667 369 1696 396 οὐ
1720 369 1904 404 παρεδέξαντο.

1121 411 1167 437 Διὸ
1184 412 1231 438 καὶ
1252 415 1464 449 παρεσημήνατο
1488 414 1521 441 δι’
1546 415 1687 451 ἀκριϐείας
1711 416 1756 441 ἐπ’
1777 416 1863 442 αὐτῶν
1880 416 1905 442 τὸ

1121 456 1239 483 τοιοῦτον
1258 459 1272 484 ό
1292 458 1370 493 λόγος
1390 461 1424 495 τῇ
1443 460 1594 494 ἀναγνώσει
1614 461 1664 495 τῆς
1683 461 1905 496 ὲκκλησιαστικῆς

1121 502 1274 539 ἐπιγραφῆς
1297 504 1452 540 προστιθεὶς
1465 506 1532 540 ('52),
1546 506 1586 532 ὅτι
1603 507 1667 541 παρ’
1684 506 1821 542 Ἑϐραίοις
1840 508 1905 533 ἐστὶν

1121 549 1316 585 ἀνεπίγραφος.
1331 550 1384 586 Τῆς
1406 552 1493 578 τοίνυν
1508 553 1665 588 διαιρέσεως
1680 552 1785 586 ταύτης
1809 554 1836 579 ἐν
1858 554 1906 585 τοῖς

1120 595 1316 630 ἀνεπιγράφοις
1327 597 1548 632 προεκτεθείσης,
1565 599 1659 634 καιρὸς
1674 598 1706 625 ἂν
1721 599 1764 634 εἴη
1777 598 1810 625 δι’
1825 599 1906 624 αὐτῶν

1118 640 1172 667 τῶν
1189 641 1278 676 ῥητῶν
1295 642 1386 669 δοῦναι
1402 643 1440 677 τῷ
1454 643 1524 678 λόγῳ
1538 644 1586 679 τὴν
1602 645 1766 680 μαρτυρίαν.

278 686 361 718 mine,
381 687 427 721 qui
446 686 623 720 inscriptione
635 693 689 712 non
707 690 906 720 praenotantur,
925 690 1034 721 tempus
1048 688 1158 722 exigere
1175 689 1292 722 videtur,
1310 695 1339 718 ut
1354 691 1379 717 id
1396 691 1468 726 quod
1483 691 1643 724 asset-imus,
1663 691 1730 726 ipsis
1746 692 1905 727 psalmorum

278 732 368 760 verbis
387 732 594 759 conlirntemus.

315 799 385 833 Ergo
402 798 507 833 primus
526 798 646 825 omnium
666 798 787 833 psalmus
805 798 984 834 inscriptione
1000 807 1069 834 opus

279 853 332 873 non
350 844 460 876 habuit;
479 852 540 870 nam
557 845 618 878 quis
631 845 666 877 sit
682 845 743 872 finis
767 853 876 878 corum,
892 853 952 880 qua
973 846 999 873 in
1023 846 1069 873 illo

279 893 417 923 dicuntur,
438 891 612 918 manifestum
640 895 682 918 est
705 891 862 919 lectoribus.
878 891 925 918 Est
952 899 1069 926 namque

278 939 351 966 velut
365 937 531 964 introductio
544 937 577 964 ad
596 937 794 972 philosophiam
809 937 988 972 spiritualem,
1006 944 1069 964 sua-

279 985 347 1012 dens
360 989 389 1012 ut
406 992 421 1012 a
438 985 509 1011 malo
526 984 704 1016 recedamus,
729 987 756 1010 et
780 983 813 1010 ad
831 984 931 1010 bonum
956 983 1069 1010 acceda-

279 1039 350 1063 mus,
366 1035 392 1057 et
405 1035 434 1057 ut
446 1037 495 1065 pro
508 1029 610 1057 viribus
625 1029 658 1056 ad
673 1029 880 1056 similitudinem
898 1028 942 1056 Dei
956 1033 1070 1056 conten-

279 1078 386 1106 damus.

275 1140 281 1145 ί
315 1144 462 1180 Postquam
485 1148 574 1172 autem
600 1144 627 1172 in
652 1145 712 1180 ipso
739 1144 916 1172 beatitudinis
936 1144 1070 1180 principio

279 1191 374 1218 moniti
389 1198 496 1223 sumus,
512 1194 540 1216 nt
555 1191 589 1217 ab
603 1190 742 1226 impietate
762 1191 945 1223 desistamus,
962 1191 1026 1218 hinc
1041 1195 1070 1218 ut

279 1233 313 1263 ab
328 1243 359 1263 ea
375 1235 532 1268 liberemur,
544 1235 645 1270 profert
660 1235 738 1262 nobis
753 1235 918 1270 insonatque
934 1237 1069 1263 secundus

279 1281 400 1316 psalmus
415 1281 601 1313 evangelicum
618 1281 789 1316 mysterium,
799 1285 828 1308 ut
840 1282 952 1316 proinde
965 1282 1070 1317 primus

280 1328 401 1364 psalmus
415 1327 450 1354 sit
461 1327 661 1362 quodammodo
678 1327 820 1363 inscriptio
841 1328 964 1355 secundi.
981 1328 1067 1363 Expo-

279 1373 320 1400 nit
330 1373 401 1400 enim
415 1372 583 1399 nativitatem
597 1371 748 1399 secundum
760 1380 870 1400 carnem
881 1372 952 1407 ejus,
964 1373 1011 1408 qui
1026 1373 1071 1400 lto-

280 1419 324 1447 die
340 1422 448 1454 propter
463 1425 514 1445 nos
531 1422 613 1446 natus
633 1423 674 1446 est
689 1418 763 1453 (nam
779 1418 846 1446 illud
862 1428 870 1445 t
886 1408 967 1447 hodie
979 1429 988 1445 ι
1006 1427 1070 1455 pars

280 1464 411 1500 temporis
425 1464 544 1499 εει),ηυί
563 1471 670 1498 semper
686 1472 718 1492 ex
734 1463 830 1496 Patre.
845 1468 872 1492 et
886 1465 912 1492 in
928 1465 1009 1493 Patre
1025 1465 1071 1493 Fi-

281 1511 335 1539 lius
354 1514 413 1544 est,
440 1515 468 1551 et
492 1509 574 1537 Deus.
601 1509 743 1545 Simulque
768 1511 886 1545 explicat
907 1518 1021 1546 regnum
1044 1515 1072 1538 et

281 1557 425 1598 imp‘ium
445 1556 473 1583 in
489 1563 537 1583 eos
550 1556 596 1590 qui
615 1556 666 1583 sub
680 1556 795 1591 imperio
814 1561 895 1584 antea
911 1565 966 1584 non
979 1561 1070 1591 erant,

282 1602 328 1638 qui
347 1610 378 1629 ea
393 1601 426 1629 de
439 1609 521 1629 causa
531 1622 538 1635 ,
553 1601 625 1637 quod
641 1601 695 1629 Deo
708 1610 762 1629 non
778 1602 925 1634 servirent,
940 1603 1070 1638 gentibus

283 1648 544 1679 annumerabantur,
570 1647 612 1674 sui
632 1647 703 1682 juris
727 1653 755 1675 et
775 1648 897 1683 exleges,
915 1650 956 1676 vel
983 1649 1072 1683 potius

284 1695 379 1730 iniqui,
395 1702 428 1722 eo
441 1694 513 1729 quod
524 1694 644 1721 divinam
660 1694 745 1728 legem
768 1701 823 1721 non
842 1694 1008 1729 reciperent,
1024 1693 1074 1722 sed

280 1740 377 1776 jugum
398 1748 413 1768 a
440 1748 470 1769 se
490 1741 640 1773 obiicerem
657 1748 663 1766 :
679 1740 774 1775 jugum
798 1745 888 1768 autem
905 1744 985 1768 vocat
1000 1747 1073 1775 praev

283 1779 408 1823 eeptum¥

319 1854 368 1883 His
381 1858 470 1882 autem
485 1855 510 1882 in
528 1862 642 1891 regnum
656 1863 775 1890 quoque,
790 1855 863 1890 quod
883 1854 1014 1882 omnibus
1026 1861 1073 1882 su-

283 1901 434 1936 pereminet
445 1920 452 1932 ,
468 1902 573 1934 ascitis,
593 1901 661 1928 ﬁunt
677 1902 715 1928 illi
734 1902 780 1936 qui
795 1901 860 1928 olim
883 1901 942 1928 sine
958 1900 1073 1928 Domino

284 1946 422 1978 vivebant,
436 1946 557 1973 haeredes
575 1946 621 1973 Dei
634 1954 681 1980 per
698 1947 776 1974 [idem
793 1947 822 1973 in
841 1946 916 1973 illum
932 1945 977 1981 qui
993 1945 1073 1973 hodie

284 1991 394 2025 genitus
417 1995 469 2022 est,
483 1996 510 2018 et
529 1992 575 2026 qui
589 1999 635 2018 rex
656 1999 739 2026 super
755 1992 817 2020 illus
830 1991 997 2019 constitutus
1011 1995 1071 2025 est,

285 2036 331 2070 qui
345 2040 372 2062 et
383 2036 434 2077 ipsi
446 2037 533 2063 renati
548 2041 574 2063 et
587 2044 664 2071 reges
678 2036 742 2063 facti
755 2041 829 2069 sunt,
845 2037 873 2063 in
884 2036 984 2071 quibus
997 2036 1072 2071 virga

284 2079 388 2112 ferrea,
405 2080 457 2107 hoc
471 2086 529 2112 est,
546 2081 725 2109 immutabilis
740 2081 785 2107 illa
808 2082 939 2115 potentia,
957 2080 983 2107 id
1000 2080 1072 2115 Quod

284 2129 416 2154 terrestre
429 2129 456 2153 et
477 2125 580 2153 luteum
597 2130 655 2153 erat
673 2130 827 2157 conterens,
844 2126 871 2152 in
886 2126 1070 2160 incorruptam

285 2175 410 2200 naturam
426 2179 474 2199 eos
491 2172 642 2203 transtulit.
657 2172 792 2207 simulque
805 2171 910 2203 docuit,
927 2172 955 2198 in
971 2171 1070 2198 ﬁducia

284 2225 349 2252 erga
372 2217 455 2244 Deum
478 2217 674 2245 beatitudinem
701 2218 782 2245 sitam
805 2225 877 2245 esse.
899 2216 969 2244 Cum
989 2216 1071 2252 igitur

286 2263 353 2295 haec,
367 2271 447 2298 quam
463 2263 588 2298 exposui,
602 2263 636 2291 sit
650 2263 748 2298 psalmi
764 2256 915 2295 sententia,
934 2263 1071 2297 integrum

285 2312 328 2336 est
351 2309 483 2340 cuilibet,
499 2309 546 2344 qui
562 2309 698 2340 voluerit,
713 2317 747 2336 ex
766 2309 835 2344 ipsis
859 2308 961 2336 divinis
982 2307 1073 2335 verbis

285 2354 402 2390 probare
415 2355 570 2389 opinionem
585 2359 611 2382 et
627 2346 845 2390 explanationem
856 2359 990 2385 nostram,
1007 2360 1073 2380 num

285 2407 317 2428 ea
333 2407 394 2435 qua:
408 2400 545 2431 diximus,
571 2399 700 2428 divinitus
719 2401 859 2436 iuspiratis
874 2401 989 2428 vocibus
1005 2406 1074 2434 qua-

284 2447 374 2474 drent.
387 2445 493 2481 Reliqui
505 2446 602 2480 psalmi
614 2447 838 2482 inscriptionibus
850 2451 985 2479 carentes,
996 2446 1073 2480 juxta

285 2499 317 2519 ea
340 2499 400 2526 qua:
419 2499 502 2525 supra
518 2492 697 2525 tradidimus,
719 2492 869 2528 Synagogm
883 2493 994 2528 quidem
1020 2492 1075 2520 He-

286 2539 432 2569 braeorum,
446 2545 499 2565 non
514 2539 643 2566 Ecclesiae
658 2539 707 2566 Dei
728 2539 797 2567 tales
812 2542 886 2566 sunt.
902 2539 930 2566 ln
947 2539 1074 2566 omnibus

285 2584 357 2610 enim
376 2584 495 2618 reperire
507 2588 550 2612 est
564 2585 770 2620 inscriptionem
785 2585 913 2620 aliquam,
931 2593 1012 2620 quam
1025 2584 1072 2612 Ju-

322 2674 345 2692 "
357 2674 435 2702 Joan.
450 2683 489 2708 ιι,
508 2675 554 2702 22.

308 2791 311 2794 ,
323 2764 379 2799 (32)
393 2764 564 2799 Προστεθείς,
585 2763 628 2792 ed.

322 2800 379 2832 (55)
394 2799 532 2834 Γέννησιν,
547 2799 590 2826 ed.

323 2835 380 2870 (34)
403 2835 447 2860 Ἐν
463 2841 516 2861 om.
533 2834 576 2860 ed.

1164 804 1192 830 '0
1219 804 1436 840 προτεταγμένος
1457 804 1510 832 τῶν
1537 804 1603 831 ’ὁλων
1626 805 1733 840 ψαλμὸς
1761 805 1905 841 ἐπιγραφῆς

1122 849 1170 875 οὑκ
1188 849 1292 884 ἐδεήθη.
1308 850 1425 886 Φανερδς
1446 850 1500 885 γάρ
1524 850 1579 876 ἐστι
1604 851 1659 881 τοῖς
1683 850 1904 884 ἀναγινώσκουσιν

1121 896 1135 921 ὁ
1150 895 1202 921 τῶν
1219 895 1370 930 λεγομένων
1392 895 1501 928 σκοπὸς,
1521 897 1560 922 ὅτι
1584 896 1766 930 είσαγωγικδς
1788 896 1853 932 πρὸς
1867 905 1904 930 φι-

1122 939 1248 974 λοσοφίαν
1264 940 1347 971 ἐστὶν,
1367 941 1514 976 ἀποστῆναι
1537 941 1582 968 τοῦ
1607 940 1691 968 κακοῦ
1710 941 1903 976 συμϐουλεύων,

1122 985 1169 1011 καὶ
1183 986 1211 1011 ὲν
1227 984 1265 1020 τῷ
1280 985 1374 1021 ἀγαθῴ
1393 986 1530 1021 γενέσθαι,
1554 987 1599 1014 καὶ
1622 986 1784 1021 ὁμοιοῦσθαι
1801 986 1837 1022 τῷ
1851 986 1904 1021 Θεῴ

1123 1030 1193 1057 κατὰ
1207 1031 1330 1066 δύναμιν.
1370 1044 1372 1046 τ

1165 1144 1233 1170 Ἀλλ’
1249 1144 1341 1180 ἐπειδὴ
1361 1143 1392 1170 τὸ
1418 1143 1454 1179 μὴ
1479 1144 1532 1170 δεῖν
1545 1143 1662 1175 ἀσεϐεῖν,
1678 1144 1707 1171 ἐν
1726 1145 1759 1180 τῇ
1782 1145 1849 1180 ἀρχῇ
1863 1144 1903 1171 τοῦ

1124 1190 1298 1225 μακαρισμοῦ
1323 1190 1486 1225 προετάχθη,
1506 1191 1520 1216 ὁ
1544 1190 1678 1225 δεύτερος,
1705 1191 1781 1222 ὅπως
1806 1191 1837 1218 ἂν
1859 1191 1903 1223 ἔξω

1122 1236 1172 1270 τῆς
1197 1236 1321 1267 ἀσεϐείας
1335 1235 1485 1271 γενώμεθα,
1505 1236 1661 1263 ὑποτίθεται
1685 1236 1717 1263 τὸ
1739 1237 1904 1271 εὐαγγελικὺν

1123 1281 1358 1316 προαναφωνήσας
1383 1282 1542 1317 μυστήριον·
1560 1282 1630 1309 ὥστε
1655 1283 1757 1318 τρόπον
1778 1282 1837 1310 τινὰ
1857 1283 1904 1309 ἐπι-

1123 1327 1230 1361 γραφὴν
1244 1326 1291 1352 τοῦ
1307 1327 1432 1362 δευτέρου
1447 1327 1554 1362 ψαλμοῦ
1575 1328 1620 1355 τὸν
1641 1329 1750 1364 πρῶτον
1770 1327 1851 1355 εἶναι’
1865 1327 1903 1353 λέ-

1123 1372 1229 1408 γειγὰρ
1236 1372 1286 1407 τὴν
1293 1372 1337 1399 διὰ
1347 1373 1446 1408 σαρκὸς
1460 1374 1518 1399 ἐκεῖ
1531 1374 1636 1407 γένεσιν
1657 1375 1705 1402 τοῦ
1723 1375 1778 1410 (33)
1796 1375 1903 1409 σήμερον

1125 1418 1174 1453 μὲν
1189 1418 1364 1454 γεννηθέντος
1379 1419 1412 1445 δι’
1425 1419 1498 1454 ἡμᾶς
1521 1419 1627 1455 (χρόνου
1648 1420 1676 1446 δὲ
1698 1420 1780 1455 μέρος
1804 1419 1858 1446 ἐστὶ
1879 1418 1904 1444 τὸ

1126 1474 1135 1490 ι
1149 1465 1268 1501 σήμερον
1280 1462 1314 1500 ἱ),
1327 1465 1370 1492 ἀεὶ
1385 1465 1413 1492 δὲ
1430 1466 1462 1492 ἐκ
1479 1465 1525 1492 τοῦ
1544 1465 1649 1502 Πατρὸς
1664 1467 1712 1492 καὶ
1728 1468 1756 1493 ὲν
1771 1465 1809 1501 τῷ
1826 1465 1904 1499 Πατρὶ

1122 1510 1198 1541 δντος
1223 1509 1287 1536 Υἱοῦ
1312 1510 1358 1536 καὶ
1387 1509 1464 1537 Θεοῦ.
1492 1510 1549 1545 Τήν
1574 1519 1602 1536 τε
1629 1511 1768 1545 βασιλείαν
1793 1513 1836 1538 ἐπὶ
1857 1512 1904 1539 τῶν

1123 1555 1316 1588 ἀϐασιλεύτων,
1340 1556 1364 1583 οἳ
1389 1556 1433 1582 διὰ
1458 1556 1488 1582 τὸ
1503 1556 1539 1591 μὴ
1564 1556 1699 1582 δουλεύειν
1717 1557 1786 1592 Θεῷ,
1811 1558 1840 1584 ὲν
1855 1556 1903 1592 (54)

1123 1599 1226 1627 ἔθνεσιν
1244 1598 1313 1636 ἦσαν
1327 1600 1528 1637 κατειλεγμένοι
1540 1609 1546 1616 ·
1571 1600 1715 1635 αὐτόνομοί
1738 1610 1810 1633 τινες
1827 1602 1902 1632 ὅντες,

1125 1646 1225 1681 μᾶλλον
1242 1646 1270 1672 δὲ
1293 1646 1397 1681 ἄνομοι,
1421 1647 1461 1682 τῷ
1483 1646 1530 1673 τὸν
1553 1646 1624 1672 θεῖον
1652 1646 1689 1681 μὴ
1712 1645 1903 1682 παραδέξασθαι

1123 1693 1214 1728 νόμον,
1230 1692 1286 1719 ἀλλ’
1303 1692 1452 1728 ἀπορῤίψαι
1468 1693 1514 1728 ἀφ’
1531 1693 1636 1720 ἑαυτῶν
1652 1693 1699 1721 τὸν
1719 1694 1809 1728 ζυγόν·
1831 1692 1903 1726 ζυγδν

1123 1739 1152 1766 δὲ
1166 1739 1240 1773 λέγει
1254 1739 1302 1774 τὴν
1313 1738 1434 1774 ἐντολήν.

1159 1853 1215 1888 Τῆς
1224 1853 1252 1880 δὲ
1265 1852 1311 1880 τοῦ
1324 1853 1423 1884 παντὸς
1431 1853 1630 1889 ὑπερκειμένης
1646 1853 1795 1889 βασιλείας,
1804 1854 1849 1881 καὶ
1862 1852 1902 1879 ἐπὶ

1123 1899 1228 1931 τούτοις
1247 1899 1387 1934 ἐλθούσης,
1401 1900 1425 1925 οἰ
1445 1899 1509 1925 ποτὲ
1522 1899 1673 1932 ὰδέσποτοι,
1696 1899 1765 1927 Θεοῦ
1785 1900 1902 1936 κληρονο-

1126 1945 1174 1980 μία
1189 1944 1244 1980 (55)
1255 1944 1373 1978 γίνονται
1389 1943 1432 1970 διὰ
1446 1945 1494 1979 τῆς
1508 1944 1547 1975 είς
1560 1944 1605 1970 τὸν
1619 1945 1740 1980 σήμερον
1751 1944 1902 1980 γεννηθέντα

1124 1990 1240 2021 πίστεως
1250 1998 1256 2005 ·
1272 1989 1370 2016 ’τοῦτον
1392 1989 1472 2023 λέγω,
1492 1988 1537 2015 τὸν
1560 1989 1733 2017 καταστάντα
1749 1989 1854 2026 βασιλέα
1864 1988 1901 2015 ἐπ’

1125 2035 1229 2062 αὐτῶν·
1245 2036 1291 2062 καὶ
1307 2035 1383 2061 αὐτοὶ
1398 2034 1573 2069 γεννηθέντες
1595 2035 1642 2062 καὶ
1666 2035 1784 2070 βασιλεῖς
1800 2035 1901 2070 γενόμε-

1124 2089 1175 2108 νοι.
1194 2081 1250 2115 Ἐφ’
1263 2077 1301 2107 ὧν
1313 2081 1329 2116 ὴ
1342 2081 1438 2116 σιδηρᾶ
1460 2080 1565 2116 ῥάϐδος,
1582 2081 1729 2114 τουτέστιν,
1749 2083 1764 2117 ή
1781 2083 1900 2117 ἄτρεπτος

1125 2126 1237 2162 δύναμις
1250 2126 1439 2162 περιθρύψασα
1448 2127 1478 2153 τὸ
1493 2127 1585 2162 γήῖνόν
1593 2135 1622 2153 τε
1633 2128 1680 2154 καὶ
1691 2128 1854 2163 ὸστράκινον,
1867 2126 1899 2155 εἰς

1123 2172 1171 2208 τὴν
1180 2173 1315 2207 ἀκήρατον
1327 2172 1406 2207 φύσιν
1421 2172 1652 2207 μετεστοιχείωσε,
1661 2173 1767 2206 διδάξας
1780 2173 1818 2199 ὃτι
1831 2172 1899 2207 μόνον

1124 2218 1182 2244 ἐστὶ
1208 2218 1342 2253 μακάριον
1366 2217 1396 2243 τὸ
1417 2217 1459 2243 ἐπ’
1484 2217 1556 2253 αὐτῷ
1579 2217 1634 2252 (56)
1658 2218 1823 2244 ¹πεποιθέναι,
1840 2214 1900 2242 Ταύ·

1123 2273 1173 2298 της
1186 2264 1214 2290 δὲ
1228 2263 1311 2299 οὔσης
1324 2263 1372 2290 τοῦ
1384 2263 1491 2298 ψαλμοῦ
1512 2263 1562 2297 τῆς
1580 2263 1707 2295 διανοίας,
1725 2263 1757 2298 ἣν
1770 2261 1898 2295 ὲξεθέμηνι

1124 2309 1212 2343 ἔξεστι
1228 2309 1267 2344 τῷ
1287 2309 1440 2344 βουλομένῳ
1460 2310 1494 2335 δι’
1513 2309 1601 2335 αὐτῶν
1621 2308 1674 2336 τῶν
1689 2309 1768 2335 θείων
1784 2306 1899 2343 ῥημάτων

1125 2355 1269 2390 δοκιμάσαι
1289 2356 1337 2391 τὴν
1357 2356 1492 2390 ἡμετέραν
1509 2355 1651 2389 ὑπόληψιν,
1668 2355 1746 2390 εἴπερ
1764 2350 1899 2388 ἐφαρμόζει

1126 2401 1161 2428 τὰ
1180 2402 1243 2436 παρ’
1258 2401 1335 2436 ἡμῶν
1351 2402 1484 2436 είρημένα
1501 2403 1533 2437 τῇ
1550 2402 1720 2436 Θεοπνεύστῳ
1737 2400 1827 2436 Γραφῇ
1841 2397 1897 2432 (57)-

1127 2448 1158 2473 Oi
1183 2447 1212 2474 δὲ
1237 2447 1323 2473 λοιποὶ
1341 2446 1395 2472 τῶν
1415 2447 1606 2482 ἀνεπιγράφων
1626 2447 1696 2474 κατὰ
1716 2446 1760 2473 τὸν
1785 2450 1898 2479 προαπο-

1126 2492 1235 2519 δοθέντα
1257 2492 1335 2527 λόγον
1357 2493 1440 2527 ἡμῖν,
1463 2494 1496 2528 τῇ
1526 2494 1668 2528 συναγωγῇ
1695 2493 1748 2519 τῶν
1769 2487 1896 2525 Ἑϐραίων,

1125 2538 1156 2564 οὐ
1180 2539 1213 2573 τῇ
1241 2537 1288 2564 τοῦ
1311 2538 1378 2564 Θεοῦ
1408 2538 1575 2573 Ἐκκλησία,
1604 2536 1718 2564 τοιοῦτοί
1748 2538 1823 2562 εἰσιν.
1845 2531 1897 2558 Ἐπὶ

1125 2584 1234 2611 πάντων
1262 2584 1316 2620 γὰρ
1335 2583 1408 2610 ἔστιν
1427 2584 1515 2619 εὑρεῖν
1535 2592 1593 2610 τινα
1616 2583 1724 2615 πάντως
1746 2577 1894 2617 ἐπιγραφὴνι

1139 2795 1142 2800 ι
1165 2747 1470 2821 (ξωκξηέοονάμὸιωᾱ.

1165 2797 1219 2821 [otii
1235 2797 1289 2821 Αυτ
1305 2805 1329 2821 ν.
1341 2796 1383 2821 ed.

1165 2797 1219 2830 [56)
1235 2796 1329 2827 Αὐτόν,
1341 2796 1383 2824 ed.

1164 2831 1219 2866 (37)
1234 2832 1320 2866 Φωνῇ,
1335 2832 1378 2858 ed.
