1986 3080
129 133 183 161 δί’]

835 132 870 161 ΙΝ
889 131 1058 160 PSALMOS.

1702 132 1754 162 5l8

129 193 163 229 ἢν
177 194 192 220 ό
210 192 333 229 Ἕὸρατος
354 192 385 220 οὺ
406 193 513 229 δέχεται
529 193 575 221 διὰ
592 193 637 221 τὸν
654 194 704 230 τῆς
719 194 858 226 εὐσεϐείας
871 194 917 221 λό-

971 193 1045 221 thetis
1062 199 1116 220 non
1129 191 1226 228 recipit
1239 192 1274 220 ob
1288 193 1397 228 pietatis
1420 201 1481 229 quae
1499 193 1527 221 in
1541 200 1574 221 ea
1589 193 1655 221 latet
1669 194 1755 221 ratio-

128 246 189 273 γον,
203 239 250 264 καὶ
273 238 311 273 ἥν,
327 238 379 264 ὑπὸ
401 239 529 270 ἀπιστίας
550 239 580 266 οὺ
603 239 794 275 παρεδέξαντο.
811 240 873 266 Εἰσὶ
889 239 917 266 δὲ

128 285 154 311 οι
177 283 292 311 τοιοῦτοι
312 284 424 319 ψαλμοὶ,
445 285 484 317 ὡς
495 285 525 311 ὲν
538 286 678 320 κεφαλαίῳ
691 286 739 321 μὲν
758 286 855 318 εἰπεῖν,
873 286 917 312 τὸν

128 330 245 366 ἀριθμὸν
258 330 305 356 δύο
320 330 367 356 καὶ
381 330 462 363 δέκα,
482 330 519 362 ὡς
532 331 555 357 δ’
570 331 627 366 (58)
643 330 675 357 ἂν
691 331 737 358 καὶ
756 331 916 366 ἀκριϐέστε-

129 382 176 410 ρον
188 374 222 401 τὰ
239 375 303 410 περὶ
317 374 406 401 αὐτῶν
420 375 556 410 ἐκτεθείη,
580 376 626 402 καὶ
640 376 688 412 τὴν
704 377 780 410 τάξιν
792 377 841 412 τῆς
854 378 917 404 ἀκο-

127 420 238 452 λουθίας
263 420 305 455 ἐφ’
328 420 435 456 ἑκάστῳ
462 421 655 456 γνωρίσωμεν·
681 423 696 448 ὁ
725 421 849 457 δεύτερος
872 423 918 448 καὶ

127 466 299 501 τριακοστὸς,
308 465 355 492 καὶ
363 466 577 501 τεσσαρακοστὸς
590 467 636 493 καὶ
650 466 784 502 δεύτερος.
796 468 850 494 Καὶ
862 468 917 502 (59)

127 512 174 539 ἐπὶ
186 512 290 544 τούτοις
303 513 316 538 ὁ
328 512 535 547 ὲῦδομηκοστὸς,
547 511 607 539 εἶτα
624 513 637 538 ὁ
651 513 740 548 τρίτος
753 515 811 548 μετ’
826 513 916 547 αὐτὸν,

128 557 176 584 καὶ
194 558 263 593 μετὰ
275 557 385 589 τούτους
400 557 414 583 ὀ
436 554 634 592 ὲννεκῖηκοστός.
655 556 720 585 Εἶτα
736 559 790 594 (ιίυ)
802 560 816 586 ὁ
830 559 919 586 δεύτε-

129 612 186 639 ρος,
203 604 251 630 καὶ
272 602 388 638 καθεξῆς
407 603 458 635 ἕως
477 604 524 630 τοῦ
548 604 637 635 ἕκτου,
661 604 708 631 καὶ
731 605 811 632 πάλιν
830 606 844 631 ό
862 605 917 640 (Μ)

128 649 220 684 δγόοος
243 650 290 677 καὶ
305 642 464 681 ’τελευταῖος
481 651 509 676 ἐν
531 651 585 681 τοῖς
607 651 800 686 ἀνεπιγράφοις
823 651 890 686 (42),
904 652 919 677 ὀ

129 696 274 727 Enetos-.6;
290 705 317 722 τε
332 698 378 723 καὶ
396 696 495 731 τρίτος.
517 697 548 723 Ἠ
564 697 612 731 μὲν
631 695 678 723 οὖν
692 697 767 730 τάξις
785 697 838 724 τῶν
855 699 919 732 παρ’

135 741 272 776 Ἑϐραίοις
289 741 482 776 ἀνεπιγράφων
497 742 611 777 ψαλμῶν
623 742 702 778 αὕτη.
717 743 772 778 Τὴν
788 743 815 770 δὲ
830 744 919 770 αἰτίαν

129 786 176 813 τοῦ
204 786 241 822 μὴ
266 787 465 823 παραδεχοῆναι
490 788 554 824 παρ’
578 788 667 815 αὐτῶν
693 789 741 820 τὰς
764 791 920 824 ἐπιγραφὰς

129 832 240 863 ταύτας,
256 833 304 858 οὐκ
328 832 410 868 ἄλλην
430 831 507 868 οἶμαί
529 842 590 861 τινα
615 834 690 869 παρὰ
707 835 756 870 τὴν
773 836 919 871 εἰρημένην

130 877 210 905 εἶναι.
240 878 344 905 Μᾶλλον
366 879 388 904 δ’
410 878 442 904 ἂν
464 880 528 914 ἡμῖν
549 880 562 905 ὁ
584 880 646 914 περὶ
665 880 765 906 τούτων
787 880 864 915 λόγος
882 883 920 913 είς

131 924 264 956 ἀπόδειξιν
279 922 358 959 ἦλοεν
377 924 444 958 (45),
463 926 486 951 εἰ
505 924 538 951 δι’
553 925 649 959 ὀλίγων
670 926 744 958 τινὰς
758 926 812 953 τῶν
831 928 921 954 ἀνεπι-

130 971 243 1006 γράφων
259 970 373 1006 ψαλμῶν
395 971 424 1003 ἐξ
444 971 593 1007 ἐπιδρομῆς
613 966 785 1008 Θεωρήσομεν
802 973 868 1009 (44),
883 973 920 1006 ὡς

130 1017 163 1044 ἂν
185 1018 201 1053 ὴ
226 1017 376 1053 κατηγορία
398 1017 447 1052 τῆς
461 1017 514 1044 τῶν
530 1018 662 1045 Ἰουδαίων
678 1019 872 1055 ἀγνωμοσύνης
886 1020 919 1047 δι’

129 1062 217 1098 αὑτῆς
233 1064 279 1098 τῆς
364 1062 418 1089 τῶν
429 1063 518 1098 ρητῶν
536 1064 649 1099 Θεωρίας
664 1064 693 1090 τὸ
709 1065 803 1092 πιστὸν
818 1065 883 1100 ἔχοι.

172 1151 281 1188 Ἐπειδὴ
301 1153 337 1188 τῷ
354 1153 382 1186 ἐξ
400 1153 521 1188 οὐρανῶν
545 1154 590 1180 ἐπὶ
606 1153 654 1189 τὴν
679 1154 731 1189 γῆν
751 1155 853 1182 ὲλΟόντι
877 1165 921 1182 κε-

130 1198 226 1226 λεύειὸ
239 1199 344 1233 saepe;
361 1199 569 1233 ὲπαγάλλεσθαι,
586 1199 680 1232 λέγων,
701 1209 709 1225 ι
733 1200 918 1234 ’Λγαλλιᾶσθε,

132 1243 230 1269 δίκαιοι
246 1243 274 1268 ὲν
291 1243 395 1277 Κυρίῳ,
419 1252 428 1268 ι
448 1243 485 1274 ὡς
496 1243 542 1269 τοῦ
559 1244 658 1274 παντὸς
668 1245 820 1270 ἐπιστατῶν
841 1246 918 1280 (45'),

134 1289 182 1314 καὶ
196 1287 225 1320 ea
241 1288 291 1314 οὐκ
303 1288 377 1319 ὄντος
391 1289 422 1315 τὸ
434 1289 486 1315 πᾶν
499 1290 539 1320 είς
552 1289 582 1315 τὸ
596 1287 663 1315 εἶναι
680 1290 858 1326 παραγαγὼν,
873 1291 920 1318 καὶ

136 1334 276 1369 συντηρῶν
291 1334 346 1368 (46)
368 1335 396 1360 ὲν
418 1334 457 1369 τῷ
481 1332 550 1361 εἶναι
571 1334 604 1360 τὰ
627 1336 730 1361 πάντα·
750 1334 780 1362 οἷ)
795 1336 824 1362 τὸ
838 1336 921 1372 πρόσ-

133 1389 227 1414 ταγμα
250 1379 327 1406 οὐσία
349 1380 463 1413 γίνεται.
483 1380 554 1414 Αὕτη
573 1380 626 1416 γὰρ
651 1381 704 1407 τῶν
731 1381 808 1409 θείων
831 1382 921 1418 ῥημά-

132 1434 188 1452 ⁴των
203 1427 219 1461 ἡ
236 1426 333 1457 ἔννοια,
346 1426 386 1452 ὃτι
406 1435 415 1451 ι
434 1425 519 1458 Αὐτὸς
533 1425 592 1453 εἶπε
604 1427 649 1453 καὶ
663 1427 919 1464 ὲγεννήύησαν(ίῖ),

133 1471 215 1502 αὐτὸς
228 1471 379 1498 ἐνετείλατο
397 1471 445 1497 καὶ
459 1471 632 1507 ἐκτίσθησαν.
655 1482 665 1499 ι
687 1471 768 1505 Οὗτος
788 1473 920 1509 μακάριον

132 1517 208 1543 ποιεῖ
221 1516 251 1543 τὺ
273 1516 348 1548 ἔθνος
367 1516 396 1543 τὸ
411 1517 456 1542 ἐπὶ
470 1516 509 1552 τῷ
524 1517 634 1552 ὀνόματι
652 1517 733 1544 αὐτοῦ
758 1519 921 1554 στηριζόμε-

133 1572 190 1594 νον,
209 1563 282 1598 ὴμᾱς
300 1562 386 1596 λέγων
399 1562 429 1589 τὸ
450 1563 535 1595 ἔθνος,
551 1561 590 1595 οἷς
603 1565 619 1599 ἡ
637 1565 714 1596 ἐλπὶς
723 1565 773 1599 τῆς
787 1566 923 1601 σωτηρίας

133 1609 165 1636 τὸ
176 1609 260 1644 ὅνομα
272 1608 318 1635 τοῦ
333 1609 451 1644 Χριστοῦ
464 1610 548 1641 ἐστιν,
557 1606 579 1643 ᾧ
589 1610 827 1646 συνονομαζόμεθα
837 1612 861 1638 οἱ
874 1620 923 1638 πε-

134 1655 321 1686 πιστευκότες.
341 1664 351 1681 ι
370 1655 429 1682 ’Ότι
445 1655 475 1687 ἐξ
491 1656 604 1690 οὐρανοῦ
622 1656 770 1690 ἐπέϐλεψεν
783 1657 796 1683 ὀ
811 1656 921 1692 Κύριος,

133 1701 182 1728 τοῦ
201 1701 265 1728 ἰδεῖν
281 1701 384 1733 πάντας
404 1701 476 1733 υἱοὺς
492 1701 545 1727 τῶν
559 1701 719 1737 ἀνθρώπων,
739 1702 770 1729 ὲκ
793 1702 840 1729 τοῦ
856 1703 925 1729 ἑτοί-

136 1756 187 1783 μου
209 1747 417 1782 κατοικητηρίου
440 1747 523 1773 αὑτοῦ
537 1747 604 1782 (48).
624 1757 634 1773 ι
654 1748 872 1783 Κατοικητήριον
894 1748 923 1775 δὲ

135 1792 218 1819 αὐτοῦ
237 1792 345 1827 ἕτοιμον
364 1792 394 1818 τὸ
410 1792 453 1818 ἀεὶ
473 1790 514 1824 ὃν,
538 1792 585 1819 τὸν
601 1793 709 1828 Πατέρα
728 1793 878 1828 ὠνόμασεν,
892 1791 923 1821 οὖ

134 1839 166 1865 τὸ
179 1837 249 1865 εἶναι
263 1838 306 1864 ἀεί
321 1838 407 1870 ἐστιν,
422 1838 472 1864 οὐκ
484 1837 513 1864 ἐκ
526 1846 597 1869 τινος
611 1839 766 1873 γενόμενον,
780 1840 846 1866 ἀλλὰ
861 1841 923 1867 πάν-

135 1893 198 1911 τοτε
221 1884 346 1919 ἕτοιμον·
372 1884 419 1910 καὶ
447 1885 476 1909 οὺ
507 1883 675 1918 ξενιζὸμεοα,
704 1885 744 1910 ὅτι
766 1885 795 1917 ἐξ
819 1880 921 1912 ἐκείνου

136 1930 184 1956 τοῦ
200 1930 255 1964 (-59)
267 1930 476 1964 κατοικητηρίου
490 1931 545 1961 τοῖς
559 1930 613 1955 τῶν
629 1930 779 1965 ἀνθρώπων
796 1932 862 1962 υίοίς
875 1941 923 1958 κα-

136 1975 314 2010 ταμίγνυται,
331 1975 394 2006 Υἱὸς
419 1975 562 2010 ἀνθρώπου
587 1975 743 2010 γενόμενος,
760 1976 802 2003 διὰ
826 1976 855 2002 τὸ
872 1986 922 2003 πει

137 2021 257 2051 πεῖσθαι,
272 2021 312 2047 ὅτι
329 2021 410 2052 αὑτός
425 2021 497 2047 ἐστιν
513 2030 521 2046 ι
534 2021 562 2047 '0
580 2020 685 2053 πλάσας
703 2023 857 2057 καταμόνας
874 2022 922 2054 τὰς

137 2067 249 2102 καρδίας
269 2066 346 2102 ἡμῶν
362 2066 428 2101 (50).
449 2077 457 2093 ι
478 2067 509 2093 Et
523 2067 576 2102 γὰρ
594 2067 698 2093 ἐκείνου
722 2067 832 2102 πλάσμα
844 2069 860 2103 ἡ
874 2069 921 2095 ἀν-

138 2112 260 2148 θρωπίνη
277 2112 366 2146 φύσις,
385 2113 410 2138 τι
430 2112 522 2139 καινὸν
540 2113 571 2138 ὲκ
589 2113 634 2138 τοῦ
655 2113 802 2148 μυστηρίου
820 2113 922 2148 μανθά-

136 2165 218 2192 νομεν
229 2166 236 2190 ;
252 2157 312 2183 Ὅτι
321 2156 478 2191 όΔεσπότης
487 2156 537 2189 τῆς
550 2155 656 2191 φύσεως
667 2157 706 2188 είς
721 2157 754 2184 τὰ
765 2157 817 2183 ἴδια
829 2155 918 2192 ἦλθεν·

136 2201 194 2229 ἀλλ’
213 2202 238 2228 οἱ
259 2201 379 2236 Ἑϐραῖοι
396 2200 475 2227 αὑτὸν
492 2200 541 2226 οὐκ
562 2201 696 2233 ἐδέξαντο.
717 2201 762 2228 Διὺ
785 2202 889 2234 τούτοις
904 2204 921 2238 ἡ
937 2198 960 2228 ο

139 2247 277 2283 ἐπιγραφὴ
293 2247 342 2274 οὐκ
369 2246 452 2277 ἔστιν,
465 2246 526 2272 οὐδὲ
548 2247 561 2273 ὁ
580 2247 654 2281 ἥλιος
671 2247 708 2282 τῷ
723 2247 760 2283 μὴ
787 2247 922 2282 βλέποντι.

138 2294 219 2320 Ὅθεν
231 2294 276 2319 τὸν
291 2292 361 2319 κατὰ
374 2292 462 2328 σάρκα
477 2292 523 2318 τοῦ
544 2293 626 2328 νόμου
638 2293 748 2328 δρόμον,
762 2293 791 2320 ὃν
814 2303 823 2319 ι
839 2294 922 2329 ψευδῆ

138 2341 220 2367 ῐππον
237 2349 246 2364 ι
263 2339 347 2373 λέγει,
367 2339 414 2366 καὶ
437 2339 492 2374 (51)
514 2340 603 2365 πᾶσαν
625 2339 674 2374 τὴν
695 2339 844 2374 σωματώδη
869 2340 923 2367 τῶν

138 2386 253 2414 ἐντολῶν
267 2385 427 2420 κατανόησιν
444 2385 532 2420 (τοῦτο
549 2385 571 2411 δ’
586 2385 619 2411 ἃν
633 2385 674 2419 εἴη
689 2386 703 2411 ὁ
719 2385 820 2419 γίγας).
836 2386 922 2422 ἄχρη-

139 2441 200 2460 στον
219 2433 258 2464 εἰς
278 2431 413 2466 σωτηρίαν
445 2431 584 2467 κρίνομεν·
613 2430 703 2463 καθὼς
730 2431 866 2458 διαόάλλει
887 2431 923 2458 τὰ

174 2511 196 2526 ⁸⁸
207 2509 281 2538 Psal.
297 2517 384 2542 τηις,
406 2510 418 2536 Ι
435 2517 496 2545 sqq.

174 2588 229 2623 (τις)
246 2587 273 2614 Δ’
285 2596 339 2615 om.
355 2589 399 2616 ed.

173 2623 230 2658 (39)
243 2624 297 2650 Καί
314 2632 368 2650 om.
384 2624 428 2651 ed.

185 2659 229 2690 40)
245 2658 296 2685 Καί
312 2659 374 2686 add.
391 2659 434 2686 ed.

185 2662 229 2690 40)
245 2662 296 2685 hat
312 2662 374 2686 add.
391 2667 404 2686 e

173 2662 229 2728 ΣΗ)
249 2695 278 2720 ’0
288 2701 342 2720 om.
359 2694 404 2721 ed.

174 2729 229 2762 (Η)
239 2729 426 2763 Ἐπιγράφοις,
442 2731 485 2755 rd.

173 2764 228 2798 (‘3)
247 2763 346 2795 Ἐλοοι,
362 2763 405 2790 vd.

173 2799 229 2834 (Η)
241 2799 437 2834 Θειιιρήσωμεν,
455 2798 498 2825 ed.

172 2835 227 2866 (65)
238 2834 293 2868 Τῆς
305 2833 362 2861 om.
379 2833 419 2860 ed.

967 246 1048 270 nem,
1070 245 1152 273 quam
1177 241 1288 273 propter
1310 238 1497 266 inﬁdelitatem
1508 239 1573 274 ‘_ipsi
1598 238 1754 273 repudiant.

968 283 1131 318 Hujusmodi
1153 283 1250 318 psalmi
1272 284 1301 310 in
1327 284 1485 312 universum
1510 289 1576 312 sunt
1598 285 1753 317 duodecim,

970 331 979 359 (
987 334 1016 357 ut
1032 330 1188 357 summatim
1201 337 1346 357 numerum
1361 329 1462 362 dicam,
1479 338 1533 365 quo
1546 334 1572 358 et
1585 331 1754 362 accuratius,

969 383 1030 410 quae
1052 375 1085 403 ad
1107 376 1231 411 singulos
1248 376 1396 410 pertinent,
1418 376 1598 410 explicentur,
1620 376 1756 411 simulque

969 421 1120 456 cujuslibet
1140 421 1209 449 ordo
1230 426 1257 449 et
1273 421 1420 457 dispositio
1436 421 1608 457 innotescat)
1622 443 1629 454 ,
1645 430 1754 457 nempe,

969 467 1125 494 tricesimus
1140 467 1278 494 secundus
1288 486 1295 499 ,
1311 471 1337 494 et
1352 467 1582 502 quadragesimus
1604 467 1752 494 secundus.

969 512 1035 539 Post
1050 514 1100 540 hos
1115 513 1333 549 septuagesimus
1345 534 1352 546 ,
1377 517 1404 540 et
1421 513 1517 541 tertius
1532 513 1567 540 ab
1580 513 1644 541 isto.
1657 513 1754 541 Postea

969 559 1183 593 nonagesitnus,
1211 558 1310 586 deinde
1327 558 1465 586 secundus
1487 559 1521 586 ab
1542 558 1592 586 hoc
1612 567 1700 593 usque
1722 559 1754 586 ad

969 607 1087 631 sextum.
1109 604 1217 631 Rursus
1235 608 1347 631 octavus
1358 624 1365 636 ,
1379 609 1406 631 et
1421 604 1531 631 ultimus
1547 604 1618 632 inter
1631 604 1692 632 illos
1708 606 1755 640 qui

969 649 1147 684 inscriptione
1164 653 1269 681 carent,
1288 649 1454 677 centesimus
1469 649 1577 677 tertius.
1596 649 1659 677 Haec
1672 650 1756 685 igitur

969 699 1011 722 est
1025 695 1111 722 series
1122 695 1301 729 psalmorum,
1319 695 1366 729 qui
1382 694 1453 729 apud
1472 694 1601 722 Hebraeos
1614 695 1698 722 nullis
1713 696 1756 722 in-

970 740 1169 775 scriptionibus
1185 740 1382 775 insigniuntur.
1405 742 1522 767 Causam
1541 748 1591 767 cur
1607 749 1662 769 non
1682 742 1754 770 reci-

970 787 1047 822 piant
1064 787 1131 814 istas
1147 787 1343 821 inscriptiones
1369 786 1449 813 aliam
1466 794 1521 814 non
1542 787 1662 815 arbitror
1677 796 1753 819 esso.

971 840 1051 867 quant
1064 840 1124 859 eam
1139 840 1199 867 quae
1212 839 1294 866 supra
1304 839 1318 858 a
1335 839 1377 858 me
1391 831 1509 858 adducta
1524 836 1576 859 est.
1588 831 1640 860 Sed
1655 833 1756 860 clarior

971 882 998 906 et
1012 879 1159 906 dilucidior
1174 878 1256 913 hujus
1273 878 1312 905 rei
1330 877 1529 906 demonstratio
1545 879 1607 911 erit,
1622 879 1645 906 si
1661 880 1756 914 paucis

972 925 1103 959 quosdam
1120 924 1241 959 psaltuos
1267 924 1457 959 inscriptionis
1474 929 1614 959 expertes,
1633 925 1712 960 quasi
1728 926 1754 952 in

972 975 1133 999 transcursu
1149 970 1345 1005 inspiciamus,
1364 975 1393 997 ut
1410 971 1587 1005 reprehensio
1600 975 1628 998 et
1643 978 1757 998 accusa-

972 1017 1020 1048 tio,
1033 1024 1114 1052 quatn
1134 1017 1161 1044 in
1185 1016 1305 1051 perfidos
1319 1021 1347 1044 et
1368 1017 1529 1051 insipientes
1547 1016 1656 1044 .ludaeos
1675 1016 1756 1044 insti-

971 1063 1084 1095 tuimus,
1102 1070 1135 1090 ex
1151 1062 1210 1097 ipsa
1224 1063 1367 1090 verborum
1380 1067 1406 1090 et
1421 1063 1617 1090 sententiarum
1631 1063 1756 1091 considoh

971 1108 1078 1139 ratione
1089 1108 1280 1140 conﬁrmetur,
1296 1106 1431 1142 ﬁdemque
1444 1107 1497 1134 sibi
1513 1108 1654 1135 conciliet.

1008 1153 1132 1180 Venienti
1147 1154 1230 1188 igitur
1245 1161 1279 1181 ex
1298 1153 1368 1181 cmlo
1383 1153 1410 1180 in
1428 1157 1528 1180 terram
1539 1153 1618 1188 jubet
1633 1154 1756 1189 psalmus

971 1199 1186 1234 applauderehis
1195 1200 1286 1227 verbis
1295 1202 1321 1227 :’t
1335 1199 1555 1234 Exsttltate,,justi
1565 1199 1591 1226 in
1604 1199 1728 1231 Domino,
1744 1211 1753 1226 ι

970 1249 997 1272 et
1014 1245 1178 1280 applaudite,
1192 1249 1319 1280 tanquam
1335 1246 1522 1273 universitatis
1537 1246 1618 1280 hujus
1634 1247 1756 1274 modera-

972 1291 1033 1322 tori,
1050 1291 1095 1325 qui
1111 1299 1142 1318 ex
1158 1291 1242 1317 nihilo
1255 1298 1336 1318 omne
1344 1291 1416 1326 quod
1425 1295 1477 1323 est,
1492 1291 1524 1318 ad
1538 1299 1598 1319 esse
1609 1292 1714 1323 eduxit,
1729 1298 1756 1319 ct

971 1337 1062 1363 omnia
1077 1336 1103 1362 in
1122 1344 1172 1363 suo
1183 1344 1244 1364 esse
1258 1341 1418 1369 conservat,
1434 1337 1513 1371 cujus
1537 1343 1701 1373 praeceptum
1716 1342 1757 1365 cst

971 1390 1062 1409 rerum
1073 1382 1236 1409 substantia.
1255 1381 1317 1409 Haec
1325 1383 1396 1410 cnim
1411 1384 1486 1410 notio
1495 1384 1640 1418 subjicitur
1656 1383 1757 1412 divinis

972 1427 1025 1455 illis
1032 1427 1123 1454 verbis
1133 1436 1138 1454 :
1149 1436 1158 1452 ι
1172 1426 1231 1461 Ipse
1238 1426 1306 1454 dixit
1315 1431 1340 1454 et
1355 1428 1423 1454 facta
1434 1432 1508 1460 sunt,
1517 1429 1574 1463 ipse
1583 1428 1721 1456 mandavit
1731 1432 1758 1456 et

972 1477 1064 1500 creata
1075 1477 1150 1500 sunt.
1168 1482 1177 1499 ι
1190 1472 1239 1500 llic
1255 1473 1361 1500 beatam
1373 1473 1563 1510 fa’citgentem,
1576 1482 1636 1510 qua:
1649 1475 1758 1502 nomine

935 1531 955 1559 ρ
972 1520 1058 1554 ipsius
1074 1520 1180 1551 nititur,
1203 1527 1253 1547 nos
1270 1527 1318 1556 per
1336 1525 1443 1555 gentem
1466 1520 1634 1556 intelligens,
1655 1521 1757 1556 quibus

974 1573 1036 1600 spes
1051 1567 1147 1594 salutis
1167 1566 1194 1593 in
1213 1567 1324 1594 nomine
1340 1566 1442 1593 Christi
1457 1567 1545 1602 posita
1556 1588 1563 1601 ,
1579 1567 1680 1602 quique
1695 1575 1758 1595 cum

973 1612 1150 1644 credidimus,
1163 1619 1176 1638 a
1188 1612 1299 1639 Christo
1308 1619 1406 1639 nomen
1417 1613 1584 1647 accepimus.
1599 1622 1608 1639 ι
1625 1612 1758 1646 Quoniam

973 1658 1007 1686 de
1026 1659 1096 1685 cmlo
1118 1659 1238 1693 respexit
1256 1659 1388 1686 Dominus
1400 1678 1407 1690 ,
1424 1662 1454 1685 ut
1469 1658 1560 1686 videat
1579 1666 1674 1686 omnes
1690 1658 1759 1686 ﬁlios

973 1704 1115 1732 hominum
1127 1725 1134 1737 ,
1147 1705 1180 1731 de
1198 1709 1352 1739 prazparato
1364 1703 1518 1731 habitacula
1526 1701 1615 1730 suo".
1629 1713 1638 1729 ι
1652 1703 1761 1739 Praepa-

973 1754 1062 1778 ratum
1078 1750 1138 1784 ejus
1159 1750 1360 1782 habitaculum,
1377 1750 1506 1784 quodque
1520 1757 1627 1784 semper
1639 1753 1697 1783 est,
1712 1749 1761 1776 Pa-

973 1800 1042 1823 trem
1058 1796 1220 1831 appeilavit',
1237 1795 1317 1830 cujus
1332 1803 1393 1822 esse.
1404 1803 1511 1830 semper
1525 1799 1582 1828 est;
1596 1794 1697 1829 quippe
1712 1795 1759 1830 qtti

973 1850 1007 1869 ex
1028 1843 1101 1868 nullo
1123 1842 1156 1868 sit
1175 1842 1304 1877 genitus,
1323 1841 1370 1868 sed
1391 1848 1500 1875 semper
1516 1845 1699 1874 praeparatum
1717 1844 1761 1868 est

973 1888 1025 1915 hoc
1037 1888 1234 1920 habitaculum;
1252 1895 1340 1922 neque
1357 1886 1558 1918 aberrabimus,
1576 1887 1598 1913 si
1616 1886 1760 1914 credamus

973 1941 1035 1960 eum
1057 1941 1089 1960 ex
1113 1932 1161 1960 illo
1179 1937 1332 1968 praeparato
1352 1932 1510 1959 habitaculo
1532 1932 1760 1964 descendentem,

975 1979 1037 2005 ﬁliis
1059 1979 1200 2006 hominum
1217 1982 1392 2014 aggregatunt
1413 1985 1489 2010 esse,
1518 1978 1618 2004 factum
1641 1977 1760 2005 hominis

972 2024 1081 2057 Filium,
1099 2032 1131 2052 eo
1148 2024 1219 2059 quod
1238 2025 1316 2052 nobis
1332 2027 1407 2052 certe
1423 2031 1582 2059 persuasum
1595 2023 1648 2053 sit.
1672 2023 1760 2058 ipsum

972 2077 1033 2097 esse
1043 2071 1087 2105 qui
1100 2079 1108 2095 ι
1126 2069 1204 2096 tinxit
1218 2069 1355 2104 sigillatim
1370 2069 1452 2096 corda
1468 2069 1598 2103 ipsorum.
1621 2078 1630 2094 ι
1648 2067 1676 2095 Si
1688 2069 1761 2095 enim

972 2116 1059 2151 ipsius
1076 2116 1234 2150 ﬁgmentum
1252 2119 1293 2142 est
1313 2114 1431 2141 humana
1445 2120 1554 2146 natura,
1574 2114 1671 2141 merito
1686 2121 1762 2148 qua:-

971 2166 1015 2188 rat
1028 2162 1099 2196 quis.
1123 2160 1192 2194 Quid
1209 2161 1273 2188 novi
1290 2161 1342 2187 hoc
1365 2160 1495 2195 mysterio
1513 2159 1674 2187 discamus?
1693 2160 1761 2186 Illud

974 2207 1118 2238 videlicet,
1135 2206 1280 2233 Dominum
1299 2210 1404 2234 natura:
1425 2207 1451 2233 in
1467 2206 1578 2240 propria
1594 2206 1715 2237 venisse,
1734 2210 1761 2232 et

973 2252 1006 2279 ab
1020 2252 1140 2279 Hebr-mis
1156 2256 1294 2287 receptum
1313 2260 1366 2279 non
1382 2259 1453 2279 esse.
1471 2251 1606 2284 Quocirca
1619 2252 1762 2286 inscriptio

974 2298 1028 2326 illis
1045 2299 1137 2330 nulla,
1154 2303 1183 2326 ut
1207 2306 1257 2325 nec
1281 2298 1322 2325 sol
1347 2298 1401 2330 illi,
1423 2298 1468 2333 qui
1486 2298 1554 2324 nihil
1571 2298 1654 2325 videt.
1685 2295 1762 2325 Unde

973 2350 1083 2369 cursum
1103 2342 1170 2377 legis
1189 2342 1338 2369 secundum
1355 2349 1465 2369 carnem
1480 2362 1487 2375 ,
1510 2350 1590 2376 quem
1611 2351 1621 2368 ο
1638 2342 1761 2369 fallacem

973 2395 1072 2422 equum
1089 2397 1099 2414 ι
1113 2388 1247 2420 nominat,
1261 2393 1289 2416 et
1300 2395 1407 2416 omnem
1419 2388 1492 2415 illam
1505 2389 1674 2423 corporalem
1685 2396 1763 2414 man-

973 2433 1100 2461 datortttn
1114 2434 1332 2470 intelligentiam,
1351 2441 1412 2470 qua:
1425 2433 1553 2462 fortassis
1566 2434 1647 2462 fuerit
1662 2433 1708 2460 ille
1718 2433 1759 2468 gi-

1009 2587 1078 2623 (45‘)
1098 2587 1309 2616 Ἐπιστατοῦντι,
1321 2586 1369 2623 οὐ.

1021 2620 1270 2658 46)’Παραγαγόντι
1285 2622 1332 2649 καὶ
1348 2621 1534 2658 συντηροῦντι,
1552 2620 1597 2648 ed.

1021 2657 1066 2692 47)
1080 2657 1271 2692 Ἐγενήθησαν,
1286 2659 1330 2684 ed.

1022 2692 1066 2719 48)
1079 2692 1164 2719 Αὑτοῦ
1181 2700 1236 2719 om.
1253 2692 1296 2718 ed.
1376 2713 1381 2718 .

1023 2727 1068 2760 69)
1088 2726 1213 2761 Ἑτοίμου
1227 2727 1290 2753 add.
1304 2726 1346 2753 ed.

1013 2761 1069 2796 (50)
1082 2761 1190 2794 Αὐτῶν,
1205 2761 1247 2788 ed.

1013 2797 1068 2832 (5i)
1082 2797 1158 2824 Κατά
1169 2796 1278 2832 quidam
1293 2795 1373 2824 codd.
