  <div class='ocr_page' id='page_1' title='image "/cluster/home/n/w/nwhite01/storage/ocr_20150623/44/njp.32101009003169/265.png"; bbox 0 0 1986 3080; ppageno 0'>
   <div class='ocr_carea' id='block_1_1' title="bbox 238 123 290 151">
    <p class='ocr_par' dir='ltr' id='par_1_1' title="bbox 238 123 290 151">
     <span class='ocr_line' id='line_1_1' title="bbox 238 123 290 151; baseline 0 0"><span class='ocrx_word' id='word_1_1' title='bbox 238 123 290 151; x_wconf 63' lang='grc'><strong>519</strong></span> 
     </span>
    </p>
   </div>
   <div class='ocr_carea' id='block_1_2' title="bbox 881 109 1254 140">
    <p class='ocr_par' dir='ltr' id='par_1_2' title="bbox 881 109 1254 140">
     <span class='ocr_line' id='line_1_2' title="bbox 881 109 1254 140; baseline -0.008 0"><span class='ocrx_word' id='word_1_2' title='bbox 881 113 910 140; x_wconf 80' lang='lat' dir='ltr'><strong>S.</strong></span> <span class='ocrx_word' id='word_1_3' title='bbox 926 109 1090 140; x_wconf 76' lang='lat' dir='ltr'><strong>GREGORII</strong></span> <span class='ocrx_word' id='word_1_4' title='bbox 1109 109 1254 138; x_wconf 76' lang='lat' dir='ltr'><strong>NYSSENI</strong></span> 
     </span>
    </p>
   </div>
   <div class='ocr_carea' id='block_1_3' title="bbox 1813 103 1872 131">
    <p class='ocr_par' dir='ltr' id='par_1_3' title="bbox 1813 103 1872 131">
     <span class='ocr_line' id='line_1_3' title="bbox 1813 103 1872 131; baseline 0.017 -1"><span class='ocrx_word' id='word_1_5' title='bbox 1813 103 1872 131; x_wconf 69' lang='lat'><strong>239.0</strong></span> 
     </span>
    </p>
   </div>
   <div class='ocr_carea' id='block_1_4' title="bbox 239 163 1041 214">
    <p class='ocr_par' dir='ltr' id='par_1_4' title="bbox 239 171 1032 214">
     <span class='ocr_line' id='line_1_4' title="bbox 239 171 1032 214; baseline -0.011 -10"><span class='ocrx_word' id='word_1_6' title='bbox 239 185 300 214; x_wconf 66' lang='lat' dir='ltr'><strong>gas.</strong></span> <span class='ocrx_word' id='word_1_7' title='bbox 316 175 384 203; x_wconf 84' lang='lat' dir='ltr'><strong>nihil</strong></span> <span class='ocrx_word' id='word_1_8' title='bbox 401 173 435 202; x_wconf 89' lang='lat' dir='ltr'><strong>ad</strong></span> <span class='ocrx_word' id='word_1_9' title='bbox 449 174 565 202; x_wconf 82' lang='lat' dir='ltr'><strong>salutem</strong></span> <span class='ocrx_word' id='word_1_10' title='bbox 583 172 710 201; x_wconf 76' lang='lat' dir='ltr'><strong>conferre</strong></span> <span class='ocrx_word' id='word_1_11' title='bbox 721 171 874 206; x_wconf 75' lang='lat' dir='ltr'><strong>iudicamus</strong></span> <span class='ocrx_word' id='word_1_12' title='bbox 887 179 895 204; x_wconf 84' lang='lat'><strong>;</strong></span> <span class='ocrx_word' id='word_1_13' title='bbox 911 173 992 205; x_wconf 83' lang='lat' dir='ltr'><strong>prout</strong></span> <span class='ocrx_word' id='word_1_14' title='bbox 1005 172 1032 196; x_wconf 87' lang='lat' dir='ltr'><strong>et</strong></span> 
     </span>
    </p>
   </div>
   <div class='ocr_carea' id='block_1_5' title="bbox 1093 163 1872 214">
    <p class='ocr_par' dir='ltr' id='par_1_5' title="bbox 1093 163 1872 203">
     <span class='ocr_line' id='line_1_5' title="bbox 1093 163 1872 203; baseline -0.006 -8"><span class='ocrx_word' id='word_1_15' title='bbox 1093 169 1192 195; x_wconf 72' lang='grc' dir='ltr'>τοιαῦτα</span> <span class='ocrx_word' id='word_1_16' title='bbox 1206 168 1220 193; x_wconf 74' lang='grc' dir='ltr'><strong>ὁ</strong></span> <span class='ocrx_word' id='word_1_17' title='bbox 1232 167 1384 203; x_wconf 77' lang='grc' dir='ltr'>Ψαλμῳδδς</span> <span class='ocrx_word' id='word_1_18' title='bbox 1399 167 1432 194; x_wconf 82' lang='grc' dir='ltr'>δι’</span> <span class='ocrx_word' id='word_1_19' title='bbox 1446 165 1604 201; x_wconf 70' lang='grc' dir='ltr'>αἰνίγματος</span> <span class='ocrx_word' id='word_1_20' title='bbox 1616 164 1712 198; x_wconf 84' lang='grc' dir='ltr'>λέγων·</span> <span class='ocrx_word' id='word_1_21' title='bbox 1730 173 1739 190; x_wconf 79' lang='lat' dir='ltr'><strong>t</strong></span> <span class='ocrx_word' id='word_1_22' title='bbox 1756 163 1872 198; x_wconf 68' lang='grc' dir='ltr'>Ψευδὴς</span> 
     </span>
    </p>
   </div>
   <div class='ocr_carea' id='block_1_6' title="bbox 243 215 1029 257">
    <p class='ocr_par' dir='ltr' id='par_1_6' title="bbox 243 215 1029 257">
     <span class='ocr_line' id='line_1_6' title="bbox 243 215 1029 257; baseline -0.013 -7"><span class='ocrx_word' id='word_1_23' title='bbox 243 223 301 257; x_wconf 82' lang='lat' dir='ltr'><strong>ipse</strong></span> <span class='ocrx_word' id='word_1_24' title='bbox 324 221 493 248; x_wconf 81' lang='lat' dir='ltr'><strong>Psalmorum</strong></span> <span class='ocrx_word' id='word_1_25' title='bbox 518 219 637 253; x_wconf 77' lang='lat' dir='ltr'><strong>scriptor</strong></span> <span class='ocrx_word' id='word_1_26' title='bbox 662 217 727 245; x_wconf 88' lang='lat' dir='ltr'><strong>talia</strong></span> <span class='ocrx_word' id='word_1_27' title='bbox 745 217 891 252; x_wconf 78' lang='lat' dir='ltr'><strong>amigmate</strong></span> <span class='ocrx_word' id='word_1_28' title='bbox 909 215 1029 249; x_wconf 87' lang='lat' dir='ltr'><strong>quodam</strong></span> 
     </span>
    </p>
   </div>
   <div class='ocr_carea' id='block_1_7' title="bbox 242 261 1034 298">
    <p class='ocr_par' dir='ltr' id='par_1_7' title="bbox 242 261 1034 298">
     <span class='ocr_line' id='line_1_7' title="bbox 242 261 1034 298; baseline -0.009 -4"><span class='ocrx_word' id='word_1_29' title='bbox 242 266 378 298; x_wconf 84' lang='lat' dir='ltr'><strong>traducit,</strong></span> <span class='ocrx_word' id='word_1_30' title='bbox 396 273 459 292; x_wconf 91' lang='lat' dir='ltr'><strong>cum</strong></span> <span class='ocrx_word' id='word_1_31' title='bbox 476 265 514 292; x_wconf 85' lang='lat' dir='ltr'><strong>ait</strong></span> <span class='ocrx_word' id='word_1_32' title='bbox 535 273 541 291; x_wconf 92' lang='lat'><strong>:</strong></span> <span class='ocrx_word' id='word_1_33' title='bbox 562 273 571 290; x_wconf 83' lang='grc'><strong><em>‹</em></strong></span> <span class='ocrx_word' id='word_1_34' title='bbox 591 263 684 290; x_wconf 79' lang='lat' dir='ltr'><strong>Fallax</strong></span> <span class='ocrx_word' id='word_1_35' title='bbox 701 270 791 297; x_wconf 87' lang='lat' dir='ltr'><strong>equus</strong></span> <span class='ocrx_word' id='word_1_36' title='bbox 803 262 837 290; x_wconf 86' lang='lat' dir='ltr'><strong>ad</strong></span> <span class='ocrx_word' id='word_1_37' title='bbox 853 261 987 292; x_wconf 76' lang='lat' dir='ltr'><strong>salutem,</strong></span> <span class='ocrx_word' id='word_1_38' title='bbox 1005 264 1034 287; x_wconf 91' lang='lat' dir='ltr'><strong>et</strong></span> 
     </span>
    </p>
   </div>
   <div class='ocr_carea' id='block_1_8' title="bbox 241 307 1030 347">
    <p class='ocr_par' dir='ltr' id='par_1_8' title="bbox 241 307 1030 347">
     <span class='ocr_line' id='line_1_8' title="bbox 241 307 1030 347; baseline -0.008 -10"><span class='ocrx_word' id='word_1_39' title='bbox 241 312 318 347; x_wconf 76' lang='lat' dir='ltr'><strong>gigas</strong></span> <span class='ocrx_word' id='word_1_40' title='bbox 334 319 389 338; x_wconf 93' lang='lat' dir='ltr'><strong>non</strong></span> <span class='ocrx_word' id='word_1_41' title='bbox 405 311 554 339; x_wconf 83' lang='lat' dir='ltr'><strong>salvabitur</strong></span> <span class='ocrx_word' id='word_1_42' title='bbox 571 310 598 337; x_wconf 91' lang='lat' dir='ltr'><strong>in</strong></span> <span class='ocrx_word' id='word_1_43' title='bbox 614 308 790 336; x_wconf 85' lang='lat' dir='ltr'><strong>multitudine</strong></span> <span class='ocrx_word' id='word_1_44' title='bbox 809 307 920 335; x_wconf 86' lang='lat' dir='ltr'><strong>virtutis</strong></span> <span class='ocrx_word' id='word_1_45' title='bbox 935 313 1000 334; x_wconf 72' lang='lat' dir='ltr'><strong>suae.</strong></span> <span class='ocrx_word' id='word_1_46' title='bbox 1019 315 1030 331; x_wconf 73' lang='grc' dir='ltr'><strong>ι</strong></span> 
     </span>
    </p>
   </div>
   <div class='ocr_carea' id='block_1_9' title="bbox 242 352 1034 392">
    <p class='ocr_par' dir='ltr' id='par_1_9' title="bbox 242 352 1034 392">
     <span class='ocr_line' id='line_1_9' title="bbox 242 352 1034 392; baseline -0.008 -7"><span class='ocrx_word' id='word_1_47' title='bbox 242 357 432 392; x_wconf 78' lang='lat' dir='ltr'><strong>Respicientes</strong></span> <span class='ocrx_word' id='word_1_48' title='bbox 447 364 510 384; x_wconf 85' lang='lat' dir='ltr'><strong>vero</strong></span> <span class='ocrx_word' id='word_1_49' title='bbox 523 358 550 383; x_wconf 85' lang='lat' dir='ltr'><strong>in</strong></span> <span class='ocrx_word' id='word_1_50' title='bbox 563 363 625 383; x_wconf 91' lang='lat' dir='ltr'><strong>eum</strong></span> <span class='ocrx_word' id='word_1_51' title='bbox 635 376 642 388; x_wconf 93' lang='lat'><strong>,</strong></span> <span class='ocrx_word' id='word_1_52' title='bbox 657 356 703 390; x_wconf 94' lang='lat' dir='ltr'><strong>qui</strong></span> <span class='ocrx_word' id='word_1_53' title='bbox 723 355 848 382; x_wconf 87' lang='lat' dir='ltr'><strong>liberata</strong></span> <span class='ocrx_word' id='word_1_54' title='bbox 869 357 958 381; x_wconf 80' lang='lat' dir='ltr'><strong>morte</strong></span> <span class='ocrx_word' id='word_1_55' title='bbox 974 352 1034 380; x_wconf 86' lang='lat' dir='ltr'><strong>ani-</strong></span> 
     </span>
    </p>
   </div>
   <div class='ocr_carea' id='block_1_10' title="bbox 243 399 1033 437">
    <p class='ocr_par' dir='ltr' id='par_1_10' title="bbox 243 399 1033 437">
     <span class='ocr_line' id='line_1_10' title="bbox 243 399 1033 437; baseline -0.006 -7"><span class='ocrx_word' id='word_1_56' title='bbox 243 411 302 430; x_wconf 90' lang='lat' dir='ltr'><strong>mas</strong></span> <span class='ocrx_word' id='word_1_57' title='bbox 318 408 428 430; x_wconf 86' lang='lat' dir='ltr'><strong>nostras</strong></span> <span class='ocrx_word' id='word_1_58' title='bbox 439 410 487 437; x_wconf 84' lang='lat' dir='ltr'><strong>per</strong></span> <span class='ocrx_word' id='word_1_59' title='bbox 502 402 643 429; x_wconf 66' lang='lat' dir='ltr'><strong>cmlestem</strong></span> <span class='ocrx_word' id='word_1_60' title='bbox 661 401 764 432; x_wconf 82' lang='lat' dir='ltr'><strong>cibum,</strong></span> <span class='ocrx_word' id='word_1_61' title='bbox 787 399 1033 436; x_wconf 83' lang='lat' dir='ltr'><strong>(quemadmodum</strong></span> 
     </span>
    </p>
   </div>
   <div class='ocr_carea' id='block_1_11' title="bbox 243 445 1034 482">
    <p class='ocr_par' dir='ltr' id='par_1_11' title="bbox 243 445 1034 482">
     <span class='ocr_line' id='line_1_11' title="bbox 243 445 1034 482; baseline -0.005 -8"><span class='ocrx_word' id='word_1_62' title='bbox 243 447 379 482; x_wconf 86' lang='lat' dir='ltr'><strong>Propheta</strong></span> <span class='ocrx_word' id='word_1_63' title='bbox 402 447 468 474; x_wconf 90' lang='lat' dir='ltr'><strong>dicit</strong></span> <span class='ocrx_word' id='word_1_64' title='bbox 490 455 524 473; x_wconf 74' lang='grc' dir='ltr'>ε(</span> <span class='ocrx_word' id='word_1_65' title='bbox 550 445 628 473; x_wconf 89' lang='lat' dir='ltr'><strong>Oculi</strong></span> <span class='ocrx_word' id='word_1_66' title='bbox 651 445 759 473; x_wconf 83' lang='lat' dir='ltr'><strong>Domini</strong></span> <span class='ocrx_word' id='word_1_67' title='bbox 774 452 857 480; x_wconf 86' lang='lat' dir='ltr'><strong>super</strong></span> <span class='ocrx_word' id='word_1_68' title='bbox 881 447 1034 472; x_wconf 84' lang='lat' dir='ltr'><strong>metuentes</strong></span> 
     </span>
    </p>
   </div>
   <div class='ocr_carea' id='block_1_12' title="bbox 246 489 1032 526">
    <p class='ocr_par' dir='ltr' id='par_1_12' title="bbox 246 489 1032 526">
     <span class='ocr_line' id='line_1_12' title="bbox 246 489 1032 526; baseline -0.005 -6"><span class='ocrx_word' id='word_1_69' title='bbox 246 501 319 524; x_wconf 88' lang='lat' dir='ltr'><strong>eum,</strong></span> <span class='ocrx_word' id='word_1_70' title='bbox 338 498 364 520; x_wconf 86' lang='lat' dir='ltr'><strong>et</strong></span> <span class='ocrx_word' id='word_1_71' title='bbox 382 492 408 518; x_wconf 91' lang='lat' dir='ltr'><strong>iu</strong></span> <span class='ocrx_word' id='word_1_72' title='bbox 419 492 459 519; x_wconf 84' lang='lat' dir='ltr'><strong>eis</strong></span> <span class='ocrx_word' id='word_1_73' title='bbox 471 491 517 526; x_wconf 88' lang='lat' dir='ltr'><strong>qui</strong></span> <span class='ocrx_word' id='word_1_74' title='bbox 533 495 645 526; x_wconf 87' lang='lat' dir='ltr'><strong>sperant</strong></span> <span class='ocrx_word' id='word_1_75' title='bbox 659 499 743 525; x_wconf 84' lang='lat' dir='ltr'><strong>super</strong></span> <span class='ocrx_word' id='word_1_76' title='bbox 756 489 949 518; x_wconf 82' lang='lat' dir='ltr'><strong>misericordia</strong></span> <span class='ocrx_word' id='word_1_77' title='bbox 961 489 1032 524; x_wconf 84' lang='lat' dir='ltr'><strong>ejus,</strong></span> 
     </span>
    </p>
   </div>
   <div class='ocr_carea' id='block_1_13' title="bbox 243 535 1032 568">
    <p class='ocr_par' dir='ltr' id='par_1_13' title="bbox 243 535 1032 568">
     <span class='ocr_line' id='line_1_13' title="bbox 243 535 1032 568; baseline -0.004 -4"><span class='ocrx_word' id='word_1_78' title='bbox 243 543 272 565; x_wconf 84' lang='lat' dir='ltr'><strong>ut</strong></span> <span class='ocrx_word' id='word_1_79' title='bbox 290 537 386 565; x_wconf 81' lang='lat' dir='ltr'><strong>liberet</strong></span> <span class='ocrx_word' id='word_1_80' title='bbox 409 544 424 563; x_wconf 86' lang='lat' dir='ltr'><strong>a</strong></span> <span class='ocrx_word' id='word_1_81' title='bbox 441 541 528 564; x_wconf 90' lang='lat' dir='ltr'><strong>morte</strong></span> <span class='ocrx_word' id='word_1_82' title='bbox 545 537 652 563; x_wconf 86' lang='lat' dir='ltr'><strong>animas</strong></span> <span class='ocrx_word' id='word_1_83' title='bbox 671 543 784 568; x_wconf 83' lang='lat' dir='ltr'><strong>eorum,</strong></span> <span class='ocrx_word' id='word_1_84' title='bbox 805 539 832 562; x_wconf 83' lang='lat' dir='ltr'><strong>et</strong></span> <span class='ocrx_word' id='word_1_85' title='bbox 858 535 914 562; x_wconf 78' lang='lat' dir='ltr'><strong>alat</strong></span> <span class='ocrx_word' id='word_1_86' title='bbox 936 542 984 562; x_wconf 84' lang='lat' dir='ltr'><strong>eos</strong></span> <span class='ocrx_word' id='word_1_87' title='bbox 1005 535 1032 561; x_wconf 93' lang='lat' dir='ltr'><strong>in</strong></span> 
     </span>
    </p>
   </div>
   <div class='ocr_carea' id='block_1_14' title="bbox 245 581 1034 618">
    <p class='ocr_par' dir='ltr' id='par_1_14' title="bbox 245 581 1034 618">
     <span class='ocr_line' id='line_1_14' title="bbox 245 581 1034 618; baseline -0.003 -8"><span class='ocrx_word' id='word_1_88' title='bbox 245 583 348 618; x_wconf 66' lang='lat' dir='ltr'><strong>fame»)</strong></span> <span class='ocrx_word' id='word_1_89' title='bbox 364 583 431 610; x_wconf 91' lang='lat' dir='ltr'><strong>illud</strong></span> <span class='ocrx_word' id='word_1_90' title='bbox 447 582 623 618; x_wconf 79' lang='lat' dir='ltr'><strong>proferimus,</strong></span> <span class='ocrx_word' id='word_1_91' title='bbox 637 591 646 608; x_wconf 73' lang='grc' dir='ltr'><strong>ο</strong></span> <span class='ocrx_word' id='word_1_92' title='bbox 658 582 757 609; x_wconf 78' lang='lat' dir='ltr'><strong>Anima</strong></span> <span class='ocrx_word' id='word_1_93' title='bbox 775 585 868 610; x_wconf 88' lang='lat' dir='ltr'><strong>nostra</strong></span> <span class='ocrx_word' id='word_1_94' title='bbox 885 581 1034 609; x_wconf 83' lang='lat' dir='ltr'><strong>sustinebit</strong></span> 
     </span>
    </p>
   </div>
   <div class='ocr_carea' id='block_1_15' title="bbox 244 627 1033 664">
    <p class='ocr_par' dir='ltr' id='par_1_15' title="bbox 244 627 1033 664">
     <span class='ocr_line' id='line_1_15' title="bbox 244 627 1033 664; baseline -0.003 -8"><span class='ocrx_word' id='word_1_95' title='bbox 244 630 400 660; x_wconf 87' lang='lat' dir='ltr'><strong>Dominum,</strong></span> <span class='ocrx_word' id='word_1_96' title='bbox 421 629 467 664; x_wconf 86' lang='lat' dir='ltr'><strong>qui</strong></span> <span class='ocrx_word' id='word_1_97' title='bbox 490 636 523 656; x_wconf 78' lang='lat' dir='ltr'><strong>ex</strong></span> <span class='ocrx_word' id='word_1_98' title='bbox 547 629 626 656; x_wconf 69' lang='lat' dir='ltr'><strong>caelis</strong></span> <span class='ocrx_word' id='word_1_99' title='bbox 646 636 697 656; x_wconf 89' lang='lat' dir='ltr'><strong>nos</strong></span> <span class='ocrx_word' id='word_1_100' title='bbox 708 628 919 662; x_wconf 54' lang='lat' dir='ltr'><strong>intueturpett</strong></span> <span class='ocrx_word' id='word_1_101' title='bbox 940 627 1033 661; x_wconf 85' lang='lat' dir='ltr'><strong>:Fiat,</strong></span> 
     </span>
    </p>
   </div>
   <div class='ocr_carea' id='block_1_16' title="bbox 244 674 1035 709">
    <p class='ocr_par' dir='ltr' id='par_1_16' title="bbox 244 674 1035 709">
     <span class='ocr_line' id='line_1_16' title="bbox 244 674 1035 709; baseline 0 -8"><span class='ocrx_word' id='word_1_102' title='bbox 244 674 368 707; x_wconf 83' lang='lat' dir='ltr'><strong>Domine,</strong></span> <span class='ocrx_word' id='word_1_103' title='bbox 387 674 577 702; x_wconf 85' lang='lat' dir='ltr'><strong>misericordia</strong></span> <span class='ocrx_word' id='word_1_104' title='bbox 598 678 644 701; x_wconf 85' lang='lat' dir='ltr'><strong>tua</strong></span> <span class='ocrx_word' id='word_1_105' title='bbox 668 681 751 709; x_wconf 82' lang='lat' dir='ltr'><strong>super</strong></span> <span class='ocrx_word' id='word_1_106' title='bbox 770 681 832 706; x_wconf 88' lang='lat' dir='ltr'><strong>nos,</strong></span> <span class='ocrx_word' id='word_1_107' title='bbox 856 674 1035 709; x_wconf 45' lang='lat' dir='ltr'><strong>quemadmo‘</strong></span> 
     </span>
    </p>
   </div>
   <div class='ocr_carea' id='block_1_17' title="bbox 244 719 624 763">
    <p class='ocr_par' dir='ltr' id='par_1_17' title="bbox 244 719 624 763">
     <span class='ocr_line' id='line_1_17' title="bbox 244 719 624 763; baseline -0.008 -15"><span class='ocrx_word' id='word_1_108' title='bbox 244 721 308 763; x_wconf 77' lang='lat' dir='ltr'><strong>dum</strong></span> <span class='ocrx_word' id='word_1_109' title='bbox 326 719 496 755; x_wconf 83' lang='lat' dir='ltr'><strong>speravimus</strong></span> <span class='ocrx_word' id='word_1_110' title='bbox 513 719 540 746; x_wconf 93' lang='lat' dir='ltr'><strong>in</strong></span> <span class='ocrx_word' id='word_1_111' title='bbox 556 723 591 746; x_wconf 91' lang='lat' dir='ltr'><strong>te.</strong></span> <span class='ocrx_word' id='word_1_112' title='bbox 615 728 624 744; x_wconf 76' lang='grc' dir='ltr'><strong><em>ι</em></strong></span> 
     </span>
    </p>
   </div>
   <div class='ocr_carea' id='block_1_18' title="bbox 279 780 1036 817">
    <p class='ocr_par' dir='ltr' id='par_1_18' title="bbox 279 780 1036 817">
     <span class='ocr_line' id='line_1_18' title="bbox 279 780 1036 817; baseline 0 -8"><span class='ocrx_word' id='word_1_113' title='bbox 279 781 394 817; x_wconf 81' lang='lat' dir='ltr'><strong>Propter</strong></span> <span class='ocrx_word' id='word_1_114' title='bbox 414 781 472 808; x_wconf 58' lang='lat' dir='ltr'><strong>haec</strong></span> <span class='ocrx_word' id='word_1_115' title='bbox 490 781 616 813; x_wconf 78' lang='lat' dir='ltr'><strong>repudiat</strong></span> <span class='ocrx_word' id='word_1_116' title='bbox 633 780 744 808; x_wconf 70' lang='lat' dir='ltr'><strong>Iudaeus</strong></span> <span class='ocrx_word' id='word_1_117' title='bbox 766 780 865 815; x_wconf 91' lang='lat' dir='ltr'><strong>psalmi</strong></span> <span class='ocrx_word' id='word_1_118' title='bbox 888 781 963 809; x_wconf 89' lang='lat' dir='ltr'><strong>illius</strong></span> <span class='ocrx_word' id='word_1_119' title='bbox 993 781 1036 809; x_wconf 89' lang='lat' dir='ltr'><strong>in-</strong></span> 
     </span>
    </p>
   </div>
   <div class='ocr_carea' id='block_1_19' title="bbox 1083 210 1874 250">
    <p class='ocr_par' dir='ltr' id='par_1_19' title="bbox 1083 210 1874 250">
     <span class='ocr_line' id='line_1_19' title="bbox 1083 210 1874 250; baseline -0.006 -9"><span class='ocrx_word' id='word_1_120' title='bbox 1083 215 1166 246; x_wconf 81' lang='grc' dir='ltr'>ῐππος</span> <span class='ocrx_word' id='word_1_121' title='bbox 1188 215 1229 246; x_wconf 77' lang='grc' dir='ltr'><strong>είς</strong></span> <span class='ocrx_word' id='word_1_122' title='bbox 1251 214 1397 250; x_wconf 81' lang='grc' dir='ltr'><strong>σωτηρίαν,</strong></span> <span class='ocrx_word' id='word_1_123' title='bbox 1422 213 1469 239; x_wconf 78' lang='grc' dir='ltr'>καὶ</span> <span class='ocrx_word' id='word_1_124' title='bbox 1496 211 1577 246; x_wconf 83' lang='grc' dir='ltr'>γίγας</span> <span class='ocrx_word' id='word_1_125' title='bbox 1604 211 1635 238; x_wconf 86' lang='grc' dir='ltr'>οὺ</span> <span class='ocrx_word' id='word_1_126' title='bbox 1659 210 1810 245; x_wconf 82' lang='grc' dir='ltr'>σωθήσεται</span> <span class='ocrx_word' id='word_1_127' title='bbox 1839 211 1874 237; x_wconf 72' lang='grc' dir='ltr'>ἐν</span> 
     </span>
    </p>
   </div>
   <div class='ocr_carea' id='block_1_20' title="bbox 1083 256 1873 295">
    <p class='ocr_par' dir='ltr' id='par_1_20' title="bbox 1083 256 1873 295">
     <span class='ocr_line' id='line_1_20' title="bbox 1083 256 1873 295; baseline -0.006 -9"><span class='ocrx_word' id='word_1_128' title='bbox 1083 260 1180 295; x_wconf 80' lang='grc' dir='ltr'>πλήθει</span> <span class='ocrx_word' id='word_1_129' title='bbox 1191 258 1282 294; x_wconf 64' lang='grc' dir='ltr'>ἰσχύος</span> <span class='ocrx_word' id='word_1_130' title='bbox 1290 258 1382 285; x_wconf 77' lang='grc' dir='ltr'>αὑτοῦ.</span> <span class='ocrx_word' id='word_1_131' title='bbox 1405 267 1415 284; x_wconf 71' lang='grc' dir='ltr'><strong><em>ι</em></strong></span> <span class='ocrx_word' id='word_1_132' title='bbox 1424 257 1573 287; x_wconf 75' lang='grc' dir='ltr'>Βλέποντες</span> <span class='ocrx_word' id='word_1_133' title='bbox 1585 256 1614 283; x_wconf 84' lang='grc' dir='ltr'>δὲ</span> <span class='ocrx_word' id='word_1_134' title='bbox 1624 256 1670 282; x_wconf 73' lang='grc' dir='ltr'>ἐπὶ</span> <span class='ocrx_word' id='word_1_135' title='bbox 1680 256 1726 282; x_wconf 81' lang='grc' dir='ltr'>τὸν</span> <span class='ocrx_word' id='word_1_136' title='bbox 1736 256 1873 291; x_wconf 82' lang='grc' dir='ltr'><strong>ῥυόμενον</strong></span> 
     </span>
    </p>
   </div>
   <div class='ocr_carea' id='block_1_21' title="bbox 1081 301 1874 339">
    <p class='ocr_par' dir='ltr' id='par_1_21' title="bbox 1081 301 1874 339">
     <span class='ocr_line' id='line_1_21' title="bbox 1081 301 1874 339; baseline -0.008 -7"><span class='ocrx_word' id='word_1_137' title='bbox 1081 305 1115 332; x_wconf 75' lang='grc' dir='ltr'>ὲκ</span> <span class='ocrx_word' id='word_1_138' title='bbox 1133 305 1248 332; x_wconf 80' lang='grc' dir='ltr'>θανάτου</span> <span class='ocrx_word' id='word_1_139' title='bbox 1271 304 1321 336; x_wconf 83' lang='grc' dir='ltr'><strong>τὰς</strong></span> <span class='ocrx_word' id='word_1_140' title='bbox 1332 304 1419 339; x_wconf 75' lang='grc' dir='ltr'>ψυχὰς</span> <span class='ocrx_word' id='word_1_141' title='bbox 1433 302 1512 338; x_wconf 78' lang='grc' dir='ltr'>ἡμῶν</span> <span class='ocrx_word' id='word_1_142' title='bbox 1535 302 1578 329; x_wconf 79' lang='grc' dir='ltr'><strong>διὰ</strong></span> <span class='ocrx_word' id='word_1_143' title='bbox 1593 302 1642 336; x_wconf 82' lang='grc' dir='ltr'>τῆς</span> <span class='ocrx_word' id='word_1_144' title='bbox 1663 301 1791 336; x_wconf 79' lang='grc' dir='ltr'>οὐρανίας</span> <span class='ocrx_word' id='word_1_145' title='bbox 1804 309 1874 336; x_wconf 69' lang='lat'><strong>190—</strong></span> 
     </span>
    </p>
   </div>
   <div class='ocr_carea' id='block_1_22' title="bbox 1083 345 1876 386">
    <p class='ocr_par' dir='ltr' id='par_1_22' title="bbox 1083 345 1876 386">
     <span class='ocr_line' id='line_1_22' title="bbox 1083 345 1876 386; baseline -0.008 -8"><span class='ocrx_word' id='word_1_146' title='bbox 1083 351 1136 386; x_wconf 81' lang='grc' dir='ltr'>φῆς</span> <span class='ocrx_word' id='word_1_147' title='bbox 1153 350 1254 384; x_wconf 84' lang='grc' dir='ltr'>(καθώς</span> <span class='ocrx_word' id='word_1_148' title='bbox 1268 349 1370 385; x_wconf 85' lang='grc' dir='ltr'>φησινὸ</span> <span class='ocrx_word' id='word_1_149' title='bbox 1387 348 1543 384; x_wconf 80' lang='grc' dir='ltr'><strong>Προφήτης,</strong></span> <span class='ocrx_word' id='word_1_150' title='bbox 1561 347 1600 373; x_wconf 82' lang='grc' dir='ltr'>ὅτι</span> <span class='ocrx_word' id='word_1_151' title='bbox 1615 346 1669 381; x_wconf 63' lang='grc' dir='ltr'>(5ἐ)</span> <span class='ocrx_word' id='word_1_152' title='bbox 1686 355 1695 371; x_wconf 74' lang='grc' dir='ltr'>α</span> <span class='ocrx_word' id='word_1_153' title='bbox 1718 345 1876 381; x_wconf 72' lang='grc' dir='ltr'>Ὀφῦαλμοὶ</span> 
     </span>
    </p>
   </div>
   <div class='ocr_carea' id='block_1_23' title="bbox 1083 391 1876 435">
    <p class='ocr_par' dir='ltr' id='par_1_23' title="bbox 1083 391 1876 435">
     <span class='ocr_line' id='line_1_23' title="bbox 1083 391 1876 435; baseline -0.008 -12"><span class='ocrx_word' id='word_1_154' title='bbox 1083 396 1186 431; x_wconf 83' lang='grc' dir='ltr'>Κυρίου</span> <span class='ocrx_word' id='word_1_155' title='bbox 1201 396 1246 422; x_wconf 75' lang='grc' dir='ltr'><strong>ἐπὶ</strong></span> <span class='ocrx_word' id='word_1_156' title='bbox 1261 396 1323 435; x_wconf 55' lang='grc' dir='ltr'>τοῖς</span> <span class='ocrx_word' id='word_1_157' title='bbox 1338 394 1519 429; x_wconf 74' lang='grc' dir='ltr'>φοϐουμένους</span> <span class='ocrx_word' id='word_1_158' title='bbox 1537 392 1626 424; x_wconf 73' lang='grc' dir='ltr'>αὑτὸν,</span> <span class='ocrx_word' id='word_1_159' title='bbox 1646 393 1700 427; x_wconf 78' lang='grc'>(55)</span> <span class='ocrx_word' id='word_1_160' title='bbox 1714 392 1777 423; x_wconf 76' lang='grc' dir='ltr'>τοὺς</span> <span class='ocrx_word' id='word_1_161' title='bbox 1791 391 1876 418; x_wconf 77' lang='grc' dir='ltr'>ἑλπί-</span> 
     </span>
    </p>
   </div>
   <div class='ocr_carea' id='block_1_24' title="bbox 1083 435 1876 474">
    <p class='ocr_par' dir='ltr' id='par_1_24' title="bbox 1083 435 1876 474">
     <span class='ocr_line' id='line_1_24' title="bbox 1083 435 1876 474; baseline -0.009 -6"><span class='ocrx_word' id='word_1_162' title='bbox 1083 441 1179 473; x_wconf 82' lang='grc' dir='ltr'>ζοντας</span> <span class='ocrx_word' id='word_1_163' title='bbox 1193 441 1239 467; x_wconf 74' lang='grc' dir='ltr'><strong>ἐπὶ</strong></span> <span class='ocrx_word' id='word_1_164' title='bbox 1253 440 1282 467; x_wconf 80' lang='grc' dir='ltr'>τὸ</span> <span class='ocrx_word' id='word_1_165' title='bbox 1296 440 1369 471; x_wconf 77' lang='grc' dir='ltr'>ἔλεος</span> <span class='ocrx_word' id='word_1_166' title='bbox 1386 438 1478 470; x_wconf 78' lang='grc' dir='ltr'>αὑτοῦ,</span> <span class='ocrx_word' id='word_1_167' title='bbox 1493 438 1624 474; x_wconf 72' lang='grc' dir='ltr'>ῥύσασθαι</span> <span class='ocrx_word' id='word_1_168' title='bbox 1639 439 1672 464; x_wconf 82' lang='grc' dir='ltr'>ὲκ</span> <span class='ocrx_word' id='word_1_169' title='bbox 1688 436 1803 464; x_wconf 81' lang='grc' dir='ltr'>θανάτου</span> <span class='ocrx_word' id='word_1_170' title='bbox 1821 435 1876 466; x_wconf 83' lang='grc' dir='ltr'>τὰς</span> 
     </span>
    </p>
   </div>
   <div class='ocr_carea' id='block_1_25' title="bbox 1082 482 1877 522">
    <p class='ocr_par' dir='ltr' id='par_1_25' title="bbox 1082 482 1877 522">
     <span class='ocr_line' id='line_1_25' title="bbox 1082 482 1877 522; baseline -0.01 -8"><span class='ocrx_word' id='word_1_171' title='bbox 1082 487 1172 522; x_wconf 80' lang='grc' dir='ltr'>ψυχὰς</span> <span class='ocrx_word' id='word_1_172' title='bbox 1187 486 1286 517; x_wconf 79' lang='grc' dir='ltr'>αὐτῶν,</span> <span class='ocrx_word' id='word_1_173' title='bbox 1301 486 1348 512; x_wconf 71' lang='grc' dir='ltr'>καὶ</span> <span class='ocrx_word' id='word_1_174' title='bbox 1366 484 1510 520; x_wconf 75' lang='grc' dir='ltr'>διαθρέψαι</span> <span class='ocrx_word' id='word_1_175' title='bbox 1528 484 1626 516; x_wconf 79' lang='grc' dir='ltr'>αὐτοὺς</span> <span class='ocrx_word' id='word_1_176' title='bbox 1641 484 1670 510; x_wconf 82' lang='grc' dir='ltr'>ὲν</span> <span class='ocrx_word' id='word_1_177' title='bbox 1686 482 1759 518; x_wconf 87' lang='grc' dir='ltr'><strong>λιμῷ</strong></span> <span class='ocrx_word' id='word_1_178' title='bbox 1769 483 1803 516; x_wconf 79' lang='grc' dir='ltr'>ι),</span> <span class='ocrx_word' id='word_1_179' title='bbox 1821 490 1877 515; x_wconf 78' lang='grc' dir='ltr'>φα-</span> 
     </span>
    </p>
   </div>
   <div class='ocr_carea' id='block_1_26' title="bbox 1086 523 1875 569">
    <p class='ocr_par' dir='ltr' id='par_1_26' title="bbox 1086 523 1875 569">
     <span class='ocr_line' id='line_1_26' title="bbox 1086 523 1875 569; baseline -0.008 -9"><span class='ocrx_word' id='word_1_180' title='bbox 1086 533 1134 569; x_wconf 71' lang='grc' dir='ltr'>μὲν</span> <span class='ocrx_word' id='word_1_181' title='bbox 1148 534 1246 564; x_wconf 72' lang='grc' dir='ltr'>ἐκεῖνο,</span> <span class='ocrx_word' id='word_1_182' title='bbox 1260 532 1300 559; x_wconf 85' lang='grc' dir='ltr'>ὄτι</span> <span class='ocrx_word' id='word_1_183' title='bbox 1316 542 1325 558; x_wconf 87' lang='grc'><strong>‹</strong></span> <span class='ocrx_word' id='word_1_184' title='bbox 1342 531 1374 559; x_wconf 87' lang='lat' dir='ltr'><strong>&#39;H</strong></span> <span class='ocrx_word' id='word_1_185' title='bbox 1387 532 1460 567; x_wconf 77' lang='grc' dir='ltr'>ψυχὴ</span> <span class='ocrx_word' id='word_1_186' title='bbox 1469 523 1552 566; x_wconf 75' lang='grc' dir='ltr'>’ἡμῶν</span> <span class='ocrx_word' id='word_1_187' title='bbox 1569 530 1698 564; x_wconf 79' lang='grc' dir='ltr'>ὑπομενεῖ</span> <span class='ocrx_word' id='word_1_188' title='bbox 1710 527 1748 564; x_wconf 80' lang='grc' dir='ltr'>τῷ</span> <span class='ocrx_word' id='word_1_189' title='bbox 1763 528 1875 563; x_wconf 86' lang='grc' dir='ltr'>Κυρίῳ,</span> 
     </span>
    </p>
   </div>
   <div class='ocr_carea' id='block_1_27' title="bbox 1083 572 1876 616">
    <p class='ocr_par' dir='ltr' id='par_1_27' title="bbox 1083 572 1876 616">
     <span class='ocr_line' id='line_1_27' title="bbox 1083 572 1876 616; baseline -0.01 -9"><span class='ocrx_word' id='word_1_190' title='bbox 1083 580 1123 616; x_wconf 81' lang='grc' dir='ltr'>τῷ</span> <span class='ocrx_word' id='word_1_191' title='bbox 1137 581 1166 613; x_wconf 77' lang='grc' dir='ltr'><strong>ἐξ</strong></span> <span class='ocrx_word' id='word_1_192' title='bbox 1175 580 1296 615; x_wconf 80' lang='grc' dir='ltr'>οὐρανῶν</span> <span class='ocrx_word' id='word_1_193' title='bbox 1312 579 1386 615; x_wconf 80' lang='grc' dir='ltr'>ἡμᾶς</span> <span class='ocrx_word' id='word_1_194' title='bbox 1395 577 1579 612; x_wconf 69' lang='grc' dir='ltr'>ἐπιϐλέψαντι.</span> <span class='ocrx_word' id='word_1_195' title='bbox 1590 586 1599 602; x_wconf 86' lang='grc'><strong>›</strong></span> <span class='ocrx_word' id='word_1_196' title='bbox 1608 576 1715 612; x_wconf 65' lang='grc' dir='ltr'>Καὶῷτι</span> <span class='ocrx_word' id='word_1_197' title='bbox 1728 584 1738 601; x_wconf 83' lang='grc'><em>‹</em></span> <span class='ocrx_word' id='word_1_198' title='bbox 1752 572 1876 606; x_wconf 80' lang='grc' dir='ltr'>Γένοιτο,</span> 
     </span>
    </p>
   </div>
   <div class='ocr_carea' id='block_1_28' title="bbox 1085 621 1877 663">
    <p class='ocr_par' dir='ltr' id='par_1_28' title="bbox 1085 621 1877 663">
     <span class='ocr_line' id='line_1_28' title="bbox 1085 621 1877 663; baseline -0.009 -10"><span class='ocrx_word' id='word_1_199' title='bbox 1085 626 1182 663; x_wconf 82' lang='grc' dir='ltr'>Κύριε,</span> <span class='ocrx_word' id='word_1_200' title='bbox 1201 626 1232 652; x_wconf 80' lang='grc' dir='ltr'>τὸ</span> <span class='ocrx_word' id='word_1_201' title='bbox 1253 625 1327 657; x_wconf 73' lang='grc' dir='ltr'>ἔλεός</span> <span class='ocrx_word' id='word_1_202' title='bbox 1350 633 1398 652; x_wconf 81' lang='grc' dir='ltr'><strong>σου</strong></span> <span class='ocrx_word' id='word_1_203' title='bbox 1416 624 1459 659; x_wconf 73' lang='grc' dir='ltr'><strong>ἐφ’</strong></span> <span class='ocrx_word' id='word_1_204' title='bbox 1475 624 1558 660; x_wconf 72' lang='grc' dir='ltr'>ἡμᾶς,</span> <span class='ocrx_word' id='word_1_205' title='bbox 1579 622 1704 656; x_wconf 82' lang='grc' dir='ltr'>καθάπερ</span> <span class='ocrx_word' id='word_1_206' title='bbox 1718 621 1877 656; x_wconf 70' lang='grc' dir='ltr'>ἠλπίσαμεν</span> 
     </span>
    </p>
   </div>
   <div class='ocr_carea' id='block_1_29' title="bbox 1085 673 1211 700">
    <p class='ocr_par' dir='ltr' id='par_1_29' title="bbox 1085 673 1211 700">
     <span class='ocr_line' id='line_1_29' title="bbox 1085 673 1211 700; baseline -0.008 0"><span class='ocrx_word' id='word_1_207' title='bbox 1085 674 1130 700; x_wconf 72' lang='grc' dir='ltr'><strong>ἐπὶ</strong></span> <span class='ocrx_word' id='word_1_208' title='bbox 1145 673 1184 700; x_wconf 80' lang='grc' dir='ltr'><strong>σέ.</strong></span> <span class='ocrx_word' id='word_1_209' title='bbox 1202 682 1211 699; x_wconf 79' lang='grc' dir='ltr'><strong>ι</strong></span> 
     </span>
    </p>
   </div>
   <div class='ocr_carea' id='block_1_30' title="bbox 1122 776 1879 817">
    <p class='ocr_par' dir='ltr' id='par_1_30' title="bbox 1122 776 1879 817">
     <span class='ocr_line' id='line_1_30' title="bbox 1122 776 1879 817; baseline -0.009 -7"><span class='ocrx_word' id='word_1_210' title='bbox 1122 783 1171 810; x_wconf 79' lang='grc' dir='ltr'>Διὰ</span> <span class='ocrx_word' id='word_1_211' title='bbox 1194 782 1278 809; x_wconf 75' lang='grc' dir='ltr'>ταῦτα</span> <span class='ocrx_word' id='word_1_212' title='bbox 1303 781 1351 817; x_wconf 83' lang='grc' dir='ltr'>τὴν</span> <span class='ocrx_word' id='word_1_213' title='bbox 1368 780 1522 817; x_wconf 77' lang='grc' dir='ltr'>ἐπιγραφὴν</span> <span class='ocrx_word' id='word_1_214' title='bbox 1549 778 1594 806; x_wconf 83' lang='grc' dir='ltr'>τοῦ</span> <span class='ocrx_word' id='word_1_215' title='bbox 1616 777 1722 813; x_wconf 72' lang='grc' dir='ltr'>ψαλμοῦ</span> <span class='ocrx_word' id='word_1_216' title='bbox 1748 776 1845 803; x_wconf 84' lang='grc' dir='ltr'>τούτου</span> <span class='ocrx_word' id='word_1_217' title='bbox 1863 777 1879 804; x_wconf 81' lang='grc' dir='ltr'><strong>δ</strong></span> 
     </span>
    </p>
   </div>
   <div class='ocr_carea' id='block_1_31' title="bbox 245 823 1041 865">
    <p class='ocr_par' dir='ltr' id='par_1_31' title="bbox 245 825 1037 862">
     <span class='ocr_line' id='line_1_31' title="bbox 245 825 1037 862; baseline -0.003 -7"><span class='ocrx_word' id='word_1_218' title='bbox 245 828 430 862; x_wconf 87' lang='lat' dir='ltr'><strong>scriptionem.</strong></span> <span class='ocrx_word' id='word_1_219' title='bbox 447 825 554 853; x_wconf 79' lang='lat' dir='ltr'><strong>Rursus</strong></span> <span class='ocrx_word' id='word_1_220' title='bbox 571 825 607 852; x_wconf 86' lang='lat' dir='ltr'><strong>ob</strong></span> <span class='ocrx_word' id='word_1_221' title='bbox 619 825 744 852; x_wconf 85' lang='lat' dir='ltr'><strong>eamdem</strong></span> <span class='ocrx_word' id='word_1_222' title='bbox 761 826 896 852; x_wconf 87' lang='lat' dir='ltr'><strong>rationem</strong></span> <span class='ocrx_word' id='word_1_223' title='bbox 914 826 1037 861; x_wconf 80' lang='lat' dir='ltr'><strong>psalmus</strong></span> 
     </span>
    </p>
   </div>
   <div class='ocr_carea' id='block_1_32' title="bbox 1093 823 1880 865">
    <p class='ocr_par' dir='ltr' id='par_1_32' title="bbox 1093 823 1880 865">
     <span class='ocr_line' id='line_1_32' title="bbox 1093 823 1880 865; baseline -0.009 -9"><span class='ocrx_word' id='word_1_224' title='bbox 1093 829 1216 865; x_wconf 75' lang='grc' dir='ltr'>Ἐϐραῖος</span> <span class='ocrx_word' id='word_1_225' title='bbox 1229 829 1259 856; x_wconf 82' lang='grc' dir='ltr'>οὐ</span> <span class='ocrx_word' id='word_1_226' title='bbox 1271 828 1387 864; x_wconf 83' lang='grc' dir='ltr'>δέχεται.</span> <span class='ocrx_word' id='word_1_227' title='bbox 1400 827 1484 854; x_wconf 88' lang='grc' dir='ltr'>Πάλιν</span> <span class='ocrx_word' id='word_1_228' title='bbox 1503 825 1574 853; x_wconf 77' lang='grc' dir='ltr'>κατὰ</span> <span class='ocrx_word' id='word_1_229' title='bbox 1586 825 1631 852; x_wconf 75' lang='grc' dir='ltr'><strong>τὸν</strong></span> <span class='ocrx_word' id='word_1_230' title='bbox 1645 825 1726 852; x_wconf 82' lang='grc' dir='ltr'>αὐτὸν</span> <span class='ocrx_word' id='word_1_231' title='bbox 1745 823 1847 860; x_wconf 82' lang='grc' dir='ltr'>τρόπον</span> <span class='ocrx_word' id='word_1_232' title='bbox 1862 823 1880 848; x_wconf 81' lang='grc' dir='ltr'><strong>ὀ</strong></span> 
     </span>
    </p>
   </div>
   <div class='ocr_carea' id='block_1_33' title="bbox 244 870 1038 908">
    <p class='ocr_par' dir='ltr' id='par_1_33' title="bbox 244 870 1038 908">
     <span class='ocr_line' id='line_1_33' title="bbox 244 870 1038 908; baseline -0.003 -8"><span class='ocrx_word' id='word_1_233' title='bbox 244 873 470 908; x_wconf 76' lang='lat' dir='ltr'><strong>quadragesimus</strong></span> <span class='ocrx_word' id='word_1_234' title='bbox 479 871 618 899; x_wconf 86' lang='lat' dir='ltr'><strong>secundus</strong></span> <span class='ocrx_word' id='word_1_235' title='bbox 632 871 704 905; x_wconf 89' lang='lat' dir='ltr'><strong>apud</strong></span> <span class='ocrx_word' id='word_1_236' title='bbox 715 870 844 898; x_wconf 67' lang='lat' dir='ltr'><strong>Hebrzcos</strong></span> <span class='ocrx_word' id='word_1_237' title='bbox 856 871 1038 906; x_wconf 88' lang='lat' dir='ltr'><strong>inscriptione</strong></span> 
     </span>
    </p>
   </div>
   <div class='ocr_carea' id='block_1_34' title="bbox 247 915 1036 952">
    <p class='ocr_par' dir='ltr' id='par_1_34' title="bbox 247 915 1036 952">
     <span class='ocr_line' id='line_1_34' title="bbox 247 915 1036 952; baseline -0.005 -7"><span class='ocrx_word' id='word_1_238' title='bbox 247 926 303 946; x_wconf 88' lang='lat' dir='ltr'><strong>non</strong></span> <span class='ocrx_word' id='word_1_239' title='bbox 321 920 501 952; x_wconf 77' lang='lat' dir='ltr'><strong>praenotatur.</strong></span> <span class='ocrx_word' id='word_1_240' title='bbox 514 915 649 946; x_wconf 82' lang='lat' dir='ltr'><strong>Ostendit,</strong></span> <span class='ocrx_word' id='word_1_241' title='bbox 664 915 794 947; x_wconf 85' lang='lat' dir='ltr'><strong>arbitror,</strong></span> <span class='ocrx_word' id='word_1_242' title='bbox 812 915 871 949; x_wconf 93' lang='lat' dir='ltr'><strong>ipsa</strong></span> <span class='ocrx_word' id='word_1_243' title='bbox 887 915 1036 942; x_wconf 86' lang='lat' dir='ltr'><strong>verborum</strong></span> 
     </span>
    </p>
   </div>
   <div class='ocr_carea' id='block_1_35' title="bbox 245 956 1036 999">
    <p class='ocr_par' dir='ltr' id='par_1_35' title="bbox 245 956 1036 999">
     <span class='ocr_line' id='line_1_35' title="bbox 245 956 1036 999; baseline -0.004 -8"><span class='ocrx_word' id='word_1_244' title='bbox 245 963 344 999; x_wconf 79' lang='lat' dir='ltr'><strong>psalmi</strong></span> <span class='ocrx_word' id='word_1_245' title='bbox 359 962 455 994; x_wconf 86' lang='lat' dir='ltr'><strong>series,</strong></span> <span class='ocrx_word' id='word_1_246' title='bbox 471 961 592 997; x_wconf 82' lang='lat' dir='ltr'><strong>mysterii</strong></span> <span class='ocrx_word' id='word_1_247' title='bbox 606 961 632 988; x_wconf 91' lang='lat' dir='ltr'><strong>in</strong></span> <span class='ocrx_word' id='word_1_248' title='bbox 644 961 748 995; x_wconf 85' lang='lat' dir='ltr'><strong>psalmo</strong></span> <span class='ocrx_word' id='word_1_249' title='bbox 761 961 812 987; x_wconf 89' lang='lat' dir='ltr'><strong>hoc</strong></span> <span class='ocrx_word' id='word_1_250' title='bbox 825 960 964 995; x_wconf 83' lang='lat' dir='ltr'><strong>explicati,</strong></span> <span class='ocrx_word' id='word_1_251' title='bbox 978 956 1036 993; x_wconf 69' lang='lat' dir='ltr'><strong>eo&#39;s,</strong></span> 
     </span>
    </p>
   </div>
   <div class='ocr_carea' id='block_1_36' title="bbox 245 1007 1035 1045">
    <p class='ocr_par' dir='ltr' id='par_1_36' title="bbox 245 1007 1035 1045">
     <span class='ocr_line' id='line_1_36' title="bbox 245 1007 1035 1045; baseline -0.004 -9"><span class='ocrx_word' id='word_1_252' title='bbox 245 1011 293 1045; x_wconf 90' lang='lat' dir='ltr'><strong>qui</strong></span> <span class='ocrx_word' id='word_1_253' title='bbox 310 1013 393 1036; x_wconf 64' lang='lat' dir='ltr'><strong>sectae</strong></span> <span class='ocrx_word' id='word_1_254' title='bbox 408 1008 530 1036; x_wconf 56' lang='lat' dir='ltr'><strong>Iudaica</strong></span> <span class='ocrx_word' id='word_1_255' title='bbox 545 1007 646 1035; x_wconf 75' lang='lat' dir='ltr'><strong>addicti</strong></span> <span class='ocrx_word' id='word_1_256' title='bbox 664 1010 744 1040; x_wconf 85' lang='lat' dir='ltr'><strong>sunt,</strong></span> <span class='ocrx_word' id='word_1_257' title='bbox 761 1014 878 1041; x_wconf 78' lang='lat' dir='ltr'><strong>capaces</strong></span> <span class='ocrx_word' id='word_1_258' title='bbox 888 1015 944 1033; x_wconf 89' lang='lat' dir='ltr'><strong>nun</strong></span> <span class='ocrx_word' id='word_1_259' title='bbox 961 1014 1035 1039; x_wconf 81' lang='lat' dir='ltr'><strong>esse,</strong></span> 
     </span>
    </p>
   </div>
   <div class='ocr_carea' id='block_1_37' title="bbox 245 1052 1039 1088">
    <p class='ocr_par' dir='ltr' id='par_1_37' title="bbox 245 1052 1039 1088">
     <span class='ocr_line' id='line_1_37' title="bbox 245 1052 1039 1088; baseline -0.005 -5"><span class='ocrx_word' id='word_1_260' title='bbox 245 1056 413 1083; x_wconf 68' lang='lat' dir='ltr'><strong>Cultortatur</strong></span> <span class='ocrx_word' id='word_1_261' title='bbox 430 1061 547 1088; x_wconf 87' lang='lat' dir='ltr'><strong>namque</strong></span> <span class='ocrx_word' id='word_1_262' title='bbox 560 1073 567 1086; x_wconf 91' lang='lat'><strong>,</strong></span> <span class='ocrx_word' id='word_1_263' title='bbox 586 1056 615 1079; x_wconf 91' lang='lat' dir='ltr'><strong>ut</strong></span> <span class='ocrx_word' id='word_1_264' title='bbox 633 1056 765 1079; x_wconf 87' lang='lat' dir='ltr'><strong>renovata</strong></span> <span class='ocrx_word' id='word_1_265' title='bbox 783 1052 930 1087; x_wconf 87' lang='lat' dir='ltr'><strong>juventute</strong></span> <span class='ocrx_word' id='word_1_266' title='bbox 953 1052 1039 1079; x_wconf 90' lang='lat' dir='ltr'><strong>intro-</strong></span> 
     </span>
    </p>
   </div>
   <div class='ocr_carea' id='block_1_38' title="bbox 247 1096 1039 1132">
    <p class='ocr_par' dir='ltr' id='par_1_38' title="bbox 247 1096 1039 1132">
     <span class='ocr_line' id='line_1_38' title="bbox 247 1096 1039 1132; baseline -0.005 -5"><span class='ocrx_word' id='word_1_267' title='bbox 247 1108 344 1128; x_wconf 81' lang='lat' dir='ltr'><strong>camus</strong></span> <span class='ocrx_word' id='word_1_268' title='bbox 359 1099 393 1126; x_wconf 89' lang='lat' dir='ltr'><strong>ad</strong></span> <span class='ocrx_word' id='word_1_269' title='bbox 410 1099 507 1126; x_wconf 86' lang='lat' dir='ltr'><strong>altare.</strong></span> <span class='ocrx_word' id='word_1_270' title='bbox 524 1097 576 1125; x_wconf 85' lang='lat' dir='ltr'><strong>Sed</strong></span> <span class='ocrx_word' id='word_1_271' title='bbox 592 1097 715 1125; x_wconf 71' lang='lat' dir='ltr'><strong>Judaeum</strong></span> <span class='ocrx_word' id='word_1_272' title='bbox 730 1097 805 1124; x_wconf 82' lang='lat' dir='ltr'><strong>nulla</strong></span> <span class='ocrx_word' id='word_1_273' title='bbox 821 1097 902 1132; x_wconf 86' lang='lat' dir='ltr'><strong>hujus</strong></span> <span class='ocrx_word' id='word_1_274' title='bbox 918 1096 956 1123; x_wconf 88' lang='lat' dir='ltr'><strong>rei</strong></span> <span class='ocrx_word' id='word_1_275' title='bbox 973 1103 1039 1123; x_wconf 88' lang='lat' dir='ltr'><strong>cura</strong></span> 
     </span>
    </p>
   </div>
   <div class='ocr_carea' id='block_1_39' title="bbox 247 1142 1043 1181">
    <p class='ocr_par' dir='ltr' id='par_1_39' title="bbox 247 1142 1043 1181">
     <span class='ocr_line' id='line_1_39' title="bbox 247 1142 1043 1181; baseline -0.004 -8"><span class='ocrx_word' id='word_1_276' title='bbox 247 1146 344 1181; x_wconf 75' lang='lat' dir='ltr'><strong>tangit.</strong></span> <span class='ocrx_word' id='word_1_277' title='bbox 357 1145 417 1171; x_wconf 80' lang='lat' dir='ltr'><strong>Non</strong></span> <span class='ocrx_word' id='word_1_278' title='bbox 429 1145 501 1171; x_wconf 88' lang='lat' dir='ltr'><strong>enim</strong></span> <span class='ocrx_word' id='word_1_279' title='bbox 516 1144 642 1170; x_wconf 80' lang='lat' dir='ltr'><strong>renovari</strong></span> <span class='ocrx_word' id='word_1_280' title='bbox 657 1151 719 1170; x_wconf 82' lang='lat' dir='ltr'><strong>sese</strong></span> <span class='ocrx_word' id='word_1_281' title='bbox 735 1143 839 1177; x_wconf 86' lang='lat' dir='ltr'><strong>patitur</strong></span> <span class='ocrx_word' id='word_1_282' title='bbox 855 1142 986 1178; x_wconf 77' lang='lat' dir='ltr'><strong>mysterio</strong></span> <span class='ocrx_word' id='word_1_283' title='bbox 1002 1149 1043 1170; x_wconf 87' lang='lat' dir='ltr'><strong>sa-</strong></span> 
     </span>
    </p>
   </div>
   <div class='ocr_carea' id='block_1_40' title="bbox 247 1189 811 1226">
    <p class='ocr_par' dir='ltr' id='par_1_40' title="bbox 247 1189 811 1226">
     <span class='ocr_line' id='line_1_40' title="bbox 247 1189 811 1226; baseline -0.005 -7"><span class='ocrx_word' id='word_1_284' title='bbox 247 1193 313 1219; x_wconf 83' lang='lat' dir='ltr'><strong>lutis</strong></span> <span class='ocrx_word' id='word_1_285' title='bbox 332 1199 380 1226; x_wconf 89' lang='lat' dir='ltr'><strong>per</strong></span> <span class='ocrx_word' id='word_1_286' title='bbox 395 1197 545 1226; x_wconf 81' lang='lat' dir='ltr'><strong>supernam</strong></span> <span class='ocrx_word' id='word_1_287' title='bbox 561 1189 811 1224; x_wconf 81' lang='lat' dir='ltr'><strong>regenerationem.</strong></span> 
     </span>
    </p>
   </div>
   <div class='ocr_carea' id='block_1_41' title="bbox 283 1251 1041 1289">
    <p class='ocr_par' dir='ltr' id='par_1_41' title="bbox 283 1251 1041 1289">
     <span class='ocr_line' id='line_1_41' title="bbox 283 1251 1041 1289; baseline -0.004 -8"><span class='ocrx_word' id='word_1_288' title='bbox 283 1253 428 1289; x_wconf 86' lang='lat' dir='ltr'><strong>Inscriptio</strong></span> <span class='ocrx_word' id='word_1_289' title='bbox 449 1252 548 1288; x_wconf 88' lang='lat' dir='ltr'><strong>psalmi</strong></span> <span class='ocrx_word' id='word_1_290' title='bbox 572 1252 778 1287; x_wconf 78' lang='lat' dir='ltr'><strong>septuagesimi,</strong></span> <span class='ocrx_word' id='word_1_291' title='bbox 798 1259 859 1286; x_wconf 75' lang='lat' dir='ltr'><strong>quze</strong></span> <span class='ocrx_word' id='word_1_292' title='bbox 877 1251 903 1278; x_wconf 90' lang='lat' dir='ltr'><strong>in</strong></span> <span class='ocrx_word' id='word_1_293' title='bbox 921 1251 1041 1279; x_wconf 86' lang='lat' dir='ltr'><strong>editione</strong></span> 
     </span>
    </p>
   </div>
   <div class='ocr_carea' id='block_1_42' title="bbox 250 1297 1040 1332">
    <p class='ocr_par' dir='ltr' id='par_1_42' title="bbox 250 1297 1040 1332">
     <span class='ocr_line' id='line_1_42' title="bbox 250 1297 1040 1332; baseline -0.004 -5"><span class='ocrx_word' id='word_1_294' title='bbox 250 1301 380 1328; x_wconf 77' lang='lat' dir='ltr'><strong>Ecclesia:</strong></span> <span class='ocrx_word' id='word_1_295' title='bbox 393 1300 432 1327; x_wconf 88' lang='lat' dir='ltr'><strong>sic</strong></span> <span class='ocrx_word' id='word_1_296' title='bbox 453 1299 533 1326; x_wconf 90' lang='lat' dir='ltr'><strong>habet</strong></span> <span class='ocrx_word' id='word_1_297' title='bbox 546 1307 551 1325; x_wconf 93' lang='lat'>:</span> <span class='ocrx_word' id='word_1_298' title='bbox 567 1308 576 1323; x_wconf 85' lang='grc'><strong>‹</strong></span> <span class='ocrx_word' id='word_1_299' title='bbox 591 1297 644 1324; x_wconf 83' lang='lat' dir='ltr'><strong>Pro</strong></span> <span class='ocrx_word' id='word_1_300' title='bbox 659 1298 721 1325; x_wconf 87' lang='lat' dir='ltr'><strong>liliis</strong></span> <span class='ocrx_word' id='word_1_301' title='bbox 732 1297 866 1329; x_wconf 86' lang='lat' dir='ltr'><strong>Jonadab,</strong></span> <span class='ocrx_word' id='word_1_302' title='bbox 878 1301 905 1324; x_wconf 87' lang='lat' dir='ltr'><strong>et</strong></span> <span class='ocrx_word' id='word_1_303' title='bbox 917 1298 1040 1332; x_wconf 83' lang='lat' dir='ltr'><strong>priorum</strong></span> 
     </span>
    </p>
   </div>
   <div class='ocr_carea' id='block_1_43' title="bbox 249 1343 1042 1382">
    <p class='ocr_par' dir='ltr' id='par_1_43' title="bbox 249 1343 1042 1382">
     <span class='ocr_line' id='line_1_43' title="bbox 249 1343 1042 1382; baseline -0.005 -8"><span class='ocrx_word' id='word_1_304' title='bbox 249 1347 431 1382; x_wconf 83' lang='lat' dir='ltr'><strong>captivorum,</strong></span> <span class='ocrx_word' id='word_1_305' title='bbox 446 1354 454 1370; x_wconf 78' lang='grc' dir='ltr'><strong>ι</strong></span> <span class='ocrx_word' id='word_1_306' title='bbox 470 1345 504 1371; x_wconf 89' lang='lat' dir='ltr'><strong>ab</strong></span> <span class='ocrx_word' id='word_1_307' title='bbox 521 1343 642 1370; x_wconf 61' lang='lat' dir='ltr'><strong>Hebraeis</strong></span> <span class='ocrx_word' id='word_1_308' title='bbox 653 1344 763 1370; x_wconf 90' lang='lat' dir='ltr'><strong>omnino</strong></span> <span class='ocrx_word' id='word_1_309' title='bbox 779 1343 915 1378; x_wconf 80' lang='lat' dir='ltr'><strong>praeterita</strong></span> <span class='ocrx_word' id='word_1_310' title='bbox 927 1346 977 1380; x_wconf 83' lang='lat' dir='ltr'><strong>est.</strong></span> <span class='ocrx_word' id='word_1_311' title='bbox 991 1343 1042 1370; x_wconf 80' lang='lat' dir='ltr'><strong>Cu-</strong></span> 
     </span>
    </p>
   </div>
   <div class='ocr_carea' id='block_1_44' title="bbox 247 1389 1042 1429">
    <p class='ocr_par' dir='ltr' id='par_1_44' title="bbox 247 1389 1042 1429">
     <span class='ocr_line' id='line_1_44' title="bbox 247 1389 1042 1429; baseline -0.005 -10"><span class='ocrx_word' id='word_1_312' title='bbox 247 1393 293 1429; x_wconf 84' lang='lat' dir='ltr'><strong>jus</strong></span> <span class='ocrx_word' id='word_1_313' title='bbox 305 1399 388 1420; x_wconf 87' lang='lat' dir='ltr'><strong>causa</strong></span> <span class='ocrx_word' id='word_1_314' title='bbox 402 1392 477 1419; x_wconf 90' lang='lat' dir='ltr'><strong>clare</strong></span> <span class='ocrx_word' id='word_1_315' title='bbox 492 1390 587 1424; x_wconf 85' lang='lat' dir='ltr'><strong>liquet.</strong></span> <span class='ocrx_word' id='word_1_316' title='bbox 602 1389 668 1416; x_wconf 86' lang='lat' dir='ltr'><strong>Nam</strong></span> <span class='ocrx_word' id='word_1_317' title='bbox 686 1397 748 1416; x_wconf 89' lang='lat' dir='ltr'><strong>cum</strong></span> <span class='ocrx_word' id='word_1_318' title='bbox 767 1389 793 1416; x_wconf 93' lang='lat' dir='ltr'><strong>in</strong></span> <span class='ocrx_word' id='word_1_319' title='bbox 810 1389 852 1416; x_wconf 87' lang='lat' dir='ltr'><strong>his</strong></span> <span class='ocrx_word' id='word_1_320' title='bbox 867 1393 921 1415; x_wconf 91' lang='lat' dir='ltr'><strong>tam</strong></span> <span class='ocrx_word' id='word_1_321' title='bbox 935 1389 1042 1423; x_wconf 87' lang='lat' dir='ltr'><strong>perspi-</strong></span> 
     </span>
    </p>
   </div>
   <div class='ocr_carea' id='block_1_45' title="bbox 251 1434 1042 1469">
    <p class='ocr_par' dir='ltr' id='par_1_45' title="bbox 251 1434 1042 1469">
     <span class='ocr_line' id='line_1_45' title="bbox 251 1434 1042 1469; baseline -0.006 -3"><span class='ocrx_word' id='word_1_322' title='bbox 251 1447 300 1466; x_wconf 83' lang='lat' dir='ltr'><strong>cua</strong></span> <span class='ocrx_word' id='word_1_323' title='bbox 319 1439 374 1465; x_wconf 84' lang='lat' dir='ltr'><strong>sint</strong></span> <span class='ocrx_word' id='word_1_324' title='bbox 391 1437 424 1464; x_wconf 87' lang='lat' dir='ltr'><strong>de</strong></span> <span class='ocrx_word' id='word_1_325' title='bbox 439 1436 553 1463; x_wconf 91' lang='lat' dir='ltr'><strong>Domino</strong></span> <span class='ocrx_word' id='word_1_326' title='bbox 570 1440 664 1463; x_wconf 87' lang='lat' dir='ltr'><strong>nostro</strong></span> <span class='ocrx_word' id='word_1_327' title='bbox 684 1435 807 1466; x_wconf 86' lang='lat' dir='ltr'><strong>oracula,</strong></span> <span class='ocrx_word' id='word_1_328' title='bbox 823 1435 980 1469; x_wconf 81' lang='lat' dir='ltr'><strong>coarguitur</strong></span> <span class='ocrx_word' id='word_1_329' title='bbox 994 1434 1042 1462; x_wconf 83' lang='lat' dir='ltr'><strong>Ju-</strong></span> 
     </span>
    </p>
   </div>
   <div class='ocr_carea' id='block_1_46' title="bbox 251 1480 1042 1517">
    <p class='ocr_par' dir='ltr' id='par_1_46' title="bbox 251 1480 1042 1517">
     <span class='ocr_line' id='line_1_46' title="bbox 251 1480 1042 1517; baseline -0.005 -6"><span class='ocrx_word' id='word_1_330' title='bbox 251 1485 369 1512; x_wconf 69' lang='lat' dir='ltr'><strong>dazoruin</strong></span> <span class='ocrx_word' id='word_1_331' title='bbox 394 1482 505 1517; x_wconf 85' lang='lat' dir='ltr'><strong>perﬁdia</strong></span> <span class='ocrx_word' id='word_1_332' title='bbox 523 1485 550 1509; x_wconf 91' lang='lat' dir='ltr'><strong>et</strong></span> <span class='ocrx_word' id='word_1_333' title='bbox 568 1481 756 1512; x_wconf 82' lang='lat' dir='ltr'><strong>incredulitas,</strong></span> <span class='ocrx_word' id='word_1_334' title='bbox 778 1485 870 1515; x_wconf 84' lang='lat' dir='ltr'><strong>utpote</strong></span> <span class='ocrx_word' id='word_1_335' title='bbox 889 1481 936 1515; x_wconf 92' lang='lat' dir='ltr'><strong>qui</strong></span> <span class='ocrx_word' id='word_1_336' title='bbox 957 1480 1042 1507; x_wconf 87' lang='lat' dir='ltr'><strong>nolint</strong></span> 
     </span>
    </p>
   </div>
   <div class='ocr_carea' id='block_1_47' title="bbox 251 1526 1043 1562">
    <p class='ocr_par' dir='ltr' id='par_1_47' title="bbox 251 1526 1043 1562">
     <span class='ocr_line' id='line_1_47' title="bbox 251 1526 1043 1562; baseline -0.004 -6"><span class='ocrx_word' id='word_1_337' title='bbox 251 1535 306 1556; x_wconf 91' lang='lat' dir='ltr'><strong>tatn</strong></span> <span class='ocrx_word' id='word_1_338' title='bbox 325 1527 499 1555; x_wconf 77' lang='lat' dir='ltr'><strong>manifestam</strong></span> <span class='ocrx_word' id='word_1_339' title='bbox 520 1527 554 1554; x_wconf 86' lang='lat' dir='ltr'><strong>de</strong></span> <span class='ocrx_word' id='word_1_340' title='bbox 572 1526 703 1562; x_wconf 85' lang='lat' dir='ltr'><strong>mysterio</strong></span> <span class='ocrx_word' id='word_1_341' title='bbox 720 1526 771 1553; x_wconf 89' lang='lat' dir='ltr'><strong>hoc</strong></span> <span class='ocrx_word' id='word_1_342' title='bbox 793 1526 947 1553; x_wconf 87' lang='lat' dir='ltr'><strong>doctrinam</strong></span> <span class='ocrx_word' id='word_1_343' title='bbox 971 1526 1043 1554; x_wconf 87' lang='lat' dir='ltr'><strong>reci—</strong></span> 
     </span>
    </p>
   </div>
   <div class='ocr_carea' id='block_1_48' title="bbox 252 1572 1043 1610">
    <p class='ocr_par' dir='ltr' id='par_1_48' title="bbox 252 1572 1043 1610">
     <span class='ocr_line' id='line_1_48' title="bbox 252 1572 1043 1610; baseline -0.003 -8"><span class='ocrx_word' id='word_1_344' title='bbox 252 1582 325 1610; x_wconf 84' lang='lat' dir='ltr'><strong>pere.</strong></span> <span class='ocrx_word' id='word_1_345' title='bbox 343 1573 579 1606; x_wconf 85' lang='lat' dir='ltr'><strong>Qucmadmoduni</strong></span> <span class='ocrx_word' id='word_1_346' title='bbox 597 1573 669 1600; x_wconf 84' lang='lat' dir='ltr'><strong>enim</strong></span> <span class='ocrx_word' id='word_1_347' title='bbox 685 1572 725 1599; x_wconf 92' lang='lat' dir='ltr'><strong>illi</strong></span> <span class='ocrx_word' id='word_1_348' title='bbox 740 1572 787 1607; x_wconf 89' lang='lat' dir='ltr'><strong>qui</strong></span> <span class='ocrx_word' id='word_1_349' title='bbox 805 1573 894 1600; x_wconf 84' lang='lat' dir='ltr'><strong>oculis</strong></span> <span class='ocrx_word' id='word_1_350' title='bbox 906 1572 1043 1605; x_wconf 80' lang='lat' dir='ltr'><strong>laborant,</strong></span> 
     </span>
    </p>
   </div>
   <div class='ocr_carea' id='block_1_49' title="bbox 252 1618 1042 1652">
    <p class='ocr_par' dir='ltr' id='par_1_49' title="bbox 252 1618 1042 1652">
     <span class='ocr_line' id='line_1_49' title="bbox 252 1618 1042 1652; baseline -0.004 -5"><span class='ocrx_word' id='word_1_351' title='bbox 252 1620 294 1647; x_wconf 89' lang='lat' dir='ltr'><strong>vel</strong></span> <span class='ocrx_word' id='word_1_352' title='bbox 305 1618 447 1646; x_wconf 70' lang='lat' dir='ltr'><strong>allectione</strong></span> <span class='ocrx_word' id='word_1_353' title='bbox 458 1618 503 1644; x_wconf 87' lang='lat' dir='ltr'><strong>illa</strong></span> <span class='ocrx_word' id='word_1_354' title='bbox 515 1622 653 1649; x_wconf 86' lang='lat' dir='ltr'><strong>tenentur,</strong></span> <span class='ocrx_word' id='word_1_355' title='bbox 670 1625 730 1652; x_wconf 61' lang='lat' dir='ltr'><strong>quae</strong></span> <span class='ocrx_word' id='word_1_356' title='bbox 742 1625 818 1652; x_wconf 75' lang='lat' dir='ltr'><strong>aqua:</strong></span> <span class='ocrx_word' id='word_1_357' title='bbox 830 1622 919 1645; x_wconf 86' lang='lat' dir='ltr'><strong>metus</strong></span> <span class='ocrx_word' id='word_1_358' title='bbox 931 1618 1042 1650; x_wconf 89' lang='lat' dir='ltr'><strong>dicitur,</strong></span> 
     </span>
    </p>
   </div>
   <div class='ocr_carea' id='block_1_50' title="bbox 253 1663 1044 1699">
    <p class='ocr_par' dir='ltr' id='par_1_50' title="bbox 253 1663 1044 1699">
     <span class='ocr_line' id='line_1_50' title="bbox 253 1663 1044 1699; baseline -0.001 -8"><span class='ocrx_word' id='word_1_359' title='bbox 253 1672 343 1699; x_wconf 86' lang='lat' dir='ltr'><strong>neque</strong></span> <span class='ocrx_word' id='word_1_360' title='bbox 358 1664 458 1691; x_wconf 85' lang='lat' dir='ltr'><strong>solaris</strong></span> <span class='ocrx_word' id='word_1_361' title='bbox 473 1663 543 1691; x_wconf 87' lang='lat' dir='ltr'><strong>radii</strong></span> <span class='ocrx_word' id='word_1_362' title='bbox 559 1663 756 1694; x_wconf 86' lang='lat' dir='ltr'><strong>accessionem,</strong></span> <span class='ocrx_word' id='word_1_363' title='bbox 769 1671 857 1697; x_wconf 87' lang='lat' dir='ltr'><strong>neque</strong></span> <span class='ocrx_word' id='word_1_364' title='bbox 868 1668 1044 1698; x_wconf 88' lang='lat' dir='ltr'><strong>conspectum</strong></span> 
     </span>
    </p>
   </div>
   <div class='ocr_carea' id='block_1_51' title="bbox 253 1708 1044 1746">
    <p class='ocr_par' dir='ltr' id='par_1_51' title="bbox 253 1708 1044 1746">
     <span class='ocr_line' id='line_1_51' title="bbox 253 1708 1044 1746; baseline -0.003 -8"><span class='ocrx_word' id='word_1_365' title='bbox 253 1719 330 1746; x_wconf 77' lang='lat' dir='ltr'><strong>aquae</strong></span> <span class='ocrx_word' id='word_1_366' title='bbox 348 1711 464 1738; x_wconf 85' lang='lat' dir='ltr'><strong>tolerare</strong></span> <span class='ocrx_word' id='word_1_367' title='bbox 477 1713 604 1745; x_wconf 82' lang='lat' dir='ltr'><strong>possunt,</strong></span> <span class='ocrx_word' id='word_1_368' title='bbox 620 1708 666 1736; x_wconf 87' lang='lat' dir='ltr'><strong>sed</strong></span> <span class='ocrx_word' id='word_1_369' title='bbox 681 1709 805 1736; x_wconf 88' lang='lat' dir='ltr'><strong>tremulis</strong></span> <span class='ocrx_word' id='word_1_370' title='bbox 821 1709 988 1743; x_wconf 84' lang='lat' dir='ltr'><strong>superciliis,</strong></span> <span class='ocrx_word' id='word_1_371' title='bbox 1005 1709 1044 1736; x_wconf 91' lang='lat' dir='ltr'><strong>illi</strong></span> 
     </span>
    </p>
   </div>
   <div class='ocr_carea' id='block_1_52' title="bbox 254 1753 1045 1792">
    <p class='ocr_par' dir='ltr' id='par_1_52' title="bbox 254 1753 1045 1792">
     <span class='ocr_line' id='line_1_52' title="bbox 254 1753 1045 1792; baseline 0 -10"><span class='ocrx_word' id='word_1_372' title='bbox 254 1756 363 1791; x_wconf 86' lang='lat' dir='ltr'><strong>quidem</strong></span> <span class='ocrx_word' id='word_1_373' title='bbox 381 1755 451 1782; x_wconf 87' lang='lat' dir='ltr'><strong>male</strong></span> <span class='ocrx_word' id='word_1_374' title='bbox 467 1754 555 1782; x_wconf 72' lang='lat' dir='ltr'><strong>allecli</strong></span> <span class='ocrx_word' id='word_1_375' title='bbox 569 1754 664 1782; x_wconf 86' lang='lat' dir='ltr'><strong>oculos</strong></span> <span class='ocrx_word' id='word_1_376' title='bbox 687 1761 701 1780; x_wconf 88' lang='lat' dir='ltr'><strong>a</strong></span> <span class='ocrx_word' id='word_1_377' title='bbox 724 1753 826 1788; x_wconf 86' lang='lat' dir='ltr'><strong>radiis;</strong></span> <span class='ocrx_word' id='word_1_378' title='bbox 847 1754 886 1781; x_wconf 92' lang='lat' dir='ltr'><strong>illi</strong></span> <span class='ocrx_word' id='word_1_379' title='bbox 908 1762 987 1792; x_wconf 66' lang='lat' dir='ltr'><strong>vero,</strong></span> <span class='ocrx_word' id='word_1_380' title='bbox 998 1755 1045 1790; x_wconf 88' lang='lat' dir='ltr'><strong>qui</strong></span> 
     </span>
    </p>
   </div>
   <div class='ocr_carea' id='block_1_53' title="bbox 255 1800 1045 1837">
    <p class='ocr_par' dir='ltr' id='par_1_53' title="bbox 255 1800 1045 1837">
     <span class='ocr_line' id='line_1_53' title="bbox 255 1800 1045 1837; baseline -0.003 -8"><span class='ocrx_word' id='word_1_381' title='bbox 255 1810 353 1837; x_wconf 86' lang='lat' dir='ltr'><strong>aquam</strong></span> <span class='ocrx_word' id='word_1_382' title='bbox 374 1805 517 1833; x_wconf 86' lang='lat' dir='ltr'><strong>metuunt,</strong></span> <span class='ocrx_word' id='word_1_383' title='bbox 535 1801 568 1828; x_wconf 88' lang='lat' dir='ltr'><strong>ab</strong></span> <span class='ocrx_word' id='word_1_384' title='bbox 594 1808 671 1836; x_wconf 69' lang='lat' dir='ltr'><strong>aquae</strong></span> <span class='ocrx_word' id='word_1_385' title='bbox 694 1800 793 1827; x_wconf 91' lang='lat' dir='ltr'><strong>intuitu</strong></span> <span class='ocrx_word' id='word_1_386' title='bbox 819 1804 968 1828; x_wconf 79' lang='lat' dir='ltr'><strong>avertunt:</strong></span> <span class='ocrx_word' id='word_1_387' title='bbox 987 1800 1045 1835; x_wconf 86' lang='lat' dir='ltr'><strong>pari</strong></span> 
     </span>
    </p>
   </div>
   <div class='ocr_carea' id='block_1_54' title="bbox 255 1846 1046 1881">
    <p class='ocr_par' dir='ltr' id='par_1_54' title="bbox 255 1846 1046 1881">
     <span class='ocr_line' id='line_1_54' title="bbox 255 1846 1046 1881; baseline -0.003 -5"><span class='ocrx_word' id='word_1_388' title='bbox 255 1848 335 1876; x_wconf 87' lang='lat' dir='ltr'><strong>modo</strong></span> <span class='ocrx_word' id='word_1_389' title='bbox 348 1852 375 1875; x_wconf 88' lang='lat' dir='ltr'><strong>et</strong></span> <span class='ocrx_word' id='word_1_390' title='bbox 388 1847 543 1874; x_wconf 69' lang='lat' dir='ltr'><strong>Juda&#39;orum</strong></span> <span class='ocrx_word' id='word_1_391' title='bbox 557 1847 717 1881; x_wconf 86' lang='lat' dir='ltr'><strong>improbitas</strong></span> <span class='ocrx_word' id='word_1_392' title='bbox 732 1846 839 1874; x_wconf 88' lang='lat' dir='ltr'><strong>silentio</strong></span> <span class='ocrx_word' id='word_1_393' title='bbox 851 1847 991 1874; x_wconf 77' lang='lat' dir='ltr'><strong>veritatem</strong></span> <span class='ocrx_word' id='word_1_394' title='bbox 1004 1854 1046 1874; x_wconf 91' lang='lat' dir='ltr'><strong>re-</strong></span> 
     </span>
    </p>
   </div>
   <div class='ocr_carea' id='block_1_55' title="bbox 255 1893 1046 1930">
    <p class='ocr_par' dir='ltr' id='par_1_55' title="bbox 255 1893 1046 1930">
     <span class='ocr_line' id='line_1_55' title="bbox 255 1893 1046 1930; baseline -0.003 -9"><span class='ocrx_word' id='word_1_395' title='bbox 255 1894 363 1930; x_wconf 69' lang='lat' dir='ltr'><strong>probat,</strong></span> <span class='ocrx_word' id='word_1_396' title='bbox 379 1901 411 1921; x_wconf 90' lang='lat' dir='ltr'><strong>eo</strong></span> <span class='ocrx_word' id='word_1_397' title='bbox 424 1893 497 1928; x_wconf 88' lang='lat' dir='ltr'><strong>quod</strong></span> <span class='ocrx_word' id='word_1_398' title='bbox 509 1893 606 1920; x_wconf 68' lang='lat' dir='ltr'><strong>divina&quot;:</strong></span> <span class='ocrx_word' id='word_1_399' title='bbox 616 1893 819 1928; x_wconf 60' lang='lat' dir='ltr'><strong>pradicationis</strong></span> <span class='ocrx_word' id='word_1_400' title='bbox 830 1893 944 1927; x_wconf 82' lang='lat' dir='ltr'><strong>gloriam</strong></span> <span class='ocrx_word' id='word_1_401' title='bbox 960 1893 1046 1920; x_wconf 82' lang='lat' dir='ltr'><strong>conli-</strong></span> 
     </span>
    </p>
   </div>
   <div class='ocr_carea' id='block_1_56' title="bbox 257 1939 1045 1974">
    <p class='ocr_par' dir='ltr' id='par_1_56' title="bbox 257 1939 1045 1974">
     <span class='ocr_line' id='line_1_56' title="bbox 257 1939 1045 1974; baseline -0.001 -7"><span class='ocrx_word' id='word_1_402' title='bbox 257 1941 305 1967; x_wconf 91' lang='lat' dir='ltr'><strong>teri</strong></span> <span class='ocrx_word' id='word_1_403' title='bbox 323 1940 401 1967; x_wconf 89' lang='lat' dir='ltr'><strong>nolit.</strong></span> <span class='ocrx_word' id='word_1_404' title='bbox 417 1939 492 1966; x_wconf 86' lang='lat' dir='ltr'><strong>Licet</strong></span> <span class='ocrx_word' id='word_1_405' title='bbox 505 1946 586 1974; x_wconf 92' lang='lat' dir='ltr'><strong>porro</strong></span> <span class='ocrx_word' id='word_1_406' title='bbox 601 1947 632 1965; x_wconf 85' lang='lat' dir='ltr'><strong>ex</strong></span> <span class='ocrx_word' id='word_1_407' title='bbox 651 1939 709 1974; x_wconf 84' lang='lat' dir='ltr'><strong>ipsa</strong></span> <span class='ocrx_word' id='word_1_408' title='bbox 725 1939 822 1973; x_wconf 79' lang='lat' dir='ltr'><strong>psalmi</strong></span> <span class='ocrx_word' id='word_1_409' title='bbox 839 1939 910 1966; x_wconf 88' lang='lat' dir='ltr'><strong>serie</strong></span> <span class='ocrx_word' id='word_1_410' title='bbox 927 1939 1045 1974; x_wconf 86' lang='lat' dir='ltr'><strong>prophe-</strong></span> 
     </span>
    </p>
   </div>
   <div class='ocr_carea' id='block_1_57' title="bbox 258 1985 1047 2021">
    <p class='ocr_par' dir='ltr' id='par_1_57' title="bbox 258 1985 1047 2021">
     <span class='ocr_line' id='line_1_57' title="bbox 258 1985 1047 2021; baseline 0 -8"><span class='ocrx_word' id='word_1_411' title='bbox 258 1987 302 2014; x_wconf 75' lang='lat' dir='ltr'><strong>tia:</strong></span> <span class='ocrx_word' id='word_1_412' title='bbox 319 1987 393 2013; x_wconf 89' lang='lat' dir='ltr'><strong>illius</strong></span> <span class='ocrx_word' id='word_1_413' title='bbox 409 1993 509 2013; x_wconf 88' lang='lat' dir='ltr'><strong>arcana</strong></span> <span class='ocrx_word' id='word_1_414' title='bbox 523 1993 697 2020; x_wconf 79' lang='lat' dir='ltr'><strong>cognoscere.</strong></span> <span class='ocrx_word' id='word_1_415' title='bbox 716 1985 785 2012; x_wconf 88' lang='lat' dir='ltr'><strong>Dicit</strong></span> <span class='ocrx_word' id='word_1_416' title='bbox 804 1986 876 2013; x_wconf 85' lang='lat' dir='ltr'><strong>enim</strong></span> <span class='ocrx_word' id='word_1_417' title='bbox 897 1986 924 2013; x_wconf 91' lang='lat' dir='ltr'><strong>in</strong></span> <span class='ocrx_word' id='word_1_418' title='bbox 942 1987 1047 2021; x_wconf 87' lang='lat' dir='ltr'><strong>psalmo</strong></span> 
     </span>
    </p>
   </div>
   <div class='ocr_carea' id='block_1_58' title="bbox 258 2030 1047 2067">
    <p class='ocr_par' dir='ltr' id='par_1_58' title="bbox 258 2030 1047 2067">
     <span class='ocr_line' id='line_1_58' title="bbox 258 2030 1047 2067; baseline -0.001 -8"><span class='ocrx_word' id='word_1_419' title='bbox 258 2032 471 2067; x_wconf 77' lang='lat' dir='ltr'><strong>septuagesimo,</strong></span> <span class='ocrx_word' id='word_1_420' title='bbox 484 2031 565 2066; x_wconf 85' lang='lat' dir='ltr'><strong>cujus</strong></span> <span class='ocrx_word' id='word_1_421' title='bbox 586 2031 729 2066; x_wconf 87' lang='lat' dir='ltr'><strong>inscriptio</strong></span> <span class='ocrx_word' id='word_1_422' title='bbox 742 2035 784 2058; x_wconf 88' lang='lat' dir='ltr'><strong>est</strong></span> <span class='ocrx_word' id='word_1_423' title='bbox 800 2040 807 2059; x_wconf 89' lang='lat'><strong>:</strong></span> <span class='ocrx_word' id='word_1_424' title='bbox 825 2040 835 2056; x_wconf 72' lang='grc' dir='ltr'><strong>ι</strong></span> <span class='ocrx_word' id='word_1_425' title='bbox 854 2030 892 2058; x_wconf 91' lang='lat' dir='ltr'><strong>De</strong></span> <span class='ocrx_word' id='word_1_426' title='bbox 909 2032 1047 2066; x_wconf 89' lang='lat' dir='ltr'><strong>prioribus</strong></span> 
     </span>
    </p>
   </div>
   <div class='ocr_carea' id='block_1_59' title="bbox 259 2076 1046 2112">
    <p class='ocr_par' dir='ltr' id='par_1_59' title="bbox 259 2076 1046 2112">
     <span class='ocr_line' id='line_1_59' title="bbox 259 2076 1046 2112; baseline 0 -8"><span class='ocrx_word' id='word_1_427' title='bbox 259 2078 386 2112; x_wconf 83' lang='lat' dir='ltr'><strong>captivis,</strong></span> <span class='ocrx_word' id='word_1_428' title='bbox 398 2086 407 2102; x_wconf 83' lang='grc'><strong>›</strong></span> <span class='ocrx_word' id='word_1_429' title='bbox 419 2081 548 2111; x_wconf 87' lang='lat' dir='ltr'><strong>tanquam</strong></span> <span class='ocrx_word' id='word_1_430' title='bbox 560 2083 592 2103; x_wconf 82' lang='lat' dir='ltr'><strong>ex</strong></span> <span class='ocrx_word' id='word_1_431' title='bbox 602 2083 718 2111; x_wconf 86' lang='lat' dir='ltr'><strong>persona</strong></span> <span class='ocrx_word' id='word_1_432' title='bbox 731 2076 912 2111; x_wconf 87' lang='lat' dir='ltr'><strong>captivorum,</strong></span> <span class='ocrx_word' id='word_1_433' title='bbox 923 2084 987 2103; x_wconf 87' lang='lat' dir='ltr'><strong>cum</strong></span> <span class='ocrx_word' id='word_1_434' title='bbox 995 2077 1046 2104; x_wconf 89' lang='lat' dir='ltr'><strong>alia</strong></span> 
     </span>
    </p>
   </div>
   <div class='ocr_carea' id='block_1_60' title="bbox 259 2121 1048 2159">
    <p class='ocr_par' dir='ltr' id='par_1_60' title="bbox 259 2121 1048 2159">
     <span class='ocr_line' id='line_1_60' title="bbox 259 2121 1048 2159; baseline 0.001 -10"><span class='ocrx_word' id='word_1_435' title='bbox 259 2123 383 2159; x_wconf 79' lang='lat' dir='ltr'><strong>quaedam</strong></span> <span class='ocrx_word' id='word_1_436' title='bbox 398 2121 578 2156; x_wconf 84' lang='lat' dir='ltr'><strong>supplicantis</strong></span> <span class='ocrx_word' id='word_1_437' title='bbox 594 2122 713 2148; x_wconf 83' lang='lat' dir='ltr'><strong>orationi</strong></span> <span class='ocrx_word' id='word_1_438' title='bbox 725 2125 927 2154; x_wconf 67' lang='lat' dir='ltr'><strong>consentanea,</strong></span> <span class='ocrx_word' id='word_1_439' title='bbox 938 2127 995 2150; x_wconf 92' lang='lat' dir='ltr'><strong>tum</strong></span> <span class='ocrx_word' id='word_1_440' title='bbox 1016 2123 1048 2150; x_wconf 93' lang='lat' dir='ltr'><strong>il-</strong></span> 
     </span>
    </p>
   </div>
   <div class='ocr_carea' id='block_1_61' title="bbox 1087 868 1881 909">
    <p class='ocr_par' dir='ltr' id='par_1_61' title="bbox 1087 868 1881 909">
     <span class='ocr_line' id='line_1_61' title="bbox 1087 868 1881 909; baseline -0.008 -9"><span class='ocrx_word' id='word_1_441' title='bbox 1087 873 1302 909; x_wconf 81' lang='grc' dir='ltr'>τεσσαρακοστός</span> <span class='ocrx_word' id='word_1_442' title='bbox 1326 881 1355 898; x_wconf 88' lang='grc' dir='ltr'><strong>τε</strong></span> <span class='ocrx_word' id='word_1_443' title='bbox 1375 872 1422 899; x_wconf 74' lang='grc' dir='ltr'>καὶ</span> <span class='ocrx_word' id='word_1_444' title='bbox 1443 871 1567 907; x_wconf 83' lang='grc' dir='ltr'>δεύτερος</span> <span class='ocrx_word' id='word_1_445' title='bbox 1587 871 1642 902; x_wconf 85' lang='grc' dir='ltr'>τοῖς</span> <span class='ocrx_word' id='word_1_446' title='bbox 1663 868 1796 905; x_wconf 78' lang='grc' dir='ltr'>Ἑϐραίοις</span> <span class='ocrx_word' id='word_1_447' title='bbox 1816 869 1881 895; x_wconf 74' lang='grc' dir='ltr'>ἑπι-</span> 
     </span>
    </p>
   </div>
   <div class='ocr_carea' id='block_1_62' title="bbox 1089 912 1880 954">
    <p class='ocr_par' dir='ltr' id='par_1_62' title="bbox 1089 912 1880 954">
     <span class='ocr_line' id='line_1_62' title="bbox 1089 912 1880 954; baseline -0.006 -9"><span class='ocrx_word' id='word_1_448' title='bbox 1089 919 1197 954; x_wconf 74' lang='grc' dir='ltr'>γραφὴν</span> <span class='ocrx_word' id='word_1_449' title='bbox 1208 918 1258 944; x_wconf 77' lang='grc' dir='ltr'>οὐκ</span> <span class='ocrx_word' id='word_1_450' title='bbox 1270 917 1336 953; x_wconf 77' lang='grc' dir='ltr'>ἔχει,</span> <span class='ocrx_word' id='word_1_451' title='bbox 1353 917 1514 948; x_wconf 74' lang='grc' dir='ltr'>δεικνύντος,</span> <span class='ocrx_word' id='word_1_452' title='bbox 1527 913 1613 951; x_wconf 73' lang='grc' dir='ltr'>οἴμαι,</span> <span class='ocrx_word' id='word_1_453' title='bbox 1628 915 1674 942; x_wconf 85' lang='grc' dir='ltr'>τοῦ</span> <span class='ocrx_word' id='word_1_454' title='bbox 1686 915 1775 949; x_wconf 69' lang='grc' dir='ltr'>λόγου,</span> <span class='ocrx_word' id='word_1_455' title='bbox 1792 914 1834 940; x_wconf 73' lang='grc' dir='ltr'><strong>ὅτι</strong></span> <span class='ocrx_word' id='word_1_456' title='bbox 1847 912 1880 940; x_wconf 81' lang='grc' dir='ltr'>τὸ</span> 
     </span>
    </p>
   </div>
   <div class='ocr_carea' id='block_1_63' title="bbox 1089 959 1880 1000">
    <p class='ocr_par' dir='ltr' id='par_1_63' title="bbox 1089 959 1880 1000">
     <span class='ocr_line' id='line_1_63' title="bbox 1089 959 1880 1000; baseline -0.006 -9"><span class='ocrx_word' id='word_1_457' title='bbox 1089 965 1117 991; x_wconf 74' lang='grc' dir='ltr'>ἐν</span> <span class='ocrx_word' id='word_1_458' title='bbox 1130 965 1168 1000; x_wconf 82' lang='grc' dir='ltr'><strong>τῷ</strong></span> <span class='ocrx_word' id='word_1_459' title='bbox 1178 962 1277 998; x_wconf 77' lang='grc' dir='ltr'>ψαλμῷ</span> <span class='ocrx_word' id='word_1_460' title='bbox 1288 962 1374 997; x_wconf 80' lang='grc' dir='ltr'>τούτῳ</span> <span class='ocrx_word' id='word_1_461' title='bbox 1388 962 1534 997; x_wconf 84' lang='grc' dir='ltr'>μυστήριον</span> <span class='ocrx_word' id='word_1_462' title='bbox 1544 962 1599 992; x_wconf 84' lang='grc' dir='ltr'>τοῖς</span> <span class='ocrx_word' id='word_1_463' title='bbox 1616 960 1785 996; x_wconf 77' lang='grc' dir='ltr'>Ἑϐραῖζουσι</span> <span class='ocrx_word' id='word_1_464' title='bbox 1805 959 1880 986; x_wconf 82' lang='grc' dir='ltr'>κατὰ</span> 
     </span>
    </p>
   </div>
   <div class='ocr_carea' id='block_1_64' title="bbox 1088 1004 1880 1046">
    <p class='ocr_par' dir='ltr' id='par_1_64' title="bbox 1088 1004 1880 1046">
     <span class='ocr_line' id='line_1_64' title="bbox 1088 1004 1880 1046; baseline -0.01 -9"><span class='ocrx_word' id='word_1_465' title='bbox 1088 1011 1138 1046; x_wconf 79' lang='grc' dir='ltr'>τὴν</span> <span class='ocrx_word' id='word_1_466' title='bbox 1152 1009 1255 1044; x_wconf 78' lang='grc' dir='ltr'>αἵρεσιν</span> <span class='ocrx_word' id='word_1_467' title='bbox 1268 1008 1456 1043; x_wconf 74' lang='grc' dir='ltr'>ἁπαράδεκτον</span> <span class='ocrx_word' id='word_1_468' title='bbox 1474 1004 1517 1042; x_wconf 83' lang='grc' dir='ltr'><strong>ἧν.</strong></span> <span class='ocrx_word' id='word_1_469' title='bbox 1535 1005 1743 1033; x_wconf 71' lang='grc' dir='ltr'>Εἰσελεύσεσθαι</span> <span class='ocrx_word' id='word_1_470' title='bbox 1764 1005 1819 1039; x_wconf 78' lang='grc' dir='ltr'>γὰρ</span> <span class='ocrx_word' id='word_1_471' title='bbox 1837 1005 1880 1036; x_wconf 83' lang='grc' dir='ltr'><strong>είς</strong></span> 
     </span>
    </p>
   </div>
   <div class='ocr_carea' id='block_1_65' title="bbox 1089 1050 1880 1090">
    <p class='ocr_par' dir='ltr' id='par_1_65' title="bbox 1089 1050 1880 1090">
     <span class='ocr_line' id='line_1_65' title="bbox 1089 1050 1880 1090; baseline -0.008 -8"><span class='ocrx_word' id='word_1_472' title='bbox 1089 1056 1119 1082; x_wconf 84' lang='grc' dir='ltr'>τὸ</span> <span class='ocrx_word' id='word_1_473' title='bbox 1134 1055 1325 1090; x_wconf 75' lang='grc' dir='ltr'>θυσιαστήριον</span> <span class='ocrx_word' id='word_1_474' title='bbox 1337 1053 1544 1087; x_wconf 76' lang='grc' dir='ltr'>ἐπαγγέλλεται,</span> <span class='ocrx_word' id='word_1_475' title='bbox 1555 1052 1613 1083; x_wconf 80' lang='grc' dir='ltr'>νέος</span> <span class='ocrx_word' id='word_1_476' title='bbox 1624 1052 1777 1086; x_wconf 79' lang='grc' dir='ltr'>γενόμενος.</span> <span class='ocrx_word' id='word_1_477' title='bbox 1794 1050 1880 1076; x_wconf 78' lang='grc' dir='ltr'>Ἀλλὰ</span> 
     </span>
    </p>
   </div>
   <div class='ocr_carea' id='block_1_66' title="bbox 1090 1096 1882 1137">
    <p class='ocr_par' dir='ltr' id='par_1_66' title="bbox 1090 1096 1882 1137">
     <span class='ocr_line' id='line_1_66' title="bbox 1090 1096 1882 1137; baseline -0.008 -9"><span class='ocrx_word' id='word_1_478' title='bbox 1090 1101 1129 1137; x_wconf 83' lang='grc' dir='ltr'>τῷ</span> <span class='ocrx_word' id='word_1_479' title='bbox 1149 1100 1267 1137; x_wconf 76' lang='grc' dir='ltr'>Ἑϐραίῳ</span> <span class='ocrx_word' id='word_1_480' title='bbox 1278 1099 1356 1127; x_wconf 81' lang='grc' dir='ltr'>τοῦτο</span> <span class='ocrx_word' id='word_1_481' title='bbox 1369 1099 1418 1126; x_wconf 76' lang='grc' dir='ltr'>οὐκ</span> <span class='ocrx_word' id='word_1_482' title='bbox 1432 1099 1513 1126; x_wconf 81' lang='grc' dir='ltr'>ἐστιν.</span> <span class='ocrx_word' id='word_1_483' title='bbox 1526 1099 1562 1125; x_wconf 82' lang='grc' dir='ltr'><strong>Οὐ</strong></span> <span class='ocrx_word' id='word_1_484' title='bbox 1580 1098 1634 1134; x_wconf 78' lang='grc' dir='ltr'><strong>γὰρ</strong></span> <span class='ocrx_word' id='word_1_485' title='bbox 1650 1098 1757 1133; x_wconf 81' lang='grc' dir='ltr'>δέχεται</span> <span class='ocrx_word' id='word_1_486' title='bbox 1770 1096 1809 1131; x_wconf 86' lang='grc' dir='ltr'>τῷ</span> <span class='ocrx_word' id='word_1_487' title='bbox 1827 1104 1882 1131; x_wconf 85' lang='grc' dir='ltr'>μυ-</span> 
     </span>
    </p>
   </div>
   <div class='ocr_carea' id='block_1_67' title="bbox 1092 1143 1881 1184">
    <p class='ocr_par' dir='ltr' id='par_1_67' title="bbox 1092 1143 1881 1184">
     <span class='ocr_line' id='line_1_67' title="bbox 1092 1143 1881 1184; baseline -0.005 -10"><span class='ocrx_word' id='word_1_488' title='bbox 1092 1147 1194 1184; x_wconf 81' lang='grc' dir='ltr'>στηρίῳ</span> <span class='ocrx_word' id='word_1_489' title='bbox 1209 1148 1259 1181; x_wconf 84' lang='grc' dir='ltr'>τῆς</span> <span class='ocrx_word' id='word_1_490' title='bbox 1273 1146 1408 1180; x_wconf 79' lang='grc' dir='ltr'><strong>σωτηρίας</strong></span> <span class='ocrx_word' id='word_1_491' title='bbox 1420 1145 1464 1171; x_wconf 77' lang='grc' dir='ltr'>διὰ</span> <span class='ocrx_word' id='word_1_492' title='bbox 1476 1145 1523 1181; x_wconf 82' lang='grc' dir='ltr'>τῆς</span> <span class='ocrx_word' id='word_1_493' title='bbox 1537 1144 1638 1172; x_wconf 74' lang='grc' dir='ltr'>ἄνωθεν</span> <span class='ocrx_word' id='word_1_494' title='bbox 1651 1145 1802 1178; x_wconf 63' lang='grc' dir='ltr'>γεννήσεως</span> <span class='ocrx_word' id='word_1_495' title='bbox 1813 1143 1881 1170; x_wconf 67' lang='grc' dir='ltr'>ἀναν</span> 
     </span>
    </p>
   </div>
   <div class='ocr_carea' id='block_1_68' title="bbox 1093 1192 1268 1227">
    <p class='ocr_par' dir='ltr' id='par_1_68' title="bbox 1093 1192 1268 1227">
     <span class='ocr_line' id='line_1_68' title="bbox 1093 1192 1268 1227; baseline 0 -7"><span class='ocrx_word' id='word_1_496' title='bbox 1093 1194 1186 1221; x_wconf 77' lang='grc' dir='ltr'>νεάσαι</span> <span class='ocrx_word' id='word_1_497' title='bbox 1202 1192 1268 1227; x_wconf 68' lang='grc'>(54).</span> 
     </span>
    </p>
   </div>
   <div class='ocr_carea' id='block_1_69' title="bbox 1133 1252 1880 1291">
    <p class='ocr_par' dir='ltr' id='par_1_69' title="bbox 1133 1252 1880 1291">
     <span class='ocr_line' id='line_1_69' title="bbox 1133 1252 1880 1291; baseline -0.005 -8"><span class='ocrx_word' id='word_1_498' title='bbox 1133 1257 1178 1283; x_wconf 87' lang='grc' dir='ltr'>Ἐν</span> <span class='ocrx_word' id='word_1_499' title='bbox 1191 1256 1219 1283; x_wconf 84' lang='grc' dir='ltr'>δὲ</span> <span class='ocrx_word' id='word_1_500' title='bbox 1233 1256 1272 1291; x_wconf 83' lang='grc' dir='ltr'>τῷ</span> <span class='ocrx_word' id='word_1_501' title='bbox 1287 1255 1476 1291; x_wconf 75' lang='grc' dir='ltr'>ἑϐδομηκοστῷ</span> <span class='ocrx_word' id='word_1_502' title='bbox 1488 1255 1536 1290; x_wconf 82' lang='grc' dir='ltr'>τῆς</span> <span class='ocrx_word' id='word_1_503' title='bbox 1558 1253 1786 1289; x_wconf 74' lang='grc' dir='ltr'>ὲκκλησιαστικῆς</span> <span class='ocrx_word' id='word_1_504' title='bbox 1802 1252 1880 1279; x_wconf 75' lang='grc' dir='ltr'>ἐκδό-</span> 
     </span>
    </p>
   </div>
   <div class='ocr_carea' id='block_1_70' title="bbox 1094 1299 1881 1337">
    <p class='ocr_par' dir='ltr' id='par_1_70' title="bbox 1094 1299 1881 1337">
     <span class='ocr_line' id='line_1_70' title="bbox 1094 1299 1881 1337; baseline -0.005 -8"><span class='ocrx_word' id='word_1_505' title='bbox 1094 1311 1162 1335; x_wconf 84' lang='grc' dir='ltr'>σεως</span> <span class='ocrx_word' id='word_1_506' title='bbox 1179 1302 1334 1337; x_wconf 76' lang='grc' dir='ltr'>ἐπιγραφὴν</span> <span class='ocrx_word' id='word_1_507' title='bbox 1347 1301 1473 1337; x_wconf 79' lang='grc' dir='ltr'>ἐχούσης,</span> <span class='ocrx_word' id='word_1_508' title='bbox 1498 1310 1507 1326; x_wconf 76' lang='grc' dir='ltr'><strong>ι</strong></span> <span class='ocrx_word' id='word_1_509' title='bbox 1529 1301 1614 1335; x_wconf 84' lang='grc' dir='ltr'>’Υπὲρ</span> <span class='ocrx_word' id='word_1_510' title='bbox 1634 1299 1689 1326; x_wconf 86' lang='grc' dir='ltr'>τῶν</span> <span class='ocrx_word' id='word_1_511' title='bbox 1702 1299 1767 1326; x_wconf 78' lang='grc' dir='ltr'>υίῶν</span> <span class='ocrx_word' id='word_1_512' title='bbox 1789 1299 1881 1326; x_wconf 85' lang='grc' dir='ltr'>Ἰωνα-</span> 
     </span>
    </p>
   </div>
   <div class='ocr_carea' id='block_1_71' title="bbox 1093 1344 1881 1384">
    <p class='ocr_par' dir='ltr' id='par_1_71' title="bbox 1093 1344 1881 1384">
     <span class='ocr_line' id='line_1_71' title="bbox 1093 1344 1881 1384; baseline -0.005 -10"><span class='ocrx_word' id='word_1_513' title='bbox 1093 1348 1157 1384; x_wconf 56' lang='lat' dir='ltr'><strong>sap,</strong></span> <span class='ocrx_word' id='word_1_514' title='bbox 1184 1348 1231 1374; x_wconf 77' lang='grc' dir='ltr'>καὶ</span> <span class='ocrx_word' id='word_1_515' title='bbox 1256 1347 1310 1374; x_wconf 83' lang='grc' dir='ltr'><strong>τῶν</strong></span> <span class='ocrx_word' id='word_1_516' title='bbox 1336 1347 1451 1382; x_wconf 81' lang='grc' dir='ltr'>πρώτων</span> <span class='ocrx_word' id='word_1_517' title='bbox 1473 1345 1753 1381; x_wconf 79' lang='grc' dir='ltr'><strong>αἰχμαλωτισθέντων,</strong></span> <span class='ocrx_word' id='word_1_518' title='bbox 1774 1353 1784 1370; x_wconf 80' lang='grc' dir='ltr'><strong>ι</strong></span> <span class='ocrx_word' id='word_1_519' title='bbox 1805 1344 1881 1379; x_wconf 78' lang='grc' dir='ltr'>παρὰ</span> 
     </span>
    </p>
   </div>
   <div class='ocr_carea' id='block_1_72' title="bbox 1093 1391 1883 1430">
    <p class='ocr_par' dir='ltr' id='par_1_72' title="bbox 1093 1391 1883 1430">
     <span class='ocr_line' id='line_1_72' title="bbox 1093 1391 1883 1430; baseline -0.005 -9"><span class='ocrx_word' id='word_1_520' title='bbox 1093 1397 1149 1426; x_wconf 83' lang='grc' dir='ltr'>τοῖς</span> <span class='ocrx_word' id='word_1_521' title='bbox 1179 1394 1314 1430; x_wconf 80' lang='grc' dir='ltr'>Ἑϐραίοις</span> <span class='ocrx_word' id='word_1_522' title='bbox 1339 1393 1417 1420; x_wconf 80' lang='grc' dir='ltr'>τοῦτο</span> <span class='ocrx_word' id='word_1_523' title='bbox 1442 1393 1592 1427; x_wconf 80' lang='grc' dir='ltr'>σεσίγηται.</span> <span class='ocrx_word' id='word_1_524' title='bbox 1621 1392 1652 1418; x_wconf 84' lang='grc' dir='ltr'><strong>Ἦ</strong></span> <span class='ocrx_word' id='word_1_525' title='bbox 1677 1391 1706 1418; x_wconf 81' lang='grc' dir='ltr'>δὲ</span> <span class='ocrx_word' id='word_1_526' title='bbox 1732 1391 1805 1418; x_wconf 74' lang='grc' dir='ltr'>αἰτία</span> <span class='ocrx_word' id='word_1_527' title='bbox 1834 1399 1883 1417; x_wconf 83' lang='grc' dir='ltr'>σα-</span> 
     </span>
    </p>
   </div>
   <div class='ocr_carea' id='block_1_73' title="bbox 1095 1438 1882 1478">
    <p class='ocr_par' dir='ltr' id='par_1_73' title="bbox 1095 1438 1882 1478">
     <span class='ocr_line' id='line_1_73' title="bbox 1095 1438 1882 1478; baseline -0.006 -9"><span class='ocrx_word' id='word_1_528' title='bbox 1095 1442 1147 1478; x_wconf 84' lang='grc' dir='ltr'>φὴς</span> <span class='ocrx_word' id='word_1_529' title='bbox 1162 1441 1229 1477; x_wconf 84' lang='grc'>(55),</span> <span class='ocrx_word' id='word_1_530' title='bbox 1245 1442 1286 1468; x_wconf 82' lang='grc' dir='ltr'>ὅτι</span> <span class='ocrx_word' id='word_1_531' title='bbox 1306 1439 1494 1476; x_wconf 78' lang='grc' dir='ltr'>φανερωτέρας</span> <span class='ocrx_word' id='word_1_532' title='bbox 1513 1439 1562 1474; x_wconf 84' lang='grc' dir='ltr'>τῆς</span> <span class='ocrx_word' id='word_1_533' title='bbox 1579 1439 1619 1470; x_wconf 85' lang='grc' dir='ltr'><strong>εἰς</strong></span> <span class='ocrx_word' id='word_1_534' title='bbox 1637 1438 1682 1465; x_wconf 78' lang='grc' dir='ltr'><strong>τὸν</strong></span> <span class='ocrx_word' id='word_1_535' title='bbox 1697 1438 1798 1473; x_wconf 84' lang='grc' dir='ltr'>Κύριον</span> <span class='ocrx_word' id='word_1_536' title='bbox 1811 1446 1882 1473; x_wconf 86' lang='grc' dir='ltr'>προ-</span> 
     </span>
    </p>
   </div>
   <div class='ocr_carea' id='block_1_74' title="bbox 1056 1483 1882 1531">
    <p class='ocr_par' dir='ltr' id='par_1_74' title="bbox 1056 1483 1882 1531">
     <span class='ocr_line' id='line_1_74' title="bbox 1056 1483 1882 1531; baseline -0.005 -18"><span class='ocrx_word' id='word_1_537' title='bbox 1056 1501 1078 1531; x_wconf 73' lang='lat' dir='ltr'><strong><em>C</em></strong></span> <span class='ocrx_word' id='word_1_538' title='bbox 1095 1486 1208 1521; x_wconf 86' lang='grc' dir='ltr'>φητείας</span> <span class='ocrx_word' id='word_1_539' title='bbox 1223 1487 1251 1513; x_wconf 76' lang='grc' dir='ltr'>ὲν</span> <span class='ocrx_word' id='word_1_540' title='bbox 1271 1485 1375 1517; x_wconf 80' lang='grc' dir='ltr'>τούτοις</span> <span class='ocrx_word' id='word_1_541' title='bbox 1387 1485 1480 1520; x_wconf 77' lang='grc' dir='ltr'>οὔσης,</span> <span class='ocrx_word' id='word_1_542' title='bbox 1495 1485 1511 1520; x_wconf 84' lang='grc' dir='ltr'>ἡ</span> <span class='ocrx_word' id='word_1_543' title='bbox 1536 1484 1648 1511; x_wconf 79' lang='grc' dir='ltr'>ἀπιστία</span> <span class='ocrx_word' id='word_1_544' title='bbox 1672 1484 1727 1510; x_wconf 86' lang='grc' dir='ltr'>τῶν</span> <span class='ocrx_word' id='word_1_545' title='bbox 1746 1483 1882 1510; x_wconf 81' lang='grc' dir='ltr'>Ἰουδαίων</span> 
     </span>
    </p>
   </div>
   <div class='ocr_carea' id='block_1_75' title="bbox 1095 1529 1882 1568">
    <p class='ocr_par' dir='ltr' id='par_1_75' title="bbox 1095 1529 1882 1568">
     <span class='ocr_line' id='line_1_75' title="bbox 1095 1529 1882 1568; baseline -0.006 -8"><span class='ocrx_word' id='word_1_546' title='bbox 1095 1533 1296 1568; x_wconf 77' lang='grc' dir='ltr'>κατηγορεῖται,</span> <span class='ocrx_word' id='word_1_547' title='bbox 1310 1532 1348 1563; x_wconf 82' lang='grc' dir='ltr'>ὡς</span> <span class='ocrx_word' id='word_1_548' title='bbox 1366 1530 1492 1564; x_wconf 82' lang='grc' dir='ltr'>δέξασθαι</span> <span class='ocrx_word' id='word_1_549' title='bbox 1504 1529 1553 1565; x_wconf 87' lang='grc' dir='ltr'><strong>τὴν</strong></span> <span class='ocrx_word' id='word_1_550' title='bbox 1569 1529 1687 1564; x_wconf 76' lang='grc' dir='ltr'>φανερὰν</span> <span class='ocrx_word' id='word_1_551' title='bbox 1702 1529 1749 1556; x_wconf 78' lang='grc' dir='ltr'>τοῦ</span> <span class='ocrx_word' id='word_1_552' title='bbox 1775 1537 1882 1564; x_wconf 84' lang='grc' dir='ltr'>μυστη-</span> 
     </span>
    </p>
   </div>
   <div class='ocr_carea' id='block_1_76' title="bbox 1094 1575 1882 1615">
    <p class='ocr_par' dir='ltr' id='par_1_76' title="bbox 1094 1575 1882 1615">
     <span class='ocr_line' id='line_1_76' title="bbox 1094 1575 1882 1615; baseline -0.006 -10"><span class='ocrx_word' id='word_1_553' title='bbox 1094 1579 1153 1615; x_wconf 72' lang='grc' dir='ltr'>ρίου</span> <span class='ocrx_word' id='word_1_554' title='bbox 1165 1577 1337 1605; x_wconf 79' lang='grc' dir='ltr'>διδασκαλίαν</span> <span class='ocrx_word' id='word_1_555' title='bbox 1352 1576 1390 1612; x_wconf 86' lang='grc' dir='ltr'>μὴ</span> <span class='ocrx_word' id='word_1_556' title='bbox 1399 1575 1576 1611; x_wconf 80' lang='grc' dir='ltr'>δυνηθέντων.</span> <span class='ocrx_word' id='word_1_557' title='bbox 1593 1575 1698 1610; x_wconf 84' lang='grc' dir='ltr'>’Ὠσπερ</span> <span class='ocrx_word' id='word_1_558' title='bbox 1713 1575 1768 1610; x_wconf 80' lang='grc' dir='ltr'><strong>γὰρ</strong></span> <span class='ocrx_word' id='word_1_559' title='bbox 1784 1575 1807 1601; x_wconf 78' lang='grc' dir='ltr'>οἱ</span> <span class='ocrx_word' id='word_1_560' title='bbox 1818 1575 1882 1606; x_wconf 67' lang='grc' dir='ltr'>τοὺς</span> 
     </span>
    </p>
   </div>
   <div class='ocr_carea' id='block_1_77' title="bbox 1094 1619 1881 1658">
    <p class='ocr_par' dir='ltr' id='par_1_77' title="bbox 1094 1619 1881 1658">
     <span class='ocr_line' id='line_1_77' title="bbox 1094 1619 1881 1658; baseline -0.006 -8"><span class='ocrx_word' id='word_1_561' title='bbox 1094 1623 1249 1658; x_wconf 67' lang='grc' dir='ltr'>ὀφθαλμοὺς</span> <span class='ocrx_word' id='word_1_562' title='bbox 1267 1622 1418 1654; x_wconf 78' lang='grc' dir='ltr'>νοσοῦντες,</span> <span class='ocrx_word' id='word_1_563' title='bbox 1434 1621 1450 1656; x_wconf 88' lang='grc' dir='ltr'>ἢ</span> <span class='ocrx_word' id='word_1_564' title='bbox 1469 1621 1493 1647; x_wconf 80' lang='grc' dir='ltr'>οἱ</span> <span class='ocrx_word' id='word_1_565' title='bbox 1513 1619 1569 1655; x_wconf 74' lang='grc'>(56)</span> <span class='ocrx_word' id='word_1_566' title='bbox 1586 1620 1624 1655; x_wconf 87' lang='grc' dir='ltr'>τῷ</span> <span class='ocrx_word' id='word_1_567' title='bbox 1645 1620 1725 1647; x_wconf 82' lang='grc' dir='ltr'>πάθει</span> <span class='ocrx_word' id='word_1_568' title='bbox 1738 1621 1788 1655; x_wconf 80' lang='grc' dir='ltr'>τῆς</span> <span class='ocrx_word' id='word_1_569' title='bbox 1804 1620 1881 1655; x_wconf 76' lang='grc' dir='ltr'>ὑδρο-</span> 
     </span>
    </p>
   </div>
   <div class='ocr_carea' id='block_1_78' title="bbox 1088 1658 1881 1705">
    <p class='ocr_par' dir='ltr' id='par_1_78' title="bbox 1088 1658 1881 1705">
     <span class='ocr_line' id='line_1_78' title="bbox 1088 1658 1881 1705; baseline -0.008 -9"><span class='ocrx_word' id='word_1_570' title='bbox 1088 1658 1181 1705; x_wconf 22' lang='grc' dir='ltr'>Νφὸϐης</span> <span class='ocrx_word' id='word_1_571' title='bbox 1195 1668 1398 1704; x_wconf 77' lang='grc' dir='ltr'>περιπεσόντες,</span> <span class='ocrx_word' id='word_1_572' title='bbox 1412 1666 1473 1694; x_wconf 69' lang='grc' dir='ltr'>οὔτε</span> <span class='ocrx_word' id='word_1_573' title='bbox 1489 1666 1538 1702; x_wconf 83' lang='grc' dir='ltr'>τῆς</span> <span class='ocrx_word' id='word_1_574' title='bbox 1549 1666 1658 1697; x_wconf 82' lang='grc' dir='ltr'>ἀκτῖνος</span> <span class='ocrx_word' id='word_1_575' title='bbox 1670 1662 1743 1692; x_wconf 67' lang='grc' dir='ltr'>οὗτοι</span> <span class='ocrx_word' id='word_1_576' title='bbox 1758 1665 1813 1700; x_wconf 85' lang='grc'>(57)</span> <span class='ocrx_word' id='word_1_577' title='bbox 1831 1665 1881 1699; x_wconf 82' lang='grc' dir='ltr'>τὴν</span> 
     </span>
    </p>
   </div>
   <div class='ocr_carea' id='block_1_79' title="bbox 1095 1711 1882 1752">
    <p class='ocr_par' dir='ltr' id='par_1_79' title="bbox 1095 1711 1882 1752">
     <span class='ocr_line' id='line_1_79' title="bbox 1095 1711 1882 1752; baseline -0.008 -9"><span class='ocrx_word' id='word_1_578' title='bbox 1095 1715 1258 1752; x_wconf 76' lang='grc' dir='ltr'>προσϐολὴν,</span> <span class='ocrx_word' id='word_1_579' title='bbox 1286 1714 1346 1741; x_wconf 76' lang='grc' dir='ltr'>οὕτε</span> <span class='ocrx_word' id='word_1_580' title='bbox 1365 1714 1413 1740; x_wconf 79' lang='grc' dir='ltr'><strong>τοῦ</strong></span> <span class='ocrx_word' id='word_1_581' title='bbox 1439 1712 1535 1744; x_wconf 75' lang='grc' dir='ltr'>ὕδατος</span> <span class='ocrx_word' id='word_1_582' title='bbox 1554 1713 1653 1738; x_wconf 78' lang='grc' dir='ltr'>ἐκεῖνοι</span> <span class='ocrx_word' id='word_1_583' title='bbox 1679 1711 1728 1747; x_wconf 84' lang='grc' dir='ltr'>τὴν</span> <span class='ocrx_word' id='word_1_584' title='bbox 1741 1711 1802 1746; x_wconf 68' lang='grc' dir='ltr'>ὄψιν</span> <span class='ocrx_word' id='word_1_585' title='bbox 1825 1712 1882 1742; x_wconf 82' lang='grc' dir='ltr'>τοῖς</span> 
     </span>
    </p>
   </div>
   <div class='ocr_carea' id='block_1_80' title="bbox 1095 1757 1882 1797">
    <p class='ocr_par' dir='ltr' id='par_1_80' title="bbox 1095 1757 1882 1797">
     <span class='ocr_line' id='line_1_80' title="bbox 1095 1757 1882 1797; baseline -0.009 -7"><span class='ocrx_word' id='word_1_586' title='bbox 1095 1761 1243 1797; x_wconf 73' lang='grc' dir='ltr'>ὀςρθαλμοῖς</span> <span class='ocrx_word' id='word_1_587' title='bbox 1273 1760 1454 1796; x_wconf 78' lang='grc' dir='ltr'>ὑποφέρουσιν</span> <span class='ocrx_word' id='word_1_588' title='bbox 1477 1758 1543 1794; x_wconf 77' lang='grc'>(58),</span> <span class='ocrx_word' id='word_1_589' title='bbox 1565 1757 1633 1785; x_wconf 81' lang='grc' dir='ltr'>ἀλλὰ</span> <span class='ocrx_word' id='word_1_590' title='bbox 1662 1758 1795 1793; x_wconf 82' lang='grc' dir='ltr'><strong>μεμυκόσι</strong></span> <span class='ocrx_word' id='word_1_591' title='bbox 1825 1759 1882 1789; x_wconf 83' lang='grc' dir='ltr'>τοῖς</span> 
     </span>
    </p>
   </div>
   <div class='ocr_carea' id='block_1_81' title="bbox 1097 1802 1882 1842">
    <p class='ocr_par' dir='ltr' id='par_1_81' title="bbox 1097 1802 1882 1842">
     <span class='ocr_line' id='line_1_81' title="bbox 1097 1802 1882 1842; baseline -0.006 -9"><span class='ocrx_word' id='word_1_592' title='bbox 1097 1806 1251 1842; x_wconf 77' lang='grc' dir='ltr'>βλεφάροις,</span> <span class='ocrx_word' id='word_1_593' title='bbox 1267 1805 1292 1831; x_wconf 79' lang='grc' dir='ltr'>οἱ</span> <span class='ocrx_word' id='word_1_594' title='bbox 1315 1803 1364 1839; x_wconf 78' lang='grc' dir='ltr'>μὲν</span> <span class='ocrx_word' id='word_1_595' title='bbox 1381 1803 1512 1838; x_wconf 76' lang='grc' dir='ltr'><strong>ἐμπαθεῖς</strong></span> <span class='ocrx_word' id='word_1_596' title='bbox 1527 1802 1561 1829; x_wconf 85' lang='grc' dir='ltr'><strong>τὰ</strong></span> <span class='ocrx_word' id='word_1_597' title='bbox 1580 1803 1692 1838; x_wconf 81' lang='grc' dir='ltr'>δμματα</span> <span class='ocrx_word' id='word_1_598' title='bbox 1712 1803 1760 1837; x_wconf 82' lang='grc' dir='ltr'>τῆς</span> <span class='ocrx_word' id='word_1_599' title='bbox 1774 1803 1882 1834; x_wconf 83' lang='grc' dir='ltr'>ἀκτῖνος</span> 
     </span>
    </p>
   </div>
   <div class='ocr_carea' id='block_1_82' title="bbox 1096 1848 1882 1888">
    <p class='ocr_par' dir='ltr' id='par_1_82' title="bbox 1096 1848 1882 1888">
     <span class='ocr_line' id='line_1_82' title="bbox 1096 1848 1882 1888; baseline -0.006 -9"><span class='ocrx_word' id='word_1_600' title='bbox 1096 1852 1272 1888; x_wconf 75' lang='grc' dir='ltr'>χωρίζονται,</span> <span class='ocrx_word' id='word_1_601' title='bbox 1297 1850 1322 1877; x_wconf 81' lang='grc' dir='ltr'>οἱ</span> <span class='ocrx_word' id='word_1_602' title='bbox 1346 1849 1374 1876; x_wconf 82' lang='grc' dir='ltr'>δὲ</span> <span class='ocrx_word' id='word_1_603' title='bbox 1404 1848 1612 1884; x_wconf 75' lang='grc' dir='ltr'>ὑδροφοϐοὖντες</span> <span class='ocrx_word' id='word_1_604' title='bbox 1641 1849 1690 1884; x_wconf 83' lang='grc' dir='ltr'>τῆς</span> <span class='ocrx_word' id='word_1_605' title='bbox 1715 1848 1762 1875; x_wconf 80' lang='grc' dir='ltr'>τοῦ</span> <span class='ocrx_word' id='word_1_606' title='bbox 1787 1848 1882 1880; x_wconf 80' lang='grc' dir='ltr'>ὕδατος</span> 
     </span>
    </p>
   </div>
   <div class='ocr_carea' id='block_1_83' title="bbox 1096 1892 1883 1931">
    <p class='ocr_par' dir='ltr' id='par_1_83' title="bbox 1096 1892 1883 1931">
     <span class='ocr_line' id='line_1_83' title="bbox 1096 1892 1883 1931; baseline -0.004 -8"><span class='ocrx_word' id='word_1_607' title='bbox 1096 1896 1193 1931; x_wconf 70' lang='grc' dir='ltr'>ὅψεως.</span> <span class='ocrx_word' id='word_1_608' title='bbox 1212 1895 1264 1922; x_wconf 88' lang='grc' dir='ltr'><strong>Τὸν</strong></span> <span class='ocrx_word' id='word_1_609' title='bbox 1278 1894 1358 1921; x_wconf 80' lang='grc' dir='ltr'>αὺτὸν</span> <span class='ocrx_word' id='word_1_610' title='bbox 1371 1893 1479 1929; x_wconf 82' lang='grc' dir='ltr'>τρόπον,</span> <span class='ocrx_word' id='word_1_611' title='bbox 1496 1893 1542 1919; x_wconf 79' lang='grc' dir='ltr'>καὶ</span> <span class='ocrx_word' id='word_1_612' title='bbox 1556 1893 1638 1928; x_wconf 80' lang='grc' dir='ltr'>ἡτῶν</span> <span class='ocrx_word' id='word_1_613' title='bbox 1656 1892 1787 1919; x_wconf 81' lang='grc' dir='ltr'>Ἰουδαίων</span> <span class='ocrx_word' id='word_1_614' title='bbox 1799 1893 1883 1920; x_wconf 83' lang='grc' dir='ltr'>κακία</span> 
     </span>
    </p>
   </div>
   <div class='ocr_carea' id='block_1_84' title="bbox 1096 1938 1882 1975">
    <p class='ocr_par' dir='ltr' id='par_1_84' title="bbox 1096 1938 1882 1975">
     <span class='ocr_line' id='line_1_84' title="bbox 1096 1938 1882 1975; baseline -0.005 -7"><span class='ocrx_word' id='word_1_615' title='bbox 1096 1941 1139 1968; x_wconf 83' lang='grc' dir='ltr'>διὰ</span> <span class='ocrx_word' id='word_1_616' title='bbox 1158 1941 1188 1967; x_wconf 76' lang='grc' dir='ltr'>τὸ</span> <span class='ocrx_word' id='word_1_617' title='bbox 1206 1940 1261 1975; x_wconf 85' lang='grc'>(59)</span> <span class='ocrx_word' id='word_1_618' title='bbox 1278 1940 1314 1975; x_wconf 87' lang='grc' dir='ltr'>μὴ</span> <span class='ocrx_word' id='word_1_619' title='bbox 1331 1939 1417 1966; x_wconf 80' lang='grc' dir='ltr'>θέλειν</span> <span class='ocrx_word' id='word_1_620' title='bbox 1434 1938 1572 1974; x_wconf 85' lang='grc' dir='ltr'>ὁμολογεῖν</span> <span class='ocrx_word' id='word_1_621' title='bbox 1587 1938 1637 1974; x_wconf 87' lang='grc' dir='ltr'><strong>τὴν</strong></span> <span class='ocrx_word' id='word_1_622' title='bbox 1653 1938 1731 1971; x_wconf 78' lang='grc' dir='ltr'>δόξαν</span> <span class='ocrx_word' id='word_1_623' title='bbox 1751 1938 1796 1965; x_wconf 82' lang='grc' dir='ltr'>τοῦ</span> <span class='ocrx_word' id='word_1_624' title='bbox 1810 1938 1882 1965; x_wconf 82' lang='grc' dir='ltr'>θείου</span> 
     </span>
    </p>
   </div>
   <div class='ocr_carea' id='block_1_85' title="bbox 1097 1984 1883 2022">
    <p class='ocr_par' dir='ltr' id='par_1_85' title="bbox 1097 1984 1883 2022">
     <span class='ocr_line' id='line_1_85' title="bbox 1097 1984 1883 2022; baseline -0.005 -8"><span class='ocrx_word' id='word_1_625' title='bbox 1097 1987 1284 2022; x_wconf 80' lang='grc' dir='ltr'>κηρύγματος,</span> <span class='ocrx_word' id='word_1_626' title='bbox 1307 1984 1493 2021; x_wconf 82' lang='grc' dir='ltr'>ἀπαράδεκτον</span> <span class='ocrx_word' id='word_1_627' title='bbox 1509 1984 1634 2012; x_wconf 84' lang='grc' dir='ltr'>ποιεῖὸιά</span> <span class='ocrx_word' id='word_1_628' title='bbox 1653 1984 1702 2020; x_wconf 84' lang='grc' dir='ltr'>τῆς</span> <span class='ocrx_word' id='word_1_629' title='bbox 1718 1984 1820 2019; x_wconf 81' lang='grc' dir='ltr'>σιωπῆς</span> <span class='ocrx_word' id='word_1_630' title='bbox 1833 1985 1883 2020; x_wconf 82' lang='grc' dir='ltr'>τὴν</span> 
     </span>
    </p>
   </div>
   <div class='ocr_carea' id='block_1_86' title="bbox 1097 2029 1883 2067">
    <p class='ocr_par' dir='ltr' id='par_1_86' title="bbox 1097 2029 1883 2067">
     <span class='ocr_line' id='line_1_86' title="bbox 1097 2029 1883 2067; baseline -0.003 -9"><span class='ocrx_word' id='word_1_631' title='bbox 1097 2031 1234 2067; x_wconf 73' lang='grc' dir='ltr'>ἀλήθειαν.</span> <span class='ocrx_word' id='word_1_632' title='bbox 1250 2030 1359 2064; x_wconf 84' lang='grc' dir='ltr'>Ἔξεστι</span> <span class='ocrx_word' id='word_1_633' title='bbox 1375 2030 1403 2056; x_wconf 81' lang='grc' dir='ltr'>δὲ</span> <span class='ocrx_word' id='word_1_634' title='bbox 1420 2030 1468 2056; x_wconf 79' lang='grc' dir='ltr'>καὶ</span> <span class='ocrx_word' id='word_1_635' title='bbox 1487 2029 1520 2056; x_wconf 83' lang='grc' dir='ltr'>δι’</span> <span class='ocrx_word' id='word_1_636' title='bbox 1542 2029 1626 2064; x_wconf 80' lang='grc' dir='ltr'>αὐτῆς</span> <span class='ocrx_word' id='word_1_637' title='bbox 1648 2029 1697 2065; x_wconf 82' lang='grc' dir='ltr'>τῆς</span> <span class='ocrx_word' id='word_1_638' title='bbox 1718 2030 1773 2064; x_wconf 83' lang='grc'>(60)</span> <span class='ocrx_word' id='word_1_639' title='bbox 1792 2029 1883 2065; x_wconf 76' lang='grc' dir='ltr'>ψαλμ-</span> 
     </span>
    </p>
   </div>
   <div class='ocr_carea' id='block_1_87' title="bbox 1097 2076 1882 2114">
    <p class='ocr_par' dir='ltr' id='par_1_87' title="bbox 1097 2076 1882 2114">
     <span class='ocr_line' id='line_1_87' title="bbox 1097 2076 1882 2114; baseline 0 -11"><span class='ocrx_word' id='word_1_640' title='bbox 1097 2077 1177 2114; x_wconf 83' lang='grc' dir='ltr'>ῳδίας</span> <span class='ocrx_word' id='word_1_641' title='bbox 1187 2076 1335 2111; x_wconf 80' lang='grc' dir='ltr'>ἐπιγνῶναι</span> <span class='ocrx_word' id='word_1_642' title='bbox 1343 2076 1377 2102; x_wconf 78' lang='grc' dir='ltr'><strong>τὰ</strong></span> <span class='ocrx_word' id='word_1_643' title='bbox 1389 2076 1438 2111; x_wconf 83' lang='grc' dir='ltr'>τῆς</span> <span class='ocrx_word' id='word_1_644' title='bbox 1450 2076 1618 2111; x_wconf 72' lang='grc' dir='ltr'>προφητείας</span> <span class='ocrx_word' id='word_1_645' title='bbox 1633 2076 1790 2111; x_wconf 79' lang='grc' dir='ltr'>αἰνίγματα.</span> <span class='ocrx_word' id='word_1_646' title='bbox 1802 2077 1882 2110; x_wconf 76' lang='grc' dir='ltr'>Λέγει</span> 
     </span>
    </p>
   </div>
   <div class='ocr_carea' id='block_1_88' title="bbox 1097 2119 1882 2159">
    <p class='ocr_par' dir='ltr' id='par_1_88' title="bbox 1097 2119 1882 2159">
     <span class='ocr_line' id='line_1_88' title="bbox 1097 2119 1882 2159; baseline 0 -9"><span class='ocrx_word' id='word_1_647' title='bbox 1097 2123 1150 2159; x_wconf 83' lang='grc' dir='ltr'><strong>γὰρ</strong></span> <span class='ocrx_word' id='word_1_648' title='bbox 1172 2124 1200 2149; x_wconf 86' lang='grc' dir='ltr'>ὲν</span> <span class='ocrx_word' id='word_1_649' title='bbox 1219 2122 1257 2157; x_wconf 83' lang='grc' dir='ltr'>τῷ</span> <span class='ocrx_word' id='word_1_650' title='bbox 1271 2122 1472 2158; x_wconf 77' lang='grc' dir='ltr'>ἑϐδομηκοστῷ,</span> <span class='ocrx_word' id='word_1_651' title='bbox 1488 2122 1517 2148; x_wconf 82' lang='grc' dir='ltr'>ὲν</span> <span class='ocrx_word' id='word_1_652' title='bbox 1534 2119 1556 2156; x_wconf 84' lang='grc' dir='ltr'>ᾧ</span> <span class='ocrx_word' id='word_1_653' title='bbox 1575 2131 1584 2148; x_wconf 78' lang='grc' dir='ltr'>ι</span> <span class='ocrx_word' id='word_1_654' title='bbox 1605 2122 1673 2158; x_wconf 80' lang='grc' dir='ltr'>Περὶ</span> <span class='ocrx_word' id='word_1_655' title='bbox 1689 2122 1743 2149; x_wconf 88' lang='grc' dir='ltr'>τῶν</span> <span class='ocrx_word' id='word_1_656' title='bbox 1767 2122 1882 2158; x_wconf 83' lang='grc' dir='ltr'>πρώτων</span> 
     </span>
    </p>
   </div>
   <div class='ocr_carea' id='block_1_89' title="bbox 259 2167 1041 2204">
    <p class='ocr_par' dir='ltr' id='par_1_89' title="bbox 259 2167 1041 2202">
     <span class='ocr_line' id='line_1_89' title="bbox 259 2167 1041 2202; baseline -0.001 -6"><span class='ocrx_word' id='word_1_657' title='bbox 259 2168 323 2196; x_wconf 89' lang='lat' dir='ltr'><strong>lud:</strong></span> <span class='ocrx_word' id='word_1_658' title='bbox 339 2177 348 2193; x_wconf 79' lang='grc' dir='ltr'><strong>Ι</strong></span> <span class='ocrx_word' id='word_1_659' title='bbox 362 2167 442 2202; x_wconf 82' lang='lat' dir='ltr'><strong>Eripe</strong></span> <span class='ocrx_word' id='word_1_660' title='bbox 456 2175 499 2194; x_wconf 89' lang='lat' dir='ltr'><strong>me</strong></span> <span class='ocrx_word' id='word_1_661' title='bbox 516 2167 549 2194; x_wconf 90' lang='lat' dir='ltr'><strong>de</strong></span> <span class='ocrx_word' id='word_1_662' title='bbox 567 2174 648 2193; x_wconf 88' lang='lat' dir='ltr'><strong>manu</strong></span> <span class='ocrx_word' id='word_1_663' title='bbox 670 2167 833 2201; x_wconf 89' lang='lat' dir='ltr'><strong>peccatoris,</strong></span> <span class='ocrx_word' id='word_1_664' title='bbox 845 2167 878 2194; x_wconf 86' lang='lat' dir='ltr'><strong>de</strong></span> <span class='ocrx_word' id='word_1_665' title='bbox 889 2175 970 2194; x_wconf 90' lang='lat' dir='ltr'><strong>manu</strong></span> <span class='ocrx_word' id='word_1_666' title='bbox 982 2176 1041 2195; x_wconf 86' lang='lat' dir='ltr'><strong>con-</strong></span> 
     </span>
    </p>
   </div>
   <div class='ocr_carea' id='block_1_90' title="bbox 1093 2167 1882 2204">
    <p class='ocr_par' dir='ltr' id='par_1_90' title="bbox 1099 2167 1882 2204">
     <span class='ocr_line' id='line_1_90' title="bbox 1099 2167 1882 2204; baseline -0.001 -8"><span class='ocrx_word' id='word_1_667' title='bbox 1099 2167 1369 2203; x_wconf 72' lang='grc' dir='ltr'>αἰχμαλωτισθέντων</span> <span class='ocrx_word' id='word_1_668' title='bbox 1385 2177 1392 2193; x_wconf 80' lang='grc' dir='ltr'><strong>ι</strong></span> <span class='ocrx_word' id='word_1_669' title='bbox 1417 2167 1490 2194; x_wconf 75' lang='grc' dir='ltr'>ἐστὶν</span> <span class='ocrx_word' id='word_1_670' title='bbox 1504 2169 1520 2203; x_wconf 84' lang='grc' dir='ltr'>ὴ</span> <span class='ocrx_word' id='word_1_671' title='bbox 1537 2168 1686 2204; x_wconf 78' lang='grc' dir='ltr'>ἐπιγραφὴ,</span> <span class='ocrx_word' id='word_1_672' title='bbox 1700 2169 1735 2200; x_wconf 84' lang='grc' dir='ltr'><strong>ὡς</strong></span> <span class='ocrx_word' id='word_1_673' title='bbox 1750 2169 1782 2195; x_wconf 84' lang='grc' dir='ltr'>ὲκ</span> <span class='ocrx_word' id='word_1_674' title='bbox 1798 2177 1882 2204; x_wconf 83' lang='grc' dir='ltr'>προσ-</span> 
     </span>
    </p>
   </div>
   <div class='ocr_carea' id='block_1_91' title="bbox 260 2212 1049 2250">
    <p class='ocr_par' dir='ltr' id='par_1_91' title="bbox 260 2212 1049 2250">
     <span class='ocr_line' id='line_1_91' title="bbox 260 2212 1049 2250; baseline -0.001 -8"><span class='ocrx_word' id='word_1_675' title='bbox 260 2220 301 2242; x_wconf 90' lang='lat' dir='ltr'><strong>Ira</strong></span> <span class='ocrx_word' id='word_1_676' title='bbox 315 2215 400 2250; x_wconf 77' lang='lat' dir='ltr'><strong>legem</strong></span> <span class='ocrx_word' id='word_1_677' title='bbox 412 2213 519 2249; x_wconf 83' lang='lat' dir='ltr'><strong>agentis</strong></span> <span class='ocrx_word' id='word_1_678' title='bbox 529 2217 555 2240; x_wconf 91' lang='lat' dir='ltr'><strong>et</strong></span> <span class='ocrx_word' id='word_1_679' title='bbox 567 2212 665 2247; x_wconf 92' lang='lat' dir='ltr'><strong>iniqui.</strong></span> <span class='ocrx_word' id='word_1_680' title='bbox 678 2223 687 2239; x_wconf 71' lang='grc' dir='ltr'><strong>ι</strong></span> <span class='ocrx_word' id='word_1_681' title='bbox 702 2212 808 2246; x_wconf 83' lang='lat' dir='ltr'><strong>Quibus</strong></span> <span class='ocrx_word' id='word_1_682' title='bbox 819 2213 911 2241; x_wconf 84' lang='lat' dir='ltr'><strong>verbis</strong></span> <span class='ocrx_word' id='word_1_683' title='bbox 926 2213 1049 2249; x_wconf 77' lang='lat' dir='ltr'><strong>designat</strong></span> 
     </span>
    </p>
   </div>
   <div class='ocr_carea' id='block_1_92' title="bbox 260 2256 1047 2295">
    <p class='ocr_par' dir='ltr' id='par_1_92' title="bbox 260 2256 1047 2295">
     <span class='ocr_line' id='line_1_92' title="bbox 260 2256 1047 2295; baseline -0.004 -7"><span class='ocrx_word' id='word_1_684' title='bbox 260 2261 348 2293; x_wconf 90' lang='lat' dir='ltr'><strong>illum,</strong></span> <span class='ocrx_word' id='word_1_685' title='bbox 370 2261 415 2295; x_wconf 91' lang='lat' dir='ltr'><strong>qui</strong></span> <span class='ocrx_word' id='word_1_686' title='bbox 431 2260 514 2287; x_wconf 85' lang='lat' dir='ltr'><strong>vitam</strong></span> <span class='ocrx_word' id='word_1_687' title='bbox 529 2263 652 2287; x_wconf 87' lang='lat' dir='ltr'><strong>nostram</strong></span> <span class='ocrx_word' id='word_1_688' title='bbox 670 2259 697 2286; x_wconf 95' lang='lat' dir='ltr'><strong>in</strong></span> <span class='ocrx_word' id='word_1_689' title='bbox 717 2259 905 2294; x_wconf 76' lang='lat' dir='ltr'><strong>captivitatem</strong></span> <span class='ocrx_word' id='word_1_690' title='bbox 936 2256 1047 2291; x_wconf 78' lang='lat' dir='ltr'><strong>redegit.</strong></span> 
     </span>
    </p>
   </div>
   <div class='ocr_carea' id='block_1_93' title="bbox 261 2297 1049 2341">
    <p class='ocr_par' dir='ltr' id='par_1_93' title="bbox 261 2297 1049 2341">
     <span class='ocr_line' id='line_1_93' title="bbox 261 2297 1049 2341; baseline -0.003 -7"><span class='ocrx_word' id='word_1_691' title='bbox 261 2305 294 2333; x_wconf 83' lang='lat' dir='ltr'><strong>Et</strong></span> <span class='ocrx_word' id='word_1_692' title='bbox 310 2306 488 2341; x_wconf 88' lang='lat' dir='ltr'><strong>sequentibus</strong></span> <span class='ocrx_word' id='word_1_693' title='bbox 508 2306 609 2338; x_wconf 86' lang='lat' dir='ltr'><strong>verbis,</strong></span> <span class='ocrx_word' id='word_1_694' title='bbox 633 2309 695 2340; x_wconf 88' lang='lat' dir='ltr'><strong>post</strong></span> <span class='ocrx_word' id='word_1_695' title='bbox 718 2297 820 2333; x_wconf 69' lang='lat' dir='ltr'><strong>inultas</strong></span> <span class='ocrx_word' id='word_1_696' title='bbox 835 2305 869 2332; x_wconf 90' lang='lat' dir='ltr'><strong>ad</strong></span> <span class='ocrx_word' id='word_1_697' title='bbox 882 2305 1049 2333; x_wconf 84' lang='lat' dir='ltr'><strong>consolatio-</strong></span> 
     </span>
    </p>
   </div>
   <div class='ocr_carea' id='block_1_94' title="bbox 261 2351 1050 2386">
    <p class='ocr_par' dir='ltr' id='par_1_94' title="bbox 261 2351 1050 2386">
     <span class='ocr_line' id='line_1_94' title="bbox 261 2351 1050 2386; baseline 0 -7"><span class='ocrx_word' id='word_1_698' title='bbox 261 2359 323 2379; x_wconf 87' lang='lat' dir='ltr'><strong>nem</strong></span> <span class='ocrx_word' id='word_1_699' title='bbox 347 2351 567 2379; x_wconf 83' lang='lat' dir='ltr'><strong>accommodatas</strong></span> <span class='ocrx_word' id='word_1_700' title='bbox 594 2358 688 2382; x_wconf 86' lang='lat' dir='ltr'><strong>voces,</strong></span> <span class='ocrx_word' id='word_1_701' title='bbox 707 2351 823 2378; x_wconf 87' lang='lat' dir='ltr'><strong>reditum</strong></span> <span class='ocrx_word' id='word_1_702' title='bbox 844 2359 876 2379; x_wconf 77' lang='lat' dir='ltr'><strong>ex</strong></span> <span class='ocrx_word' id='word_1_703' title='bbox 895 2351 1050 2386; x_wconf 78' lang='lat' dir='ltr'><strong>captivitate</strong></span> 
     </span>
    </p>
   </div>
   <div class='ocr_carea' id='block_1_95' title="bbox 262 2395 1048 2430">
    <p class='ocr_par' dir='ltr' id='par_1_95' title="bbox 262 2395 1048 2430">
     <span class='ocr_line' id='line_1_95' title="bbox 262 2395 1048 2430; baseline 0.003 -9"><span class='ocrx_word' id='word_1_704' title='bbox 262 2397 471 2430; x_wconf 69' lang='lat' dir='ltr'><strong>descriluit,cum</strong></span> <span class='ocrx_word' id='word_1_705' title='bbox 484 2396 539 2422; x_wconf 91' lang='lat' dir='ltr'><strong>ait:</strong></span> <span class='ocrx_word' id='word_1_706' title='bbox 552 2405 561 2421; x_wconf 72' lang='grc' dir='ltr'><strong>ί</strong></span> <span class='ocrx_word' id='word_1_707' title='bbox 574 2395 696 2429; x_wconf 88' lang='lat' dir='ltr'><strong>Quantas</strong></span> <span class='ocrx_word' id='word_1_708' title='bbox 706 2396 850 2424; x_wconf 83' lang='lat' dir='ltr'><strong>ostendisti</strong></span> <span class='ocrx_word' id='word_1_709' title='bbox 860 2397 926 2424; x_wconf 89' lang='lat' dir='ltr'><strong>mihi</strong></span> <span class='ocrx_word' id='word_1_710' title='bbox 937 2396 1048 2424; x_wconf 88' lang='lat' dir='ltr'><strong>tribula-</strong></span> 
     </span>
    </p>
   </div>
   <div class='ocr_carea' id='block_1_96' title="bbox 263 2441 1046 2474">
    <p class='ocr_par' dir='ltr' id='par_1_96' title="bbox 263 2441 1046 2474">
     <span class='ocr_line' id='line_1_96' title="bbox 263 2441 1046 2474; baseline 0 -6"><span class='ocrx_word' id='word_1_711' title='bbox 263 2441 362 2472; x_wconf 83' lang='lat' dir='ltr'><strong>tiones,</strong></span> <span class='ocrx_word' id='word_1_712' title='bbox 374 2441 473 2467; x_wconf 86' lang='lat' dir='ltr'><strong>multas</strong></span> <span class='ocrx_word' id='word_1_713' title='bbox 483 2444 509 2467; x_wconf 87' lang='lat' dir='ltr'><strong>et</strong></span> <span class='ocrx_word' id='word_1_714' title='bbox 521 2441 617 2473; x_wconf 81' lang='lat' dir='ltr'><strong>malas.</strong></span> <span class='ocrx_word' id='word_1_715' title='bbox 629 2444 656 2468; x_wconf 90' lang='lat' dir='ltr'><strong>et</strong></span> <span class='ocrx_word' id='word_1_716' title='bbox 665 2448 815 2469; x_wconf 87' lang='lat' dir='ltr'><strong>conversus</strong></span> <span class='ocrx_word' id='word_1_717' title='bbox 829 2441 975 2469; x_wconf 81' lang='lat' dir='ltr'><strong>viviﬁcasti</strong></span> <span class='ocrx_word' id='word_1_718' title='bbox 988 2449 1046 2474; x_wconf 86' lang='lat' dir='ltr'><strong>me,</strong></span> 
     </span>
    </p>
   </div>
   <div class='ocr_carea' id='block_1_97' title="bbox 263 2486 1048 2521">
    <p class='ocr_par' dir='ltr' id='par_1_97' title="bbox 263 2486 1048 2521">
     <span class='ocr_line' id='line_1_97' title="bbox 263 2486 1048 2521; baseline 0 -7"><span class='ocrx_word' id='word_1_719' title='bbox 263 2486 331 2514; x_wconf 79' lang='lat' dir='ltr'><strong>etde</strong></span> <span class='ocrx_word' id='word_1_720' title='bbox 340 2487 447 2521; x_wconf 84' lang='lat' dir='ltr'><strong>abyssis</strong></span> <span class='ocrx_word' id='word_1_721' title='bbox 458 2490 537 2513; x_wconf 64' lang='lat' dir='ltr'><strong>terrae</strong></span> <span class='ocrx_word' id='word_1_722' title='bbox 545 2486 642 2513; x_wconf 88' lang='lat' dir='ltr'><strong>iterum</strong></span> <span class='ocrx_word' id='word_1_723' title='bbox 653 2486 784 2514; x_wconf 82' lang='lat' dir='ltr'><strong>reduxisti</strong></span> <span class='ocrx_word' id='word_1_724' title='bbox 797 2494 850 2519; x_wconf 91' lang='lat' dir='ltr'><strong>me,</strong></span> <span class='ocrx_word' id='word_1_725' title='bbox 860 2487 1048 2521; x_wconf 89' lang='lat' dir='ltr'><strong>multiplicasti</strong></span> 
     </span>
    </p>
   </div>
   <div class='ocr_carea' id='block_1_98' title="bbox 263 2531 1045 2567">
    <p class='ocr_par' dir='ltr' id='par_1_98' title="bbox 263 2531 1045 2567">
     <span class='ocr_line' id='line_1_98' title="bbox 263 2531 1045 2567; baseline 0.001 -9"><span class='ocrx_word' id='word_1_726' title='bbox 263 2531 496 2567; x_wconf 76' lang='lat' dir='ltr'><strong>magniﬁcentiam</strong></span> <span class='ocrx_word' id='word_1_727' title='bbox 512 2535 586 2558; x_wconf 93' lang='lat' dir='ltr'><strong>tuam</strong></span> <span class='ocrx_word' id='word_1_728' title='bbox 602 2539 751 2567; x_wconf 77' lang='lat' dir='ltr'><strong>supenme,</strong></span> <span class='ocrx_word' id='word_1_729' title='bbox 771 2536 796 2560; x_wconf 85' lang='lat' dir='ltr'><strong>et</strong></span> <span class='ocrx_word' id='word_1_730' title='bbox 813 2540 963 2560; x_wconf 86' lang='lat' dir='ltr'><strong>conversus</strong></span> <span class='ocrx_word' id='word_1_731' title='bbox 978 2539 1045 2559; x_wconf 86' lang='lat' dir='ltr'><strong>con-</strong></span> 
     </span>
    </p>
   </div>
   <div class='ocr_carea' id='block_1_99' title="bbox 263 2577 1048 2614">
    <p class='ocr_par' dir='ltr' id='par_1_99' title="bbox 263 2577 1048 2614">
     <span class='ocr_line' id='line_1_99' title="bbox 263 2577 1048 2614; baseline 0 -9"><span class='ocrx_word' id='word_1_732' title='bbox 263 2577 369 2606; x_wconf 81' lang='lat' dir='ltr'><strong>solatus</strong></span> <span class='ocrx_word' id='word_1_733' title='bbox 378 2583 408 2605; x_wconf 89' lang='lat' dir='ltr'><strong>es</strong></span> <span class='ocrx_word' id='word_1_734' title='bbox 416 2584 468 2604; x_wconf 87' lang='lat' dir='ltr'><strong>me.</strong></span> <span class='ocrx_word' id='word_1_735' title='bbox 479 2577 602 2606; x_wconf 76' lang='lat' dir='ltr'><strong>iClarius</strong></span> <span class='ocrx_word' id='word_1_736' title='bbox 612 2584 677 2605; x_wconf 80' lang='lat' dir='ltr'><strong>vero</strong></span> <span class='ocrx_word' id='word_1_737' title='bbox 689 2585 722 2606; x_wconf 82' lang='lat' dir='ltr'><strong>ex</strong></span> <span class='ocrx_word' id='word_1_738' title='bbox 733 2578 823 2614; x_wconf 81' lang='lat' dir='ltr'><strong>magni</strong></span> <span class='ocrx_word' id='word_1_739' title='bbox 835 2578 910 2606; x_wconf 86' lang='lat' dir='ltr'><strong>Pauli</strong></span> <span class='ocrx_word' id='word_1_740' title='bbox 925 2577 1048 2606; x_wconf 85' lang='lat' dir='ltr'><strong>doctrina</strong></span> 
     </span>
    </p>
   </div>
   <div class='ocr_carea' id='block_1_100' title="bbox 300 2675 560 2711">
    <p class='ocr_par' dir='ltr' id='par_1_100' title="bbox 300 2675 560 2711">
     <span class='ocr_line' id='line_1_100' title="bbox 300 2675 560 2711; baseline 0 -7"><span class='ocrx_word' id='word_1_741' title='bbox 300 2675 358 2711; x_wconf 70' lang='lat'><strong>(52)</strong></span> <span class='ocrx_word' id='word_1_742' title='bbox 376 2675 436 2702; x_wconf 85' lang='grc' dir='ltr'>’Ὁτι</span> <span class='ocrx_word' id='word_1_743' title='bbox 449 2683 503 2704; x_wconf 91' lang='lat' dir='ltr'><strong>om.</strong></span> <span class='ocrx_word' id='word_1_744' title='bbox 516 2676 560 2704; x_wconf 86' lang='lat' dir='ltr'><strong>ed.</strong></span> 
     </span>
    </p>
   </div>
   <div class='ocr_carea' id='block_1_101' title="bbox 314 2711 568 2745">
    <p class='ocr_par' dir='ltr' id='par_1_101' title="bbox 314 2711 568 2745">
     <span class='ocr_line' id='line_1_101' title="bbox 314 2711 568 2745; baseline 0.004 -7"><span class='ocrx_word' id='word_1_745' title='bbox 314 2711 358 2745; x_wconf 69' lang='grc' dir='ltr'><strong>εδ)</strong></span> <span class='ocrx_word' id='word_1_746' title='bbox 375 2711 430 2737; x_wconf 81' lang='grc' dir='ltr'>Καί</span> <span class='ocrx_word' id='word_1_747' title='bbox 448 2711 508 2738; x_wconf 89' lang='lat' dir='ltr'><strong>add.</strong></span> <span class='ocrx_word' id='word_1_748' title='bbox 524 2712 568 2739; x_wconf 90' lang='lat' dir='ltr'><strong>ed.</strong></span> 
     </span>
    </p>
   </div>
   <div class='ocr_carea' id='block_1_102' title="bbox 313 2745 746 2782">
    <p class='ocr_par' dir='ltr' id='par_1_102' title="bbox 313 2745 746 2782">
     <span class='ocr_line' id='line_1_102' title="bbox 313 2745 746 2782; baseline 0.007 -11"><span class='ocrx_word' id='word_1_749' title='bbox 313 2747 358 2782; x_wconf 58' lang='grc' dir='ltr'><strong>ξι)</strong></span> <span class='ocrx_word' id='word_1_750' title='bbox 372 2745 650 2782; x_wconf 54' lang='grc' dir='ltr'>Ἀνανεῶσαιίιιιίᾶαω</span> <span class='ocrx_word' id='word_1_751' title='bbox 667 2746 746 2775; x_wconf 80' lang='lat' dir='ltr'><strong>codd.</strong></span> 
     </span>
    </p>
   </div>
   <div class='ocr_carea' id='block_1_103' title="bbox 315 2781 599 2810">
    <p class='ocr_par' dir='ltr' id='par_1_103' title="bbox 315 2781 599 2810">
     <span class='ocr_line' id='line_1_103' title="bbox 315 2781 599 2810; baseline 0 -2"><span class='ocrx_word' id='word_1_752' title='bbox 315 2781 360 2810; x_wconf 78' lang='lat'><strong>55)</strong></span> <span class='ocrx_word' id='word_1_753' title='bbox 379 2781 467 2807; x_wconf 83' lang='grc' dir='ltr'>Ἔστιν</span> <span class='ocrx_word' id='word_1_754' title='bbox 479 2781 541 2808; x_wconf 91' lang='lat' dir='ltr'><strong>add.</strong></span> <span class='ocrx_word' id='word_1_755' title='bbox 556 2782 599 2810; x_wconf 87' lang='lat' dir='ltr'><strong>ed.</strong></span> 
     </span>
    </p>
   </div>
   <div class='ocr_carea' id='block_1_104' title="bbox 301 2783 536 2851">
    <p class='ocr_par' dir='ltr' id='par_1_104' title="bbox 301 2783 536 2851">
     <span class='ocr_line' id='line_1_104' title="bbox 315 2783 536 2808; baseline -0.005 0"><span class='ocrx_word' id='word_1_756' title='bbox 315 2783 349 2808; x_wconf 80' lang='lat'><strong>55</strong></span> <span class='ocrx_word' id='word_1_757' title='bbox 379 2783 467 2807; x_wconf 83' lang='grc' dir='ltr'>Ἐστιν</span> <span class='ocrx_word' id='word_1_758' title='bbox 479 2783 536 2807; x_wconf 55' lang='lat' dir='ltr'><strong>add.</strong></span> 
     </span>
     <span class='ocr_line' id='line_1_105' title="bbox 301 2783 536 2851; baseline 0.009 -10"><span class='ocrx_word' id='word_1_759' title='bbox 301 2783 360 2851; x_wconf 69' lang='grc'>(56)</span> <span class='ocrx_word' id='word_1_760' title='bbox 377 2816 408 2842; x_wconf 83' lang='grc' dir='ltr'><strong>οι</strong></span> <span class='ocrx_word' id='word_1_761' title='bbox 425 2823 479 2843; x_wconf 89' lang='lat' dir='ltr'><strong>om.</strong></span> <span class='ocrx_word' id='word_1_762' title='bbox 491 2815 536 2846; x_wconf 86' lang='lat' dir='ltr'><strong>ed.</strong></span> 
     </span>
    </p>
   </div>
   <div class='ocr_carea' id='block_1_105' title="bbox 1098 2212 1882 2251">
    <p class='ocr_par' dir='ltr' id='par_1_105' title="bbox 1098 2212 1882 2251">
     <span class='ocr_line' id='line_1_106' title="bbox 1098 2212 1882 2251; baseline 0.001 -11"><span class='ocrx_word' id='word_1_763' title='bbox 1098 2213 1173 2240; x_wconf 84' lang='grc' dir='ltr'>ώπου</span> <span class='ocrx_word' id='word_1_764' title='bbox 1193 2213 1240 2240; x_wconf 83' lang='grc' dir='ltr'>τοῦ</span> <span class='ocrx_word' id='word_1_765' title='bbox 1264 2212 1436 2248; x_wconf 79' lang='grc' dir='ltr'>αἰχμαλώτου</span> <span class='ocrx_word' id='word_1_766' title='bbox 1454 2214 1468 2240; x_wconf 86' lang='grc' dir='ltr'>ὁ</span> <span class='ocrx_word' id='word_1_767' title='bbox 1490 2213 1578 2248; x_wconf 78' lang='grc' dir='ltr'>λόγος,</span> <span class='ocrx_word' id='word_1_768' title='bbox 1600 2214 1668 2241; x_wconf 76' lang='grc' dir='ltr'>ἄλλα</span> <span class='ocrx_word' id='word_1_769' title='bbox 1689 2214 1719 2241; x_wconf 80' lang='grc' dir='ltr'>τέ</span> <span class='ocrx_word' id='word_1_770' title='bbox 1741 2223 1801 2241; x_wconf 88' lang='grc' dir='ltr'>τινα</span> <span class='ocrx_word' id='word_1_771' title='bbox 1815 2215 1882 2251; x_wconf 83' lang='grc' dir='ltr'>πρέ-</span> 
     </span>
    </p>
   </div>
   <div class='ocr_carea' id='block_1_106' title="bbox 1099 2258 1883 2296">
    <p class='ocr_par' dir='ltr' id='par_1_106' title="bbox 1099 2258 1883 2296">
     <span class='ocr_line' id='line_1_107' title="bbox 1099 2258 1883 2296; baseline 0.001 -10"><span class='ocrx_word' id='word_1_772' title='bbox 1099 2268 1183 2286; x_wconf 81' lang='grc' dir='ltr'>ποντα</span> <span class='ocrx_word' id='word_1_773' title='bbox 1196 2260 1228 2294; x_wconf 58' lang='lat' dir='ltr'><strong>cf,</strong></span> <span class='ocrx_word' id='word_1_774' title='bbox 1239 2259 1284 2285; x_wconf 84' lang='grc' dir='ltr'>τοῦ</span> <span class='ocrx_word' id='word_1_775' title='bbox 1297 2258 1384 2285; x_wconf 82' lang='grc' dir='ltr'>ἱκέτου</span> <span class='ocrx_word' id='word_1_776' title='bbox 1400 2260 1484 2294; x_wconf 76' lang='grc' dir='ltr'>φωνῇ,</span> <span class='ocrx_word' id='word_1_777' title='bbox 1496 2260 1542 2286; x_wconf 78' lang='grc' dir='ltr'><strong>καὶ</strong></span> <span class='ocrx_word' id='word_1_778' title='bbox 1552 2260 1593 2286; x_wconf 84' lang='grc' dir='ltr'>ὅτι</span> <span class='ocrx_word' id='word_1_779' title='bbox 1609 2269 1618 2286; x_wconf 79' lang='grc' dir='ltr'>ι</span> <span class='ocrx_word' id='word_1_780' title='bbox 1629 2260 1723 2286; x_wconf 86' lang='grc' dir='ltr'>Ῥῦσαί</span> <span class='ocrx_word' id='word_1_781' title='bbox 1736 2269 1769 2295; x_wconf 85' lang='grc' dir='ltr'><strong>με</strong></span> <span class='ocrx_word' id='word_1_782' title='bbox 1781 2261 1813 2287; x_wconf 83' lang='grc' dir='ltr'>ὲκ</span> <span class='ocrx_word' id='word_1_783' title='bbox 1828 2270 1883 2296; x_wconf 78' lang='grc' dir='ltr'>χει-</span> 
     </span>
    </p>
   </div>
   <div class='ocr_carea' id='block_1_107' title="bbox 1101 2304 1882 2341">
    <p class='ocr_par' dir='ltr' id='par_1_107' title="bbox 1101 2304 1882 2341">
     <span class='ocr_line' id='line_1_108' title="bbox 1101 2304 1882 2341; baseline 0 -9"><span class='ocrx_word' id='word_1_784' title='bbox 1101 2305 1143 2341; x_wconf 78' lang='grc' dir='ltr'><strong>ρὸς</strong></span> <span class='ocrx_word' id='word_1_785' title='bbox 1152 2304 1323 2340; x_wconf 79' lang='grc' dir='ltr'>ἀμαρτωλοῠ,</span> <span class='ocrx_word' id='word_1_786' title='bbox 1337 2305 1370 2331; x_wconf 70' lang='grc' dir='ltr'>ἐκ</span> <span class='ocrx_word' id='word_1_787' title='bbox 1380 2304 1469 2340; x_wconf 75' lang='grc' dir='ltr'>χειρὸς</span> <span class='ocrx_word' id='word_1_788' title='bbox 1477 2304 1695 2341; x_wconf 82' lang='grc' dir='ltr'>παρανομοῦντος</span> <span class='ocrx_word' id='word_1_789' title='bbox 1705 2306 1750 2332; x_wconf 79' lang='grc' dir='ltr'>καὶ</span> <span class='ocrx_word' id='word_1_790' title='bbox 1761 2305 1882 2332; x_wconf 80' lang='grc' dir='ltr'>ἀδικοῦν-</span> 
     </span>
    </p>
   </div>
   <div class='ocr_carea' id='block_1_108' title="bbox 1099 2350 1882 2394">
    <p class='ocr_par' dir='ltr' id='par_1_108' title="bbox 1099 2350 1882 2394">
     <span class='ocr_line' id='line_1_109' title="bbox 1099 2350 1882 2394; baseline 0.001 -16"><span class='ocrx_word' id='word_1_791' title='bbox 1099 2359 1153 2382; x_wconf 78' lang='grc' dir='ltr'>τος·</span> <span class='ocrx_word' id='word_1_792' title='bbox 1167 2361 1176 2377; x_wconf 78' lang='grc' dir='ltr'><strong>ι</strong></span> <span class='ocrx_word' id='word_1_793' title='bbox 1190 2350 1294 2394; x_wconf 66' lang='grc' dir='ltr'>τούτοις</span> <span class='ocrx_word' id='word_1_794' title='bbox 1305 2351 1361 2382; x_wconf 87' lang='grc' dir='ltr'>τοῖς</span> <span class='ocrx_word' id='word_1_795' title='bbox 1372 2350 1485 2385; x_wconf 83' lang='grc' dir='ltr'>ὀνόμασι</span> <span class='ocrx_word' id='word_1_796' title='bbox 1496 2350 1541 2378; x_wconf 80' lang='grc' dir='ltr'>τὸν</span> <span class='ocrx_word' id='word_1_797' title='bbox 1554 2351 1792 2387; x_wconf 81' lang='grc' dir='ltr'>αἰχμαλωτίσαντα</span> <span class='ocrx_word' id='word_1_798' title='bbox 1805 2353 1882 2388; x_wconf 74' lang='grc' dir='ltr'>ἡμῶν</span> 
     </span>
    </p>
   </div>
   <div class='ocr_carea' id='block_1_109' title="bbox 1099 2392 1881 2432">
    <p class='ocr_par' dir='ltr' id='par_1_109' title="bbox 1099 2392 1881 2432">
     <span class='ocr_line' id='line_1_110' title="bbox 1099 2392 1881 2432; baseline 0.001 -9"><span class='ocrx_word' id='word_1_799' title='bbox 1099 2397 1147 2432; x_wconf 83' lang='grc' dir='ltr'>τὴν</span> <span class='ocrx_word' id='word_1_800' title='bbox 1167 2396 1238 2431; x_wconf 79' lang='grc' dir='ltr'>ζωὴν</span> <span class='ocrx_word' id='word_1_801' title='bbox 1254 2392 1456 2430; x_wconf 76' lang='grc' dir='ltr'>ἐνδεικνύμενος</span> <span class='ocrx_word' id='word_1_802' title='bbox 1469 2395 1535 2432; x_wconf 78' lang='lat' dir='ltr'><strong>(6i).</strong></span> <span class='ocrx_word' id='word_1_803' title='bbox 1547 2397 1601 2423; x_wconf 82' lang='grc' dir='ltr'><strong>Καὶ</strong></span> <span class='ocrx_word' id='word_1_804' title='bbox 1615 2398 1643 2424; x_wconf 71' lang='grc' dir='ltr'>ἐν</span> <span class='ocrx_word' id='word_1_805' title='bbox 1659 2398 1716 2429; x_wconf 85' lang='grc' dir='ltr'>τοῖς</span> <span class='ocrx_word' id='word_1_806' title='bbox 1731 2392 1881 2429; x_wconf 75' lang='grc' dir='ltr'>ύπολοίποις</span> 
     </span>
    </p>
   </div>
   <div class='ocr_carea' id='block_1_110' title="bbox 1101 2442 1881 2480">
    <p class='ocr_par' dir='ltr' id='par_1_110' title="bbox 1101 2442 1881 2480">
     <span class='ocr_line' id='line_1_111' title="bbox 1101 2442 1881 2480; baseline 0.003 -11"><span class='ocrx_word' id='word_1_807' title='bbox 1101 2443 1169 2478; x_wconf 77' lang='grc' dir='ltr'>μετὰ</span> <span class='ocrx_word' id='word_1_808' title='bbox 1184 2442 1284 2474; x_wconf 83' lang='grc' dir='ltr'>πολλὰς</span> <span class='ocrx_word' id='word_1_809' title='bbox 1297 2442 1346 2473; x_wconf 80' lang='grc' dir='ltr'><strong>τὰς</strong></span> <span class='ocrx_word' id='word_1_810' title='bbox 1363 2442 1568 2478; x_wconf 85' lang='grc' dir='ltr'>παρακλητικὰς</span> <span class='ocrx_word' id='word_1_811' title='bbox 1590 2443 1697 2475; x_wconf 84' lang='grc' dir='ltr'>ὲκείνας</span> <span class='ocrx_word' id='word_1_812' title='bbox 1711 2443 1812 2478; x_wconf 84' lang='grc' dir='ltr'>φωνὰς,</span> <span class='ocrx_word' id='word_1_813' title='bbox 1834 2444 1881 2480; x_wconf 86' lang='grc' dir='ltr'>τὴν</span> 
     </span>
    </p>
   </div>
   <div class='ocr_carea' id='block_1_111' title="bbox 1099 2488 1880 2524">
    <p class='ocr_par' dir='ltr' id='par_1_111' title="bbox 1099 2488 1880 2524">
     <span class='ocr_line' id='line_1_112' title="bbox 1099 2488 1880 2524; baseline 0 -8"><span class='ocrx_word' id='word_1_814' title='bbox 1099 2489 1131 2516; x_wconf 81' lang='grc' dir='ltr'>ὲκ</span> <span class='ocrx_word' id='word_1_815' title='bbox 1144 2489 1194 2524; x_wconf 78' lang='grc' dir='ltr'>τῆς</span> <span class='ocrx_word' id='word_1_816' title='bbox 1209 2488 1393 2523; x_wconf 70' lang='grc' dir='ltr'>αἰχμαλωσίας</span> <span class='ocrx_word' id='word_1_817' title='bbox 1406 2488 1553 2523; x_wconf 84' lang='grc' dir='ltr'>γενομένην</span> <span class='ocrx_word' id='word_1_818' title='bbox 1572 2488 1700 2516; x_wconf 71' lang='grc' dir='ltr'>ἐπάνοδον</span> <span class='ocrx_word' id='word_1_819' title='bbox 1712 2489 1880 2524; x_wconf 80' lang='grc' dir='ltr'>διασημαίνει</span> 
     </span>
    </p>
   </div>
   <div class='ocr_carea' id='block_1_112' title="bbox 1098 2531 1880 2572">
    <p class='ocr_par' dir='ltr' id='par_1_112' title="bbox 1098 2531 1880 2572">
     <span class='ocr_line' id='line_1_113' title="bbox 1098 2531 1880 2572; baseline 0 -10"><span class='ocrx_word' id='word_1_820' title='bbox 1098 2534 1137 2570; x_wconf 83' lang='grc' dir='ltr'>τῷ</span> <span class='ocrx_word' id='word_1_821' title='bbox 1149 2534 1233 2569; x_wconf 44' lang='grc' dir='ltr'><strong>λόγῳλ·</strong></span> <span class='ocrx_word' id='word_1_822' title='bbox 1250 2531 1326 2568; x_wconf 55' lang='grc' dir='ltr'>ὲνξοῖς</span> <span class='ocrx_word' id='word_1_823' title='bbox 1335 2541 1427 2568; x_wconf 78' lang='grc' dir='ltr'>φησιν,</span> <span class='ocrx_word' id='word_1_824' title='bbox 1442 2534 1482 2560; x_wconf 83' lang='grc' dir='ltr'>ὅτι</span> <span class='ocrx_word' id='word_1_825' title='bbox 1497 2534 1595 2567; x_wconf 80' lang='grc' dir='ltr'>(Ὅσας</span> <span class='ocrx_word' id='word_1_826' title='bbox 1604 2534 1706 2568; x_wconf 72' lang='grc' dir='ltr'>ἑδειξὰς</span> <span class='ocrx_word' id='word_1_827' title='bbox 1723 2545 1768 2572; x_wconf 86' lang='grc' dir='ltr'><strong>μοι</strong></span> <span class='ocrx_word' id='word_1_828' title='bbox 1781 2536 1880 2570; x_wconf 74' lang='grc' dir='ltr'>θλίψεις</span> 
     </span>
    </p>
   </div>
   <div class='ocr_carea' id='block_1_113' title="bbox 1101 2577 1878 2617">
    <p class='ocr_par' dir='ltr' id='par_1_113' title="bbox 1101 2577 1878 2617">
     <span class='ocr_line' id='line_1_114' title="bbox 1101 2577 1878 2617; baseline 0.003 -12"><span class='ocrx_word' id='word_1_829' title='bbox 1101 2578 1201 2611; x_wconf 83' lang='grc' dir='ltr'>πολλὰς</span> <span class='ocrx_word' id='word_1_830' title='bbox 1232 2578 1278 2604; x_wconf 83' lang='grc' dir='ltr'>καὶ</span> <span class='ocrx_word' id='word_1_831' title='bbox 1307 2577 1405 2609; x_wconf 79' lang='grc' dir='ltr'>κακὰς,</span> <span class='ocrx_word' id='word_1_832' title='bbox 1433 2577 1480 2603; x_wconf 76' lang='grc' dir='ltr'>καὶ</span> <span class='ocrx_word' id='word_1_833' title='bbox 1509 2578 1673 2614; x_wconf 71' lang='grc' dir='ltr'>ἐπιστρέψας</span> <span class='ocrx_word' id='word_1_834' title='bbox 1700 2579 1878 2617; x_wconf 68' lang='grc' dir='ltr'>ὲζωοποίησάς</span> 
     </span>
    </p>
   </div>
   <div class='ocr_carea' id='block_1_114' title="bbox 1140 2673 1418 2712">
    <p class='ocr_par' dir='ltr' id='par_1_114' title="bbox 1140 2673 1418 2712">
     <span class='ocr_line' id='line_1_115' title="bbox 1140 2673 1418 2712; baseline 0.007 -8"><span class='ocrx_word' id='word_1_835' title='bbox 1140 2678 1196 2712; x_wconf 86' lang='grc'>(57)</span> <span class='ocrx_word' id='word_1_836' title='bbox 1213 2673 1292 2704; x_wconf 70' lang='grc' dir='ltr'>οὗτοι</span> <span class='ocrx_word' id='word_1_837' title='bbox 1303 2686 1358 2706; x_wconf 87' lang='lat' dir='ltr'><strong>om.</strong></span> <span class='ocrx_word' id='word_1_838' title='bbox 1375 2678 1418 2706; x_wconf 84' lang='lat' dir='ltr'><strong>ed.</strong></span> 
     </span>
    </p>
   </div>
   <div class='ocr_carea' id='block_1_115' title="bbox 1139 2713 1625 2752">
    <p class='ocr_par' dir='ltr' id='par_1_115' title="bbox 1139 2713 1625 2752">
     <span class='ocr_line' id='line_1_116' title="bbox 1139 2713 1625 2752; baseline 0.008 -13"><span class='ocrx_word' id='word_1_839' title='bbox 1210 2713 1414 2752; x_wconf 47' lang='lat' dir='ltr'><strong>erropévoaatv</strong></span> <span class='ocrx_word' id='word_1_840' title='bbox 1426 2714 1536 2750; x_wconf 87' lang='lat' dir='ltr'><strong>quidam</strong></span> <span class='ocrx_word' id='word_1_841' title='bbox 1546 2715 1625 2743; x_wconf 85' lang='lat' dir='ltr'><strong>codd.</strong></span> 
     </span>
    </p>
   </div>
   <div class='ocr_carea' id='block_1_116' title="bbox 1150 2748 1332 2780">
    <p class='ocr_par' dir='ltr' id='par_1_116' title="bbox 1150 2748 1332 2780">
     <span class='ocr_line' id='line_1_117' title="bbox 1150 2748 1332 2780; baseline 0.011 -5"><span class='ocrx_word' id='word_1_842' title='bbox 1150 2749 1194 2780; x_wconf 80' lang='grc'>59)</span> <span class='ocrx_word' id='word_1_843' title='bbox 1210 2748 1274 2780; x_wconf 84' lang='grc' dir='ltr'>Τοῦ,</span> <span class='ocrx_word' id='word_1_844' title='bbox 1288 2749 1332 2776; x_wconf 87' lang='lat' dir='ltr'><strong>ed.</strong></span> 
     </span>
    </p>
   </div>
   <div class='ocr_carea' id='block_1_117' title="bbox 1150 2783 1396 2817">
    <p class='ocr_par' dir='ltr' id='par_1_117' title="bbox 1150 2783 1396 2817">
     <span class='ocr_line' id='line_1_118' title="bbox 1150 2783 1396 2817; baseline 0.004 -7"><span class='ocrx_word' id='word_1_845' title='bbox 1150 2783 1195 2817; x_wconf 82' lang='lat'><strong>60)</strong></span> <span class='ocrx_word' id='word_1_846' title='bbox 1210 2783 1266 2817; x_wconf 81' lang='grc' dir='ltr'><strong>Τῆς</strong></span> <span class='ocrx_word' id='word_1_847' title='bbox 1281 2790 1337 2810; x_wconf 91' lang='lat' dir='ltr'><strong>om.</strong></span> <span class='ocrx_word' id='word_1_848' title='bbox 1352 2783 1396 2811; x_wconf 76' lang='lat' dir='ltr'><strong>ed.</strong></span> 
     </span>
    </p>
   </div>
   <div class='ocr_carea' id='block_1_118' title="bbox 1139 2818 1504 2854">
    <p class='ocr_par' dir='ltr' id='par_1_118' title="bbox 1139 2818 1504 2854">
     <span class='ocr_line' id='line_1_119' title="bbox 1139 2818 1504 2854; baseline 0.011 -10"><span class='ocrx_word' id='word_1_849' title='bbox 1139 2818 1196 2854; x_wconf 78' lang='lat' dir='ltr'><strong>(6t)</strong></span> <span class='ocrx_word' id='word_1_850' title='bbox 1208 2818 1439 2854; x_wconf 79' lang='grc' dir='ltr'>Ἐκδεικνύμενος,</span> <span class='ocrx_word' id='word_1_851' title='bbox 1457 2819 1504 2848; x_wconf 79' lang='lat' dir='ltr'><strong>ed.</strong></span> 
     </span>
    </p>
   </div>
  </div>
