1986 3080
119 76 166 104 52!

821 81 854 109 IN
874 81 1044 110 PSALMOS.

1690 83 1745 111 523

120 146 163 173 με,
176 137 222 164 καὶ
237 137 270 164 ἐκ
285 138 339 164 τῶν
354 138 480 166 ἀϐύσσων
490 139 540 175 τῆς
554 139 605 175 γῆς
616 139 695 167 πάλιν
707 139 844 174 ἀνήγαγες
862 147 906 174 με,

960 147 1161 176 cognoscemus
1172 160 1180 173 ,
1193 140 1330 176 quomodo
1343 148 1377 168 ex
1393 141 1502 176 abyssis
1517 141 1675 174 reducatur,
1697 142 1744 177 qui

119 183 281 215 ὲπλεόνασας
303 183 345 210 ἐπ*
360 184 410 219 ἐμὲ
431 185 481 220 τὴν
495 185 688 221 μεγαλωσύνην
709 194 766 216 σου,
783 185 830 211 καὶ
845 186 905 211 επι-

120 228 235 265 στρέψας
252 230 442 264 παρεκάλεσάς
456 239 500 266 με.
520 240 530 256 ι
550 231 634 257 Τοῦτο
648 231 676 257 δὲ
695 231 859 266 σαφέστερον
874 232 906 258 ἐκ

118 275 165 310 τῆς
180 275 226 302 τοῦ
244 276 363 310 μεγάλου
380 277 487 303 Παύλου
499 277 672 308 διδασκαλίας
691 278 834 312 νοήσομεν,
849 277 908 308 πῶς

118 321 148 348 ὲκ
161 321 215 347 τῶν
228 321 353 348 ἀϐύσσων
370 322 499 357 ἀνάγεται
518 324 532 350 ὁ
548 323 587 358 τῷ
605 323 682 359 βάρει
704 324 756 359 τῆς
769 323 907 359 ἁμαρτίας

119 367 311 399 καθελκυσθεὶς
333 369 372 400 είς
397 369 445 404 τὴν
463 369 580 396 ἄϐυσσον
597 369 641 397 διὰ
664 370 711 397 τοῦ
731 369 907 402 κατελθόντος

117 412 149 438 δι’
173 413 247 448 ἡμᾶς
271 414 311 443 είς
335 414 384 449 τὴν
407 413 524 441 ἄϐυσσον
541 437 548 442 .
567 415 636 450 Περὶ
657 411 687 442 οὗ
712 424 810 450 φησιν·
830 424 840 441 t
861 415 906 451 Μὴ

118 457 196 492 εἴπῃς
210 459 238 484 εν
258 459 289 494 τῇ
314 458 414 495 καρδίᾳ
429 468 486 491 σου,
505 460 552 492 Τίς
569 460 735 496 ἀναϐήσεται
748 461 788 492 εἰς
803 460 849 487 τὸν
862 461 908 487 οὐ·

119 503 213 538 ρανόν;
234 503 357 531 τουτέστι
371 504 489 540 Χριστὸν
505 507 683 540 καταγαγεῖν.
704 507 739 532 Ἦ
759 506 801 538 τίς
819 514 904 532 κατα-

118 548 229 583 ϐήσεται
245 550 284 581 εἰς
298 549 346 584 τὴν
363 550 501 584 Macram;
523 551 661 583 Τουτέστι,
683 551 799 586 Χρισ-ιὺν
814 552 846 578 ἐκ
862 559 905 577 νε-

118 595 190 629 κρῶν
199 596 356 630 ἀναγαγεῖν.
371 605 381 622 ι
397 596 478 624 Ὅθεν
491 597 545 633 γὰρ
555 597 679 633 είσῆλθεν
692 598 732 630 εἱς
746 597 790 624 τὸν
805 599 907 632 κόσμον

117 641 131 666 ὁ
144 640 267 672 θάνατος,
284 641 390 668 ἐκεῖθεν
408 642 488 669 πάλιν
511 643 558 669 καὶ
584 641 728 678 ἐξῳκίσθη.
747 642 785 668 Δι’
800 641 906 677 ἀνθρώ-

119 694 168 711 που
186 686 304 721 εἰσῆλθε,
319 688 353 714 δι’
369 687 513 724 ἀνθρώπου
530 689 577 715 καὶ
591 688 761 720 ἑξοικίζεται.
781 688 810 714 '0
829 686 905 723 πρῶ-

954 186 1074 221 pondere
1086 186 1189 220 peccati
1205 186 1232 213 in
1245 186 1410 221 profundum
1424 188 1564 215 detractus
1576 192 1627 224 est,
1643 187 1677 214 de
1690 194 1744 222 quo

955 231 1044 265 inquit
1061 240 1068 259 :
1090 240 1098 256 ι
1118 230 1156 258 Ne
1169 231 1245 258 dicas
1260 232 1286 257 in
1302 231 1384 259 corde
1405 236 1452 259 tuo
1468 232 1553 265 :Quis
1573 232 1702 259 ascendet
1717 239 1744 258 In

955 267 1075 304 coelum?
1089 277 1162 311 quod
1177 280 1220 304 est
1233 276 1374 304 Christum
1397 278 1543 305 deducere.
1558 279 1610 305 Aut
1621 278 1683 312 quis
1698 277 1745 304 dc-

956 322 1069 351 scendet
1091 324 1119 350 in
1143 323 1295 358 abyssum?
1310 323 1368 350 lloc
1385 328 1427 351 est
1447 323 1585 350 Christum
1598 331 1612 350 a
1631 323 1745 350 mortuis

959 376 1089 396 revocare
1099 368 1133 396 ¹⁵⁹.
1146 379 1156 395 ι
1170 369 1247 397 Unde
1258 370 1329 397 enim
1343 369 1464 397 introivit
1477 369 1505 396 in
1517 368 1648 396 mundum
1660 376 1744 400 mors,

957 413 1021 441 inde
1040 415 1139 442 iterum
1154 415 1240 449 eiecta
1255 419 1308 442 est.
1335 414 1385 442 Per
1401 415 1538 442 hominem
1555 414 1681 446 intravit,
1699 422 1746 448 per

956 459 1095 487 hominem
1126 460 1208 487 etiam
1233 460 1353 495 ejicitur.
1389 460 1497 488 Primus
1532 460 1614 488 homo
1642 461 1746 488 aditum

956 505 1037 532 morti
1049 505 1192 540 patefecit;
1208 514 1255 541 per
1267 507 1417 534 secundum
1432 508 1486 534 vita
1501 507 1651 539 reducitur,
1667 507 1746 541 cujus

956 549 1098 586 ingressus
1115 551 1292 579 abolitionem
1307 553 1403 581 mortis
1415 553 1506 581 allicit.
1522 553 1637 589 Propter
1651 553 1702 580 hoc
1718 553 1747 580 in

960 595 1089 630 abyssum
1101 597 1198 624 mortis
1211 597 1354 625 descendit
1366 606 1414 633 per
1428 599 1595 634 passionem,
1612 602 1639 625 ut
1653 606 1745 627 secum

960 640 994 667 ad
1012 648 1130 676 superna
1148 642 1293 670 reduceret
1309 651 1370 670 eum
1391 644 1438 679 qui
1458 645 1485 671 in
1500 644 1667 680 profundum
1682 651 1744 670 cor-

958 691 1061 714 ruerat.

116 740 159 763 τος
173 732 316 767 ἄνθρωπος
331 733 419 769 ἤνοιξε
433 734 472 768 τῷ
487 733 595 769 θανάτῳ
607 733 656 768 τὴν
669 733 770 759 εἴσοδον
781 741 787 748 ·
807 732 851 759 διὰ
863 732 910 759 τοῦ
926 732 1052 768 δευτέρου
1071 733 1088 767 ἡ
1124 733 1180 769 ζωὴ
1206 734 1404 769 ἀντεισάγεται,
1426 732 1460 770 ἦς
1480 736 1496 770 ἡ
1513 734 1614 765 εἴσοδος
1649 736 1746 770 ἀφανι-

118 778 185 812 σμὸν
194 778 241 804 τοῦ
257 778 370 806 θανάτου
385 780 540 815 ἐργάζεται.
552 780 601 806 Διά
615 780 693 807 τοῦτο
705 781 733 806 ὲν
747 781 780 816 τῇ
810 779 922 814 ἀϐύσσῳ
940 779 987 806 τοῦ
1004 779 1130 810 θανάτου,
1155 781 1338 816 κατεχομένου
1356 781 1403 808 τοῦ
1424 781 1598 817 αἰχμαλώτου
1619 782 1670 809 ὑπὸ
1699 782 1746 809 τοῦ

119 827 246 860 θανάτου,
274 828 375 864 κατέϐη
399 828 443 855 διὰ
466 828 514 855 τοῦ
530 829 632 860 πάθους
659 830 700 860 εἰς
726 829 775 864 τὴν
795 829 912 856 ἄϐυσσον
927 827 1041 862 ταύτην,
1054 828 1096 863 ἐφ’
1107 825 1129 862 ᾧ
1155 837 1183 855 τε
1197 831 1358 864 συναγαγεῖν
1375 829 1463 865 ἑαυτῷ
1481 830 1561 857 πάλιν
1577 831 1622 857 ἐπὶ
1632 831 1666 858 τὰ
1691 831 1747 858 ἄνω

117 874 161 901 τὸν
175 874 277 908 βύθιον.

105 942 108 944 .
153 920 244 947 Ταῦτα
256 921 310 956 γὰρ
323 920 355 947 δι’
369 921 510 958 ἀκριϐείας
525 922 542 957 ἡ
558 921 661 956 μεγάλη
679 920 725 947 τοῦ
747 919 908 947 ’Λποστόλου

117 966 193 1002 φωνὴ
207 967 380 1001 διεσάφησεν,
394 966 462 993 ἄλλα
478 975 503 992 τε
519 966 604 993 πολλὰ
618 967 681 1001 περὶ
697 965 798 992 τούτων
812 964 907 996 εἰπὼν,

118 1011 184 1046 ιρησ)¹
202 1011 249 1044 καὶ
265 1011 352 1038 τοῦτο·
372 1020 381 1037 ι
400 1011 505 1047 Ὥσπερ
522 1012 551 1037 ὲν
564 1010 603 1046 τῷ
622 1011 707 1046 Ἀδὰμ
722 1011 823 1042 πάντες
838 1010 906 1037 ἀπο-

84 1058 88 1059 ⁷
118 1057 286 1092 θνῄσκομεν·
312 1057 398 1089 οὕτως
420 1057 449 1083 ἐν
465 1057 503 1092 τῷ
522 1055 632 1092 Χριστῷ
654 1056 752 1088 πάντες
776 1054 908 1090 ζωοποιη-

117 1103 255 1139 θησὸμεοα
267 1102 333 1138 (62).
342 1114 351 1131 ι
362 1103 410 1130 Διὰ
419 1104 495 1132 τοῦτο
502 1103 550 1137 τῆς
559 1102 715 1137 ἐπιγραφῆς
728 1112 737 1127 ι
756 1101 841 1136 ’Υπὲρ
855 1100 908 1126 τῶν

119 1149 235 1184 πρώτων
253 1149 308 1185 (63)
328 1149 599 1184 αἰχμαλωτισθέντων
621 1159 629 1174 ι
651 1147 772 1182 γίνεσθαι
790 1147 839 1182 τὴν
864 1145 908 1173 διὰ

118 1195 218 1230 σαρκὸς
239 1195 396 1230 οἰκονομίαν
412 1194 458 1220 τοῦ
475 1195 577 1230 Κυρίου
606 1193 720 1229 βοώσης,
741 1193 834 1228 βύουσι
860 1191 908 1227 τὴν

118 1241 202 1276 ἀκοὴν
234 1241 370 1276 Ἑϐραῖοι,
400 1241 445 1268 καὶ
472 1241 520 1276 τὴν
542 1241 696 1276 ἐπιγραφὴν
722 1239 753 1266 οὺ
782 1238 907 1274 προσίεν-

117 1285 236 1320 tuam-4).

154 1331 246 1363 Οὕτως
266 1332 294 1358 ἐν
309 1331 347 1366 τῷ
362 1331 545 1367 ὲννενηκοστῷ
560 1332 609 1366 τὴν
627 1331 710 1366 αὐτὴν
723 1331 849 1366 εὑρήσεις
864 1331 908 1358 αἰ-

117 1377 178 1403 τίαν
191 1377 238 1403 τοῦ
259 1376 296 1412 μὴ
313 1377 511 1415 παραδέχεσθαι
535 1378 598 1408 τοὺς
616 1377 758 1413 Ἐϐραίους
776 1377 831 1412 (65)
858 1377 908 1413 τὴν

116 1422 268 1458 δηλωτικὴν
291 1424 338 1458 τῆς
361 1422 408 1448 τοῦ
425 1423 542 1458 Χριστοῦ
557 1423 713 1457 θεοφανείας
739 1424 906 1458 ἐπιγραφήν.

123 1467 204 1501 ἰιμίν
219 1467 270 1501 μὲν
285 1475 339 1502 γαρ
347 1468 360 1493 ὁ
372 1468 564 1501 μνημονεύσεις
574 1466 690 1502 ψαλμὸς,
701 1476 709 1491 t
720 1464 798 1500 Αἶνος
810 1478 819 1493 ι
832 1469 907 1494 ἐστιν

117 1522 127 1538 ‹
139 1512 234 1547 ᾠδῆς.»
250 1511 368 1547 Πᾱςγὲιρ
381 1510 455 1544 αἶνος
472 1513 511 1544 εἰς
530 1513 597 1540 Θεὸν
616 1513 665 1549 τὴν
679 1513 818 1549 ἀναφορὰν
838 1514 905 1548 ἔχει.

996 918 1058 946 llaec
1075 924 1203 947 accurate
1220 927 1334 955 magnus
1348 921 1496 956 Apostolus
1511 922 1657 956 patefecit,
1674 927 1704 949 ut
1719 927 1746 950 et
1776 953 1780 956 _

959 964 1012 991 alia
1022 965 1117 996 multa,
1132 969 1158 992 et
1170 969 1268 999 praeter
1278 969 1374 993 caetera
1387 966 1453 993 illud
1466 976 1472 993 ε
1489 977 1498 992 ι
1513 966 1746 1000 Quemadmodum

959 1010 986 1036 in
1008 1009 1095 1037 Adam
1120 1017 1217 1037 omnes
1233 1012 1376 1044 morimur,
1401 1013 1442 1039 sic
1466 1013 1493 1039 in
1515 1012 1627 1040 Christo
1651 1020 1746 1041 onmes

959 1055 1131 1082 viviticamur
1141 1055 1175 1082 ‘°.
1193 1065 1202 1081 ι
1217 1055 1351 1088 Quocirca
1360 1064 1422 1084 cum
1435 1057 1603 1092 inscriptio,r
1619 1057 1672 1085 Pro
1683 1066 1747 1093 cap-

959 1100 1034 1132 tivis,
1050 1109 1058 1124 ι
1074 1100 1148 1127 clara
1165 1107 1232 1128 voce
1248 1102 1391 1129 annuntiet
1405 1102 1512 1130 Domini
1525 1104 1612 1130 nostri
1625 1104 1651 1130 in
1665 1111 1746 1131 carne

959 1145 1140 1172 ceconomiam
1158 1149 1186 1172 et
1197 1146 1440 1181 dispensationem,
1459 1156 1540 1176 aures
1554 1149 1685 1176 obturant
1698 1149 1746 1176 Ju-

959 1189 1020 1222 daei,
1035 1190 1298 1227 inscriptionemquc
1308 1193 1448 1228 rejiciunt.

995 1326 1040 1354 Sic
1055 1327 1082 1354 in
1099 1328 1276 1362 nonagesimo
1286 1328 1392 1362 psalmo
1402 1327 1524 1356 eamdem
1537 1328 1671 1364 rcpereris
1681 1337 1747 1357 cau-

958 1378 1028 1404 sam,
1058 1371 1184 1399 videlicet
1209 1372 1416 1407 inscriptionem
1441 1374 1539 1400 diviutc
1567 1375 1747 1409 apparitionis

958 1417 1060 1444 Christi
1085 1418 1113 1444 in
1140 1426 1222 1445 carne
1243 1419 1474 1454 significatricem.
1496 1420 1574 1454 Apud
1603 1428 1653 1448 nos
1675 1421 1746 1447 cuitu

959 1463 1106 1497 pradictus
1122 1465 1243 1498 psalmus
1259 1465 1295 1491 ita
1308 1465 1390 1492 habet
1406 1474 1412 1492 ε
1430 1474 1439 1490 ‹
1454 1465 1526 1493 Laus
1538 1465 1666 1493 cantici.)
1680 1466 1746 1493 Nam

958 1509 1047 1536 omnis
1075 1510 1134 1536 laus
1158 1509 1191 1536 ad
1217 1509 1300 1537 Deum
1319 1510 1445 1537 refertur.
1463 1511 1496 1538 At
1514 1511 1620 1538 Hebraei
1640 1512 1747 1539 laudent

116 1558 149 1583 Ui
163 1557 192 1584 δὲ
212 1557 331 1593 Ἑϐραῖοι
347 1558 443 1593 σιγῶσι
458 1559 503 1585 τὺν
516 1557 600 1590 αἶνον,
616 1560 729 1591 καὶτοῖς
741 1559 845 1586 αἰνοῦσι
861 1561 906 1586 τὸν

960 1553 1086 1585 reticent,
1105 1554 1303 1589 Dominumque
1320 1556 1494 1584 laudantibus
1510 1557 1648 1585 siletttium
1664 1558 1749 1592 impe-

117 1603 219 1638 Κύριον
236 1606 315 1640 σιγᾷν
341 1605 539 1639 ἐγκελεύονται.
559 1605 681 1632 κωλύειν
692 1605 757 1639 γοῦν
773 1605 828 1640 (66)
848 1607 906 1632 ἐπι-

116 1650 255 1686 χειροῦσιν
282 1652 311 1676 ἐν
333 1651 371 1685 τῷ
399 1651 463 1686 ίερῷ
479 1652 541 1683 τοὺς
559 1652 656 1683 παῖδας
679 1652 763 1679 αἰνεῖν
779 1653 825 1678 ἐπὶ
848 1653 906 1684 ταῖς

117 1697 253 1729 εὐποιίαις
271 1697 316 1724 τὸν
337 1697 449 1733 Κύριον,
467 1697 558 1729 καθὼς
579 1697 729 1732 στηλιτεύει
754 1697 843 1724 αὐτῶν
857 1698 907 1732 τὴν

116 1743 315 1778 ἀγνωμοσύνην
329 1743 358 1769 τὸ
372 1743 545 1777 Εὑαγγέλιον.
562 1743 635 1769 Λὺτὰ
653 1743 681 1769 δὲ
705 1743 751 1770 τοῦ
767 1743 841 1769 αἴνου
859 1743 907 1778 τῆς

116 1787 190 1822 ᾠδῆς
203 1787 304 1823 ταύτης
316 1788 350 1814 τὰ
362 1789 480 1823 ῥήματα,
497 1788 622 1822 περιττὸν
632 1788 665 1815 ἂν
676 1789 718 1824 εἴη
731 1788 774 1814 διὰ
787 1788 834 1823 τῆς
846 1787 909 1814 θεω-

118 1833 180 1868 ρίις
194 1833 391 1863 ἀποδεικνύειν,
405 1834 473 1869 πρὸς
485 1834 530 1860 τὸν
544 1834 645 1869 Κύριον
657 1834 798 1869 βλέποντα,
813 1834 909 1869 γυμνό-

115 1887 196 1914 τερον
210 1880 295 1914 αὐτῆς
309 1880 358 1914 τῆς
373 1879 470 1912 λέξεως
481 1880 534 1906 τῶν
546 1880 745 1916 γεγραμμένων
760 1879 808 1915 τὴν
819 1879 909 1906 τοιαύ-

116 1933 167 1960 την
184 1925 369 1961 ἐμφαινούσης
383 1926 512 1953 διάνοιαν.

164 2047 193 2072 ’0
208 2046 235 2072 δὲ
251 2047 321 2080 μετὰ
337 2046 382 2072 τὸν
400 2046 508 2080 πρῶτον
525 2047 572 2073 καὶ
596 2047 797 2082 ἐννενηκοστδν,
813 2047 867 2082 ἔχει
883 2056 909 2073 τι

118 2091 201 2118 πάλιν
218 2094 247 2118 ἐν
264 2093 297 2127 τῇ
315 2092 455 2127 ἐπιγραφῇ
469 2092 667 2128 φανερώτερον,
681 2091 711 2119 οὗ
722 2093 802 2128 χάριν
815 2093 909 2128 φεύγει

116 2139 132 2163 ὁ
153 2137 302 2169 Ἰουδαῖζων
321 2138 370 2173 τὴν
393 2139 442 2173 τῆς
459 2139 615 2174 ἐπιγραφῆς
635 2139 840 2172 συγκατάθεσιν.
856 2140 910 2173 Φη-

118 2184 163 2210 etv
183 2183 237 2218 γὰρ
252 2184 269 2219 ἡ
291 2183 363 2217 λέξις
376 2183 472 2215 οὕτως·
488 2194 497 2209 ι
515 2182 593 2215 Λῖνος
606 2184 677 2219 ᾠδῆς
701 2184 747 2210 τοῦ
765 2184 855 2217 Δαυῒδ¹
869 2185 908 2216 είς

959 1604 1031 1627 rant.
1046 1600 1151 1628 Etenim
1171 1605 1199 1628 et
1213 1609 1313 1636 pueros
1329 1603 1356 1629 in
1372 1603 1474 1637 templo
1490 1602 1633 1631 Dominum
1650 1604 1685 1631 ob
1703 1605 1749 1631 bc—

959 1648 1054 1674 nelicia
1072 1648 1230 1679 laudantes.
1247 1650 1377 1677 cohibere
1399 1655 1546 1682 conantur,
1564 1656 1644 1685 prout
1661 1651 1749 1678 Evan-

936 1712 940 1715 ι
959 1694 1057 1728 grlium
1073 1694 1106 1721 de
1121 1694 1172 1721 hac
1188 1695 1296 1721 illorum
1321 1695 1489 1729 insipientia,
1511 1696 1584 1722 velut
1599 1696 1624 1722 in
1641 1697 1747 1724 colunh

959 1747 992 1765 na
1038 1740 1135 1770 incisa,
1150 1741 1351 1767 testiﬁcatur“.
1365 1740 1535 1775 Snperﬂuum
1550 1748 1613 1768 vero
1622 1740 1747 1768 fortassis

960 1783 1051 1816 fuerit,
1067 1784 1091 1810 si
1104 1784 1162 1819 ipsa
1179 1785 1267 1812 laudis
1284 1785 1384 1812 cantici
1402 1785 1483 1819 hujus
1500 1786 1592 1817 verba,
1607 1794 1655 1820 per
1681 1794 1747 1813 con-

960 1828 1151 1857 siderationem
1189 1830 1381 1865 singulorum,
1412 1831 1555 1858 ostendere
1596 1838 1679 1858 coner
1713 1832 1746 1857 ad

962 1873 1105 1902 Dominum
1130 1879 1264 1910 spectare,
1286 1884 1348 1904 cum
1372 1877 1430 1911 ipsa
1454 1876 1648 1912 descriptionis
1663 1877 1747 1904 dictio

960 1925 987 1947 et
1001 1922 1090 1948 oratio
1114 1922 1221 1956 planius
1246 1927 1272 1950 et
1289 1923 1392 1950 clarius
1412 1923 1485 1950 hunc
1510 1930 1620 1950 srnsntn
1649 1931 1748 1958 reprae-

961 1970 1060 1994 scntet.

995 2042 1194 2078 Nonagesimus
1209 2032 1346 2072 secundus
1371 2049 1460 2073 autem
1476 2046 1578 2081 aliquid
1600 2047 1626 2073 in
1650 2046 1747 2074 inscri<

961 2089 1054 2123 ptionc
1082 2090 1255 2118 manifestius
1289 2099 1343 2126 pra:
1372 2099 1402 2119 se
1433 2091 1504 2126 fert,
1537 2098 1646 2127 propter
1674 2096 1746 2128 quod

960 2134 1071 2163 Judaeus
1102 2137 1308 2171 inscriptionem
1347 2138 1420 2165 illam
1455 2147 1509 2165 nun
1539 2139 1666 2166 admittit.
1703 2140 1747 2168 Sic

961 2181 1033 2208 enim
1049 2181 1082 2208 ad
1098 2182 1209 2209 verbum
1227 2182 1304 2209 habet
1332 2192 1338 2209 :
1365 2193 1371 2208 ι
1397 2183 1468 2211 Laus
1493 2185 1592 2211 cantici
1611 2185 1692 2213 David
1721 2187 1747 2212 in

116 2228 170 2263 τὴν
184 2229 290 2264 ἡμέραν
312 2230 360 2256 τοῦ
377 2230 526 2263 Σαϐϐάτου,
543 2231 587 2257 ὅτε
609 2230 776 2265 κατῴκισται
795 2231 811 2265 ἡ
830 2231 874 2265 γῆ.
898 2240 906 2255 ι

961 2227 1032 2254 diem
1057 2227 1187 2260 Sabbati,
1215 2229 1325 2263 quando
1349 2229 1460 2256 fundata
1477 2235 1519 2256 est
1546 2235 1626 2258 terra.
1650 2241 1658 2255 ι
1682 2231 1748 2264 Quis

117 2273 169 2304 Τίς
184 2274 238 2308 γὰρ
255 2275 305 2301 οὐκ
322 2273 377 2302 οἶδε
392 2276 447 2302 τῶν
467 2275 710 2311 παραδεδεγμένων
724 2276 768 2302 τὸν
782 2276 846 2310 περὶ
861 2276 912 2310 τῆς

119 2321 263 2352 εὐσεϐείας
275 2321 362 2356 λόγον,
374 2323 414 2348 ὅτι
425 2324 457 2357 τῇ
473 2322 564 2357 ἡμέρᾳ
574 2321 621 2348 τοῦ
637 2322 787 2352 Σαϐϐάτου,
801 2322 830 2348 τὸ
841 2323 911 2349 κατᾶ

116 2364 169 2391 τὸν
178 2363 292 2392 θάνατον
311 2366 450 2401 ἐνηργήθη
472 2367 628 2401 μυστήριον,
644 2366 765 2402 ἀκριϐῶς
787 2367 856 2393 κατὰ
868 2367 912 2393 τὸν

118 2409 204 2445 νόμον
218 2410 345 2445 ἀκινήτου
361 2411 502 2446 μείναντος
519 2412 574 2446 (67)
588 2412 616 2437 ὲν
631 2411 669 2446 τῷ
685 2413 805 2446 μνήματι
821 2412 913 2446 κοίτης

119 2455 228 2483 ἐκείνου
240 2455 287 2482 τοῦ
304 2456 361 2490 (68)
378 2457 518 2491 σώματος;
535 2458 589 2484 Καὶ
606 2457 654 2492 τὴν
669 2458 776 2493 ἡμέραν
794 2457 911 2492 ἐκείνην,

119 2502 168 2529 ὅτι
185 2502 341 2538 κατῳκίσθη
366 2504 381 2538 ἡ
398 2504 434 2538 γῆ
455 2503 507 2530 ὑπὸ
519 2503 565 2530 τοῦ
582 2503 702 2530 οἰκιστοῦ
722 2503 811 2538 ἡμῶν,
829 2504 858 2535 ὃς
869 2504 913 2530 διὰ

960 2273 1032 2300 enim
1050 2281 1082 2300 ex
1103 2273 1178 2306 illis,
1197 2275 1242 2308 qui
1263 2274 1372 2309 pictatis
1395 2275 1536 2309 disciplina
1560 2277 1655 2304 imbuti
1673 2284 1746 2309 sunt,

961 2320 1057 2351 nescit,
1083 2319 1126 2346 die
1150 2320 1280 2352 Sabbati,
1310 2321 1375 2348 illud
1396 2327 1490 2348 contra
1509 2327 1623 2350 tnortcm
1647 2329 1748 2360 mystc-

962 2367 1031 2393 riurn
1053 2370 1192 2401 peractum
1211 2374 1283 2400 esse,
1300 2366 1431 2395 immobili
1455 2373 1582 2396 manente
1600 2369 1748 2396 secundum

952 2401 1031 2447 'legis
1050 2411 1309 2447 praescriptionem,
1329 2413 1354 2439 irt
1381 2413 1465 2440 cubili
1481 2414 1600 2448 srpulcri
1633 2422 1749 2449 corpore

964 2458 1029 2485 illo?
1042 2458 1109 2490 Quis
1127 2458 1191 2484 item
1206 2458 1312 2489 nescit,
1328 2466 1388 2492 qua:
1411 2459 1446 2485 sit
1464 2459 1534 2490 dirs,
1550 2459 1660 2493 quando
1675 2462 1747 2486 terra

962 2507 1055 2530 creata
1074 2508 1101 2530 et
1116 2502 1228 2529 fntnlata
1239 2507 1283 2530 est
1299 2510 1314 2529 a
1327 2503 1471 2531 conditore
1487 2508 1593 2537 nostro,
1606 2504 1651 2539 qui
1670 2511 1748 2530 ever-

157 2595 180 2612 "
197 2595 275 2623 “Om.
297 2604 322 2628 κ,
343 2596 407 2628 6,7.
447 2596 493 2624 "l
519 2598 581 2624 (lor.
609 2605 653 2630 xv,
673 2597 718 2625 22.
758 2598 778 2613 δ’
809 2597 903 2625 Matth.

960 2605 974 2629 ι,
991 2597 1017 2630 'l,
1031 2598 1058 2625 8.

232 2685 469 2721 Ζωοποιησόμεθα,
482 2686 525 2713 cd.

159 2713 216 2755 (65)
232 2713 354 2755 Πρώτων
365 2713 419 2747 om.
433 2713 477 2748 ed'.

159 2754 216 2787 (6t)
234 2754 440 2790 Προσδέχονται,
456 2756 499 2783 ed.

158 2789 214 2823 (65)
230 2790 293 2821 Τοῖς
311 2790 456 2825 Ἑϐραίοις,
473 2791 516 2819 ed.

265 2840 402 2868 ιἈτιιυι.
419 2838 478 2868 Gtt.
495 2838 609 2870 XLIV.

1002 2686 1058 2722 (66)
1076 2686 1144 2722 Γάρ.
1156 2686 1200 2722 ed.

1001 2721 1059 2754 (67)
1075 2721 1136 2756 Ἐπὶ
1161 2721 1210 2756 τῆς
1223 2729 1276 2749 om.
1292 2722 1336 2750 cd.

1003 2755 1058 2791 (68)
1076 2755 1129 2784 Τοῦ
1147 2755 1202 2784 om.
1217 2757 1260 2784 ed.

1553 2835 1590 2866 1'1
