1986 3080
275 131 327 158 59.3

886 134 914 159 δ.
930 133 1092 160 GliEGORlI
1112 132 1256 160 NYSSENI

1846 139 1899 166 524

276 191 358 218 tendo
369 191 545 218 habitationis
557 196 657 218 nostra:
668 199 834 232 eversorem,
846 200 943 220 rursus
952 193 977 220 id
987 193 1056 227 quod

1111 192 1140 218 τὸ
1166 193 1222 227 (69)
1248 194 1398 221 καταλῦσαι
1420 195 1465 222 τὴν
1494 196 1658 232 καθαιρέτην
1687 197 1736 232 τῆς
1761 197 1900 232 ἡμετέρας

267 237 334 263 ~5qu
348 240 484 270 aequatum
500 241 569 270 erat,
581 246 613 266 ex
632 237 815 265 fundamentis
833 239 967 265 restituit?
979 239 1060 265 Ever-

270 289 320 309 vsor
331 287 420 308 autem
436 286 530 309 noster
546 291 621 310 mors
640 287 709 315 erat,
725 291 806 318 quam
825 287 890 310 tunc
907 284 1058 314 evacuavit,

273 326 383 360 quando
405 326 485 353 nobis
509 327 618 361 quidem
643 327 835 362 requiescere,
860 332 887 354 et
910 327 1058 354 Sabbatmn

274 377 355 405 agere
370 371 524 403 videbatur,
541 379 656 398 manens
670 373 695 398 in
712 380 767 406 quo
789 376 847 399 erat
864 372 924 399 loco
935 392 942 402 .
960 373 1058 398 immo-

276 416 347 443 Iailis.
363 415 459 443 Mortis
470 424 534 443 vero
546 418 693 451 potentiam
709 418 865 449 debellavit,
883 418 974 452 seipso
988 418 1058 445 viam

275 466 401 488 sternens
421 462 549 489 omnibus
573 464 690 489 mortuis
715 462 748 488 ad
777 463 1002 490 resurrectionem
1026 471 1058 489 ex

274 511 370 534 mort-3.
384 507 437 534 Sed
451 515 505 534 non
519 508 739 549 recipitﬁabbati
752 509 914 544 mysterium
928 509 1057 535 inimicus

274 554 366 580 crucis
384 553 503 580 Christi.
523 553 697 588 Quapropter
720 559 748 580 et
768 554 824 581 hate
845 554 965 581 laudatio
987 554 1058 589 apud

273 599 348 632 ipsos
365 599 544 633 inscriptione
559 604 648 632 caret;
663 607 716 626 non
729 601 802 627 enim
817 600 972 627 concedunt
987 600 1059 628 hunc

272 651 334 670 esse
353 644 507 674 Dominum,
525 643 570 678 qui
586 651 647 670 cum
661 644 779 678 seipsum
797 644 875 672 nobis
892 643 1060 672 conformas-

269 695 329 719 set,
348 694 526 724 nostramque
548 689 735 716 confusionem
764 689 790 716 in
809 689 896 716 forma
916 690 988 718 servi
1015 691 1058 718 in-

272 735 393 766 duisset,
410 743 506 762 rursus
522 735 653 768 regnavit,
672 739 698 762 et
716 735 854 769 proprium
868 735 995 762 decorem
1013 735 1057 762 iu-

269 780 341 810 duit,
357 784 383 806 et
400 781 548 813 potentiam
574 780 625 806 sibi
642 779 833 807 circumdedit.
855 779 978 807 Potentia
993 787 1058 807 vero

272 829 299 852 et
313 825 394 852 decor
417 825 495 856 Filii,
513 824 592 852 Pater
608 830 662 852 est.
690 824 738 852 llic
764 825 924 852 dissolutam
948 831 1059 860 peccato

1111 238 1252 273 οἰκήσεως,
1266 239 1346 265 πάλιν
1357 240 1387 266 τὸ
1401 241 1549 275 ὲρειπωθὲν
1568 241 1598 274 ἐξ
1617 241 1741 276 ὑπαρχῆς
1755 241 1900 276 ᾠκοδόμη-

1112 292 1157 310 σεν
1178 293 1184 317 ;
1202 285 1230 312 ’0
1240 285 1267 311 δὲ
1280 285 1445 321 καθαιρέτης
1463 286 1541 321 ἡμῶν
1555 287 1569 312 6
1595 287 1708 318 Θάνατος
1722 285 1766 322 ἦν,
1782 287 1812 313 ὃν
1837 287 1900 315 τότε

1112 330 1296 364 κατήργησεν,
1319 331 1363 357 ὅτε
1382 331 1447 366 ἡμῖν
1465 332 1514 367 μὲν
1529 332 1701 364 σαϐϐατίζειν
1718 332 1774 368 (70)
1799 333 1900 364 ἐδόκει,

1112 374 1200 409 μένων
1215 376 1244 402 ὲν
1304 373 1337 410 ἦν
1351 376 1426 411 τόπῳ
1448 377 1583 412 ἀκίνητος.
1602 378 1657 413 Τὴν
1674 377 1702 404 δὲ
1718 377 1765 404 τοῦ
1782 378 1900 405 Θανάτου

1111 420 1312 454 κατηγωνίζετο
1329 421 1454 455 δύναμιν,
1469 422 1597 448 ὁδοποιῶν
1618 422 1650 448 δι’
1670 422 1765 449 ἑαυτοῦ
1783 424 1840 455 τοῖς
1856 432 1902 449 τε-

1112 464 1208 491 θνεῶσι
1233 466 1300 492 πᾶσι
1323 465 1371 501 τὴν
1388 467 1420 493 ὲκ
1435 467 1481 493 τοῦ
1507 467 1622 494 θανάτου
1644 467 1802 494 ἀνάστασιν.
1829 468 1901 495 Ἀλλ’

1110 510 1141 536 οὺ
1156 510 1264 545 δέχεται
1279 511 1310 537 τὸ
1324 512 1370 538 τοῦ
1387 512 1526 540 Σαϐϐάτου
1544 514 1691 549 μυστήριον
1707 515 1721 540 6
1742 513 1838 549 ὲχθρδς
1850 514 1901 540 τοῦ

1111 556 1229 591 σταυροῦ
1245 556 1292 583 τοῦ
1309 558 1437 591 Χριστοῦ.
1462 560 1508 585 Διὸ
1533 559 1578 585 καὶ
1600 556 1677 592 οὗτός
1698 559 1771 586 ἐστιν
1784 561 1799 586 6
1824 558 1901 591 αἶνος

1110 603 1176 636 παρ’
1204 603 1295 634 αὐτοῖς
1317 604 1513 639 ἀνεπίγραφος.
1540 605 1578 632 Οὺ
1605 606 1660 640 γὰρ
1685 605 1837 632 συντίθεται
1856 606 1900 632 ὅτι

1109 643 1186 679 οὗτός
1202 649 1276 674 ἐστιν
1292 650 1306 675 6
1325 650 1436 684 Κύριος,
1450 650 1464 675 ὃ
1477 650 1532 685 (71)
1547 650 1608 676 καθ’
1622 652 1696 686 ἡμᾶς
1717 651 1812 678 ἑαυτὸν
1831 660 1900 686 σχη-

1111 691 1237 726 ματίσας,
1259 693 1306 720 καὶ
1325 694 1374 729 τὴν
1395 695 1531 730 ἡμετέραν
1548 695 1677 731 αἰσχύνην
1699 696 1900 731 περιϐαλλόμε-

1109 745 1153 768 νος
1170 737 1225 772 (72)
1241 739 1270 764 ὲν
1283 740 1315 774 τῇ
1332 739 1380 765 τοῦ
1400 739 1493 766 δούλου
1510 742 1610 776 μορφῇ,
1630 741 1711 768 πάλιν
1726 741 1898 773 ἐϐασίλευσε,

1110 783 1156 808 καὶ
1168 783 1217 817 τὴν
1232 783 1300 810 ίδίαν
1315 784 1480 820 εὐπρέπειαν
1501 786 1651 819 ἐνεδύσατο,
1671 786 1718 813 καὶ
1731 787 1780 821 τὴν
1799 787 1898 814 ἑαυτοῦ

1109 827 1288 862 περιεϐάλετο
1299 828 1423 864 δύναμιν.
1444 830 1563 865 Δύναμις
1579 830 1606 857 δὲ
1620 832 1667 857 καὶ
1681 831 1832 865 εὐπρέπεια
1851 832 1900 858 τοῦ

269 873 397 896 naturam
410 870 718 900 iterumcorroboravit,
733 875 761 896 ut
776 878 810 897 ne
822 871 939 905 amplius
951 870 984 897 ad
997 878 1056 905 pec-

1112 872 1176 899 Υἱοῦ
1191 873 1205 899 6
1221 873 1324 908 Πατήρ.
1340 870 1424 906 Οὗτος
1440 864 1566 902 λυθεῖσαν
1581 875 1614 902 δι¹
1632 864 1768 911 ἁμαρτίας
1782 876 1832 911 τὴν
1849 877 1898 902 ἀν-

273 920 362 941 catunt
381 914 574 947 delaberetur,
594 922 682 949 neque
705 915 832 949 procellis
855 916 926 946 illis.
952 923 1010 950 quia
1030 916 1056 942 in

270 964 385 994 peccato
395 960 541 993 exsistunt,
559 961 724 995 agitaret-ur;
741 961 879 996 multaque
893 961 945 988 alia
960 961 1058 988 divina:

221 1003 226 1008 ’
272 1007 366 1041 gratia:
384 1007 532 1039 beneﬁcia,
554 1015 615 1034 cum
636 1014 683 1041 per
704 1007 848 1041 aenigmata
865 1007 1056 1040 decantasset,

270 1053 370 1080 tluvios
384 1053 516 1087 quosdam
532 1053 610 1080 valde
625 1058 753 1081 sonantes
773 1053 876 1079 inducit
889 1074 896 1085 ,
913 1053 1055 1087 Evangeli-

270 1106 330 1129 t-as,
347 1103 374 1125 ut
391 1098 520 1130 arbitror,
539 1106 619 1125 voces
631 1098 788 1132 designans.
804 1097 838 1124 Et
855 1097 918 1132 quid
932 1105 1000 1131 opus
1015 1102 1056 1125 est

269 1143 389 1178 singula.
407 1150 467 1176 qua:
485 1143 510 1169 in
527 1142 676 1177 psalmodia
692 1142 793 1177 scripta
810 1146 892 1173 sunt,
908 1143 1053 1177 persequi;

271 1198 333 1216 rum
343 1189 417 1216 nulla
436 1189 470 1217 sit
489 1189 514 1215 in
535 1189 637 1216 divinis
651 1188 734 1215 dictis
751 1188 900 1220 dubitatio,
919 1189 984 1224 quin
999 1193 1054 1216 tota

273 1235 316 1260 illa
341 1234 487 1268 liytnnodia
506 1234 532 1260 in
554 1234 630 1260 illum
650 1237 804 1267 competat,
823 1233 868 1267 qui
887 1233 1012 1260 ascendit
1030 1234 1057 1260 in

269 1279 442 1313 jubilatione,
455 1279 500 1312 qui
516 1279 672 1305 testimonia
688 1285 737 1304 sua
755 1277 874 1311 legitima
885 1278 1058 1304 confessione

273 1323 362 1350 Iirmat
376 1343 383 1353 ,
403 1323 450 1358 qui
471 1323 688 1350 sanctiﬁcatione
708 1322 820 1356 spiritus
843 1323 981 1357 propriam
1007 1322 1057 1350 Ec-

271 1370 362 1396 clesia:
383 1369 493 1395 domum
516 1368 646 1402 insignire
663 1367 826 1394 constituit?

1111 917 1249 953 θρωπίνην
1264 918 1320 953 (73)
1336 919 1426 953 φύσιν,
1452 919 1532 946 πάλιν
1550 921 1666 956 στερῤὰν
1690 921 1896 956 ἀπειργάσατο”

1110 964 1148 994 ὡς
1164 964 1261 998 μηκέτι
1277 965 1361 999 αὐτὴν
1379 965 1446 1000 πρὸς
1468 966 1567 993 κακίαν
1581 966 1752 1002 ἀπωσθῆναι,
1769 967 1836 1002 μηδὲ
1851 967 1900 993 τὸν

1110 1008 1139 1034 ὲν
1159 1010 1280 1044 ἁμαρτίᾳ
1307 1010 1433 1043 δέξασθαι
1457 1011 1513 1047 (74)
1534 1011 1624 1039 σάλον.
1652 1013 1708 1038 Καὶ
1734 1012 1818 1038 πολλὰ
1839 1013 1899 1047 (75)

1110 1054 1176 1081 ἄλλα
1198 1055 1231 1081 δι’
1244 1055 1412 1090 αἰνιγμάτων
1428 1057 1622 1092 ἀνευφημήσας
1638 1058 1687 1094 τὴν
1705 1058 1795 1094 χάριν,
1814 1067 1899 1084 ποτα-

1110 1100 1177 1135 μούς
1199 1109 1274 1132 τινας
1297 1102 1402 1136 μεγάλα
1423 1103 1554 1137 ἡχοῦντας
1565 1103 1604 1138 τῷ
1628 1103 1700 1140 λόγῳ
1722 1104 1896 1140 προστίθησι,

1107 1145 1156 1177 τὰς
1171 1146 1226 1180 (76)
1255 1146 1309 1172 τῶν
1325 1147 1509 1181 Εὖαγγελίων,
1524 1149 1562 1181 ῶς
1582 1147 1669 1184 οἶμαι,
1685 1150 1770 1184 λέγων
1792 1150 1897 1184 φωνάς.

1109 1191 1163 1217 Καὶ
1178 1191 1203 1217 τί
1211 1193 1263 1227 χρὴ
1271 1191 1305 1218 τὰ
1319 1192 1379 1219 καθ’
1388 1193 1501 1220 ἕκαστον
1515 1194 1638 1225 διεξιέναι
1652 1194 1705 1221 τῶν
1718 1196 1747 1221 ὲν
1758 1196 1795 1230 τῇ
1808 1195 1901 1230 ψαλμ-

1107 1237 1174 1272 ῳδίᾳ.
1192 1237 1408 1272 γεγραμμένων,
1430 1239 1559 1273 οὐδεμιᾶς
1582 1239 1665 1274 οὖσης
1688 1242 1716 1267 ὲν
1738 1242 1793 1273 τοῖς
1814 1241 1898 1273 θείοις

1109 1282 1200 1316 ῥητοῖς
1213 1281 1376 1316 ἀμφιϐολίας
1398 1283 1446 1309 τοῦ
1463 1285 1503 1315 εἰς
1519 1285 1621 1310 ἐκεῖνον
1634 1284 1742 1319 βλέπειν
1764 1287 1812 1321 τὴν
1830 1287 1898 1321 ὕμν-

1107 1327 1198 1362 ῳδίαν,
1214 1326 1259 1352 τὸν
1273 1327 1409 1354 ἀναϐάντα
1422 1328 1487 1355 Θεὸν
1502 1331 1529 1355 ὲν
1542 1330 1701 1366 ἀλαλαγμῷ,
1715 1331 1761 1358 καὶ
1774 1331 1808 1358 τὰ
1825 1341 1899 1367 μαρ-

1105 1371 1186 1406 τύρια
1199 1371 1280 1398 αὑτοῦ
1295 1371 1339 1398 διὰ
1360 1374 1411 1408 τῆς
1425 1374 1530 1408 ἀγαθῆς
1544 1376 1689 1410 ὁμολογίας
1709 1376 1897 1409 πιστώσαντα,

272 1415 318 1441 καὶ
330 1414 359 1441 τὸ
369 1415 491 1449 ἀγίασμα
504 1413 550 1440 τοῦ
567 1413 718 1448 πνεύματος
730 1413 768 1447 τῷ
781 1413 837 1448 ἰδίῳ
848 1413 915 1448 οἴκῳ
928 1413 977 1449 τῆς
999 1415 1159 1451 Ἑκκλησίας
1176 1418 1316 1453 ἐμπρέψαι
1331 1421 1593 1454 παρασκευάσαντα;

309 1501 440 1530 Similiter
454 1502 621 1537 nonagesimi
634 1502 705 1529 tertii
718 1502 921 1537 inscriptionem
937 1503 1057 1531 eamdem

272 1549 307 1575 ob
320 1555 429 1575 causam
444 1547 555 1575 .ludaaus
570 1556 623 1574 non
641 1548 746 1582 recipit,
759 1556 819 1583 quae
833 1548 875 1575 bis
887 1549 977 1575 verbis
990 1556 1057 1575 con-

272 1598 350 1628 cepta
365 1598 417 1625 est.
438 1603 447 1619 ‹
463 1593 554 1621 Davidi
571 1597 667 1628 quarta
682 1593 791 1620 Sabbati
807 1594 866 1621 sine
882 1594 1058 1629 inscriptione

273 1639 344 1674 apud
362 1638 499 1666 llebrzeos.
522 1649 530 1665 ι

309 1752 443 1779 Cmterum
467 1751 637 1787 mysterium,
661 1751 732 1786 quod
753 1752 778 1778 in
803 1752 854 1779 hoc
870 1751 974 1786 psalmo
989 1759 1056 1779 con—

272 1797 387 1829 tinetur,
404 1797 584 1824 oeconomiam
609 1797 743 1832 passionis
759 1797 885 1832 explicat.
902 1797 969 1824 Cum
984 1797 1054 1824 enim

279 1842 412 1869 Dominus
429 1842 525 1878 quinta
548 1841 659 1868 Sabbati
681 1849 696 1868 a
718 1841 787 1868 Juda
811 1841 934 1876 prodittts
962 1841 1006 1873 sit,
1028 1842 1055 1868 in

271 1895 315 1919 ea,
336 1896 397 1922 qua:
417 1888 487 1914 hane.
512 1887 584 1913 diem
610 1887 754 1919 antecedit,
770 1887 794 1913 is
808 1886 854 1921 qui
873 1890 958 1913 totum
975 1895 1055 1913 mun-

272 1933 336 1959 dum
367 1932 457 1966 seipse
482 1932 617 1963 redemit,
647 1939 661 1957 a
685 1931 822 1965 proditore
854 1931 1055 1965 quodammodo

271 1978 397 2005 venditus
420 1983 488 2010 est;
520 1978 560 2004 sic
580 1979 653 2004 enim
681 1981 707 2003 et
741 1984 755 2002 a
786 1977 916 2011 propheta
937 1975 1054 2002 Jeremia

272 2023 373 2050 factum
395 2024 446 2049 hoe
462 2023 628 2053 nominatur,
647 2029 708 2048 cum
732 2021 769 2047 ait
787 2030 793 2048 :
813 2030 822 2046 ι
839 2021 872 2047 Et
889 2026 1054 2056 acceperunt

271 2068 381 2102 triginta
394 2071 538 2101 argenteos
550 2068 666 2102 pretium
681 2065 826 2100 appretiati
838 2066 871 2092 ".
885 2076 893 2091 ι
912 2066 948 2093 Eo
964 2070 1053 2093 autent

273 2113 400 2143 consilio,
420 2117 448 2140 ut
467 2113 532 2139 milii
558 2112 719 2147 persuadeo,
740 2112 874 2140 venditur.
893 2116 922 2138 ut
938 2119 987 2139 nos
1003 2112 1055 2139 sub

272 2163 382 2192 peccato
397 2158 531 2189 venditos.
543 2166 592 2186 stta
609 2157 762 2185 venditione
774 2161 856 2184 emat.
872 2156 1052 2190 Quamobrem

271 2203 423 2238 prawidens
451 2204 596 2238 Propheta.
624 2203 649 2230 id
669 2202 740 2238 quod
770 2201 891 2229 futttrum
915 2208 985 2235 erat,
1013 2203 1052 2229 ira

1152 1508 1287 1540 Ὡσαύτως
1303 1509 1349 1536 καὶ
1364 1509 1411 1536 τοῦ
1435 1511 1527 1546 τρίτου
1552 1511 1620 1546 μετὰ
1640 1512 1685 1539 τδν
1707 1513 1898 1549 ἐννενηκοστὺν

1110 1554 1153 1580 διὰ
1169 1555 1217 1588 τὴν
1236 1555 1321 1590 αὐτὴν
1339 1555 1427 1582 αἰτίαν
1442 1557 1456 1582 6
1479 1556 1602 1592 Ἐϐραῖος
1621 1558 1670 1593 τὴν
1685 1559 1842 1595 ἐπιγραφὴν
1864 1562 1897 1587 οὐ

1109 1599 1306 1633 παραδέχεται·
1323 1599 1379 1635 έχει
1397 1601 1426 1627 δὲ
1440 1602 1456 1636 ὴ
1471 1601 1543 1634 λέξις
1555 1603 1604 1637 τῆς
1621 1603 1776 1639 ἐπιγραφῆς
1789 1604 1878 1636 οὕτως
1889 1614 1897 1621 ·

1111 1653 1120 1670 ι
1140 1644 1184 1680 Τῷ
1200 1644 1291 1677 Δαυῒδ,
1311 1646 1419 1681 τετράδι
1443 1647 1599 1681 Σαὸὃάτων,
1621 1649 1806 1685 ἀνεπίγραφος
1830 1651 1898 1686 παρ’

1114 1691 1258 1726 Ἑϐραίοις.
1279 1701 1287 1716 ι

1142 1757 1177 1783 T6
1192 1758 1219 1784 δὲ
1236 1759 1265 1785 ὲν
1287 1759 1373 1795 τούτῳ
1391 1762 1548 1797 μυστήριον,
1565 1763 1613 1799 τὴν
1630 1764 1694 1800 περὶ
1710 1765 1739 1791 τὸ
1759 1765 1845 1797 πάθος
1856 1767 1897 1792 οἰ-

1107 1803 1235 1838 κονομίαν
1252 1805 1441 1841 προαγορεύει,
1460 1807 1498 1842 Τῇ
1515 1808 1569 1843 γὰρ
1584 1809 1695 1844 πέμπτῃ
1720 1809 1766 1835 τοῦ
1788 1810 1898 1837 Σαϐϐά-

1106 1855 1152 1873 του
1163 1847 1213 1882 τῆς
1225 1849 1369 1884 προδοσίας
1381 1852 1455 1886 παρὰ
1466 1852 1512 1878 τοῦ
1527 1853 1610 1880 ’ἰούδα
1620 1853 1699 1888 [(76⁵)
1708 1856 1896 1890 γεγενημένης

1105 1892 1135 1918 ὲν
1158 1894 1191 1928 τῇ
1216 1894 1268 1928 πρὸ
1291 1895 1392 1930 ταύτης
1409 1896 1499 1932 ἡμέρᾳ
1518 1898 1532 1924 6
1553 1899 1642 1925 πάντα
1665 1900 1710 1926 τὸν
1732 1901 1833 1936 κόσμον
1859 1901 1894 1928 δι’

1106 1937 1215 1973 ἑαυτοῦ]
1234 1938 1424 1974 λυτροῦμενος,
1440 1941 1491 1967 ὑπὸ
1511 1941 1557 1968 τοῦ
1575 1943 1702 1978 προδότου
1719 1945 1818 1980 τρόπον
1832 1947 1894 1973 τινὰ

1105 1981 1249 2020 πωλεῖται’
1263 1983 1334 2010 οὕτω
1357 1985 1410 2021 γὰρ
1427 1987 1472 2012 καὶ
1497 1988 1571 2022 παρὰ
1589 1989 1639 2024 τῆς
1658 1990 1825 2025 προφητείας
1844 1992 1895 2018 Ἱε-

1107 2026 1201 2061 ρεμίου
1229 2027 1261 2054 τὸ
1288 2030 1396 2062 γεγονὸς
1423 2031 1603 2067 ὀνομάζεται·
1623 2043 1632 2059 ι
1657 2035 1712 2061 Καὶ
1737 2036 1831 2063 ἔλαϐον
1856 2039 1892 2065 τὰ

1104 2071 1250 2106 τριάκοντα
1264 2073 1381 2110 ἀργύρια
1398 2076 1447 2111 τὴν
1457 2079 1539 2113 τιμὴν
1552 2079 1598 2106 τοῦ
1609 2082 1802 2116 τετιμημένου.
1818 2092 1828 2108 ι
1842 2084 1891 2110 Διὰ

1103 2117 1183 2143 τοῦτο
1198 2118 1237 2149 δὲ,
1251 2117 1337 2154 οἶμαι,
1350 2121 1488 2154 πωλεῖται,
1505 2123 1548 2150 ἵνα
1561 2126 1593 2159 τῇ
1611 2125 1706 2152 ἑαυτοῦ
1717 2127 1815 2161 πράσει
1828 2129 1891 2160 τοὺς

1104 2161 1156 2188 ὐπὺ
1179 2162 1229 2198 τῆς
1249 2165 1386 2200 ἁμαρτίας
1410 2169 1603 2203 πεπραμένους
1623 2170 1785 2208 ἐξαγοράσῃ.
1809 2173 1892 2200 Ὅθεν

1104 2207 1220 2242 προϊδὼν
1236 2210 1249 2235 6
1263 2210 1404 2247 Προφήτης
1423 2213 1453 2239 τὸ
1468 2214 1605 2250 ἐσόμενον,
1621 2215 1699 2251 Θυμῷ
1715 2207 1766 2244 τινι
1781 2219 1848 2254 πρὸς
1860 2220 1891 2246 τὸ

271 2251 386 2283 quadam
404 2250 432 2277 in
449 2250 553 2278 facinus
570 2249 634 2276 illttd
651 2248 815 2279 concitatur,
840 2247 922 2275 Deum
941 2248 1052 2275 ultionis

1109 2254 1247 2288 γενόμενον
1269 2255 1446 2292 διεγείρεται,
1473 2247 1538 2287 Θεδν
1558 2247 1721 2297 ἐκδικήσεων
1739 2264 1794 2299 (77)
1804 2247 1892 2292 ,αέτὺν

270 2295 347 2323 illum
369 2296 504 2328 vocitans,
532 2299 559 2322 et
583 2301 613 2321 ut
634 2294 778 2324 exaltetur,
805 2293 850 2328 qui
877 2297 986 2328 propter
1003 2300 1053 2320 nos

270 2340 430 2368 humiliatus
450 2345 502 2372 est,
530 2347 718 2372 commoneas,
734 2347 789 2374 quo
810 2339 906 2366 reddat
926 2338 1053 2373 superbis

269 2386 378 2420 dignam
403 2386 618 2416 retributionem,
634 2392 668 2412 ne
687 2385 714 2411 in
739 2391 788 2411 sua
814 2384 918 2411 malitia
933 2384 1053 2419 glorient-

269 2437 313 2458 tur
331 2435 488 2466 peceatores
511 2441 516 2458 :
536 2431 569 2457 ad
595 2438 664 2465 quos
687 2430 796 2462 clamat,
817 2430 915 2457 stultos
938 2434 964 2456 et
986 2430 1069 2458 insi-~

269 2478 373 2505 pientes
394 2477 453 2504 illos
477 2477 632 2512 appellans,
665 2477 710 2512 qtti
740 2477 810 2511 ejus,
839 2475 886 2510 qui
910 2476 1051 2511 apparuit,

304 2561 326 2576 "
350 2561 443 2588 Matth.
459 2570 542 2595 xxvu,
560 2564 586 2591 9.

304 2642 358 2676 (69)
376 2643 440 2672 Τοῦ,
453 2642 496 2670 ed.

302 2678 358 2710 (70)
373 2678 432 2713 Σωμ
439 2677 549 2710 ατίζειν,
559 2678 601 2705 ed.

302 2713 357 2743 (7|)
375 2713 433 2744 "0;,
447 2713 489 2739 ed.

301 2747 356 2779 (72)
374 2748 599 2782 Περιϐαλόμενος,
620 2747 664 2773 ed.

350 2784 357 2815 )
372 2782 559 2817 Ἀνθρωπίνην
573 2790 627 2808 om.
644 2782 688 2808 ed.

301 2786 357 2815 ΠΒ)
372 2786 559 2817 Ἀνθρωπινην

302 2817 327 2851 (Τ
336 2817 357 2851 ί)
367 2817 507 2852 Δέχεσοαι,
524 2816 567 2843 ed.

1104 2299 1254 2333 ὀνομάζων,
1275 2303 1323 2329 καὶ
1339 2303 1480 2339 ὑψωθῆναι
1493 2306 1539 2332 τὸν
1550 2307 1584 2333 δι’
1598 2308 1671 2343 ἡμᾶς
1689 2310 1891 2338 ταπεινωθέντα

1105 2345 1279 2389 παρακαλῶν,
1288 2348 1433 2376 ἀποδοῦναι
1439 2352 1494 2382 τοῖς
1500 2351 1514 2378 ὑ
1519 2361 1551 2378 πε
1554 2353 1683 2388 ρηφάνοις
1691 2354 1738 2389 τὴν
1746 2356 1805 2382 κατ’
1812 2356 1892 2388 ἀξίαν

1105 2388 1246 2436 ἀντίδοσιν,
1261 2392 1299 2424 ὡς
1314 2393 1347 2420 ἂν
1366 2394 1403 2430 μὴ
1417 2395 1605 2432 ὲπικαυχοίντο
1617 2398 1672 2434 (78)
1690 2388 1721 2426 οἰδ
1733 2400 1891 2436 ἁμαρτωλοὶ

1104 2435 1137 2482 τῇ
1153 2436 1243 2482 κακίᾳ.
1259 2437 1330 2473 Πρὸς
1345 2439 1391 2471 οὓς
1404 2440 1463 2476 βοᾷ.
1477 2441 1596 2477 ἄφρονας
1607 2444 1705 2477 αὐτοὺς
1717 2445 1764 2472 καὶ
1782 2435 1893 2482 μωροὺς

1104 2478 1253 2515 ὀνομάζων,
1263 2482 1325 2514 τοὺς
1343 2483 1380 2520 μὴ
1392 2487 1629 2522 παραδεξαμένους
1642 2489 1692 2525 τὴν
1705 2490 1751 2517 τοῦ
1762 2478 1892 2525 ὁζοθέντος

1139 2645 1196 2678 (75)
1213 2647 1246 2674 Δέ
1261 2648 1323 2676 add.
1342 2650 1386 2677 ed.

1140 2681 1196 2714 (76)
1207 2682 1262 2713 Τάς
1276 2691 1331 2710 om.
1347 2685 1390 2712 ed.

1140 2716 1313 2753 ρξ’)ηυηοὶε
1329 2719 1435 2747 inclusa
1455 2729 1508 2748 non
1525 2722 1605 2750 habet.
1621 2724 1667 2753 ed.

1209 2752 1401 2788 Ἑκδικήσεως,
1413 2755 1456 2782 ed.

1140 2785 1196 2820 (78)
1212 2785 1438 2824 Ἐπικαυχῶνται,
1450 2791 1493 2819 ed.
