1986 3080
109 91 157 118 525

801 89 835 118 IN
855 89 1024 119 PSALMOS.

1671 87 1723 115 536

109 147 227 181 θεότητα.
239 145 317 173 ἰΙδιον
327 146 381 182 γάρ
388 146 498 173 ἔστιτοῦ
509 147 633 182 ἄφρονος,
641 147 678 180 ὡς
691 148 887 184 ἑτέρωθίφησι,

942 147 1109 174 divinitatem
1128 145 1296 173 inficiantnr.
1318 144 1385 172 Nam
1409 145 1564 181 insipientis
1585 145 1722 181 proprium

79 183 83 193 ’
108 192 136 218 τδ
146 192 190 218 τὸν
211 191 275 218 ὅντα
288 191 353 218 Θεδν
371 192 408 227 μὴ
425 190 495 219 εἶναι
514 193 612 228 λέγειν.
624 193 678 229 Βοᾷ
691 194 720 220 δὲ
735 183 803 229 ατρὸς
826 195 890 226 τοὺς

107 237 249 269 τοιούτους,
265 237 305 264 ὅτι
317 248 325 263 ι
341 238 447 271 Σύνετε,
461 239 576 274 ἄφρονες
587 241 615 266 ὲν
628 240 666 275 τῷ
675 240 742 275 λαῷ,
757 240 816 274 καὶ,
831 248 890 276 μω-

110 283 159 319 ροὶ,
177 283 243 310 ποτὲ
254 285 416 319 φρονήσατε.
433 294 442 310 ι
461 285 509 316 Τίς
524 285 539 310 ό
553 285 689 320 φυτεύσας
701 286 732 312 τὸ
747 284 810 319 οὗςς
823 287 864 318 τίς
876 287 890 314 ὁ

111 330 210 360 πλάσας
229 329 275 355 τὸν
291 329 429 364 ὀφθαλμόν
439 331 450 362 ξ
461 330 503 362 τίς
516 331 530 357 ὁ
550 331 684 358 παιδεύων
702 332 737 358 τὰ
753 331 834 367 ἐθνη;
848 331 890 363 τίς

108 373 122 399 ὸ
135 371 274 407 γινώσκων
298 373 362 405 τοὺς
380 373 570 410 διαλογισμοὺς
586 375 639 402 τῶν
658 375 827 412 ἀνθρώπων;
846 376 891 403 διὰ

108 418 205 445 τούτων
220 418 275 454 γὰρ
282 417 359 454 οἶμαι
370 420 479 447 πάντων
493 421 540 447 τὸν
555 421 698 457 Προφήτην
714 421 747 448 τὰ
761 421 832 448 κατὰ
841 421 890 454 τὰς

111 465 192 496 ίὰσεις
211 464 323 500 μηνύειν
339 465 476 501 θαύματα,
490 466 523 493 δι’
539 463 576 494 ὧν
596 467 730 503 ὀφθαλμοί
745 476 773 494 τε
788 467 890 494 ἐπλάσ-

110 518 182 536 σοντο
197 510 241 536 διὰ
253 510 299 536 τοῦ
319 510 477 546 πτύσματος
494 512 540 538 καὶ
557 512 606 547 τῆς
622 512 673 547 γῆς
686 513 891 548 πηλουργούμε-

108 563 165 587 νοι,
187 555 234 582 καὶ
249 555 329 582 ἀκοαὶ
350 556 450 591 τρόπον
470 557 531 583 τινὰ
554 559 610 589 τοῖς
632 558 823 593 ἐστερημένοις
842 558 892 592 τῆς

108 601 258 636 αισθήσεως
283 601 386 637 ταύτης
405 602 447 628 διὰ
465 602 519 629 τῶν
533 603 672 630 δακτύλων
691 604 889 638 ὲνεφυτεὺοντο.

109 646 161 672 Καὶ
182 646 232 672 ὅσα
248 646 277 672 ἐν
296 645 336 680 τῷ
359 646 472 682 κρυπτῷ
497 648 552 674 τῶν
576 649 719 684 νοημάτων
737 649 890 681 ἐλάνθανεν.

109 690 182 726 παρὰ
192 690 238 717 τοῦ
253 690 396 726 βλέποντος
406 692 456 723 τὰς
466 691 630 727 ἐνθυμήσεις
643 692 731 720 αὐτῶν
747 693 890 727 διελέγετο.

114 736 221 771 Ἐπειδὴ
236 736 341 767 τούτοις
357 736 463 770 ὲμὸοῶν
477 738 527 764 οὐκ
540 737 671 773 ἠκούσθη,
690 739 758 773 πρὸς
776 739 822 765 τὸν
835 738 891 765 Κύ-

107 790 161 818 ριον
175 782 332 817 ἐπιστρέφει
342 783 386 809 τὸν
401 783 479 817 λόγον
495 783 541 810 καί
556 792 647 819 φησιν·
663 793 671 809 ι
693 785 831 821 Μακάριος
844 785 891 812 ἄν·

108 829 226 864 θρωπος,
240 828 270 855 ὃν
293 828 326 855 ἂν
342 829 502 865 παιδεύσῃς,
515 830 617 865 Κύριε,
633 831 679 856 καὶ
693 831 725 857 ὲκ
739 830 786 857 τοῦ
808 831 890 866 νόμου

108 884 152 902 σου
164 875 271 911 διδάξῃς
285 875 366 902 αὐτόν
379 885 387 892 -
403 884 412 900 r
429 875 467 907 ὡς
482 875 527 902 τοῦ
542 877 626 910 νόμου
640 876 699 903 καθ’
715 877 810 903 ἑαυτὸν
820 876 892 911 dwe-

107 920 212 952 λοῦντος
230 920 316 952 οὐδὲν,
334 921 358 947 εί
374 921 410 956 μή
426 929 467 952 τις
489 920 549 948 θεία
569 921 661 958 διδαχὴ
683 922 714 948 τὸ
730 923 890 957 ἐγκείμενον

106 966 178 1002 αὐτῷ
201 967 349 1002 μυστήριον
377 966 550 1002 σαφηνίσειε·
572 966 663 998 καθὼς
685 965 760 994 εἶπεν
774 969 789 994 ὸ
810 967 892 998 αὐτὸς

105 1009 180 1042 οὗτος
195 1011 348 1046 Προφήτης,
362 1011 402 1037 ὅτι
416 1019 426 1037 r
450 1011 635 1046 Ἀπκὰλυψον
656 1012 718 1044 τοὺς
737 1012 892 1048 ὀφθαλμούς

107 1064 167 1090 μου,
180 1056 227 1081 καὶ
237 1056 396 1090 κατανοήσω
407 1055 441 1082 τὰ
456 1055 595 1090 θαυμάσια
604 1057 635 1082 ἐκ
647 1056 692 1083 τοῦ
707 1057 790 1092 νόμον
804 1066 861 1084 σου.
879 1067 889 1083 ι

107 1099 142 1125 Ἢ
168 1098 237 1133 τάχα
261 1099 405 1134 μακαρίζει
427 1099 472 1126 τὸν
503 1099 532 1132 ἐξ
553 1100 637 1126 ἐθνῶν
656 1100 695 1135 τῷ
713 1101 891 1136 πνευματικῷ

107 1144 182 1179 νόμῳ
205 1143 364 1170 πιστεύοντα
375 1165 382 1177 ,
399 1144 428 1176 ὃς
446 1143 587 1178 ἄνθρωπος
603 1143 640 1170 ὼν
660 1145 706 1171 τὸν
724 1145 777 1180 πρὸ
795 1145 890 1171 τούτου

105 1189 211 1226 χρόνον,
233 1189 375 1225 σαρκώδης
397 1199 426 1216 τε
447 1190 493 1216 καὶ
517 1189 819 1226 συμπαραϐεϐλημένος
835 1192 892 1222 τοῖς

106 1237 241 1271 κτήνεσιν,
264 1236 293 1261 ἐν
312 1237 344 1270 τῇ
364 1236 503 1262 παιδεύσει
517 1236 564 1262 τοῦ
583 1236 655 1262 θείου
671 1236 764 1271 νόμου,
778 1237 827 1272 τῆς
842 1245 892 1263 κα-

105 1281 190 1316 τάρας
206 1282 245 1312 εἰς
261 1281 385 1315 εὐλογίαν
408 1282 587 1317 ἁναλυθείσης
599 1302 606 1312 .
623 1283 755 1318 μακάριος
775 1283 890 1317 γίνεται.

106 1326 167 1352 Ὀτι
193 1325 268 1360 αὐτῷ
289 1326 337 1361 μὲν
356 1326 409 1352 ἀπὸ
436 1327 490 1353 τῶν
514 1327 624 1363 ἡμερῶν
644 1328 699 1354 τῶν
722 1328 848 1364 πονηρῶν
874 1329 890 1364 ἡ

105 1371 174 1407 ὀργὴ
191 1371 350 1406 πραΰνεται,
366 1372 470 1398 ἐκείνου
492 1372 520 1399 δὲ
533 1374 547 1399 ὁ
560 1373 614 1407 (79)
629 1372 724 1409 βόθρος
736 1373 890 1409 ὀρύσσεται·

106 1416 167 1444 εἶτα
198 1417 294 1452 μικρὸν
324 1418 447 1450 ὑποϐὰς,
464 1418 510 1444 τὸν
535 1419 634 1446 σκοπὸν
660 1419 733 1453 λέγει
750 1421 800 1454 τῆς
822 1419 893 1446 κατὰ

105 1462 152 1489 τὸν
163 1462 217 1497 (80)
226 1461 368 1496 ἄνθρωπον
376 1462 422 1488 τοῦ
434 1462 536 1498 Κυρίου
544 1463 707 1498 οἰκονομίας.
729 1473 738 1489 ι
755 1463 785 1489 El
801 1464 837 1498 μὴ
852 1463 892 1490 ὅτι

106 1507 210 1543 Κύριος
232 1507 363 1543 ὲϐοήθησέ
393 1516 457 1542 μοι,
475 1507 552 1542 παρὰ
577 1508 662 1544 βραχὺ
690 1508 837 1544 παρῴκησε
854 1507 892 1543 τῷ

108 1553 160 1589 ᾄδῃ
177 1555 193 1588 ὴ
209 1553 281 1588 ψυχή
296 1561 357 1588 μου.
383 1563 391 1579 ι
414 1553 447 1579 Ἦ
466 1553 520 1589 γὰρ
538 1553 647 1589 βοήθεια
659 1554 705 1580 τοῦ
716 1554 828 1588 Κυρίου,
842 1554 893 1580 οὐκ

106 1599 213 1634 ἀφῆκεν
223 1599 296 1633 ἡμᾶς
307 1598 353 1624 τοῦ
368 1598 432 1634 ᾆδου
447 1599 595 1634 παροίκους
605 1597 686 1626 εἶναι.
702 1601 756 1626 Καὶ
767 1601 807 1627 ὅτι
823 1599 893 1626 κατὰ

105 1644 138 1670 τὸ
155 1644 257 1679 πλῆθος
275 1644 328 1670 τῶν
341 1645 373 1670 ἐκ
386 1644 437 1679 τῆς
452 1645 590 1679 ἁμαρτίας
607 1645 717 1677 ὀδυνῶν,
730 1646 894 1682 ἁντίῤῥοπος

104 1688 215 1724 ἐγένετο
235 1690 300 1725 ἡμῖν
322 1691 338 1724 ἡ
357 1690 461 1725 ἰατρεία
477 1690 553 1726 παρὰ
569 1690 616 1717 τοῦ
636 1691 854 1726 ίατρεύοντος·ὲν

105 1744 134 1762 τι
148 1734 215 1771 (80’)
233 1736 280 1762 καὶ
298 1735 390 1770 μεῖζον
403 1736 555 1771 φιλοσοφεῖ,
573 1737 603 1763 τὸ
621 1737 657 1773 μὴ
673 1736 702 1769 ἐξ
722 1737 808 1764 ἀϊδίου
823 1735 893 1764 εἶναι

105 1781 138 1807 τὸ
153 1780 236 1807 κακὸν
250 1780 427 1815 δογματίζων.
446 1782 514 1817 Φησὶ
536 1782 600 1817 γὰρ,
619 1783 659 1809 ὅτι
677 1792 685 1807 ι
701 1783 738 1809 Οὐ
753 1791 893 1818 συμπροσ-

106 1826 234 1853 έσταισοι
247 1825 341 1860 θρόνος
349 1826 474 1861 ἀνομίας,
487 1827 500 1853 ὁ
514 1827 641 1854 πλάσσων
655 1828 737 1854 κόπον
752 1828 798 1854 ἐπὶ
811 1828 894 1863 πρόσ-

106 1878 212 1906 ταγμα.
232 1880 240 1895 ι
257 1870 341 1896 Τοῦτο
364 1871 391 1897 δέ
406 1871 490 1901 ἐστιν,
500 1871 541 1897 ὅτι
555 1872 591 1899 οὐ
607 1871 796 1907 συνθεωρεῖταί
819 1880 861 1899 σοι
877 1872 894 1907 ἡ

105 1915 159 1950 τῆς
178 1915 277 1946 κακίας
295 1916 376 1950 ἀρχή.
399 1916 484 1951 Ἀρχὴ
498 1916 552 1951 γὰρ
564 1917 578 1942 ὸ
594 1916 697 1952 θρόνος,
715 1917 729 1943 ὁ
740 1917 789 1953 τὴν
805 1918 895 1952 ἁμαρ-

105 1960 169 1986 τίαν
185 1959 284 1992 κτίζων
298 1960 341 1987 διὰ
355 1961 574 1996 προστάγματος.
592 1961 630 1987 Δι’
651 1958 688 1988 ὧν
701 1962 730 1988 τὸ
748 1962 785 1998 μὴ
806 1962 836 1994 ἐξ
853 1963 895 1990 ἀϊ-

105 2005 221 2040 ὂίουτὴν
232 2005 331 2031 κακίαν
347 2003 428 2037 εἶναι,
441 2006 508 2041 μηδὲ
523 2007 563 2039 είς
577 2007 620 2033 ἀεὶ
631 2008 797 2043 παραμένειν
811 2008 895 2043 αὐτὴν

106 2050 269 2084 ἐνεδείξατο.
284 2051 316 2078 Ὃ
326 2051 380 2087 γὰρ
395 2052 432 2087 μὴ
448 2053 490 2078 ἀεὶ
504 2050 547 2088 ἧν,
563 2053 622 2079 οὐδὲ
634 2054 674 2084 είς
685 2054 728 2080 ἀεὶ
739 2054 825 2082 ἔσται.
839 2055 895 2081 Καὶ

105 2096 156 2123 τὸν
178 2097 276 2132 τρόπον
300 2097 348 2132 τῆς
369 2097 416 2124 τοῦ
444 2098 529 2124 κακοῦ
554 2098 720 2135 ἀναιρέσεως
743 2099 892 2135 διηγεῖται,

939 196 992 224 est.
1018 192 1092 227 quod
1114 191 1179 219 alibi
1204 191 1297 223 tradit,
1321 198 1478 218 asseverare
1495 198 1568 223 eum.
1592 191 1640 226 qui
1662 199 1726 217 vera

940 237 1012 265 Deus
1034 240 1087 269 est,
1115 244 1169 264 non
1195 244 1274 269 esse;
1297 236 1398 270 quibus
1427 236 1542 271 proinde
1568 237 1724 264 acelamat:

944 291 953 308 I
971 283 1123 317 lntelligite,
1150 282 1313 317 insipientes
1334 282 1362 308 in
1382 282 1493 316 populo,
1519 285 1556 313 et,
1574 282 1660 314 stulti,
1676 282 1727 309 ali-

941 328 1051 363 quando
1075 328 1171 363 sapite.
1190 337 1199 353 ι
1225 327 1292 359 Quis
1315 331 1368 358 est,
1391 327 1438 361 qui
1461 327 1595 361 plantavit
1615 328 1727 355 aurem!

940 375 1002 408 quis
1025 374 1072 408 qui
1088 374 1166 400 ﬁnxit
1181 373 1291 400 oculum
1303 373 1315 400 ?
1327 372 1390 407 quis
1404 372 1496 399 erudit
1519 373 1652 407 populos?
1665 374 1727 407 quis

941 422 995 450 est,
1019 419 1065 453 qui
1082 418 1226 453 cognoscit
1238 418 1418 453 cogitationes
1434 418 1595 445 hominum?
1611 417 1659 445 His
1673 426 1728 445 om-

941 463 1024 490 nibus
1047 467 1112 498 pato
1127 463 1289 497 Prophetam
1303 462 1457 497 signiﬁcare
1481 462 1617 490 mirabilia
1632 462 1658 489 in
1683 470 1728 490 sa-

942 508 1102 536 nationibus
1120 508 1285 544 peragendis
1310 512 1427 543 patrata,
1451 507 1562 542 quando
1584 507 1656 534 oculi
1681 515 1730 542 per

942 559 1052 589 sputum
1069 557 1096 581 et
1122 557 1222 580 terram
1249 553 1309 580 illiti
1329 552 1550 580 reformabantur
1566 556 1593 580 et
1615 552 1728 587 refinge-

942 598 1052 630 bantur,
1076 598 1187 633 quando
1212 598 1325 625 auditus
1340 598 1431 632 aliquo
1449 598 1531 625 modo
1551 598 1584 625 iis
1605 597 1650 632 qui
1677 597 1729 624 hoc

942 652 1025 671 sensu
1048 644 1147 679 privati
1174 647 1264 675 erant,
1287 651 1335 677 per
1357 643 1457 678 digitos
1486 643 1565 678 quasi
1588 643 1727 670 inserebav

943 693 997 721 tnr,
1011 693 1038 717 et
1059 689 1168 724 quando
1180 697 1212 716 ea
1230 697 1291 724 quae
1312 689 1339 716 in
1365 690 1473 716 occulto
1492 689 1621 722 latebant,
1642 688 1727 716 animi

943 743 1035 766 sensa,
1052 736 1086 763 ab
1107 743 1139 763 eo
1153 735 1199 770 qui
1218 735 1388 770 singulorum
1402 735 1582 770 cogitationes
1602 735 1685 768 videt,
1701 735 1728 761 in

943 786 1067 817 apertum
1079 775 1184 817 prolata
1199 787 1273 810 sunt.
1290 783 1324 809 At
1336 790 1399 810 cum
1417 783 1459 809 his
1477 783 1632 810 acclamans
1645 790 1729 810 exau-

907 814 929 843 B
942 828 1016 855 ditus
1037 836 1090 854 non
1111 832 1197 859 esset,
1222 828 1256 855 ad
1280 827 1424 855 Dominum
1444 835 1570 855 sermone
1595 835 1728 856 converso

942 873 1051 907 inquit:
1070 883 1080 899 ι
1100 873 1211 904 Beatus,
1229 881 1310 908 quem
1334 877 1360 900 tu
1385 873 1532 904 erudieris,
1562 873 1686 906 Domine,
1702 879 1729 901 et

941 918 976 946 de
991 919 1048 954 lege.
1065 923 1111 945 tua
1127 919 1252 946 docueris
1267 925 1340 950 eum,
1358 927 1367 944 ι
1385 919 1463 953 quasi
1481 918 1522 945 lex
1541 926 1588 953 per
1610 926 1640 946 se
1660 919 1728 946 nihil

941 964 1039 1000 prosit.
1057 964 1110 991 nisi
1126 964 1217 991 divina
1231 964 1323 999 aliqua
1337 964 1474 991 institutio
1489 963 1613 990 abditum
1624 964 1651 991 in
1668 965 1727 1000 ipsa
1783 966 1788 971 ‘

942 1017 1054 1037 sensum
1072 1009 1227 1037 manifestct
1245 1020 1251 1037 :
1269 1009 1498 1044 quemadmodum
1522 1009 1566 1036 hic
1583 1010 1641 1044 ipse
1663 1017 1727 1045 pro-

943 1056 1023 1091 pheta
1040 1059 1156 1082 testatus
1175 1058 1233 1087 est,
1256 1065 1265 1080 ι
1281 1054 1391 1086 Revela,
1408 1064 1417 1080 ι
1436 1055 1573 1089 inquiens.
1601 1064 1609 1080 ι
1631 1055 1726 1082 oculos

943 1107 1028 1132 meos,
1041 1100 1260 1128 eteonsiderabo
1271 1099 1407 1137 mirabilia
1418 1100 1451 1127 de
1462 1100 1520 1134 lege
1537 1105 1582 1127 tua
1598 1100 1631 1127 ⁵⁸.
1652 1109 1661 1125 ›
1679 1099 1727 1126 Vel

943 1144 1070 1172 fortassis
1097 1145 1204 1171 beatum
1224 1143 1353 1179 praedicat
1377 1143 1464 1175 illum,
1482 1145 1528 1179 qui
1553 1152 1585 1171 ex
1603 1144 1728 1180 gentibus

941 1190 1078 1225 spirituali
1095 1190 1146 1225 legi
1160 1197 1304 1217 assensum
1327 1189 1443 1225 praebet,
1457 1190 1504 1225 qui
1526 1197 1588 1217 eum
1602 1186 1728 1217 anteacta

942 1240 1066 1271 tempore
1089 1239 1164 1264 esset
1186 1236 1268 1263 homo
1289 1235 1365 1262 carni
1385 1235 1522 1268 addictus,
1545 1236 1728 1271 jumenlisqne

943 1278 1061 1316 similis';
1087 1282 1115 1309 in
1138 1282 1311 1309 institutione
1325 1282 1394 1317 legis
1407 1281 1516 1315 divinae,
1540 1282 1728 1310 exsecratione

943 1327 970 1354 in
986 1327 1204 1355 benedictionem
1215 1331 1392 1358 commutata.
1405 1327 1501 1356 beatus
1510 1327 1642 1362 eﬂieitur;
1661 1337 1727 1363 quo-

943 1374 1015 1400 niam
1044 1373 1094 1407 ipsi
1116 1373 1225 1407 quidem
1246 1372 1286 1399 ira
1309 1379 1325 1399 a
1348 1372 1444 1400 diebus
1468 1373 1547 1399 malis
1568 1373 1727 1409 mitigatur;

944 1419 1020 1446 alteri
1047 1426 1111 1446 vero
1131 1418 1207 1446 fovea
1229 1418 1340 1445 foditur.
1368 1418 1471 1446 Deinde
1496 1419 1635 1454 paululum
1666 1428 1726 1455 pro-

906 1480 928 1508 C
944 1473 1055 1500 gressus
1079 1466 1159 1492 finem
1185 1464 1307 1492 declarat
1329 1464 1490 1491 oeconomiae
1513 1464 1690 1492 humanitatis
1714 1474 1728 1491 ιι

945 1510 1060 1538 Domino
1075 1514 1210 1545 susceptae
1227 1510 1269 1537 his
1282 1510 1373 1537 verbis
1392 1518 1399 1535 :
1416 1519 1425 1536 ς
1442 1509 1499 1537 Nisi
1517 1510 1581 1545 quia
1598 1509 1729 1538 Dominus

944 1557 1056 1591 adjuvet
1084 1564 1138 1587 me,
1166 1555 1248 1591 paulo
1272 1555 1363 1583 minus
1389 1556 1415 1582 in
1444 1555 1551 1584 inferno
1581 1557 1729 1584 habitassm

945 1603 1034 1629 anima
1056 1609 1126 1629 mea.
1145 1612 1154 1628 ι
1176 1601 1313 1628 Auxilium
1335 1602 1407 1628 enim
1430 1601 1536 1629 Domini
1557 1610 1610 1630 non
1630 1603 1730 1638 permi-

944 1649 980 1675 sit
998 1656 1049 1676 nos
1066 1647 1166 1675 inferni
1182 1647 1286 1675 incolas
1299 1655 1377 1680 esse;
1390 1647 1526 1682 simulque
1541 1648 1650 1681 asserit,
1664 1649 1730 1675 mul-

945 1693 1055 1720 titudini
1073 1692 1208 1724 dolorum,
1222 1693 1267 1726 qui
1280 1699 1313 1719 ex
1327 1693 1446 1726 peccatis
1467 1696 1627 1724 nascuntur,
1639 1699 1729 1727 aequa-

945 1739 997 1766 lem
1028 1737 1191 1765 medicinam
1216 1745 1231 1764 a
1258 1737 1365 1764 medico
1388 1740 1509 1771 paratam
1532 1744 1602 1764 esse.
1629 1736 1680 1764 Ubi
1703 1743 1730 1765 et

944 1783 1076 1818 grandius
1095 1782 1225 1817 quiddam
1241 1781 1341 1812 innuit,
1359 1788 1421 1808 cum
1438 1781 1510 1808 velut
1524 1781 1651 1816 dogznate
1661 1789 1728 1816 quo<

945 1829 1007 1855 dam
1023 1828 1130 1860 statuit,
1144 1828 1246 1854 malmn
1263 1834 1316 1853 non
1331 1833 1392 1853 esse
1407 1826 1440 1853 ab
1454 1830 1566 1853 aeterno.
1580 1826 1623 1853 Ait
1638 1827 1728 1854 enim:

950 1884 958 1900 ι
978 1873 1036 1901 Νυιι
1069 1874 1191 1900 adhaeret
1215 1873 1264 1900 tibi
1289 1873 1367 1899 sedes
1390 1871 1552 1907 iniquitatis,
1581 1872 1628 1907 qui
1651 1872 1729 1908 fingis-

946 1918 1065 1945 laborem
1093 1918 1120 1944 in
1143 1921 1288 1952 praecepto.
1309 1925 1318 1942 ι
1339 1916 1443 1943 Sensus
1463 1921 1505 1943 est
1528 1926 1534 1943 :
1557 1916 1658 1944 Tecum
1676 1925 1729 1945 una

946 1963 1114 1991 considerari
1144 1967 1171 1990 et
1202 1963 1310 1997 concipi
1337 1963 1431 1996 nequit
1460 1962 1524 1989 mali
1555 1962 1726 1998 principium.

946 2009 1116 2043 Principium
1140 2007 1211 2036 enim
1238 2007 1400 2043 intelligitur
1427 2009 1536 2035 nomine
1565 2008 1647 2041 sedis,
1670 2017 1730 2043 qua:

947 2059 1089 2090 peccatum
1116 2062 1164 2089 per
1188 2058 1352 2089 praeceptum
1368 2053 1459 2081 eﬂicit.
1476 2053 1581 2087 Quibus
1599 2055 1730 2085 ostendit.

948 2105 1091 2136 peccaturo
1114 2108 1202 2135 neque
1227 2100 1261 2127 ab
1285 2105 1387 2127 αξιοι-[ιο
1403 2107 1475 2130 esse.
1496 2107 1583 2134 neque
1603 2100 1629 2126 in
1652 2105 1729 2127 auer-

104 2143 137 2169 ὲν
149 2143 183 2178 τῇ
197 2142 252 2168 τῶν
273 2143 406 2170 Ἰουδαίων
423 2144 492 2170 κατὰ
507 2143 554 2170 τοῦ
569 2145 671 2180 Κυρίου
687 2145 836 2182 μιαιφονίᾳ,
848 2146 892 2172 τὸν

948 2155 1014 2174 unm
1030 2150 1279 2182 perSeveraturum.
1296 2145 1374 2178 Quod
1385 2146 1458 2172 enim
1472 2152 1525 2172 non
1538 2152 1644 2180 semper
1661 2150 1730 2175 erat.

105 2188 262 2223 ἀφανισμὸν
283 2189 332 2223 τῆς
349 2189 445 2220 κακίας
459 2190 661 2225 προαγορεύων.
677 2192 758 2225 Λέγει
776 2192 840 2227 γὰρ,
853 2193 894 2218 ὅτι

110 2244 119 2259 ι
135 2229 214 2260 Οὗτοι
227 2233 275 2267 μὲν
294 2232 450 2268 θηρεύουσιν
466 2235 511 2261 ἐπὶ
524 2235 612 2271 ψυχὴν
629 2236 747 2268 δικαίου,
763 2237 809 2264 καὶ
826 2234 894 2272 αἷμα

105 2278 198 2305 ἀθῶον
215 2278 469 2306 καταδικάσονται.ι
486 2280 569 2307 Τοῦτο
581 2281 678 2315 δὲὲμοὶ
698 2282 830 2316 σωτήριον
852 2281 895 2315 γί-

105 2333 196 2351 νεται.
211 2324 241 2350 ’0
256 2324 310 2360 γὰρ
323 2326 531 2358 καταδικασθεὶς
547 2325 586 2362 τῷ
603 2326 709 2362 θανάτῳ
724 2327 835 2362 Κύριος,
852 2327 895 2354 διὰ

104 2369 203 2397 τούτου
223 2369 325 2404 γίνεταί
342 2380 386 2405 μοι
400 2372 554 2407 καταφυγή.
582 2372 636 2399 Καὶ
655 2369 731 2404 οὗτος
746 2374 760 2399 ὁ
776 2373 841 2404 Θεὸς
855 2373 896 2404 είς

109 2415 210 2450 βοηθὸν
224 2415 280 2450 (81)
292 2415 398 2447 ἐλπίδος
408 2419 463 2448 τοῖς
472 2417 665 2444 πεπιστευκόσι
679 2418 854 2450 καθίσταται,
867 2418 896 2450 ὃς

106 2461 254 2492 ἀποδιδοὺς
265 2462 294 2487 ὲν
307 2463 340 2496 τῇ
358 2462 449 2497 δικαίᾳ
466 2464 554 2498 κρίσει
571 2464 602 2490 τὸ
613 2464 672 2490 κατ’
684 2463 762 2496 ἀξίαν
778 2464 895 2498 ἑκάστῳ,

104 2507 221 2540 ἀφανιεῖ
240 2506 288 2541 τὴν
311 2507 443 2543 πονηρίαν
460 2507 515 2534 τῶν
536 2509 745 2545 ἡμαρτηκότων,
766 2511 826 2545 οὐχὶ
848 2510 897 2545 τὴν

106 2554 203 2589 φύσιν.
213 2554 306 2587 Οὕτως
320 2555 404 2582 εἰπὼν
419 2557 452 2591 τῇ
468 2556 547 2590 λέξει,
563 2557 833 2584 ι”Οτικαὶάποδώσει
850 2557 898 2583 αὺ-

147 2653 172 2670 ¹³
192 2652 265 2680 Psal.
284 2661 379 2687 cum,
393 2654 436 2681 l8.

145 2753 204 2783 1'19)
216 2751 327 2786 Ἐκείνῳ
339 2751 381 2786 δέι
396 2751 440 2778 ed.

147 2787 204 2822 (80)
217 2787 267 2813 Τόν
279 2785 334 2814 om.
351 2785 394 2814 cd.

948 2194 974 2220 id
989 2201 1078 2228 neque
1093 2200 1199 2226 semper
1212 2191 1280 2222 erit:
1296 2191 1470 2224 modumque,
1483 2198 1538 2225 quo
1549 2191 1648 2217 malum
1665 2191 1731 2218 abo-

948 2238 1030 2269 letur,
1054 2237 1188 2271 explicat;
1207 2236 1233 2262 in
1256 2234 1411 2262 Juda'eorum
1435 2235 1591 2270 parricidio,
1607 2235 1679 2270 quod
1705 2235 1730 2261 in

949 2283 1094 2310 Dominum
1116 2281 1296 2312 admiserunt,
1320 2280 1424 2315 peccati
1445 2280 1617 2308 abolitionem
1636 2280 1729 2315 prtedi-

948 2336 1016 2356 cens
1039 2337 1046 2355 :
1070 2334 1132 2354 cum
1149 2326 1239 2361 inquit
1259 2332 1267 2352 :
1286 2335 1295 2351 ε
1309 2325 1464 2360 Captabunt
1481 2326 1508 2353 in
1525 2327 1641 2353 animam
1652 2326 1731 2361 justi.

948 2378 975 2401 et
989 2376 1147 2408 sanguinem
1164 2373 1336 2399 innocentem
1354 2371 1584 2400 condemnabunl.
1605 2382 1613 2397 I
1632 2373 1666 2399 At
1680 2372 1732 2399 hoc

948 2419 1014 2446 mihi
1034 2420 1063 2446 fit
1085 2418 1184 2446 salutis
1199 2425 1293 2445 causa.
1311 2417 1442 2445 Dominus
1460 2419 1532 2445 enim
1558 2422 1647 2445 morte
1658 2418 1732 2445 dam-

948 2470 1040 2497 natus,
1054 2466 1104 2492 hoc
1116 2465 1176 2500 ipso
1187 2464 1321 2499 refugium
1336 2464 1401 2490 mihi
1414 2463 1545 2496 efﬁcitur;
1558 2468 1583 2490 et
1595 2463 1646 2491 iste
1660 2462 1732 2490 Dens

949 2512 976 2539 in
1005 2511 1170 2546 adiutorium
1199 2510 1257 2545 spei
1278 2508 1452 2536 credentibus
1480 2508 1665 2538 constituitur,
1685 2508 1730 2541 qni

949 2558 977 2584 in
990 2557 1035 2584 illo
1054 2556 1129 2591 justo
1139 2555 1243 2591 judicio
1260 2554 1408 2589 unicuique
1420 2561 1469 2590 pro
1483 2553 1587 2581 meritis
1604 2552 1731 2584 reddens,

984 2749 1050 2784 (εον
1071 2750 1117 2781 τε,
1130 2750 1173 2777 ed.

983 2785 1040 2819 (8i)
1058 2785 1199 2820 Βοήθειαν,
1214 2785 1258 2812 ed.
