1986 3080
109 97 161 125 529

799 97 832 125 IN
849 98 1015 126 PSALMOS.

1684 100 1736 129 550

113 163 122 179 ι
145 152 289 186 Ἐνέγκατε
303 151 341 186 τῷ
356 151 460 187 Κυρίῳ,
473 153 500 179 αἱ
519 153 634 189 πατριαὶ
647 153 701 180 τῶν
715 153 809 188 ὲθνῶν,
823 155 895 189 ἐνέγ-

951 155 1065 189 gloriam
1083 159 1109 181 ct
1128 154 1270 187 honorem,
1291 158 1317 181 et
1334 154 1446 182 adorate
1459 153 1602 182 Dominum
1619 155 1646 183 in
1665 162 1736 188 atrio

110 209 174 226 κατε
183 199 221 234 τῷ
231 199 325 234 Κυρίῳ
335 199 413 233 δόξαν
423 200 470 225 καὶ
483 200 577 236 τιμὴν,
588 201 635 227 καὶ
644 201 851 236 προσκυνήσατε
860 201 899 236 τῷ

111 246 204 281 Κυρίῳ
215 247 244 272 ὲν
257 245 324 281 αὐλῇ
338 246 403 280 ἁγίᾳ
427 245 509 272 αὐτοῦ
523 266 530 278 ,
550 246 606 282 (85)
624 247 670 273 καὶ
693 247 777 281 ἄρατε
805 247 900 279 θυσίας

110 292 155 318 καὶ
173 291 364 326 εἰσπορεύεσθε
384 292 424 322 εἰς
437 291 486 324 τὰς
501 291 586 323 αὐλὰς
607 292 700 318 αὑτοῦ.
717 302 726 317 ι
747 293 801 319 Καὶ
819 294 873 324 πᾶς
884 293 898 319 ὁ

109 335 207 372 ἐφεξῆς
219 336 297 370 λόγος
307 336 425 368 τοιοῦτός
438 337 505 368 ἐστι,
519 337 568 374 τὴν
582 337 628 363 ἐπὶ
639 338 672 364 τὰ
683 337 746 372 ἔθνη
760 337 809 373 τῆς
820 338 896 365 εὐλο-

109 382 170 416 γίας
180 383 344 417 μετάστασιν
359 383 563 418 προαγορεύων.
576 393 584 408 ι
596 383 713 409 Εἴπατε)
729 384 792 419 γὰρ,
804 385 896 419 φησὶν,

112 438 121 454 ι
140 428 168 454 ὲν
184 430 240 459 τοῖς
256 428 374 460 ἔθνεσιν,
387 429 426 454 ὅτι
451 428 552 464 Κύριος
569 429 741 455 ἐϐασίλευσε·
765 439 774 455 ι
792 431 838 456 καὶ
852 430 897 456 λυ-

110 473 199 500 θεῖσαν
213 474 264 500 ὑπὸ
278 475 375 505 κακίας
392 474 440 509 τὴν
450 475 610 510 οἰκουμένην
621 474 810 510 κατώρθωσεν,
827 475 896 502 ὥστε

109 519 256 546 ἀσάλευτον
271 521 310 552 εἰς
321 520 351 546 τὸ
365 520 487 555 διηνεκὲς
510 521 600 555 μένειν
610 529 616 535 ”
633 521 676 555 ἐφ’
693 518 732 552 οἷς
745 521 799 557 (86)
815 530 823 546 ι
843 522 894 547 Εὑ-

87 589 89 602 ,
109 565 268 599 φραίνονται
289 565 313 591 οἱ
333 566 457 601 οὐρανοὶ,
473 566 520 592 καὶ
539 566 686 599 ἀγάλλεται
710 568 784 593 πᾶσα
804 568 820 602 ὴ
840 567 875 602 γῆ
887 586 894 598 ,

108 611 293 646 σαλευομένων
306 611 359 637 τῶν
371 611 522 638 θαλασσίων
536 612 638 638 ὑδάτων
648 613 696 639 σὺν
705 612 743 647 τῷ
758 612 814 647 ἰδίῳ
826 613 895 648 πλη-

110 655 225 691 ρώματι.
243 665 251 681 ι
269 657 308 682 Δι’
323 653 360 682 ὧν
375 656 512 691 τροπικῶς
526 657 575 692 τὴν
589 658 712 684 ἐναντίαν
725 657 892 684 ἐνδείκνυται

108 701 232 736 δύναμιν,
258 702 464 737 ταραττομένην
481 711 511 729 τε
541 704 586 729 καὶ
601 703 773 730 ἀστατοῦσαν
798 704 843 729 ἐπὶ
862 705 893 738 τῇ

107 746 230 781 ἡμετέρᾳ.
244 746 312 781 ζωῇ,
331 746 395 772 ὅταν
415 747 525 782 οὐρανοὶ
546 747 687 782 γενώμεθα
699 748 746 782 τὴν
759 747 836 780 δόξαν
849 747 894 774 τοῦ

107 790 175 817 Θεοῦ
197 791 387 826 διηγούμενοι,
413 791 428 826 ἢ
450 792 505 826 (87)
528 793 563 826 γῆ
587 792 630 819 διὰ
651 793 701 827 τῆς
723 792 776 819 τῶν
791 793 894 828 ἀρετῶν

107 837 297 872 καρποφορίας
313 837 508 873 εὐλογουμένη.
530 849 538 864 ι
561 839 722 874 Σαλευοήτω
738 849 746 865 ι
767 839 831 874 γὰρ,
846 848 897 874 ῳη-
913 833 933 860 Β

108 882 161 911 σίν,
187 892 196 907 ι
212 883 228 916 ἡ
245 881 380 913 θάλασσα,
396 882 442 908 καὶ
455 882 485 908 τὸ
503 883 639 918 πλήρωμα
659 883 755 917 αὐτῆς.
777 893 787 910 ι
803 884 897 918 Χαρη-

108 927 201 954 σεσθαι
218 927 246 954 δὲ
262 927 295 954 τὰ
314 927 391 954 πεδία
409 927 493 961 λέγει.
515 927 567 954 Τὸν
582 928 681 963 ὁμαλὸν
695 929 724 955 ὲν
738 929 821 964 ἁρετῇ
840 929 896 963 βίον

108 971 188 999 πεδία
205 972 301 1007 λέγων,
317 969 347 998 οὗ
364 972 411 999 καὶ
427 973 441 999 ὸ
469 972 580 1005 Ἡσαΐας
603 974 631 1000 ὲν
645 975 702 1005 τοῖς
719 974 793 1005 ἰδίοις
808 974 895 1008 λόγοις

107 1017 179 1052 ἄλλῳ
201 1017 336 1053 μέμνηται
352 1019 455 1054 τρόπῳ,
477 1018 697 1053 ἀναπληροῦσθαι
712 1019 760 1054 μὲν
774 1020 895 1046 κελεύων

106 1063 156 1093 τὰς
172 1064 327 1098 φάραγγας,
340 1064 533 1091 καταστέλλειν
550 1064 578 1090 δὲ
596 1056 658 1096 τοὺς
670 1064 790 1099 βουνοὺς,
807 1067 853 1091 καὶ
862 1065 895 1091 τὰ

106 1108 168 1143 ὅρη,
190 1109 276 1144 Ὅπερ
295 1108 369 1134 οὐδὲν
386 1108 479 1143 ἕτερόν
497 1117 542 1144 μοι
556 1109 647 1140 δοκεῖ,
663 1108 679 1144 ἢ
699 1109 748 1140 τὰς
766 1109 896 1144 ἐλλείψεις

108 1162 136 1179 τε
150 1154 196 1180 καὶ
212 1153 401 1189 ὑπερπτώσεις
414 1154 467 1180 τῶν
483 1154 542 1180 κατ’
556 1154 656 1189 ἀρετὴν
670 1154 896 1189 ἐπιτηδευμάτων

108 1199 269 1234 θεραπεύειν
283 1200 454 1235 βουλόμενος,
470 1200 555 1227 ταῦτα
572 1200 672 1234 λέγειν.
690 1200 761 1226 ὥστε
776 1201 844 1235 μήτε
863 1200 895 1226 δι’

107 1245 250 1279 ἐλλείψεως
266 1245 312 1271 τοῦ
334 1245 436 1279 ἀγαθοῦ
456 1245 501 1272 τὸν
517 1246 566 1280 τῆς
580 1246 680 1281 ἀρετῆς
699 1245 776 1279 λόγον
791 1245 894 1272 κοιλαί-

107 1289 214 1316 νεσθαι·
231 1290 298 1325 μήτε
312 1290 464 1325 ἀνωμαλεῖν
475 1290 519 1317 διὰ
531 1290 580 1325 τῆς
596 1291 805 1326 ὑπερπτώσεως.
822 1300 830 1315 ι
841 1291 895 1317 Χα-

107 1336 220 1370 ρήσεται
230 1345 238 1360 ι
253 1336 318 1370 γὰρ,
338 1337 418 1371 φησιν
428 1356 435 1369 ,
457 1345 465 1361 ι
479 1336 512 1362 τὰ
527 1335 615 1368 πεδία,
632 1336 677 1362 καὶ
690 1335 777 1363 πάντα
792 1336 825 1363 τὰ
839 1336 893 1371 (88)

109 1383 137 1408 ὲν
153 1382 254 1412 αὐτοῖς.
272 1392 281 1406 ι

142 1471 344 1506 Παραπλησίως
359 1470 387 1496 δὲ
406 1470 451 1496 καὶ
464 1471 478 1496 ὁ
497 1470 554 1505 μετ’
562 1470 642 1497 αὑτὸν
656 1470 762 1506 ψαλμὸς
776 1471 805 1497 οὐ
823 1479 892 1506 πσρ-
909 1504 928 1513 η

952 204 1046 228 sancto
1060 200 1132 234 ejus;
1148 209 1156 225 ι
1173 205 1200 227 et
1212 203 1268 227 tota
1284 207 1344 235 qua:
1359 201 1483 236 sequitur
1498 202 1585 228 oratio
1600 201 1734 237 ejusmodi

953 250 1006 278 est,
1024 249 1054 272 ut
1079 244 1279 272 benedictionis
1297 245 1329 271 ad
1349 250 1444 279 gentes
1469 245 1674 273 translationem
1693 246 1736 273 de-

950 295 1103 319 monstret:
1118 290 1207 326 inquit
1219 291 1290 317 enim
1308 298 1314 316 :
1333 299 1342 315 ι
1361 290 1446 318 Dicite
1464 291 1490 317 in
1506 291 1650 325 gentibus:
1665 292 1733 324 Quia

950 336 1081 365 Dominus
1093 336 1227 372 regnavit;
1241 346 1250 361 ι
1267 341 1406 371 totamque
1424 343 1513 363 rerum
1530 336 1732 365 universitatem

948 383 982 410 ab
999 382 1173 417 improbitate
1182 382 1348 410 destruclam
1364 382 1492 415 restituit,
1511 387 1540 409 ut
1555 384 1581 410 in
1595 388 1732 419 posterum

949 434 1080 464 perpetuo
1101 429 1265 456 inconcussa
1286 429 1432 460 consistat,
1456 429 1490 455 ob
1517 437 1577 463 quae
1606 438 1614 454 ι
1630 429 1735 456 Lactan-

948 480 993 502 tur
1010 474 1084 506 cwli,
1101 478 1129 501 et
1145 475 1264 501 exsultat
1288 474 1377 502 ominis
1395 480 1478 507 terra,
1493 475 1636 502 commotis
1656 475 1734 509 aquis

948 520 1035 547 maris
1055 527 1116 547 cum
1136 527 1186 546 sua
1212 520 1390 555 plenitudine.
1411 530 1419 546 ι
1438 520 1542 552 Quibus
1557 521 1734 548 translatione

948 566 1066 600 quadam
1089 566 1236 598 sermonis,
1254 566 1438 594 adversariam
1463 570 1625 601 potestatem
1647 567 1734 602 signi-

948 613 1022 644 licat,
1045 612 1181 639 turbatam
1201 613 1304 640 scilicet
1324 617 1351 640 et
1375 614 1434 640 loco
1452 618 1551 640 motam
1573 621 1655 648 super
1678 613 1733 639 vita

947 662 1051 690 nostra,
1069 659 1180 693 quando
1192 667 1242 686 nos
1257 659 1459 693 quoiammodu
1469 660 1530 687 coeli
1544 660 1606 686 lacti
1618 660 1732 694 gloriam

948 702 994 730 Dei
1011 711 1183 736 enarramus,
1202 705 1247 739 qui
1265 711 1335 731 terra
1356 712 1452 732 sumus
1467 713 1514 739 per
1530 705 1660 731 virtutum
1680 701 1736 732 fer-'

949 747 1075 774 tilitatem
1094 748 1227 775 benedicti
1244 758 1250 774 :
1269 748 1334 775 dicit
1347 749 1418 776 enim
1436 758 1442 776 :
1474 758 1482 774 ι
1505 749 1644 776 Movcatur
1660 757 1733 776 mal'e

948 799 975 821 et
992 794 1132 829 plenitudo
1143 795 1210 829 ejus.
1224 804 1233 820 ›
1248 794 1344 822 ιίιιιυτὶ
1364 803 1427 822 vero
1441 795 1478 822 ait
1493 804 1502 820 ι
1517 803 1645 830 campos;
1658 805 1666 821 ι
1686 803 1732 830 per

949 847 1060 874 campos
1073 841 1232 874 mqttabiletn
1255 841 1328 867 illam
1345 841 1454 868 virtutis
1472 841 1542 868 viam
1563 842 1731 876 signiﬁcans.

947 885 1033 920 Cujus
1049 890 1075 912 et
1097 885 1181 912 Isaias
1203 886 1261 913 suis
1277 885 1303 912 in
1322 886 1494 912 sermonibus
1511 886 1564 912 alio
1580 886 1660 913 modo
1677 894 1733 913 me-

948 930 1042 961 minit,
1072 937 1133 957 cum
1157 930 1234 964 jubet
1259 931 1357 966 repleri
1383 930 1484 964 valles,
1515 935 1541 957 et
1564 930 1732 965 complanari

947 974 1031 1002 colles
1047 979 1073 1002 et
1097 981 1203 1002 tuentes
1219 976 1240 990 ⁵⁵
1261 984 1267 1002 :
1284 975 1356 1010 quod
1370 975 1434 1002 mihi
1456 976 1530 1003 nullo
1551 977 1604 1002 alio
1618 976 1733 1004 consilio

947 1018 1050 1046 dixisse
1073 1019 1190 1051 videtur,
1216 1027 1297 1054 quam
1324 1024 1354 1046 ut
1380 1021 1546 1053 ostenderet,
1570 1021 1596 1047 in
1625 1021 1734 1048 virtutis

947 1063 1038 1090 studio
1054 1071 1197 1090 excessum
1221 1064 1421 1099 delectumque,
1443 1073 1490 1092 seu
1509 1066 1623 1093 nimium
1642 1071 1669 1093 et
1686 1074 1734 1100 pa-

947 1117 1019 1141 rum,
1042 1109 1189 1143 diligenter
1214 1110 1406 1137 attendendum
1437 1118 1508 1144 esse,
1530 1116 1559 1137 ut
1578 1118 1664 1145 neque
1685 1119 1732 1145 per

947 1155 1084 1183 delectum
1100 1156 1174 1188 boni,
1191 1156 1300 1183 virtutis
1316 1156 1449 1183 rationem
1463 1157 1540 1191 quasi
1556 1165 1730 1189 excavetnus.

946 1205 972 1228 et
989 1201 1178 1229 exinaniamus
1195 1210 1200 1227 :
1224 1209 1312 1236 neque
1332 1201 1413 1228 etiam
1434 1210 1482 1236 per
1498 1210 1642 1230 excessum
1669 1202 1731 1229 red-

947 1247 1010 1275 dere
1037 1247 1194 1282 inaequalem
1223 1254 1354 1274 conemur
1378 1256 1384 1274 :
1408 1247 1474 1274 dicit
1494 1249 1565 1275 enim
1590 1257 1595 1274 :
1622 1257 1631 1273 ι
1648 1247 1733 1275 Laeta-

947 1293 1049 1321 buntur
1068 1294 1167 1328 campi,
1185 1297 1212 1321 et
1229 1294 1320 1320 omnia
1335 1302 1394 1330 quin
1416 1294 1442 1321 in
1459 1294 1498 1321 eis
1521 1299 1593 1322 sunt.
1614 1305 1623 1331 ε

982 1469 1113 1497 Similiter
1129 1474 1156 1497 ct
1177 1470 1200 1497 is
1222 1471 1267 1505 qui
1286 1470 1409 1506 sequitur
1431 1471 1553 1512 psalmus
1578 1470 1600 1486 "°
1624 1471 1658 1497 ab
1681 1470 1733 1499 He-

107 1516 204 1550 εδέχθη
230 1517 263 1550 τῇ
290 1515 343 1542 τῶν
366 1515 497 1551 Ἐϐραίων
514 1516 664 1551 ἐπιγραφῇ,
684 1516 749 1543 διότι
770 1517 804 1543 τὰ
824 1517 891 1552 ἠμέν

948 1516 1027 1544 bracis
1045 1515 1205 1551 repudiatus
1230 1521 1281 1548 est,
1304 1524 1336 1543 eo
1351 1515 1422 1551 quod
1438 1508 1546 1543 nostras
1568 1524 1620 1548 res,
1643 1521 1733 1543 terra:-

106 1570 175 1597 τερα
197 1561 281 1595 λέγει,
304 1561 350 1587 καὶ
367 1561 415 1596 τῆς
432 1561 569 1596 ἡμετέρας
585 1562 635 1596 γῆς
655 1561 704 1597 τὴν
725 1563 893 1589 κατάστασιν

107 1607 147 1642 τῷ
175 1608 246 1643 λόγῳ
263 1607 479 1642 εὐαγγελίζεται.
505 1607 660 1643 ’Δνατίθησι
682 1609 736 1643 γὰρ
755 1608 795 1641 τῷ
814 1608 895 1634 Δαυῖδ

106 1655 156 1689 τὴν
173 1653 331 1688 ψαλμῳδίαν
355 1654 371 1689 ὴ
397 1654 557 1688 ἐπιγραφὴ,
575 1653 662 1685 οὕτως
684 1651 793 1688 lixa-oar
817 1663 825 1678 ι
848 1653 893 1688 Τῷ

106 1700 197 1731 Δαυῖδ,
213 1700 291 1726 ὁπύτε
306 1700 322 1734 ἡ
339 1699 373 1733 γῆ
383 1698 464 1725 αὑτοῦ
480 1699 642 1734 κατεστάθη.
659 1709 667 1725 ι
682 1700 718 1725 Τὸ
727 1700 756 1725 δὲ
770 1709 778 1725 ι
790 1700 871 1726 αὑτοῦ
882 1709 891 1725 ι

105 1746 239 1781 δηλονότι,
260 1747 291 1773 οὺ
317 1747 385 1781 πρὸς
401 1746 446 1772 τὸν
463 1745 555 1778 Δαϐὶδ,
578 1745 646 1772 ἀλλὰ
670 1746 738 1780 πρὸς
763 1746 808 1772 τὸν
829 1746 894 1772 θεὸν

105 1793 156 1828 τὴν
183 1793 320 1828 σημασίαν
345 1793 411 1828 ἔχει.
437 1794 468 1820 'H
491 1794 545 1829 γὰρ
568 1793 699 1828 πρότερον
723 1793 767 1819 διὰ
795 1793 894 1824 κακίας

105 1839 252 1865 ἀποστᾶσα
266 1839 311 1873 γῆ,
325 1838 371 1864 νῦν
386 1839 430 1866 διὰ
443 1839 492 1874 τῆς
504 1838 677 1872 ἐπιγνώσεως
692 1838 739 1863 τοῦ
752 1837 820 1863 Θεοῦ
831 1837 894 1872 ἔσχε

105 1885 138 1910 τὸ
152 1884 292 1919 στάσιμον.
314 1884 408 1919 Ἡμεῖς
423 1884 451 1911 δὲ
466 1886 564 1915 πάντες
579 1884 662 1918 ἐσμὲν
676 1884 692 1918 ἡ
706 1883 740 1918 γῆ
752 1883 799 1909 τοῦ
814 1883 892 1915 Θεοῦ,

105 1930 131 1954 οι
149 1929 280 1964 πρότερον
308 1930 337 1954 ἐν
357 1929 395 1964 τῷ
419 1929 513 1964 ἀγαθῷ
536 1929 755 1963 ἁστατήσαντες,
784 1928 830 1954 καὶ
850 1928 894 1954 διὰ

104 1975 185 2001 τοῦτο
202 1975 230 2002 ὲν
244 1975 350 2010 κατάρᾳ
374 1976 512 2009 γενόμενοι
521 1984 527 1989 ·
542 1974 611 2010 μετὰ
625 1975 703 2000 τοῦτο
717 1974 745 2000 δὲ
766 1975 815 2009 τῆς
827 1983 894 2000 κατα

105 2021 176 2054 (ipsi;
202 2018 396 2054 ἐξαιρεθέντες,
416 2019 522 2053 καὶτῆς
536 2020 564 2045 ἐν
576 2019 616 2054 τῷ
627 2018 721 2052 ἀγαθῷ
739 2018 819 2045 πάλιν
834 2020 895 2045 ἐπι-

103 2065 232 2098 τυχόντες
244 2064 374 2096 στάσεως.
385 2065 438 2090 Καὶ
450 2065 527 2091 τοῦτο
543 2064 623 2095 εὐθὺς
635 2065 651 2099 ἡ
663 2064 734 2099 ἀρχὴ
747 2064 796 2099 τῆς
803 2065 893 2099 ψαλμ-

102 2110 188 2145 ῳδίας
201 2110 415 2144 εὐαγγελίζεται,
431 2110 470 2136 ὅτι
483 2119 492 2134 ι
504 2108 549 2135 τοῦ
561 2108 661 2144 Κυρίου
671 2109 891 2145 βασιλεύσαντος,

103 2157 122 2190 ἡ
140 2157 176 2191 γῆ
191 2156 441 2191 εὐφραίνεταιΛῺς
457 2155 490 2182 ἂν
507 2155 533 2181 εἴ
547 2163 588 2187 τις
603 2155 686 2189 λέγοι,
702 2156 743 2182 ὅτι
756 2155 803 2182 τοῦ
818 2156 893 2190 ἡλίου

103 2201 287 2236 λάμψαντοςή
305 2201 339 2236 γῆ
355 2201 501 2236 φωτίζεται
511 2209 518 2216 ⁸
535 2200 620 2232 οὕτως
636 2200 836 2236 ἐπικρατούσης
847 2201 893 2227 τοῦ

104 2249 208 2283 Κυρίου
226 2249 275 2283 τῇς
298 2248 446 2283 βασιλείας,
466 2248 494 2273 ὲν
512 2247 577 2282 ἡμῖν
599 2247 674 2273 ἐστιν
699 2247 716 2282 ἡ
741 2246 893 2282 εὐφροσύνη

102 2295 154 2329 τῆς
175 2294 323 2329 βασιλείας.
344 2294 420 2328 Ἔχει
436 2293 462 2320 δὲ
484 2294 501 2328 ὴ
516 2293 587 2326 λέξις
603 2292 698 2325 οὕτως’
720 2303 729 2318 ι
752 2293 780 2319 Ὀ
793 2294 894 2328 Κύριος

103 2338 297 2370 ἐϐασίλευσεν,
312 2338 485 2371 ἀγαλλιάσοω
501 2338 557 2372 (89)
589 2338 605 2372 ἡ
630 2338 684 2373 γῆ·
716 2338 893 2374 ὲφρανθήτω-

103 2393 156 2411 σαν
171 2385 248 2418 νῆσοι
264 2383 487 2415 πολλαί.›Καλῶς
500 2384 548 2415 τὰς
558 2384 647 2419 ψυχὰς
659 2384 713 2411 τῶν
727 2385 755 2410 ἐν
766 2385 821 2416 τοῖς
834 2393 894 2412 πει-

102 2431 222 2465 ρασμοῖς
241 2430 272 2456 τὸ
287 2429 393 2465 ἑδραῖον
414 2438 443 2456 τε
466 2430 512 2456 καὶ
527 2430 692 2465 ἀμετάθετον
708 2430 894 2465 ἐπιδεικνυμέ-

101 2486 167 2510 νων,
180 2478 275 2512 νήσους
286 2476 435 2511 ὠνόμασεν,
445 2477 478 2508 ἃς
489 2477 617 2504 πάντοθεν
628 2477 675 2512 μὲν
685 2477 861 2512 διαλαμϐάνει
876 2479 892 2513 ἡ

99 2523 153 2557 τῆς
173 2522 271 2553 κακίας
288 2522 371 2557 ἅλμη,
388 2522 418 2548 οὐ
440 2522 493 2557 μὴν
519 2522 643 2549 τοσοῦτον
664 2521 753 2557 ἰσχύει
776 2523 893 2558 προσπί-

100 2576 171 2593 πτου
175 2575 217 2598 σα,
226 2567 263 2598 ὡς
274 2567 319 2593 καὶ
330 2567 407 2593 σάλον
418 2567 476 2593 τινὰ
483 2566 520 2602 τῷ
527 2567 616 2602 παγίῳ
623 2567 670 2602 τῆς
676 2567 774 2602 ἀρετῆς
779 2568 791 2593 ὲ
796 2568 894 2603 μποιῆ-

101 2610 222 2640 σαι²εἷτα
228 2612 271 2639 διὰ
280 2612 362 2647 μέσον
373 2612 474 2638 τούτων
485 2612 515 2638 τὸ
526 2612 678 2648 ἀθεώρητον
690 2613 738 2647 τῆς
752 2613 824 2644 θείας
837 2613 893 2649 (90)

141 2681 164 2696 ³⁵
182 2681 233 2708 lsa.
258 2688 301 2713 ιι,
322 2681 349 2708 4.
387 2682 410 2697 ⁵⁶
425 2681 495 2709 Psal.
522 2687 591 2706 xcvt.

140 2750 196 2783 (κδ)
209 2749 305 2783 ania
323 2751 403 2778 verba
419 2750 450 2775 all
466 2750 546 2776 αὐτοῦ
563 2757 615 2777 om.
633 2750 676 2777 ed.

140 2781 197 2819 (ευ)
215 2781 266 2815 ’ῚΙς
281 2785 389 2819 quidam
407 2784 485 2812 codd.
502 2792 506 2795 ‘

142 2820 198 2853 im)
219 2819 262 2852 'll,
277 2820 320 2848 ed.

946 1570 998 1596 quc
1017 1566 1116 1588 nostrae
1133 1561 1355 1588 constitutionem
1375 1562 1508 1593 decantet,
1535 1566 1561 1588 et
1577 1563 1730 1589 aummtiet.

946 1607 1092 1643 Inscriptio
1114 1609 1186 1635 enim
1201 1609 1379 1643 psalmodiam
1397 1609 1468 1635 hanc
1484 1609 1534 1643 ipsi
1557 1609 1638 1635 David
1655 1610 1732 1636 attri‘

947 1654 1015 1685 liuit,
1033 1662 1093 1689 qua:
1107 1654 1146 1681 sic
1172 1662 1201 1682 se
1216 1654 1296 1681 habet
1311 1664 1317 1680 :
1334 1664 1342 1679 ι
1358 1654 1408 1689 Ipsi
1424 1654 1515 1686 David,
1537 1655 1646 1688 quando
1662 1661 1732 1682 terra

946 1699 1005 1734 ejus
1023 1699 1149 1727 restituta
1172 1702 1224 1726 cst.
1243 1708 1252 1724 ι
1271 1699 1337 1726 Illud
1365 1707 1437 1730 vero,
1453 1691 1476 1724 Ἰ
1494 1701 1563 1733 ejus,
1582 1709 1591 1724 ι
1617 1707 1669 1726 non
1700 1700 1732 1726 ad

948 1745 1045 1776 David,
1069 1744 1116 1772 sed
1143 1744 1177 1770 ad
1193 1744 1276 1771 Deum
1302 1744 1473 1772 referendum
1493 1749 1544 1772 est.
1570 1744 1731 1777 Namtcrra,

946 1799 1006 1825 quae
1029 1795 1109 1818 antea
1133 1799 1181 1826 per
1204 1791 1334 1817 malitiam
1360 1790 1506 1823 defecerat,
1527 1798 1600 1818 nunc
1624 1799 1670 1826 per
1688 1790 1732 1817 Dei

946 1836 1130 1871 cognitionem
1148 1836 1274 1864 stabilem
1291 1840 1393 1863 sortem
1407 1840 1434 1863 et
1452 1835 1636 1864 conditionem
1654 1842 1732 1863 narta

946 1887 997 1909 est.
1016 1882 1071 1910 Nos
1090 1890 1155 1910 vero
1174 1890 1269 1910 omnes
1295 1882 1341 1909 Dei
1360 1886 1433 1909 terra
1458 1890 1563 1915 sumus,
1592 1883 1637 1918 qui
1657 1883 1733 1917 prius

946 1929 972 1955 in
999 1929 1069 1956 bono
1090 1929 1244 1962 instabiles,
1259 1933 1286 1956 et
1301 1932 1446 1964 propterea
1469 1929 1496 1956 in
1514 1930 1732 1956 maledictionem

947 1974 1063 2009 coujccti
1090 1974 1207 2008 fuimus;
1238 1979 1332 2010 postea
1356 1983 1422 2002 vero
1446 1976 1637 2004 maledictione
1651 1975 1733 2002 Saluti

947 2027 1043 2047 rursus
1056 2024 1213 2048 constantes
1229 2025 1256 2048 ct
1281 2021 1392 2049 stabiles
1406 2021 1433 2048 in
1449 2022 1518 2048 bono
1529 2021 1615 2049 ell'ecti
1627 2028 1733 2053 sumus,

948 2070 975 2092 et
990 2065 1041 2091 hoe
1057 2066 1135 2092 initio
1154 2067 1246 2093 statim
1260 2067 1410 2101 psalmodia
1423 2067 1474 2095 ista
1487 2067 1641 2099 annuntiat,
1660 2068 1731 2102 quod

950 2121 958 2136 ι
979 2111 1093 2138 Domino
1114 2118 1245 2147 regnante
1262 2114 1379 2141 exsultet
1395 2117 1485 2140 terra:
1503 2124 1512 2140 ι
1523 2114 1601 2149 quasi
1615 2114 1677 2148 quis
1692 2114 1733 2140 di-

948 2159 1002 2188 cat,
1027 2160 1055 2182 ut
1078 2157 1186 2184 lucente
1207 2157 1263 2184 sole
1279 2162 1350 2184 terra
1375 2159 1547 2191 illustratur,
1568 2159 1608 2185 sic
1632 2166 1733 2192 praeva-

945 2202 1018 2239 lente
1048 2210 1131 2236 regno
1158 2202 1275 2234 Domini,
1297 2204 1406 2230 exsistit
1422 2204 1450 2230 in
1468 2203 1547 2230 nobis
1573 2203 1731 2237 juunulitas

948 2249 1043 2284 regni;
1064 2247 1145 2276 verba
1169 2256 1233 2276 vero
1255 2250 1294 2276 sic
1319 2258 1348 2277 se
1364 2250 1488 2277 habent:
1513 2259 1522 2272 ι
1543 2249 1675 2276 Dominus
1694 2256 1733 2276 rc-

946 2294 1057 2329 gnavit,,
1077 2295 1195 2321 exsultet
1218 2298 1302 2327 terra,
1326 2295 1451 2322 lintetitur
1475 2295 1571 2322 insula:
1603 2294 1703 2320 multat.
1721 2303 1729 2319 I

946 2339 1060 2367 Pulchre
1083 2341 1200 2372 animas,
1226 2348 1286 2375 quae
1311 2341 1374 2368 licet
1395 2341 1590 2368 tcntationibns
1609 2341 1729 2374 agitattc,

948 2387 1124 2413 stabilitatem
1157 2391 1184 2413 et
1210 2387 1403 2414 lirmitudinem
1428 2387 1555 2418 retinent,
1575 2395 1583 2412 ι
1601 2386 1704 2413 insulas
1718 2395 1726 2410 ο

949 2433 1102 2467 appellavit,
1120 2440 1189 2466 quas
1211 2433 1332 2468 undique
1353 2433 1462 2467 quidem
1482 2431 1633 2459 circumdat
1656 2431 1731 2458 mali-

948 2479 992 2506 tia:
1013 2479 1132 2514 salsugo,
1158 2479 1204 2506 Sed
1226 2483 1331 2506 tantum
1350 2480 1454 2514 allapsu
1480 2487 1531 2506 suo
1555 2486 1607 2505 non
1633 2481 1730 2512 potest,

951 2529 980 2551 ut
1006 2530 1074 2552 aestu
1107 2525 1199 2559 aliquo
1222 2526 1330 2551 virtutis
1361 2524 1543 2552 constantiam
1577 2522 1730 2549 lttliefztt’lt'l.

949 2569 1050 2597 Deinde
1076 2577 1122 2604 per
1139 2578 1169 2597 ea
1188 2578 1247 2604 quae
1265 2569 1411 2602 interierit,
1431 2574 1554 2596 naturam
1577 2573 1652 2594 extra
1672 2574 1732 2593 oui--

949 2616 1023 2643 nium
1044 2621 1182 2650 aspectum
1209 2616 1322 2650 pesitam
1343 2616 1422 2642 nubis
1437 2619 1460 2642 el
1482 2613 1606 2649 caliginis
1627 2612 1732 2639 involu-

980 2751 1035 2779 t88)
1054 2751 1093 2776 Τά
1103 2758 1157 2776 (illi.
1175 2750 1216 2776 ed.

979 2787 1035 2818 ($9)
1052 2785 1265 2818 ’Λγαλλιάσεται,
1285 2785 1327 2810 rd.

981 2821 1035 2854 ‘90)
1048 2820 1128 2851 Θείας
1147 2828 1199 2847 om.
1213 2821 1256 2847 cd.
