1986 3080
277 115 322 144 531

901 120 931 148 S.
945 119 1108 148 GREGORII
1122 119 1269 148 NYSSENI

1849 120 1897 149 332

278 183 327 202 cro
343 174 462 210 quodam
486 175 617 204 describit
632 185 638 204 :
657 176 769 205 «Nubes
786 178 857 206 enim
881 182 908 206 et
930 179 1017 214 caligo
1032 178 1059 206 in

1118 179 1220 213 φύσεως
1241 179 1270 205 ἐν
1287 180 1320 214 τῇ
1339 172 1437 216 νεφέλῃ
1457 179 1503 206 καὶ
1524 179 1562 213 τῷ
1579 179 1670 215 γνόφῳ
1686 179 1720 206 δι’
1743 179 1897 215 αἰνίγματος

278 221 395 248 circuitu
413 223 482 256 ejus,
495 232 505 248 ι
523 222 658 257 simulque
675 224 822 251 terribilem
851 225 923 252 illam
946 227 1062 261 speciem

279 266 408 297 ostendit,
430 268 541 302 quando
565 269 681 300 venerit,
706 273 734 295 ut
761 269 907 304 unicuique
933 272 1065 305 rependat

281 319 330 345 pro
346 312 461 343 meritis.
484 321 547 340 cum
573 314 630 341 ait:
648 323 657 340 ι
686 314 758 350 Ignis
777 315 804 342 in
832 322 979 351 conspectu
1003 317 1063 352 ejus

281 357 415 391 praecedet
426 362 453 386 et
465 357 643 386 inﬂammabit
658 360 684 387 in
697 361 814 387 circuitu
830 361 954 389 inimicos
965 362 1035 396 ejus.
1052 372 1061 388 ι

281 402 377 430 Postea
400 402 588 438 Evangelicam
615 405 720 437 lucem,
747 405 871 440 lucisque
893 405 1064 434 ditl‘usionem

281 448 462 481 demonstrat,
478 449 585 485 fulgura
601 451 742 485 appellans
756 451 854 478 divinas
866 451 1065 486 praedicationis

282 501 433 527 sermones,
453 496 499 530 qui
528 503 576 530 pcr
602 500 687 523 totum
708 500 842 524 terrarum
869 497 962 524 orbem
989 497 1066 525 ell‘ul-

282 544 355 574 gent.
373 539 443 567 Dicit
458 541 551 568 enim:
578 551 588 568 ‹
611 542 763 569 illuxerunt
777 544 982 571 coruscationes
1005 544 1065 571 orbi

283 590 379 617 terrae,
404 595 413 612 ι
438 587 663 623 altitudinemque
681 588 908 622 Evangelicorum
927 590 1067 624 mysterio-

282 638 342 657 rum
355 633 534 666 sequentibus
550 633 643 661 verbis
667 634 797 666 ostendit.
821 642 883 661 cum
906 635 960 661 ait:
981 644 990 660 ι
1011 635 1068 662 An-

282 676 476 703 nnntiaverunt
489 677 550 704 εωιί
561 678 695 713 justitiam
712 678 781 712 ejus,
797 682 823 706 et
837 679 957 705 viderunt
971 686 1066 706 omnes

282 720 372 756 populi
384 721 497 756 gloriam
510 722 580 756 ejus.
595 733 604 749 ›
621 722 795 750 Eversionem
812 730 876 750 vero
895 722 1026 750 idolorum
1041 727 1068 749 et

281 767 456 795 abolitionem
480 767 670 802 hujuscemodi
690 769 858 803 deceptionis
880 767 1004 802 praedixit
1024 768 1067 796 his

281 813 372 840 verbis
387 822 393 840 :
414 823 423 838 ι
434 813 644 840 Confundantur
657 821 752 841 omnes
763 814 808 848 qni
821 815 937 841 adorant
953 815 1067 850 sculpti-

1115 224 1296 259 ἀποσημαίνει
1308 224 1363 260 (9|)
1381 225 1396 251 ὁ
1408 224 1496 258 λόγος.
1511 234 1520 250 ι
1535 225 1640 259 Νεφέλη
1653 225 1717 260 γὰρ,
1735 235 1744 251 ι
1763 225 1830 260 φησὶ
1846 226 1898 261 (99)

1119 278 1129 295 ι
1144 269 1190 296 καὶ
1199 269 1298 304 γνόφος
1313 269 1404 305 κύκλῳ
1416 269 1510 302 αὺτοῦ,
1526 279 1535 295 ι
1551 270 1598 296 καὶ
1614 270 1649 297 τὰ
1664 270 1767 307 φοϐερὰ
1788 271 1837 306 τῆς
1855 272 1898 297 ἁν-

1115 314 1295 349 ταποδοτικῆς
1318 314 1457 349 δυνάμεως
1478 315 1618 347 ὑποδείξας
1630 335 1638 347 ,
1652 316 1685 341 δι’
1700 313 1737 342 ὧν
1751 324 1844 350 φησιν,
1859 316 1900 342 ὅτι

1119 368 1129 384 ‹
1144 359 1204 396 Πῦρ
1215 359 1328 385 ἐνώπιον
1346 360 1426 386 αὐτοῦ
1443 359 1718 395 προ-πορεύσεταιωῶ
1730 381 1737 393 ,
1748 351 1901 394 καὶφλογιεί

1117 403 1208 439 κύκλῳ
1221 404 1284 436 τοὺς
1295 405 1407 440 ἐχθροὺς
1419 405 1511 437 αὐτοῦ,
1522 414 1531 430 ι
1551 405 1716 432 ὲκκαλύπτει
1726 406 1774 440 τὴν
1781 406 1901 439 Εὐαγγε-

1116 448 1195 484 λικὴν
1216 450 1405 484 φωταγωγίαν,
1419 450 1563 486 ἀστραπὰς
1584 450 1669 484 λέγων
1688 451 1750 482 τοὺς
1768 451 1813 477 τοῦ
1829 451 1900 478 θείου

1117 493 1292 530 κηρύγματος
1312 494 1408 528 λόγους
1420 515 1427 527 ,
1447 495 1471 520 οἳ
1488 495 1558 521 κατὰ
1572 495 1663 530 πάσης
1677 494 1727 528 τῆς
1741 495 1901 529 οἰκουμένης

1117 538 1312 573 ὲκλάμπουσιν·
1330 540 1466 574 «Ἐφαναν
1481 548 1490 564 ι
1507 539 1572 575 γὰρ,
1589 539 1680 574 φησὶν,
1696 540 1747 572 «Ῐαὶ
1764 540 1902 575 ἀστραπαὶ

1117 585 1200 612 αὑτοῦ
1214 585 1247 619 τῇ
1264 584 1425 620 οίκουμένῃ·
1446 594 1455 610 ι
1483 584 1530 610 καὶ
1553 584 1583 611 τὸ
1610 584 1676 619 ὕψος
1689 585 1743 610 τῶν
1756 585 1902 619 Εὐαγγελι-

1117 630 1173 656 κῶν
1191 629 1347 664 μυστηρίων
1373 629 1413 664 τῷ
1435 629 1533 665 ἐφεξῆς
1549 630 1690 662 ὑποδείξας
1704 631 1732 656 έν
1745 630 1783 664 τῷ
1807 631 1901 661 εἰπεῖν,

1116 674 1157 701 ὃτι
1176 683 1185 700 ι
1208 673 1382 709 ’Δνήγγειλαν
1391 675 1414 700 οε
1428 674 1537 709 οὐρανοὶ
1552 674 1601 709 τὴν
1620 674 1791 710 δικαιοσύνην
1804 674 1884 700 αὐτοῦ
1895 682 1901 688 ·

1118 720 1165 746 καὶ
1179 719 1284 746 εῖδοσαν
1295 720 1395 751 πάντες
1407 720 1431 746 οἱ
1443 719 1500 746 λαοὶ
1517 719 1566 754 τὴν
1580 719 1657 752 δόξαν
1675 719 1766 746 αὑτοῦ.
1782 729 1791 745 ι
1808 720 1863 754 Τήν
1875 728 1903 746 τε

1117 765 1172 791 τῶν
1194 764 1312 792 εἰδώλων
1336 765 1504 801 καθαίρεσιν,
1530 765 1578 791 καὶ
1605 765 1652 791 τὸν
1680 765 1832 800 ἀφανισμὸν
1855 766 1904 799 τῆς

1117 810 1243 845 τοιαύτης
1264 810 1367 846 πλάνης
1384 810 1589 846 προαγορεύσας
1602 831 1609 841 ,
1624 811 1654 836 ὲν
1668 808 1708 842 οἷς
1723 810 1808 844 λέγει’
1825 819 1835 835 ι
1854 811 1903 836 Αί-

281 857 369 890 lia,ct
385 858 431 894 qui
446 859 599 893 gloriantur
614 859 640 886 in
662 860 832 887 simulacris.
853 869 862 885 ι
881 860 1007 895 Moxque,
1026 868 1066 887 ve-

1120 856 1311 892 σχυνοήτωσαν
1324 856 1423 887 πάντες
1436 858 1460 882 οι
1476 856 1688 891 προσκυνοῦντες
1698 857 1755 888 τοῖς
1765 856 1903 890 γλυπτοῖς,

281 904 322 931 lut
335 905 456 931 omnium
476 905 612 932 bonorum
633 905 814 940 signaculum,
833 905 944 932 adducit
961 906 1068 933 Domini

281 957 331 985 per
354 957 464 977 carnem
489 954 657 986 assumptam
680 951 751 978 inter
774 951 899 979 homines
921 951 1068 986 apparitio-

282 1003 344 1022 nem
360 1004 366 1022 :
386 1005 395 1020 ι
414 994 485 1027 Lux,
505 1005 514 1021 ι
531 995 669 1030 inquiens,
688 1004 699 1022 ι
716 1000 776 1024 orta
794 1003 834 1024 est
849 997 934 1032 justo,
947 1002 974 1025 et
985 997 1068 1025 rectis

282 1039 365 1068 corde
379 1040 482 1067 laetitia.
496 1050 505 1066 ι

317 1128 400 1157 Recte
419 1137 501 1163 porro
524 1133 551 1158 et
575 1130 715 1166 ingeniose
743 1131 884 1166 sequentis
906 1131 1004 1167 psalmi
1031 1132 1066 1165 ⁸⁷,

281 1174 372 1210 quiet
393 1175 452 1210 ipse
475 1176 655 1211 inscriptione
678 1180 763 1209 caret,
787 1176 894 1204 initium
926 1185 987 1204 cum
1017 1176 1068 1204 fine

282 1221 364 1256 hujus
382 1218 564 1249 conneciitur.
582 1222 711 1256 Ejusdem
727 1222 799 1249 cnim
815 1222 942 1257 potentiae
957 1227 1015 1254 est,
1040 1226 1069 1249 ut

281 1269 309 1292 et
326 1265 402 1300 justo
419 1266 465 1293 lux
486 1273 517 1294 ac
533 1266 624 1293 laetitia
636 1288 642 1300 ,
660 1267 806 1294 incredula;
818 1272 906 1294 autem
925 1268 996 1302 plebi
1028 1268 1068 1295 ira

281 1313 308 1337 et
325 1310 478 1344 indignatio
494 1311 608 1338 oriatur.
625 1311 715 1347 inquit
729 1313 802 1339 enim
818 1322 824 1340 :
844 1322 853 1338 ι
879 1313 1008 1340 Dominus
1026 1321 1068 1341 rc-

282 1355 385 1390 guavit,
402 1356 557 1384 irascantur
570 1357 673 1392 populi.
694 1367 703 1383 ›
719 1358 786 1390 Quis
800 1357 861 1389 iste,
884 1358 930 1393 qui
946 1359 1067 1393 regnavit

284 1400 428 1434 Dominus,
443 1403 593 1437 angelicam
610 1406 638 1429 et
654 1407 808 1430 terrestrem
825 1407 949 1430 naturam
966 1411 1068 1438 super-

282 1447 415 1482 gressus?
430 1447 496 1474 Nam
514 1455 561 1482 per
575 1447 723 1475 Cherubim
741 1449 903 1476 excellentia
923 1449 1067 1483 potestatis

282 1492 356 1519 illius
369 1500 451 1527 supra
468 1493 598 1520 mundum
612 1493 684 1520 hunc
698 1497 798 1521 evecta:
811 1494 998 1529 signiﬁcatur:
1016 1502 1064 1522 cu-

1118 902 1143 928 οἰ
1160 901 1363 937 ἐγκαυχώμενοι
1382 902 1411 928 ὲν
1436 903 1491 933 τοῖς
1509 901 1628 933 εἰδώλοις
1653 901 1753 934 αὐτῶν,
1774 912 1784 927 ι
1808 901 1905 935 ἐπάγει

1118 947 1171 974 τῶν
1184 947 1292 980 ἀγαθῶν
1303 948 1352 982 τὴν
1365 947 1509 982 σφραγῖδα,
1524 946 1573 982 τὴν
1586 946 1630 973 διὰ
1646 947 1745 982 σαρκὸς
1756 947 1905 982 γενομένην

1118 992 1166 1019 τοῦ
1186 993 1286 1028 Κυρίου
1299 994 1355 1024 τοῖς
1371 992 1524 1028 ἀνθρώποις
1537 993 1685 1027 ἐμφάνειαν
1700 992 1797 1026 λέγων·
1817 1001 1827 1017 ι
1845 991 1905 1022 Φῶς

1118 1038 1238 1066 ἀνέτειλε
1253 1038 1291 1074 τῷ
1307 1039 1422 1074 δικαίῳ,
1441 1039 1488 1064 καὶ
1507 1040 1563 1070 τοῖς
1585 1038 1676 1065 εὐθέσι
1694 1039 1726 1074 τῇ
1747 1037 1844 1073 καρδίᾳ
1859 1037 1905 1063 si)-

1119 1084 1250 1120 φροσύνη.
1266 1093 1275 1109 ι

1154 1130 1251 1161 Καλῶς
1263 1129 1291 1155 δὲ
1310 1129 1356 1156 καὶ
1375 1129 1519 1164 προσφυῶς
1547 1130 1563 1164 ἡ
1587 1129 1632 1156 τοῦ
1647 1129 1745 1164 ἐφεξῆς
1759 1128 1907 1163 ἀνεπιγρά-

1119 1183 1169 1209 φου
1197 1175 1267 1210 ἀρχὴ
1300 1175 1368 1209 πρὸς
1391 1175 1422 1201 τὸ
1444 1175 1529 1210 πέρας
1551 1174 1653 1210 ταύτης
1675 1175 1725 1209 τῆς
1748 1174 1907 1209 ψαλμῳδίας

1119 1219 1291 1246 συνάπτεται.
1318 1219 1349 1245 Ἦ
1372 1218 1426 1254 γὰρ
1447 1219 1516 1254 αὐτὴ
1539 1218 1661 1255 δύναμις,
1681 1219 1720 1254 τῷ
1740 1219 1790 1254 μὲν
1810 1218 1907 1253 δικαίῳ

1119 1265 1176 1300 φῶς
1200 1273 1230 1290 τε
1246 1265 1292 1291 καὶ
1315 1265 1467 1300 εὐφροσύνη
1492 1265 1615 1299 γίνεται,
1637 1266 1703 1301 ὀργὴ
1723 1265 1752 1291 δὲ
1782 1265 1821 1300 τῷ
1842 1266 1908 1291 ἀπι-

1119 1310 1222 1336 στοῦντι
1238 1310 1303 1345 λαῷ.
1316 1320 1325 1335 ι
1335 1310 1365 1336 '0
1378 1310 1479 1345 Κύριος
1491 1320 1500 1336 ›
1517 1312 1581 1346 γὰρ,
1593 1311 1684 1346 φησὶν,
1696 1320 1705 1336 ι
1717 1310 1890 1337 ἐϐασίλευσεν
1901 1330 1908 1340 ,

1118 1355 1320 1391 ὀργιζέσθωσαν
1336 1356 1405 1382 λαοί.
1423 1365 1432 1381 ι
1446 1356 1494 1386 Τίς
1514 1353 1589 1387 οὗτος
1600 1356 1613 1382 6
1625 1355 1784 1391 βασιλεύσας
1796 1355 1907 1391 Κύριος,

1118 1402 1132 1428 6
1148 1401 1197 1436 τῆς
1212 1401 1358 1437 άγγελικῆς
1369 1411 1397 1428 τε
1411 1402 1457 1428 καὶ
1471 1402 1599 1437 οὐρανίας
1611 1401 1837 1437 ὑπερκαοήμενος
1849 1401 1908 1428 Κύ-

1119 1455 1193 1482 ριος;
1219 1446 1269 1473 Διὰ
1282 1448 1335 1483 γὰρ
1351 1447 1405 1473 τῶν
1418 1447 1557 1483 Χερουϐὶμ
1570 1448 1599 1474 τὸ
1621 1447 1712 1482 ἐξέχον
1725 1447 1774 1481 τῆς
1788 1447 1909 1482 ὑπερκο-

1117 1492 1196 1526 σμίου
1218 1492 1355 1527 δυνάμεως
1374 1493 1388 1518 6
1409 1493 1486 1527 λόγος
1501 1493 1685 1524 ἐνδείκνυται,
1702 1488 1732 1518 οὗ
1750 1492 1766 1527 ἡ
1783 1491 1910 1526 βασιλεία

280 1537 326 1572 jus
342 1546 467 1573 regnum,
482 1538 507 1565 id
524 1538 596 1573 quod
611 1540 681 1567 male
694 1539 805 1572 coaluit,
822 1547 919 1568 rursus
930 1540 1064 1567 dissolvit.

1118 1537 1238 1564 διάλυσιν
1263 1537 1310 1563 τοῦ
1335 1537 1428 1569 κακῶς
1454 1537 1619 1569 συνεστῶτος
1641 1538 1721 1564 ποιεῖ.
1749 1536 1786 1563 υὺ
1807 1536 1862 1571 γὰρ
1880 1537 1912 1562 τὸ

282 1583 341 1610 Νοιι
357 1583 431 1610 enim
448 1583 474 1611 id
488 1585 559 1619 quod
575 1585 685 1612 cmleste
699 1585 725 1612 in
739 1586 816 1613 nobis
828 1589 884 1616 est,
895 1586 942 1613 sed
955 1585 980 1612 id
994 1586 1065 1620 quod

283 1632 415 1656 terrestre
430 1632 482 1661 cst,
499 1634 661 1661 commovet,
682 1633 711 1656 ut
731 1634 847 1657 testatur
864 1630 907 1657 his
924 1631 990 1665 ipsis
1008 1639 1067 1658 vcr-

282 1673 325 1701 bis
343 1683 350 1701 :
368 1682 378 1699 c
397 1673 448 1706 Qui
473 1674 552 1701 sedes
568 1681 649 1708 super
665 1674 811 1703 Cherubim
827 1685 833 1702 :
853 1681 993 1703 moveatur
1014 1681 1068 1703 ter-

282 1726 324 1745 ra.
345 1728 354 1745 ι
379 1718 493 1754 Reliqua
517 1719 623 1751 omitto,
650 1727 683 1746 ne
705 1721 884 1755 expositionis
908 1721 1066 1748 continuata

283 1764 354 1791 serie
365 1763 468 1798 aliquid
484 1763 616 1791 molestia:
627 1764 748 1791 atl‘eram.
765 1764 821 1791 lloc
835 1769 941 1792 tantum
957 1765 1068 1792 addide-

283 1809 346 1840 rim,
363 1809 454 1836 omnia
479 1808 514 1835 ad
533 1816 616 1835 unum
642 1808 823 1844 eumdemque
840 1810 920 1836 tinem
945 1810 1066 1841 tendere,

282 1862 370 1889 nsque
383 1855 415 1881 ad
429 1854 508 1882 tinem
522 1854 629 1889 psalmi.
646 1854 772 1882 Testatur
785 1856 856 1882 enim
872 1855 953 1882 istum
971 1855 1067 1886 Deum,

282 1899 329 1934 qui
358 1900 494 1934 regnavit,
516 1907 569 1926 non
588 1899 668 1927 nobis
683 1900 798 1934 primum
824 1900 994 1935 apparuisse.
1020 1899 1066 1927 sed

282 1943 458 1972 manifestum
484 1944 571 1972 fuisse
592 1945 681 1980 magni
708 1945 826 1972 nominis
852 1949 877 1972 ct
902 1944 1068 1972 celebritatis

285 1991 426 2025 prophetis
441 1999 448 2017 :
463 1990 499 2017 ob
514 1990 539 2016 id
557 1989 639 2018 Mosis
655 1990 776 2017 meminit
790 1995 816 2016 et
831 1990 958 2022 Aaronis,
976 1994 1003 2017 et
1015 1990 1066 2017 Sa-

283 2036 399 2069 muelis;
413 2043 527 2070 quorum
540 2035 655 2070 quilibet
671 2039 782 2070 propter
797 2035 921 2069 pietatem
939 2036 966 2062 in
982 2035 1066 2062 Deum

282 2082 374 2110 clarus
401 2086 443 2109 est
469 2085 496 2107 ct
520 2080 716 2108 memorabilis.
741 2080 842 2114 Adjicit
864 2085 953 2107 autem
973 2085 1000 2108 et
1019 2089 1067 2108 co-

282 2129 403 2155 lumnam
421 2127 511 2157 nubis.
531 2127 557 2153 in
575 2134 628 2161 qua
646 2126 718 2153 Deus
743 2133 805 2152 cum
822 2126 876 2153 illis
895 2127 1066 2161 loquebatur,

281 2175 396 2207 docens,
410 2174 461 2200 nisi
475 2173 564 2205 l'allor,
578 2172 745 2204 incredulos,
767 2180 800 2199 ne
814 2173 882 2199 adeo
901 2173 1067 2200 abhorreant

1119 1583 1241 1618 οὐράνιον
1255 1583 1308 1609 τῶν
1320 1584 1348 1609 ὲν
1362 1585 1437 1618 ἡμῖν,
1449 1583 1517 1609 ἀλλὰ
1533 1583 1563 1609 τὸ
1577 1584 1669 1618 γήϊνον
1684 1583 1724 1614 είς
1739 1580 1822 1609 εἷάλον
1834 1582 1910 1616 ἄγει,

1118 1629 1216 1655 οὑτωσὶ
1240 1628 1326 1662 λέγων
1348 1628 1387 1663 τῷ
1407 1629 1519 1664 ῥήματι,
1537 1628 1588 1655 «Ὀ
1608 1627 1764 1662 καθήμενος
1786 1628 1832 1654 ἐπὶ
1854 1628 1912 1654 τῶν

1118 1674 1257 1708 Χερουείμ
1269 1682 1275 1688 ·
1307 1673 1462 1709 σαλευοήτω
1478 1676 1494 1709 ἡ
1510 1675 1557 1710 γῇ.
1576 1683 1584 1700 ι
1606 1673 1661 1700 Καὶ
1676 1673 1710 1700 τὰ
1721 1672 1819 1708 ἑφεξῆς
1835 1682 1912 1709 παρ-

1120 1718 1190 1753 ίημι,
1212 1718 1250 1750 ὡς
1266 1719 1298 1745 ἃν
1319 1719 1356 1753 μὴ
1374 1719 1457 1746 πολὺν
1478 1719 1555 1754 ὄχλον
1570 1719 1699 1754 ὲπάγοιμι
1717 1720 1749 1754 τῇ
1764 1718 1914 1754 ἀκολουθίᾳ

1117 1765 1166 1799 τῆς
1180 1764 1336 1799 ἐξηγήσεως
1347 1772 1353 1779 '
1368 1764 1494 1791 τοσοῦτον
1510 1763 1604 1795 εἰπὼν,
1620 1764 1661 1790 ὅτι
1679 1764 1766 1790 πάντα
1779 1764 1846 1799 πρὸς
1862 1765 1914 1791 ἕνα

1118 1810 1165 1836 καὶ
1183 1810 1228 1836 τὸν
1247 1809 1328 1836 αὑτὸν
1350 1808 1449 1835 σκοπὸν
1466 1809 1558 1844 βλέπει
1579 1809 1658 1846 μέχρι
1679 1808 1726 1836 τοῦ
1741 1809 1834 1840 τέλους
1859 1810 1913 1844 τῆς

1117 1854 1288 1889 ψαλμῳδίας.
1308 1854 1527 1889 Διαμαρτύρεται
1542 1855 1595 1890 γὰρ
1610 1855 1650 1881 ὅτι
1663 1851 1739 1886 οὗτος
1752 1855 1766 1880 ὁ
1782 1854 1914 1889 βασιλεύ-

1119 1908 1168 1932 σας
1179 1900 1256 1933 Θεὸς,
1270 1901 1300 1926 οὐ
1315 1899 1362 1927 νῦν
1382 1901 1447 1935 ἡμῖν
1460 1900 1564 1935 πέφηνε
1578 1900 1696 1936 πρῶτον,
1709 1899 1776 1926 ἀλλὰ
1792 1900 1839 1926 καὶ
1851 1901 1914 1931 τοῖς

1118 1945 1275 1980 ὀνομαστοῖς
1287 1946 1340 1972 τῶν
1359 1945 1501 1981 προφητῶν
1518 1946 1641 1981 ἐμφανὴς
1655 1947 1668 1972 6
1683 1946 1763 1977 αὑτός
1777 1947 1845 1972 ἐστι.
1863 1945 1913 1971 Διὸ

1118 1991 1257 2022 Μωῦσέως
1279 1991 1424 2026 μέμνηται,
1451 1992 1497 2018 καὶ
1523 1991 1626 2026 Ἀαρὼν
1644 1992 1690 2017 καὶ
1706 1991 1753 2018 τοῦ
1767 1991 1912 2025 Σαμουὴλ,

1119 2033 1156 2062 ὧν
1166 2036 1279 2067 ἕκαστος
1292 2036 1346 2062 ἀπὸ
1362 2036 1412 2070 τῆς
1427 2037 1466 2068 είς
1480 2037 1546 2063 Θεὸν
1568 2036 1707 2068 εὐσεϐείας
1730 2036 1914 2072 περίϐλεπτός

1119 2081 1177 2107 ἐστι
1194 2081 1240 2108 καὶ
1249 2081 1378 2116 ἀοίδιμος.
1395 2082 1559 2117 Προστίθησι
1571 2082 1599 2108 δὲ
1609 2082 1648 2117 τῷ
1659 2082 1740 2117 λόγῳ,
1753 2081 1798 2107 καὶ
1810 2081 1859 2116 τῆς
1870 2090 1915 2106 νε-

1119 2127 1203 2162 φέλης
1215 2127 1259 2153 τὸν
1273 2126 1376 2159 στύλον,
1392 2128 1419 2153 ὲν
1433 2123 1456 2161 ᾧ
1468 2127 1535 2163 πρὸς
1547 2128 1645 2159 αὐτοὺς
1657 2129 1671 2154 ὸ
1682 2127 1748 2158 Θεὸς
1761 2127 1912 2160 διελέγετο,

1118 2173 1260 2203 διδάσκων,
1277 2171 1364 2208 οἶμαι,
1382 2173 1445 2204 τοὺς
1460 2173 1589 2204 ἀπίστους
1605 2173 1648 2199 διὰ.
1665 2173 1771 2206 τούτου,
1786 2173 1823 2208 μὴ
1837 2172 1912 2204 ξενί-

281 2221 394 2248 credere
410 2220 455 2248 Dei
474 2220 506 2247 ad
526 2220 650 2246 homines
666 2219 822 2246 adventum.
838 2215 904 2245 Nam
921 2218 991 2247 Deus
1009 2220 1063 2252 ille,

1121 2219 1213 2251 ζεσθαι
1230 2206 1311 2254 πρὸς.
1323 2219 1372 2253 τὴν
1395 2219 1429 2245 δι’
1446 2218 1589 2253 ἀνθρώπου
1609 2219 1757 2253 γενομένην
1778 2206 1845 2253 μίν
1863 2218 1913 2244 τοῦ

281 2268 327 2302 qui
345 2271 409 2294 tunc
423 2267 449 2293 in
467 2266 592 2292 columna
610 2265 690 2292 nubis
704 2265 811 2291 locutus
826 2269 878 2296 est,
897 2270 990 2299 postea
1007 2273 1064 2292 ma-

282 2313 430 2340 nil'estatus
452 2316 494 2339 est
515 2311 542 2338 in
567 2318 658 2337 carne.
682 2310 775 2344 Itaque
801 2310 823 2337 si
845 2311 907 2344 quis
929 2310 1065 2346 indignam

281 2366 343 2386 esse
356 2358 429 2385 dicat
443 2363 564 2387 carnem,
582 2363 631 2390 per
646 2363 728 2390 quam
741 2356 820 2382 nobis
840 2355 910 2383 Deus
928 2356 1065 2391 loquatur,

281 2403 305 2431 is
326 2409 415 2436 neque
432 2402 586 2428 columnam
615 2401 696 2428 nubis
720 2401 829 2436 dignam
851 2401 936 2428 fuisse
961 2406 1067 2429 asserat

281 2452 388 2483 oportet
401 2457 408 2473 :
424 2446 490 2482 quid
505 2447 576 2474 enim
589 2446 616 2473 in
631 2448 688 2481 ipsa
705 2446 838 2480 ejusmodi
856 2451 925 2478 erat,
940 2452 969 2473 ut
982 2447 1063 2482 digna

283 2497 443 2521 censeretur
458 2493 548 2520 divina
569 2492 787 2527 magniﬁcentia?
804 2492 831 2519 Si
849 2497 940 2520 autem
959 2492 1025 2519 nihil
1050 2500 1065 2519 a

281 2540 333 2568 ﬁde
349 2539 468 2567 alienum
487 2539 603 2572 videtur,
617 2538 720 2566 .ludazis
735 2538 818 2565 Deum
834 2539 860 2565 in
877 2538 1004 2565 columna
1018 2547 1066 2565 nu-

281 2586 324 2613 bis
345 2586 465 2613 locutum
487 2593 565 2617 esse;
585 2593 674 2620 neque
691 2584 719 2611 in
743 2592 828 2612 carne
853 2585 973 2612 locutum
994 2592 1066 2617 esse,

282 2631 424 2667 indignum
442 2632 528 2659 videri
553 2631 652 2664 debet,
677 2630 828 2666 praescrtint
852 2637 913 2657 cum
931 2635 958 2658 et
982 2631 1066 2658 Isaias

315 2713 337 2729 ⁸⁷
353 2713 426 2741 Psal.
442 2721 523 2740 xcvn.

313 2783 370 2818 (ΩΙ)
385 2783 587 2818 Ἀποσεμνύνει,
604 2783 647 2810 cd.

314 2819 370 2854 (ΗΞ)
383 2818 449 2854 Φητί
463 2825 517 2845 οιιι.
534 2819 577 2845 cd.

1120 2265 1187 2292 Θεοῦ
1205 2265 1322 2300 ὁμιλίαν.
1344 2265 1373 2291 '0
1389 2265 1442 2300 γὰρ
1456 2265 1515 2291 τότε
1531 2265 1560 2290 ὲν
1573 2264 1611 2299 τῷ
1624 2264 1711 2299 στύλῳ
1726 2264 1775 2298 τῆς
1792 2263 1914 2298 νεφέλης

1120 2311 1238 2346 λαλήσας
1247 2311 1322 2343 Θεὸς,
1334 2311 1402 2346 μετὰ
1414 2311 1499 2337 ταῦτα
1511 2309 1667 2345 ἐφανερώθη
1683 2311 1710 2336 ὲν
1725 2309 1815 2344 σαρκί.
1827 2310 1915 2335 "Data

1120 2358 1147 2384 εἰ
1161 2366 1203 2388 τις
1217 2356 1328 2389 ἀναξίαν
1338 2356 1412 2390 λέγοι
1422 2356 1472 2390 τὴν
1487 2357 1576 2390 σάρκα
1587 2355 1634 2381 τοῦ
1642 2355 1674 2381 δι’
1688 2355 1771 2389 αὐτῆς
1782 2355 1848 2388 ἡμῖν
1865 2355 1916 2380 τὸν

1120 2403 1185 2431 Θεὸν
1200 2403 1330 2438 λαλῆσαι,
1357 2402 1411 2429 οὐδ’
1437 2402 1469 2429 ἂν
1484 2401 1522 2437 τῷ
1544 2401 1631 2436 στύλῳ
1649 2401 1699 2436 τῆς
1722 2400 1835 2435 νεφέλης
1860 2401 1916 2436 τὴν

1119 2449 1198 2481 ἀξίαν
1214 2448 1495 2484 προσ-μαρτυρήσειεν.
1518 2448 1551 2473 Τί
1573 2447 1627 2482 γὰρ
1646 2447 1674 2473 ὲν
1687 2446 1754 2481 αὐτῇ
1775 2445 1915 2477 τοιοῦτον,

1118 2495 1156 2526 ὡς
1171 2495 1221 2529 τῆς
1235 2495 1309 2526 θείας
1330 2494 1537 2529 μεγαλειότητος
1553 2493 1627 2525 ἄξιον
1645 2492 1801 2527 κρίνεσθαις
1828 2492 1861 2518 Εἰ
1884 2492 1916 2518 δὲ

1119 2541 1213 2567 πιστὸν
1229 2541 1285 2572 τοῖς
1312 2540 1449 2571 Ἰουδαίοις
1465 2539 1523 2566 ἐστὶ
1539 2539 1570 2565 τὸ
1585 2539 1615 2565 ὲν
1629 2538 1716 2572 στύλῳ
1732 2538 1847 2572 νεφέλης
1864 2538 1916 2564 τὸν

1118 2586 1184 2612 Θεὸν
1202 2585 1325 2620 λαλῆσαι,
1352 2585 1419 2620 μηδὲ
1437 2584 1467 2610 τὸ
1491 2585 1520 2610 ὲν
1536 2584 1618 2619 σαρκὶ
1638 2583 1718 2610 αὐτὸν
1729 2582 1916 2617 λελαληκέναι

1118 2633 1231 2660 ἄπιστον
1247 2632 1317 2658 ἔστω
1329 2640 1336 2646 ·
1360 2631 1446 2663 ἄλλως
1461 2639 1490 2657 τε
1509 2631 1554 2658 καὶ
1569 2630 1615 2657 τοῦ
1637 2629 1748 2656 Ἡσαΐου
1757 2629 1807 2666 τὴν
1818 2629 1918 2664 σάρκα

1164 2781 1219 2817 (93)
1237 2781 1448 2816 Προπορεύεται.
1466 2780 1508 2808 ed.
