1986 3080
115 84 162 111 δἰΰ

807 87 838 114 ΙΝ
852 86 1019 116 ρδιιιιοδ.

1671 84 1723 113 55ιὶ

114 141 150 168 διὰ
163 142 211 177 τῆς
228 143 340 178 νεφέλης
354 144 505 180 νοήσαντος·
526 154 535 171 ι
547 146 611 173 Ὶδοῖι
627 155 636 172 ι
654 146 717 181 γὰρ,
729 148 804 182 φησὶ,
820 147 889 173 «Κύ-
905 173 906 177 η

961 154 1052 175 arnetn
1064 146 1144 175 nubis
1156 147 1266 174 numine
1280 147 1423 182 signiﬁcet.
1439 146 1528 182 lnquit
1542 145 1614 174 enim
1627 155 1633 172 :
1653 155 1661 171 ι
1678 145 1727 173 Ec—

115 195 164 222 ριος
178 187 293 223 κάθηται
307 189 352 215 ἐπὶ
368 190 481 225 νεφέλης
493 190 606 225 κούφης.
620 201 629 218 ι
652 192 706 218 Καὶ
719 193 780 223 τοὺς
791 191 890 227 ἑπομέ-

115 239 169 266 νους
180 233 257 269 αὺτῷ
267 235 368 261 πάλινὺ
378 235 458 267 αὐτὸς
473 237 613 272 προφήτης
627 236 753 271 ὀνομάζει
766 236 889 270 νεφέλας,

115 281 139 307 ὲν
152 277 190 311 οἷς
204 289 285 314 φησιν
295 289 302 294 ·
331 290 339 305 ι
350 281 427 312 Τίνες
449 281 515 313 οἶδε,
530 282 566 313 ὡς
578 281 696 316 νεφέλαι,
716 281 863 313 πέτανται;
879 291 887 307 ι

114 326 146 358 ὡς
158 325 200 351 διὰ
214 325 262 360 τῆς
275 325 328 352 τῶν
341 326 459 361 νεφελῶν
471 327 640 362 ὁμωνυμίας,
656 327 686 353 τὺ
701 327 830 360 συγγενὲς
842 327 891 362 τῆς

114 371 154 398 τοῦ
170 370 271 406 Κυρίου
290 371 390 406 σαρκὸς
406 372 473 406 πρὸς
497 372 546 407 τὴν
560 371 655 407 λοιπὴν
669 372 730 398 ντῶν
744 372 892 406 ἀνθρώπων

115 416 189 450 φύσιν
210 416 390 448 ἐνδείξασθαι.
422 417 492 452 Πρὸς
514 417 607 444 τοῦτον
627 415 673 444 οὖν
694 417 738 444 τὸν
754 417 830 450 Θεὸν,
847 418 892 444 τόν

115 469 173 487 ποτε
192 462 241 496 μὲν
261 461 305 488 διὰ
322 456 458 497 νεφέλης,
483 461 551 496 μετὰ
574 461 659 488 ταῦτα
678 462 706 488 δὲ
731 461 776 488 διὰ
794 462 893 497 σαρκὸς

114 508 164 538 τοῖς
185 506 338 543 ἀνθρώποις
358 506 528 542 λαλήσαντα,
557 507 624 543 φησὶ
644 506 771 542 προῖὼνὸ
795 508 892 534 Δαυΐδ-

118 563 126 578 i
138 552 218 588 Κύριε
235 553 249 578 ὁ
270 552 334 584 Θεὸς
349 553 437 587 ἡμῶν,
456 554 488 579 σὺ
511 553 645 588 ἑπήκουες
662 553 762 581 αὐτῶν.
782 556 811 582 ’0
820 554 895 586 Θεὸς,

89 595 93 598 ”
117 599 145 625 σὺ
158 599 279 630 conato;
297 598 385 632 ὲγίνου
399 598 499 631 αὐτοῖς,
515 599 562 625 καὶ
575 598 688 625 ἐκδικῶν
702 598 748 624 ἐπὶ
766 597 853 626 πάντα
861 599 896 626 τά

116 644 314 680 ἐπιτηδεύματα
339 644 439 672 αὐτῶν.
459 654 468 670 ι

154 691 194 722 Ὠς
201 691 222 717 δ’
230 690 263 717 ἂν
273 691 357 725 μήτις
371 691 438 725 πρὸς
447 690 496 725 τὴν
510 691 664 726 οἰκονομίαν
675 691 781 726 βλέπων
796 691 836 722 εἰς
849 699 896 717 τα-

117 737 206 768 πεινάς
216 745 291 767 τινας
302 737 348 763 καὶ
356 736 529 772 ἀνθρωπίνας
543 736 690 771 ὑπολήψεις
710 736 774 772 περὶ
782 737 812 763 τὸ
822 736 898 762 Θεϊον

117 782 341 818 κατολισθήσειεν,
358 782 458 818 ταύτην
467 782 514 809 ἐπὶ
521 782 591 809 τέλει
603 783 652 817 τῆς
662 783 819 818 ψαλμῳδίας
831 782 899 809 ἑπά-

942 200 974 220 ce
987 192 1117 220 Dominus
1130 193 1206 220 sedet
1222 193 1249 219 in
1265 193 1337 220 nube
1352 193 1403 220 levi
1417 192 1451 219 ⁵⁸.
1473 202 1482 218 ι
1506 191 1614 227 Eosqne
1629 191 1675 226 qtti
1693 191 1725 218 il-
1748 201 1752 206 λ

945 238 999 265 lnm
1022 242 1174 273 sequuntur
1201 245 1297 266 rursus
1315 237 1386 265 idem
1407 237 1537 272 propheta
1563 237 1651 264 nubes
1676 243 1726 262 no-

945 283 1040 315 minat,
1056 291 1116 310 cttm
1134 283 1192 310 ait:
1208 292 1217 309 ι
1236 283 1352 316 Quinam
1375 283 1431 316 isti,
1450 283 1496 317 qui
1523 287 1551 310 ut
1571 282 1657 309 nubes
1676 288 1726 308 vo-

945 329 1002 356 lant
1019 329 1042 345 "
1059 329 1070 355 τ
1091 339 1099 355 ι
1116 327 1152 355 Ut
1174 336 1222 363 per
1240 328 1402 356 vocabulum
1430 327 1510 355 nubis
1537 327 1725 362 cognationem

946 374 1092 401 Dominicze
1106 374 1197 401 carnis
1209 380 1271 400 cum
1287 373 1391 408 reliqua
1409 373 1547 400 hominum
1565 376 1660 399 natura
1677 371 1725 398 dc-

947 424 1089 447 monstrct.
1105 419 1146 446 Ad
1167 419 1239 446 hunc
1249 419 1331 454 igitur
1348 418 1444 448 Deum.
1465 418 1511 452 qui
1528 418 1604 452 prius
1618 417 1726 451 quidem

947 473 995 501 per
1008 466 1117 497 nubem,
1132 469 1224 500 postea
1239 472 1303 492 vero
1318 472 1365 499 per
1375 472 1485 492 carnetn
1498 472 1558 491 ctnn
1573 463 1728 490 hominibus

949 512 1057 538 locutus
1079 515 1130 543 est,
1156 511 1195 538 ait
1214 516 1364 546 progressu
1379 510 1511 537 orationis
1526 509 1628 536 David:
1652 519 1661 533 ι
1678 508 1726 534 Do-

948 555 1021 582 tnine
1043 555 1113 582 Deus
1131 559 1235 585 noster.
1254 560 1284 581 tu
1299 554 1463 582 exaudiebas
1486 560 1533 580 eos
1562 562 1568 580 :
1596 552 1676 583 Deus,
1700 557 1728 578 ιιι

949 601 1082 636 propitius
1097 601 1171 628 fuisti
1185 601 1237 632 eis,
1254 605 1281 628 et
1295 601 1430 628 ulciscens
1448 599 1474 626 in
1490 607 1586 627 omnes
1601 599 1731 626 adinren-

949 646 1037 672 tiones
1049 653 1152 673 eorum.
1170 656 1178 671 ι

987 691 1020 719 Ut
1038 692 1087 719 nisi
1101 692 1162 726 quis
1174 693 1200 719 in
1218 692 1397 720 oeconomiam
1415 691 1532 718 divinam
1547 695 1574 718 et
1588 690 1732 725 dispensa-

952 737 1051 764 tionem
1066 737 1161 765 oculos
1177 742 1324 770 convertat,
1337 745 1398 764 eum
1413 744 1525 764 necesse
1540 736 1575 764 sit
1592 737 1618 763 in
1637 736 1733 763 huma-

952 790 1001 810 nas
1016 783 1147 818 quasdam
1162 787 1189 810 et
1204 783 1327 817 indignas
1349 783 1383 811 de
1399 783 1452 809 Deo
1468 782 1645 816 cogitationes
1666 781 1732 808 inci-

117 837 157 862 γει
170 828 219 864 τὴν
228 827 328 864 φωνὴν,
344 828 410 864 πρὸς
422 829 493 864 ἡμᾶς
501 828 602 864 τρέψας
612 829 657 856 τὸν
664 829 751 863 λόγον·
766 837 775 854 ι
785 828 898 863 ’Υψοῦτε

961 829 1024 862 lere,
1042 829 1098 856 haec
1109 832 1197 856 autem
1208 828 1240 855 ad
1251 828 1328 855 linem
1351 828 1446 863 psalmi
1461 828 1544 859 addit.
1561 835 1685 855 scrmone
1700 827 1733 853 ad

118 873 213 909 Κύριον
226 874 271 900 τὸν
279 873 343 900 Θεὺν
351 874 439 909 ἡμῶν,
448 874 494 900 καὶ
514 875 689 909 προσκυνεῖτε
709 874 746 908 τῷ
764 873 900 909 ὑποποδίῳ

118 919 168 946 τῶν
175 919 262 946 ποδῶν
268 918 406 950 αὑτοῦ,ὃτι
416 919 491 953 ἅγιός
501 920 582 946 ἐστιν.
590 928 598 944 t
611 919 666 954 Τὴν
678 919 706 945 δὲ
718 919 835 945 διάνοιαν
848 918 901 945 τῶν

118 965 276 1001 εἰρημένων,
293 964 393 999 ταύτην
404 962 472 990 εἶναι
489 963 664 999 ὑπονοοῦμεν,
681 964 734 997 ὅτι,
746 962 782 990 Ὦ
797 963 901 999 ἅνθρω-

119 1017 171 1041 ποι,
195 1009 346 1044 μεμήνυται
368 1009 417 1044 μὲν
433 1009 507 1043 ὑμῖν,
521 1008 558 1040 ὡς
580 1009 690 1036 δυνατὸν
713 1009 838 1042 δέξασθαι
853 1009 902 1043 τὴν

118 1054 288 1089 ἀνθρωπίνην
304 1053 398 1088 ἀκοὴν,
412 1053 445 1080 τὰ
462 1053 521 1080 οεῐα
540 1054 685 1089 μυστήρια.
709 1054 802 1089 Ὑμεῖς
817 1054 846 1081 δὲ
859 1053 902 1080 διὰ

118 1099 218 1126 τούτων
239 1099 417 1134 ὁδηγηθέντες
440 1098 509 1134 πρὸς
533 1099 581 1133 τὴν
605 1099 705 1134 εὐσεϐῆ
728 1099 902 1133 θεογνωσίαν,

119 1145 178 1171 ὅσον
194 1145 278 1180 χωρεῖ
300 1144 376 1179 ὑμῶν
389 1144 403 1170 ὁ
418 1143 556 1179 λογισμὸς,
573 1145 697 1172 τοσοῦτον
707 1145 754 1172 τοῦ
769 1145 838 1172 Θεοῦ
853 1145 903 1180 τὴν

119 1190 196 1222 δόξαν
210 1189 346 1224 ὑψώσειτε,
364 1189 471 1222 εἰδότες,
493 1190 533 1217 ὅτι
549 1191 610 1217 ὅσον
625 1190 658 1216 ἂν
674 1189 812 1225 ὑπερταθῇ
828 1189 904 1225 ὑμῶν

119 1237 135 1272 ἡ
149 1235 262 1268 διάνοια,
285 1235 329 1262 καὶ
343 1236 431 1262 πᾶσαν
446 1235 567 1271 παρέλθῃ
589 1234 692 1270 ὑψηλὴν
708 1235 857 1269 φαντασίαν
876 1235 904 1261 ὲν

120 1282 176 1312 ταῖς
189 1281 252 1316 περὶ
267 1281 334 1307 Θεοῦ
355 1280 513 1316 ὐπολήψεσι,
529 1280 559 1307 τό
568 1288 596 1306 τε
615 1279 645 1306 τὸ
659 1280 723 1315 παρ’
739 1279 815 1315 ὑμῶν
829 1279 904 1314 εὑρι-

121 1327 251 1361 σκόμενον
267 1326 314 1353 καὶ
332 1326 574 1362 προσκυνούμενον,
589 1326 640 1352 οὐκ
655 1325 725 1361 αὑτὴ
740 1327 756 1360 ἡ
770 1325 906 1360 μεγαλειό-

120 1380 169 1407 της
189 1371 234 1398 τοῦ
258 1371 423 1407 ζητουμένου
448 1371 531 1404 ἐστὶν,
559 1371 626 1398 ἀλλά
648 1371 680 1397 τὸ
699 1371 841 1397 ὑποπόδιον
852 1370 906 1397 τῶν

121 1417 208 1444 ποδῶν
226 1418 325 1444 αὐτοῦ’
347 1417 378 1444 τὸ
398 1417 566 1452 ὑποϐεϐηκὸς
588 1417 632 1444 διὰ
654 1417 748 1444 τούτου
765 1417 812 1443 καὶ
832 1418 907 1444 κάτω

122 1462 245 1497 κείμενον
253 1462 304 1498 τῆς
317 1462 436 1494 διανοίας
448 1462 537 1498 ἡμῶν,
548 1462 688 1498 συγκρίσει
701 1462 749 1497 τῆς
762 1462 906 1496 ἀνεφίκτου

122 1507 309 1544 καταλήψεως,
327 1507 521 1543 διερμηνεύων.

157 1592 225 1621 Εἶτα
250 1593 318 1629 μετὰ
345 1593 422 1620 τοῦτο
449 1593 498 1619 οὐκ
514 1592 611 1626 ὀλίγων
637 1593 665 1618 ὲν
687 1591 725 1627 τῷ
745 1591 818 1627 μέσῳ
838 1599 908 1626 παρ-

122 1639 237 1666 εθέντων
259 1638 384 1674 ψαλμῶν,
399 1640 428 1665 ὲν
452 1638 589 1673 ἑκατοστῷ
605 1637 699 1673 τρίτῳ,
715 1637 743 1663 ὃν
767 1636 910 1663 πολλοστὸν

123 1687 153 1712 ὲν
186 1686 241 1716 τοῖς
275 1685 340 1720 παρ’
380 1684 521 1719 Ἐϐραίους
556 1683 751 1718 ἀνεπιγράφοις
790 1681 909 1713 ἔδειξεν,

122 1731 270 1768 διαρρήδην
294 1730 413 1764 θεολογεί
436 1730 480 1756 τὴν
503 1729 632 1764 μονογενῆ
649 1729 725 1760 Θεὺν,
747 1727 844 1762 ἐκείνῳ
861 1727 912 1761 τῆς

123 1776 172 1803 τοῦ
187 1776 287 1808 παντὸς
309 1776 463 1806 συστάσεως
487 1774 622 1806 ἀνατιθεὶς
641 1774 690 1809 τὴν
707 1773 804 1800 αἰτίαν.
833 1771 913 1805 Λέγει

124 1821 180 1857 γὰρ
195 1822 241 1847 ἐπὶ
256 1821 304 1856 τῆς
320 1820 367 1847 τοῦ
382 1821 483 1856 κόσμου
498 1820 621 1850 κτίσεως,
634 1819 681 1845 τοῦ
697 1817 778 1845 Δαϐὶδ
792 1817 856 1843 ὄντα
869 1817 913 1843 τὸν

123 1865 231 1902 ψαλμὸν
252 1865 360 1896 τοῦτον,
381 1865 566 1900 ἀνεπίγραφον
588 1862 657 1890 εἶναι
682 1863 747 1898 παρ’
768 1863 913 1897 Ἑϐραίοις.

125 1912 259 1947 Σημαίνει
278 1911 305 1938 δὲ
320 1911 350 1938 τὺ
364 1910 483 1941 ἐκείνους
498 1909 543 1936 τὸν
563 1909 661 1936 σκοπὸν
676 1908 726 1943 τῆς
748 1907 914 1944 προφητείας

124 1956 228 1991 ταύτης
238 1956 275 1992 μὴ
285 1955 493 1992 παραδέχεσθαι.
509 1956 585 1990 Ἔχει
601 1955 630 1981 δὲ
640 1956 656 1989 ἡ
667 1954 805 1989 ἐπιγραφὴ
817 1952 913 1984 οὕτως’

129 2013 139 2029 α
155 2003 209 2030 Τοῦ
217 2002 297 2029 Δαῦὶδ
305 2003 349 2028 ἐπὶ
357 2002 406 2036 τῆς
412 2001 458 2028 τοῦ
467 2001 566 2036 κόσμου
574 2001 704 2035 γενέσεως
713 2020 721 2032 ,
733 1999 916 2034 ἀνεπίγραφος

127 2048 195 2083 παρ’
216 2047 360 2083 Ἑϐραίοις.
375 2056 384 2072 ι
399 2046 451 2072 Τοῦ
464 2046 491 2072 δὲ
501 2045 607 2080 ψαλμοῦ
620 2045 713 2071 τούτου
727 2045 775 2079 τὴν
799 2044 917 2070 διάνοιαν

127 2094 177 2119 ἰπὶ
193 2092 288 2128 καιροῦ
307 2091 489 2127 ὲκοησόμεθα.
502 2090 557 2117 Νῦν
576 2091 604 2116 δὲ
619 2091 683 2126 ἡμῖν
700 2090 841 2125 ἐξαρκέσει
858 2098 918 2116 τοσ-

951 883 1002 902 nos
1017 881 1168 902 converso:
1184 883 1192 900 ι
1209 873 1332 901 Exaltate
1346 873 1488 900 Dominum
1503 873 1586 900 Deutn
1597 877 1734 903 nosmnn,

950 923 977 947 et
991 919 1104 946 adorate
1124 919 1271 946 scabellum
1295 918 1392 953 pedum
1412 918 1487 952 ejus,
1517 915 1644 952 quoniam
1667 924 1732 943 san-

951 969 1024 993 ctutn
1040 971 1091 992 est.
1119 974 1129 990 ι
1149 963 1262 992 Sensum
1284 964 1364 998 hujus
1390 964 1440 990 loci
1457 964 1529 990 hunc
1552 971 1612 990 esse
1624 962 1736 989 arbitra-

952 1018 1022 1043 mur,
1041 1011 1119 1045 quasi
1136 1009 1210 1037 dicat
1225 1020 1231 1036 ι
1247 1008 1270 1036 0
1282 1010 1419 1039 mortales.
1436 1009 1512 1036 vobis
1527 1009 1636 1043 quidem
1650 1015 1736 1041 quan-

953 1061 1009 1084 tum
1029 1056 1137 1083 auditus
1161 1056 1295 1082 humanus
1316 1055 1454 1090 percipere
1478 1059 1581 1089 potest,
1605 1053 1735 1088 pati-facta

953 1106 1016 1131 sunt
1034 1103 1126 1130 divina
1143 1103 1271 1138 mysteria
1296 1111 1303 1129 :
1319 1102 1428 1134 vos,ltis
1444 1101 1521 1136 quasi
1543 1101 1575 1127 ad
1597 1100 1667 1134 piam
1690 1092 1734 1126 Dei

954 1147 1137 1182 cognitionem
1163 1146 1340 1178 manuducti,
1365 1150 1497 1180 quantum
1521 1145 1628 1171 aninnts
1648 1147 1737 1170 vester

954 1192 1036 1226 capit,
1050 1195 1155 1218 tantum
1173 1191 1285 1226 gloriam
1302 1190 1348 1218 Dei
1369 1191 1500 1220 extollite.
1519 1190 1584 1216 certi
1600 1189 1670 1223 qttod
1684 1195 1738 1222 quo

956 1237 1038 1264 altius
1077 1237 1208 1272 cogitatio
1233 1241 1322 1264 vestra
1352 1243 1412 1263 sese
1435 1235 1557 1266 elevavit,
1582 1239 1607 1262 et
1630 1241 1737 1260 omnem

955 1282 1129 1317 quantumvis
1151 1282 1285 1309 excelsam
1303 1281 1530 1308 existimationem
1547 1280 1579 1308 de
1592 1280 1646 1307 Deo
1662 1287 1740 1314 supe-

956 1328 1067 1360 raverit,
1086 1333 1175 1354 tamen
1192 1328 1218 1355 id
1236 1327 1311 1362 qttod
1324 1334 1338 1353 a
1356 1327 1432 1354 vobis
1450 1327 1586 1353 invenitur
1600 1329 1627 1352 cl
1642 1326 1738 1352 adora-

957 1377 1012 1405 tur,
1029 1380 1084 1400 non
1105 1373 1164 1408 ipsa
1187 1372 1260 1406 ejus,
1277 1371 1323 1406 qui
1339 1371 1522 1406 quaerebatur,
1541 1371 1738 1406 magniﬁcentia
1755 1393 1761 1398 .

959 1423 1012 1453 est,
1030 1419 1077 1446 sed
1094 1417 1285 1445 tantummodo
1303 1417 1453 1444 scabellum
1478 1416 1576 1452 pedum
1592 1417 1669 1451 ejus:
1693 1423 1740 1450 per

959 1464 1010 1490 hoc
1024 1463 1180 1498 signiﬁcans
1190 1462 1288 1489 mentis
1297 1466 1324 1496 et
1333 1461 1615 1496 eogitationisnostm
1622 1461 1741 1488 submis-

959 1509 1062 1536 sioncm
1075 1513 1102 1536 et
1115 1508 1286 1539 tenuitatem.
1302 1507 1506 1542 comparatione
1518 1507 1590 1534 illius
1602 1507 1676 1533 nullo
1685 1509 1743 1533 stu-

959 1554 1004 1581 dio
1020 1553 1197 1588 assequendae
1212 1552 1476 1587 comprehensionis.

993 1599 1091 1627 Postea
1110 1607 1164 1627 non
1182 1599 1275 1633 paucis
1293 1598 1404 1625 omissis
1419 1597 1530 1632 psalmis
1549 1597 1576 1623 in
1596 1595 1745 1624 centesimo

961 1646 1053 1677 tertio,
1071 1652 1150 1680 quem
1167 1645 1248 1672 etiam
1264 1643 1346 1671 refert
1368 1643 1394 1670 in
1410 1650 1504 1670 eorum
1529 1649 1682 1674 numerum,
1699 1649 1743 1675 qut

962 1692 1033 1729 apud
1053 1691 1178 1719 llebrazos
1193 1688 1371 1723 inscriptione
1390 1687 1603 1719 carent,diserte
1619 1686 1746 1721 praedicat

963 1739 1106 1773 nnigenam
1123 1736 1198 1763 illum
1210 1735 1303 1765 Deum,
1319 1734 1398 1768 eique
1415 1733 1496 1768 hujus
1513 1733 1631 1759 universi
1643 1731 1745 1759 conditi

963 1790 1074 1811 causam
1086 1782 1215 1816 assignat.
1228 1779 1298 1807 Dicit
1307 1779 1378 1806 enim
1389 1778 1415 1805 in
1427 1777 1518 1805 tttttndi
1530 1777 1667 1804 creatione
1677 1776 1746 1810 psal-

965 1837 1038 1856 mum
1055 1829 1128 1855 hunc
1149 1826 1258 1854 Davidis
1272 1833 1344 1856 esse,
1367 1829 1393 1851 et
1411 1823 1588 1858 inscriptione
1603 1822 1674 1857 apud
1697 1821 1746 1848 lle-

965 1875 1053 1902 braaos
1067 1881 1121 1901 non
1131 1871 1286 1908 praenotari.
1299 1870 1440 1905 Signiﬁcat
1455 1874 1545 1896 autem
1559 1869 1620 1896 illos
1636 1875 1748 1902 scopum

965 1927 992 1949 et
1006 1921 1174 1957 propositum
1186 1918 1246 1953 ejus
1262 1917 1409 1953 prophetiae
1423 1924 1476 1943 non
1492 1916 1620 1950 recipere.
1631 1914 1676 1941 Sic
1687 1921 1748 1939 ωτι-(ι

967 1975 997 1994 se
1010 1966 1091 1993 habet
1107 1964 1248 1998 inscriptio
1262 1972 1269 1990 :
1287 1972 1297 1988 ‹
1317 1962 1403 1997 Ipsius
1415 1961 1509 1992 David,
1528 1961 1554 1988 in
1567 1960 1658 1986 nntndt
1672 1966 1747 1986 crea-

967 2013 1053 2044 tione,
1070 2009 1257 2044 inscriptionis
1272 2016 1368 2042 expers
1387 2007 1459 2043 apnd
1477 2006 1614 2034 llebmos.
1636 2015 1645 2031 ι
1667 2004 1750 2039 Hujus

968 2057 1064 2092 psalmi
1092 2062 1202 2083 sensum
1221 2061 1271 2081 suo
1299 2054 1358 2080 loco
1379 2058 1404 2080 et
1430 2058 1550 2087 tempore
1574 2058 1750 2086 exponemus.

969 2103 1046 2130 Nunc
1060 2102 1128 2130 satis
1141 2105 1183 2129 est
1203 2101 1253 2127 ltoc
1267 2099 1416 2131 monuisse.
1431 2099 1553 2126 eamdem
1570 2105 1692 2127 causam,
1709 2097 1750 2122 in-

127 2139 208 2165 οὗτον
224 2140 321 2168 είπεῐν,
337 2139 377 2165 ὅτι
390 2138 406 2173 ή
423 2137 490 2172 αὑτὴ
505 2136 588 2168 αἰτία,
600 2138 617 2171 ἡ
632 2135 703 2162 κατὰ
727 2136 775 2170 τὴν
790 2136 906 2161 ἀπιστίαν

970 2149 1168 2179 credulitatem,
1194 2146 1316 2181 inquam,
1335 2144 1490 2172 Iudaeorum
1507 2143 1639 2182 eﬁ‘ecisse,
1664 2147 1691 2168 ιιι
1711 2142 1751 2168 in-

127 2185 202 2218 λέγω
216 2183 270 2210 τῶν
288 2183 433 2214 Ἰουδαίων,
448 2183 493 2209 καὶ
506 2182 601 2208 τούτου
615 2182 664 2216 τὴν
679 2182 833 2217 ἐπιγραφὴν
849 2182 918 2208 ἀπα-

131 2229 262 2266 ράδεκτον
276 2230 332 2259 τοῖς
351 2227 484 2263 Ἑϐραίοις
498 2227 618 2262 ἐποίησε.

414 2282 617 2311 ΚΕΦΛΛΑΙΟΝ,
628 2282 654 2309 l'.

169 2329 229 2364 Χρὴ
240 2329 268 2355 δὲ
285 2328 352 2364 μηδὲ
362 2327 391 2354 τὸ
401 2327 540 2363 διαψαλμα
553 2327 743 2362 παραδραμεῖν
754 2326 920 2363 ἀθεώρητον.

128 2377 196 2406 Τοῖς
204 2375 253 2411 μὲν
261 2373 306 2402 οὖν
315 2375 366 2409 πρὸ
375 2375 391 2410 ὴ
395 2374 452 2410 μῶν
460 2373 608 2409 μεταϐολὴν
614 2372 660 2399 τοῦ
667 2374 809 2408 νοήματος,
819 2372 836 2408 ἢ
844 2381 924 2407 προσ-

128 2421 237 2456 ώπου,ῆ
248 2420 419 2455 πράγματος,
435 2419 577 2454 σημαίνειν
588 2419 715 2454 ἐνομίσθη
728 2418 758 2445 τὸ
769 2417 921 2453 διάψαλμα·

130 2467 216 2502 ἡμεῖς
226 2466 254 2492 δὲ
269 2466 317 2497 τάς
328 2473 358 2492 τε
376 2463 430 2490 τῶν
440 2464 566 2500 Πατέρων
579 2464 726 2499 ὑπολήψεις
745 2463 795 2490 οὐκ
807 2463 924 2490 ἀποϐάλ-

129 2513 228 2547 λομεν,
237 2511 282 2537 καί
294 2520 319 2537 τι
334 2510 381 2537 καὶ
393 2510 459 2545 παρ’
474 2509 577 2535 ἑαυτῶν
589 2509 724 2544 ἐννοῆσαι,
736 2508 803 2544 πρὸς
817 2508 864 2543 τὴν
877 2507 923 2534 τοῦ

131 2556 218 2592 ῥητοῦ
233 2555 327 2582 τούτου
341 2554 488 2590 σημασίαν,
503 2555 533 2580 οὐ
554 2554 769 2589 κατοκνήσομεν.
791 2553 924 2588 Τοιαύτην

129 2599 181 2628 οὖν
190 2600 299 2627 τινατοῦ
306 2600 403 2634 διαψάλ
408 2609 443 2635 μα
449 2608 490 2631 τος
498 2599 683 2634 κατελάϐομεν
692 2598 740 2634 τὴν
747 2598 876 2630 διάνοιαν,
884 2599 924 2625 ὅτι

130 2646 283 2681 ’προϊούσης
304 2645 374 2672 κατά
394 2645 425 2671 τὺ
443 2644 586 2671 ἀκόλουθον
601 2644 650 2678 τῆς
668 2643 835 2679 ψαλμῳδίας,
865 2645 925 2678 ἥτις

170 2702 193 2717 ⁵⁵³
209 2701 258 2728 lsa.
275 2709 331 2731 xui.
348 2701 371 2727 l.
409 2701 432 2716 ⁸³
448 2699 499 2727 Isti.
513 2700 595 2730 13.8.

172 2770 229 2804 (9⁸)
247 2770 317 2804 Lege
333 2768 361 2795 ὃ.
379 2768 487 2796 llicron.
505 2767 589 2802 Epist.
606 2768 638 2794 ad
656 2766 819 2794 Marcellam.

976 2195 1153 2229 scriptioncm
1169 2189 1238 2219 hanc
1254 2198 1306 2218 tton
1327 2190 1511 2216 admitterent.

1283 2264 1396 2293 CAPUT
1415 2263 1449 2292 Χ.

1009 2324 1101 2360 Neque
1112 2323 1175 2358 quid
1192 2323 1228 2350 sit
1243 2322 1392 2357 diapsalma
1406 2320 1590 2349 indiscussum
1605 2321 1757 2355 relinquere

975 2377 1090 2406 oportet.
1112 2370 1168 2397 Illis
1191 2370 1272 2405 igitur
1290 2368 1336 2403 qui
1358 2376 1408 2395 nos
1430 2372 1646 2398 antecesserunt,
1670 2367 1756 2394 visunt

976 2421 1017 2445 est
1047 2416 1196 2452 diapsalma
1220 2415 1374 2450 signiﬁcare
1395 2413 1438 2441 vel
1462 2413 1641 2440 mutationem
1656 2412 1759 2446 cogita-

977 2464 1059 2492 tionis
1075 2471 1122 2491 sett
1145 2463 1263 2495 cousilii,
1284 2460 1518 2496 vel'personazﬁel
1542 2459 1591 2486 rei.
1619 2458 1674 2485 Nos
1698 2466 1760 2483 vero

978 2508 1087 2535 Patrum
1110 2507 1238 2542 opinione
1257 2514 1309 2534 non
1335 2505 1439 2540 abiecta
1467 2503 1534 2538 (96),
1553 2510 1606 2529 non
1623 2502 1757 2529 cunctabi—

979 2561 1040 2580 tnttr
1054 2553 1154 2588 aliquid
1175 2553 1255 2580 etiam
1274 2560 1305 2579 ex
1323 2551 1400 2578 nobis
1416 2550 1450 2577 de
1466 2548 1589 2576 vocabuli
1613 2548 1696 2581 hujus
1722 2549 1757 2573 st-

978 2598 1150 2633 gnilicationc
1173 2598 1337 2632 excogitare.
1364 2593 1524 2631 Ilujusmodi
1542 2593 1624 2628 igitur
1644 2591 1759 2626 quantum

979 2641 1011 2670 de
1025 2641 1204 2677 tliapsalmale
1226 2641 1427 2669 existimatione
1449 2638 1544 2665 imbuti
1571 2644 1674 2667 smnus,
1699 2642 1761 2662 cum
