1986 3080
268 91 321 122 555

898 95 927 124 S.
947 94 1111 125 GREGORII
1130 96 1277 126 NYSSENI

1826 101 1870 130 5'36

267 161 350 181 cursu
374 161 426 182 suo
444 158 471 181 et
493 153 599 186 ordine,
621 154 772 189 psalmodia
799 155 975 190 procedente,
998 157 1051 184 alia

1104 156 1210 191 ἐγένετο
1227 157 1328 193 μεταξὺ
1344 157 1559 193 προφητεύοντος
1577 155 1622 183 τοῦ
1637 157 1726 190 Δασὶδ,
1745 159 1819 195 ἑτέρα
1830 161 1869 188 τοῦ

268 199 390 234 qua-dam
406 199 477 226 inter
494 199 712 234 prophetandum
725 203 753 227 et
768 200 933 233 canendum,
955 209 970 228 a
988 200 1052 236 Spi-

268 246 321 272 ritu
334 250 429 273 sancto
442 245 600 278 illustratio,
614 249 641 272 et
654 245 727 277 velut
741 245 955 274 additamentum
969 247 1052 282 quod-

267 291 330 318 dam
345 291 466 319 caelestis
480 291 647 326 cognitionis
664 291 776 322 veniret.
792 291 826 318 ad
843 291 988 319 utilitatem
1003 299 1051 319 eo-

267 345 328 364 rum
351 338 398 372 qtti
421 337 532 365 oracula
562 337 619 364 haec
646 337 783 372 recepturi
805 341 894 369 erant,
922 338 1053 365 cohibens

268 391 345 410 suam
355 391 449 411 vocem
462 383 557 415 David,
569 383 688 418 spatium
703 383 794 410 animo
807 382 889 410 dabat
899 382 1051 417 excipiendi

267 429 452 464 cognitionem
467 429 619 456 caelestium
635 435 799 455 arcanorum
813 435 828 456 a
844 428 936 456 divina
952 428 1053 455 illumi-

267 475 379 503 natione
393 475 515 502 missam.
542 474 575 501 Et
585 474 815 509 quemadmodum
830 475 968 507 nonnulli,
986 474 1051 501 dum

267 521 308 548 vel
326 521 377 548 iter
389 521 472 548 simul
488 520 601 552 faciunt,
621 521 663 548 vel
680 521 707 547 in
723 520 858 548 conviviis
872 524 899 548 et
915 521 1052 548 conventi-

267 567 341 594 tibus
364 567 446 594 simul
469 566 673 601 colloquuntur,
694 566 717 594 si
741 574 774 594 ex
800 567 948 602 improviso
967 574 1051 594 sonus

266 611 400 646 quispiam
419 610 452 637 ad
469 617 549 638 aures
569 610 686 642 accidat,
702 610 818 644 abrupto
832 617 970 642 sermone,
989 610 1051 637 ani-

264 649 340 683 itttttn
358 660 386 683 et
404 655 596 690 cogitationem
611 655 645 681 ad
659 655 806 682 excitatum
824 654 968 689 strepitum
985 663 1052 682 con-

266 706 386 734 vertunt,
402 702 543 736 otiumque
559 701 760 736 quodantmodo
777 709 825 736 per
838 702 957 736 quietem
976 702 1050 729 auri-

266 748 318 776 bus
334 748 496 781 largiuntur,
522 752 552 775 ut
577 747 611 775 ad
634 755 732 776 sonum
749 755 782 775 eo
807 749 943 776 intensius
963 749 1052 776 inten-

265 794 341 825 dant,
359 794 457 822 deinde
472 793 567 822 sedato
580 794 708 829 strepitu,
723 802 866 823 sermones
882 795 1051 829 interruptos

266 845 410 868 resumunt
425 850 431 868 :
453 840 493 868 sic
509 845 537 867 et
549 847 664 875 magnus
676 839 761 867 David
778 840 894 875 Spiritui
915 846 1011 868 sancto
1022 841 1049 868 in

266 887 387 914 oraculis
416 886 573 921 promendis
599 886 787 918 subserviens,
814 895 875 922 quae
906 886 1049 919 didicerat,

267 939 315 966 per
335 931 480 965 melodiam
496 931 660 966 explicabat.
681 935 708 958 et
730 932 752 958 si
767 931 834 967 quid
850 932 921 959 inter
939 933 1051 967 loquen-

266 977 331 1004 dum
348 977 521 1008 edocebatur.
546 977 647 1004 cedens
669 977 693 1004 ei
719 977 765 1012 qui
781 977 958 1012 spiritualiter
974 977 1048 1004 audi-

267 1027 325 1049 tum
339 1022 440 1049 mentis
454 1022 607 1053 insonabat,
625 1027 793 1058 cantumque
809 1024 920 1055 sistens,
938 1031 1000 1050 cum
1013 1024 1052 1051 di-

267 1068 339 1096 vinis
358 1068 572 1104 cogitationibus
586 1076 682 1096 rursus
696 1070 817 1104 repletus
829 1073 912 1101 esset,
925 1078 972 1097 eas
986 1077 1051 1105 pan-

266 1114 365 1147 debat;
378 1119 562 1149 acceptosque
578 1122 723 1143 sermones
737 1115 860 1142 melodize
873 1119 900 1143 et
916 1116 1053 1143 concenti~

266 1159 318 1187 bus
329 1160 388 1188 suis
400 1160 555 1194 adaptabat.
570 1159 618 1188 Est
636 1160 720 1196 igitur
733 1161 895 1196 diapsalma,
909 1162 932 1189 si
948 1162 1010 1196 quis
1026 1162 1052 1188 id

265 1205 425 1234 dellnitione
438 1205 669 1241 comprehendere
687 1206 762 1237 velit.
779 1207 896 1234 cessatio
909 1215 957 1235 seu
973 1208 1052 1242 quies

265 1253 413 1287 derepente
431 1253 502 1280 inter
517 1252 686 1287 psallendum
701 1252 782 1284 facta,
809 1253 842 1280 ad
868 1254 1050 1288 receptionent

265 1298 398 1326 divinitus
430 1299 520 1326 missae
548 1297 751 1325 illustrationis.
783 1297 830 1325 Vel
855 1299 960 1326 rectius
993 1299 1052 1326 dia-

266 1344 371 1378 psaltna
397 1344 448 1371 hcc
463 1343 545 1371 modo
569 1343 632 1378 quis
655 1343 817 1374 deﬁniverit,
845 1344 867 1370 si
888 1344 971 1375 dicat,
992 1351 1052 1372 esse

265 1390 419 1418 doetrinam
441 1397 456 1417 a
471 1389 575 1424 Spiritu
592 1393 690 1417 sancto
712 1389 810 1416 animae
834 1389 860 1416 in
884 1390 992 1417 occulto
1011 1391 1052 1417 in.

266 1436 409 1470 spiratam.
428 1435 543 1462 melodia
561 1443 608 1470 per
623 1434 800 1462 attentionem
813 1435 846 1461 ad
860 1435 930 1462 hanc
947 1436 1052 1463 instruo

1103 203 1180 238 ἁγίου
1207 203 1366 238 Πνεύματος
1389 203 1529 238 ἐλλαμψις,
1558 203 1604 230 καὶ
1626 204 1762 240 προσθήκη
1780 214 1816 237 τις
1831 207 1870 233 τοῦ

1103 249 1173 276 κατά
1187 249 1237 284 τὴν
1247 249 1347 283 γνῶσιν
1363 249 1542 284 χαρίσματος,
1561 249 1604 274 ἐπ’
1620 248 1735 285 ὠφελείᾳ
1751 251 1800 276 τῶν
1808 251 1871 287 δεχο-

1104 295 1192 330 μένων
1205 295 1255 329 τὴν
1268 294 1436 330 προφητείαν
1448 302 1455 309 ·
1479 294 1585 329 ἐπέχων
1605 294 1700 321 ἑαυτοῦ
1714 295 1761 330 τὴν
1782 297 1870 332 φωνὴν,

1102 340 1198 374 καιρὸν
1213 336 1296 366 ἐδίδου
1310 341 1343 375 τῇ
1360 340 1464 375 διανοίᾳ
1477 339 1603 372 δέξασθαι
1615 340 1670 366 τῶν
1683 341 1816 375 νοημάτων
1829 343 1871 376 τὴν

1102 385 1203 419 γνῶσιν
1219 385 1273 412 τῶν
1293 386 1444 420 γινομένων
1463 386 1492 412 ἐν
1515 385 1589 420 αὑτῷ
1612 386 1687 420 παρά
1697 386 1746 421 τῆς
1758 386 1826 417 θείας
1837 387 1871 413 ἑλ-

1102 430 1242 465 λάμψεως.
1258 431 1312 458 Καὶ
1332 430 1426 466 ὥσπερ
1441 431 1570 462 πολλάκις
1584 430 1653 462 τινες
1667 430 1682 466 ἢ
1706 432 1734 457 ὲν
1751 431 1800 466 όδῷ
1813 440 1872 466 συμ-

1103 475 1266 507 ϐαδίζοντες,
1284 475 1300 510 ἢ
1326 477 1355 502 ὲν
1377 475 1537 510 συμποσίοις
1556 475 1636 506 τισὶν,
1656 475 1672 510 ἢ
1697 475 1726 501 ἐν
1750 475 1872 508 συλλόγοις

1104 523 1162 556 μετ’
1177 521 1300 557 ἀλλήλων
1314 521 1509 556 διαλεγόμενοι,
1534 521 1560 547 ετ
1579 520 1661 548 ποθεν
1675 520 1776 555 ἀθρόως
1787 521 1871 556 ἧχησις

1102 568 1161 598 ταῖς
1177 567 1270 598 ἀκοαῖς
1287 567 1444 602 προσϐάλοι,
1469 567 1638 601 παυσάμενοι
1655 565 1701 592 τοῦ
1718 565 1793 599 λόγου
1814 566 1872 600 πρὸς

1102 612 1147 639 τὸν
1161 610 1227 648 ἦχον
1237 614 1268 648 τῇ
1283 613 1386 648 διανοίᾳ
1399 613 1578 639 συντείνονται
1588 632 1596 644 ,
1614 611 1710 647 σχολὴν
1724 611 1872 646 παρέχοντες

1102 657 1135 684 δι’
1153 657 1266 692 ἡσυχίας
1281 659 1315 693 τῇ
1335 659 1403 692 ἀκοῇ
1419 657 1464 683 τοῦ
1481 656 1581 691 γνῶναι
1597 657 1645 683 τοῦ
1669 657 1733 692 ἤχου
1746 656 1791 691 τὴν
1803 656 1872 682 δύνα-

1104 712 1164 738 μιν,
1179 701 1238 730 εἶτα
1250 704 1426 738 παυσαμένης
1442 704 1492 738 τῆς
1513 703 1703 738 προσηκούσης
1721 702 1815 736 φωνῆς,
1829 701 1873 727 πά-

1102 749 1143 775 λιν
1156 750 1209 775 τῶν
1218 749 1285 784 πρὸς
1299 749 1430 784 ἀλλήλους
1440 748 1545 784 ἔχονται
1560 749 1646 783 λόγων
1657 757 1663 763 ·
1678 749 1761 779 οὕτως
1772 748 1785 774 ὀ
1798 747 1873 782 μέγας

1105 795 1186 821 Δαὸἱδ
1195 794 1372 830 ὑποφητεύων
1385 793 1532 830 Πνεύματι,
1543 794 1590 821 ac:
1604 794 1709 829 φθάσας
1725 793 1872 829 μεμαθήκει.

1072 825 1092 853 Β
1104 841 1202 876 διεξῄει
1218 825 1382 876 τῇμελῳδία
1392 849 1399 857 ·
1414 825 1464 867 καί
1475 841 1501 867 εί
1509 849 1534 866 τι
1551 825 1651 875 μεταξὺ
1665 825 1749 874 λέγων
1761 825 1873 865 ἐπεδιδάη

1103 895 1196 918 σκετο,
1215 887 1323 921 ὑπέχων
1341 887 1380 921 τῷ
1401 886 1593 921 πνευματικῶς
1610 885 1750 921 ὲνηχοῦντι
1771 884 1816 919 τὴν
1831 885 1874 917 τῆς

1101 931 1189 966 ψυχῆς
1203 931 1297 965 ἀκοὴν,
1311 932 1357 958 καὶ
1372 930 1562 964 κατασιγάζων
1572 930 1602 957 τὸ
1623 930 1713 964 μέλος,
1727 928 1762 956 ὢν
1775 929 1806 956 ἂν
1816 929 1875 963 πλή-

1105 985 1152 1012 ρης
1164 977 1272 1010 ἐγένετο
1290 977 1442 1012 νοημάτων,
1463 976 1548 1002 ταῦτα
1573 975 1675 1011 διεξῄει
1688 976 1766 1002 πάλιν
1777 975 1875 1010 ἐνείρων

1101 1024 1135 1057 τῇ
1152 1022 1269 1058 μελῳδίᾳ
1282 1023 1345 1053 τοὺς
1360 1022 1463 1056 λόγους.
1486 1023 1577 1048 Ἔστιν
1590 1020 1636 1048 οὖν
1649 1022 1679 1048 τὸ
1691 1021 1832 1055 διάψαλμα,
1844 1019 1876 1050 ὡς

1102 1067 1135 1094 ἄν
1147 1076 1189 1098 τις
1213 1068 1268 1102 ὅρῳ
1283 1067 1436 1102 περιλαϐὼν
1455 1067 1537 1099 εἴποι,
1552 1067 1652 1102 μεταξὺ
1671 1067 1719 1101 τῆς
1733 1063 1890 1100 ψαλμῳδὶαἷ

1103 1113 1235 1148 γενομένη
1251 1113 1320 1139 κατὰ
1335 1113 1364 1139 τὸ
1379 1112 1474 1148 ἀθρόον
1487 1113 1669 1148 ὲπηρέμησις,
1679 1113 1745 1147 προς
1757 1109 1876 1144 ὑποδοχὴν

1102 1158 1149 1185 τοῦ
1162 1158 1251 1185 θεόθεν
1270 1157 1477 1194 ὲπικρινομένου
1492 1158 1637 1193 νοήματος.
1655 1158 1690 1184 Ἦ
1702 1157 1770 1183 sicut
1787 1155 1877 1191 μᾶλλον

1103 1205 1136 1231 ἄν
1151 1213 1192 1236 τις
1205 1204 1327 1240 ὁρίσαιτο
1341 1203 1372 1230 τὺ
1385 1203 1523 1238 διάψαλμα
1535 1201 1603 1230 εἷναι
1628 1202 1797 1230 διδασκαλίαν
1811 1200 1876 1235 παρὰ

1103 1250 1149 1276 τοῦ
1168 1249 1322 1284 Πνεύματος
1341 1250 1373 1284 τῇ
1389 1250 1462 1284 ψυχῇ
1483 1248 1593 1275 κατὰτὸ
1612 1249 1765 1285 ἀπόρρητον
1783 1249 1876 1281 ἐγγινο-

1105 1295 1248 1331 μένην,τῆς
1264 1295 1328 1330 περὶ
1342 1295 1370 1321 τὸ
1383 1295 1471 1330 νόημα
1487 1294 1565 1321 τοῦτο
1576 1294 1714 1329 προσοχῆς
1725 1293 1754 1320 τὸ
1781 1291 1876 1327 συνεχὲς

1102 1342 1152 1376 τῆς
1167 1340 1298 1376 μελῳδίας
1312 1340 1518 1375 ὲπικοπτούσης.
1549 1341 1592 1372 Ὠς
1610 1340 1631 1366 δ’
1645 1340 1679 1367 ἂν
1701 1339 1738 1374 μὴ
1751 1336 1877 1373 νομισθείη

1102 1389 1158 1418 τοῖς
1173 1386 1278 1418 πολλοῖς
1292 1388 1403 1421 σημεῖον
1418 1385 1538 1420 γίνεσθαι
1561 1386 1610 1421 τὴν
1626 1385 1732 1420 σιωπὴν
1743 1383 1787 1410 τοῦ
1800 1382 1878 1409 ἐπιλε-

1103 1433 1225 1459 λοιπέναι
1239 1432 1283 1458 τὸν
1297 1431 1500 1467 προφητεύοντα
1514 1431 1565 1466 τὴν
1581 1431 1627 1457 τοῦ
1643 1431 1721 1464 ἁγίου
1735 1430 1880 1463 Πιεὺματος

267 1482 385 1509 ctionem
403 1481 565 1515 interrupta.
592 1484 622 1507 ut
639 1481 778 1508 silentium
794 1481 845 1508 Itoc
857 1481 964 1509 dederit
982 1482 1051 1508 mul-

1104 1479 1215 1514 δύναμιν
1225 1499 1232 1511 ,
1251 1478 1345 1504 τούτου
1358 1477 1438 1512 χάριν
1451 1477 1522 1508 τινὲς
1537 1477 1591 1503 τῶν
1611 1477 1754 1513 ἑρμηνέων
1769 1475 1824 1502 ἀντὶ
1839 1472 1880 1499 τοῦ

267 1526 303 1554 tis
326 1526 500 1553 occasionem
520 1525 712 1558 existimandi,
730 1526 892 1562 prophetam
915 1534 930 1553 a
953 1526 1053 1554 virtute

268 1570 387 1606 Spiritus
401 1571 488 1598 sancti
502 1571 663 1598 destitutum
679 1571 775 1600 fuisse.
793 1572 926 1605 Quocirca
941 1572 1051 1606 quidam

267 1618 432 1653 interpretes
456 1617 516 1644 loco
536 1617 723 1652 diapsalmatis
743 1618 884 1645 ascribunt
897 1617 1053 1652 hujusmodi

268 1662 431 1694 intervallis,
445 1669 493 1690 seu
507 1662 604 1696 spatiis
619 1662 792 1695 vocabulum,
814 1672 823 1688 ε
843 1662 966 1697 Semper,
988 1671 998 1687 ι
1025 1665 1054 1689 ut

267 1717 300 1737 ex
322 1709 373 1736 hoc
395 1708 545 1741 discamus,
571 1708 651 1736 istam
672 1715 687 1734 a
706 1709 811 1744 Spiritu
836 1713 932 1736 sancto
955 1709 1053 1735 animae

267 1755 420 1783 immissam
440 1754 592 1782 doctrinam
607 1761 715 1788 semper
728 1754 882 1787 exstitisse;
900 1761 1052 1782 sermonem

267 1808 334 1828 vero
347 1801 394 1836 qui
410 1800 489 1828 nobis
507 1799 628 1834 explicat
645 1807 725 1827 sensa
739 1799 874 1826 divinitus
890 1799 988 1826 animae
1004 1799 1055 1825 int-

268 1853 374 1881 pressa,
395 1853 450 1872 non
469 1851 578 1880 semper
592 1843 687 1871 fuisse.
710 1843 844 1871 Caeterum
866 1844 963 1876 partim
991 1843 1052 1878 qui-

268 1893 329 1919 dem
354 1891 453 1918 mentis
477 1897 558 1918 sensa
580 1889 713 1924 propheta
741 1889 932 1924 eloquebatur,
957 1888 1054 1923 partim

268 1935 322 1961 alia
339 1934 447 1961 coalitus
461 1933 624 1968 excipiebat.
642 1932 783 1965 Quatenus
798 1933 881 1968 igitur
894 1933 1028 1961 el'fabatur
1040 1940 1054 1959 a

271 1980 325 2007 Deo
337 1981 486 2015 impressas
499 1979 552 2007 sibi
568 1979 708 2011 notiones.
723 1980 889 2015 procedebat
901 1988 954 2007 non
975 1979 1104 2008 intercisa
1127 1981 1198 2008 serie
1213 1980 1380 2016 psalmodia;

1099 1525 1282 1559 διαψάλματος
1295 1524 1325 1550 τὸ
1340 1533 1348 1548 ι
1361 1524 1416 1550 Ἀεὶ
1429 1533 1438 1549 ι
1456 1524 1512 1554 τοῖς
1539 1523 1716 1558 διαλείμμασι
1733 1521 1832 1552 τούτοις
1845 1520 1882 1552 ὲγ-

1101 1570 1260 1604 γράφουσιν.
1283 1569 1326 1600 Ὠς
1353 1568 1386 1594 ἂν
1412 1568 1456 1594 διὰ
1484 1568 1578 1595 τούτου
1594 1568 1737 1603 μάθοιμεν,
1753 1567 1792 1593 ὅτι
1805 1567 1821 1600 ἡ
1839 1564 1882 1600 μὲν

1105 1614 1181 1649 παρὰ
1203 1613 1249 1640 τοῦ
1273 1613 1351 1647 ἁγίου
1368 1613 1524 1648 Πνεύματος
1547 1613 1576 1639 ὲν
1597 1615 1630 1648 τῇ
1646 1613 1718 1649 ψυχῇ
1736 1609 1882 1639 διδασκαλία

1102 1660 1215 1686 πάντοτε
1232 1656 1266 1694 ἦν
1279 1667 1285 1673 ·
1310 1660 1324 1685 ὁ
1338 1658 1365 1684 δὲ
1389 1658 1547 1694 ἑρμηνεύων
1569 1658 1602 1685 τὰ
1626 1659 1789 1693 ὲγγινόμενα
1801 1655 1883 1683 θεόθεν

1103 1706 1136 1740 τῇ
1153 1705 1226 1740 ψυχῇ
1239 1705 1361 1740 νοήματα
1377 1704 1463 1738 λόγος,
1477 1705 1506 1730 οὒ
1520 1705 1632 1731 πάντοτε
1646 1703 1690 1741 ἦν’
1709 1703 1776 1732 ἀλλὰ
1796 1702 1824 1728 τὸ
1841 1701 1883 1735 μὲν

1105 1749 1232 1785 ὲξεφώνει
1246 1751 1295 1786 τῆς
1321 1750 1455 1780 διανοίας,
1476 1749 1507 1775 τὸ
1523 1750 1550 1776 δὲ
1569 1750 1723 1785 ὑπεδέχετο.
1749 1749 1790 1774 Ἑν
1841 1745 1884 1781 μὲν

1105 1794 1151 1822 οὖν
1167 1795 1312 1831 ἐξηγόρευε
1334 1795 1368 1821 τά
1387 1794 1573 1821 ὲντυπωθέντα
1588 1796 1620 1830 τῇ
1634 1794 1739 1829 διανοίᾳ.
1760 1793 1882 1827 νοήματα,

1106 1839 1220 1875 προσῄει
1231 1839 1263 1866 δι’
1281 1838 1427 1865 ἀκολούθου
1442 1838 1625 1874 ήψαλμῳδίαο
1645 1840 1672 1865 εί
1683 1839 1711 1866 δέ
1723 1846 1749 1864 τι
1763 1836 1814 1864 τῶν
1826 1834 1884 1860 θειο-

1106 1887 1191 1921 τέρων
1204 1885 1286 1912 αὐτοῦ
1302 1884 1351 1920 τὴν
1361 1885 1410 1920 τῆς
1426 1884 1515 1919 ψυχῆς
1536 1884 1620 1919 ἀκοὴν
1641 1884 1818 1920 περιήχησεν,
1832 1879 1883 1909 ὅλος

1107 1933 1156 1967 τῆς
1167 1933 1324 1968 ἀκροάσεως
1338 1930 1381 1968 ἦν,
1397 1932 1586 1966 κατασιγάζων
1599 1931 1629 1958 τὸ
1642 1932 1732 1967 μέλος.

1422 1980 1445 2007 si
1465 1980 1528 2015 quid
1555 1987 1618 2006 vero
1649 1988 1681 2007 cx
1715 1974 1884 2006 diviniuribus

270 2028 353 2055 rebus
374 2027 496 2054 auditum
516 2026 616 2054 mentis
638 2026 866 2060 circumsonaret,
887 2032 972 2055 totum
1010 2035 1071 2055 sese
1091 2028 1123 2056 ad
1140 2027 1350 2055 auscultandum
1369 2035 1401 2054 co
1414 2027 1557 2061 i-parabat,
1575 2027 1734 2054 intermisso
1765 2028 1853 2052 cantu.

305 2074 333 2102 Si
349 2074 442 2109 igitur,
463 2072 567 2108 Spiritu
582 2077 679 2100 sancto
693 2073 775 2101 etiam
790 2074 850 2109 ipso
863 2075 1053 2103 silentii-tem-

270 2127 336 2155 pore
352 2119 379 2145 in
401 2125 435 2146 eo
451 2119 588 2153 ioquente,
607 2117 696 2145 oratio
714 2118 794 2152 quasi
817 2118 991 2146 intervallum
1008 2121 1056 2147 Ita-

270 2165 352 2193 bebat
375 2163 560 2200 (intervallum
585 2167 676 2191 autem
701 2163 736 2190 ab
756 2163 952 2199 interpretibus
967 2167 1054 2193 nomi-

1147 2075 1202 2102 Ἂεὶ
1212 2075 1300 2101 τοίνυν
1322 2074 1369 2100 τοῦ
1384 2074 1461 2108 ἁγίου
1471 2073 1626 2108 Πνεύματος
1637 2074 1684 2100 καὶ
1700 2071 1774 2107 παρὰ
1787 2070 1830 2097 τὸν
1844 2069 1883 2103 τῆς

1108 2121 1214 2156 σιωπῆς
1231 2120 1326 2156 καιρὸν
1342 2121 1370 2146 ἐν
1394 2119 1468 2154 αὐτῷ
1485 2120 1646 2151 λαλοῦντος,
1668 2121 1682 2146 ό
1697 2118 1775 2152 λόγος
1794 2118 1821 2142 ὲν
1835 2115 1885 2141 δια-

1107 2168 1253 2203 λείμμασιν
1272 2164 1306 2201 ἦν
1323 2165 1371 2200 (τὸ
1387 2165 1414 2191 δὲ
1433 2165 1581 2200 διάλειμμα
1598 2164 1674 2200 παρά
1692 2163 1747 2190 τῶν
1764 2163 1888 2198 ἑρμηνευ-

269 2215 364 2239 natum
376 2215 419 2239 est
445 2220 454 2237 ι
470 2210 621 2246 diapsalma
640 2211 674 2246 ι),
692 2210 846 2246 divisioque
866 2212 949 2239 totius
969 2212 1051 2248 hujus

1108 2215 1211 2242 σάντων
1235 2212 1380 2248 ὠνομάσθη
1404 2211 1638 2246 διάψαλμαγτῆς
1659 2211 1689 2237 δὲ
1714 2206 1886 2243 θεωρηθείσης

271 2258 332 2286 libri
346 2258 373 2285 in
391 2258 513 2293 quinque
527 2262 617 2292 partes
636 2257 776 2285 distributi
797 2261 871 2285 recte
887 2265 902 2284 a
918 2258 998 2286 nobis
1014 2259 1055 2286 in-

270 2304 366 2332 stituta
383 2308 435 2335 est,
454 2303 548 2330 licebit
563 2310 629 2330 sane
645 2310 677 2329 ex
695 2302 737 2330 his
751 2302 834 2330 etiam
856 2302 1055 2337 demonstrare,

269 2352 362 2376 veram
383 2355 444 2375 esse
460 2349 591 2374 rationem
610 2355 694 2382 quam
706 2347 846 2381 dedimus;
858 2348 929 2383 quod
942 2349 1057 2382 Scilicet,

271 2394 350 2429 quasi
368 2393 572 2421 introductionc
586 2393 703 2428 quadam
720 2402 829 2429 semper
851 2394 884 2422 ad
899 2395 1058 2423 sublimiora

271 2448 320 2475 per
329 2440 479 2475 quamlibet
492 2440 641 2467 sectionem
663 2440 789 2474 ducatur,
808 2441 966 2476 quicunque
986 2442 1059 2476 psal-

274 2493 379 2513 morum
406 2485 538 2520 auspiciis
569 2486 602 2512 ad
630 2486 826 2521 perfectionem
859 2488 966 2514 nititur.
996 2487 1058 2514 Sola

273 2532 346 2559 enim
365 2533 460 2559 ultima
479 2533 646 2568 psalmorum
667 2533 752 2560 sectio
768 2533 802 2560 ab
822 2533 900 2560 initio
920 2542 1007 2568 usque
1025 2535 1057 2561 ad

274 2578 353 2605 ﬁnem
377 2578 536 2606 continuam
564 2579 711 2613 quamdam
738 2583 765 2606 ct
792 2587 846 2606 non
876 2579 1056 2614 interruptam

274 2624 448 2660 hymnodiatn
463 2625 595 2656 continet,
619 2629 646 2652 et
667 2632 799 2659 nusquam
818 2625 997 2660 diapsalmate
1019 2626 1060 2652 in-

273 2672 411 2702 tcrcisam,
430 2675 459 2698 ut
476 2670 566 2698 videre
579 2675 622 2697 cst
639 2670 665 2696 in
688 2671 815 2696 ouuiibus
834 2671 977 2705 graduum,
999 2679 1059 2705 qua:

274 2720 373 2744 vocant
393 2717 520 2748 canticis,
537 2720 563 2743 et
585 2717 612 2742 in
630 2716 673 2746 iis,
698 2724 815 2750 qttorunt
841 2717 984 2752 inscriptio
1008 2721 1061 2748 est,

279 2772 286 2786 ι
300 2762 421 2789 Alleluia.
440 2772 449 2788 ι
466 2761 628 2789 Ostenditur
646 2762 731 2793 enim,
747 2766 776 2788 ut
792 2762 920 2794 arbitror,
943 2762 993 2789 hac
1014 2762 1062 2789 0|)-

275 2808 440 2841 sct'ratione,
461 2807 487 2834 in
503 2807 564 2835 aliis
581 2807 700 2842 quidem,
721 2812 750 2834 ttt
767 2807 951 2840 inferioribus,
972 2808 1060 2835 locum

1109 2263 1174 2297 ἡμῖν
1194 2259 1351 2296 διαιρέσεως
1374 2259 1402 2284 ὲν
1420 2259 1493 2293 πάσῃ
1517 2259 1550 2293 τῇ
1573 2257 1655 2293 βίὸλῳ
1676 2257 1726 2292 τῆς
1740 2252 1886 2291 ψαλμῳδίας

1110 2305 1181 2343 [sic]
1196 2305 1315 2340 πενταχῆ
1329 2304 1507 2340 διῃρημένης,
1518 2303 1628 2330 δυνατόν
1636 2304 1694 2330 ἐστι
1704 2302 1751 2329 καὶ
1760 2299 1887 2328 ἐκτούτων

1107 2351 1194 2386 ἀληθῆ
1209 2351 1259 2386 τὴν
1284 2350 1374 2376 αἰτίαν
1399 2348 1601 2383 ἀποδειχθῆναι,
1622 2349 1654 2383 ἣν
1676 2348 1834 2383 ὲνοήσαμιεν.
1853 2343 1887 2369 ὅτι

1106 2397 1150 2424 διά
1171 2404 1243 2428 τινος
1268 2394 1452 2431 προσαγωγῆς
1468 2394 1511 2421 ἀεὶ
1533 2395 1600 2429 πρὸς
1625 2394 1655 2420 τὸ
1681 2393 1842 2428 ὑψηλότερον
1859 2388 1880 2414 δι

1108 2443 1222 2470 ἑκάστου
1242 2442 1296 2468 τῶν
1319 2441 1471 2476 τμημάτων
1496 2441 1706 2477 χειραγωγεῖται
1727 2440 1741 2466 ὁ
1763 2437 1796 2464 δι’
1816 2433 1888 2462 αὑτὸν

1108 2488 1299 2524 ὁδηγούμενος.
1316 2488 1404 2515 Μόνον
1425 2487 1480 2523 γὰρ
1503 2487 1658 2514 τελευταῖον
1674 2486 1728 2511 τῶν
1747 2481 1888 2518 τμημάτων

1110 2535 1157 2562 ἀπ’
1181 2535 1268 2569 ἀρχῆς
1286 2535 1325 2565 είς
1339 2533 1413 2565 τέλος
1434 2534 1476 2568 ἐφ’
1492 2532 1606 2559 ἑκάστου
1624 2530 1732 2566 ψαλμοῦ
1755 2527 1848 2562 συνεχῆ
1863 2531 1888 2549 τε

1112 2581 1157 2608 καὶ
1173 2580 1353 2607 ἀδιάσπαστον
1364 2579 1413 2614 τὴν
1428 2578 1563 2613 ὑμνῳδίαν
1576 2577 1641 2613 ἔχει,
1655 2574 1772 2610 οὐδαμοῦ
1782 2574 1888 2606 διαίρων

1113 2626 1196 2661 μένην
1212 2625 1250 2660 τῷ
1273 2625 1447 2660 διαψάλματι.
1477 2624 1514 2649 "ll
1530 2632 1559 2650 τε
1574 2624 1628 2659 γὰρ
1643 2623 1684 2657 ἐφ’
1705 2615 1890 2668 ἑκάστου-τίὲν

1112 2671 1277 2706 ἀναϐαθμῶν
1299 2671 1354 2705 ᾠδὴ
1384 2669 1478 2696 τοῦτον
1505 2669 1562 2703 ἔχει
1584 2669 1629 2694 τὸν
1653 2667 1767 2702 τρόπον,
1793 2664 1838 2690 καὶ
1857 2664 1890 2686 ὼν

1112 2715 1250 2749 ἐπιγραφή
1266 2715 1323 2740 ἐστι
1340 2714 1370 2740 τὸ
1385 2723 1394 2739 α
1412 2713 1579 2748 ’Λλληλούῖα
1595 2723 1602 2738 ι
1619 2712 1762 2738 Δείκνυται
1775 2709 1836 2743 γὰρ,
1857 2706 1891 2736 ὡς

1112 2759 1199 2795 οἶμαι,
1222 2760 1266 2786 διὰ
1285 2760 1334 2794 τῆς
1356 2758 1483 2794 τοιαύτης
1500 2760 1728 2794 παρατηρήσεως,
1746 2757 1786 2783 ὅτι
1803 2756 1830 2781 ἰν
1847 2751 1891 2787 μὲν

1111 2808 1166 2838 τοῖς
1183 2806 1287 2837 ἄλλοις,
1316 2806 1363 2832 iit:
1384 2805 1416 2840 δὴ
1440 2805 1600 2840 κατωτέροις
1623 2802 1691 2835 οὖσι,
1709 2802 1798 2838 χώραν
1813 2800 1863 2834 ἕλει
1878 2798 1891 2823 6
