1986 3080
149 102 202 130 537

851 106 885 135 ιΝ
905 107 1072 136 PSALMOS.

1725 111 1777 140 ω

149 161 185 187 τά
198 160 350 195 ὑψηλότερα
375 161 577 190 ὲπεκδιδάσκων
602 165 742 200 νοήματα,
766 166 813 192 καὶ
841 166 931 200 μεταξί

992 167 1093 194 habere
1107 166 1153 201 qui
1172 166 1332 192 sublimiora
1349 166 1473 199 edoceat,
1491 174 1682 202 sermonisque
1697 168 1777 194 seriei

150 207 319 242 παρενείρων
338 209 372 243 τῇ
389 208 534 245 ἀκολουθίᾳ
560 211 606 237 τοῦ
632 210 711 245 λόγου
739 211 794 238 τῶν
816 211 884 246 πρὸς
907 211 938 237 τδ

150 253 273 287 κρεῖττον
295 251 451 288 δυναμένων
469 255 615 289 ἀναγαγεῖν
634 256 685 291 τὴν
696 256 823 283 διάνοιαν.
858 256 890 282 Ἦ
910 256 938 283 δὲ

148 296 192 324 διὰ
200 297 254 324 τῶν
267 307 277 323 ‹
289 298 466 334 Ἀναὸαθμῶν
479 310 489 326 ι
509 301 657 335 τελείωσις,
676 302 723 329 καὶ
736 299 776 333 οἷς
791 302 936 337 προγραφή

146 343 207 369 ἐστι
227 343 257 370 τὸ
275 353 284 370 ι
305 344 478 380 Ἀλληλούῐα,
497 354 506 372 ι
525 346 574 373 ἅτε
588 346 620 382 δὴ
639 348 686 374 τοῦ
706 347 857 382 ἀκροτάτου
883 347 937 374 τῶν

149 390 217 425 πρὸς
239 390 270 416 τὺ
295 391 396 425 ἀγαθὸν
410 393 563 427 νοουμένων
582 393 768 429 ὲπειλημμένη
780 414 787 426 ,
810 394 938 429 οὐδεμιᾶς

147 436 308 472 προσθήκης
319 437 393 464 ἐστὶν
402 437 520 473 ἐπιδεὴς,
530 438 598 474 αὑτὴ
608 439 637 464 ἐν
647 439 729 474 ἐαυτῇ
742 439 786 465 διὰ
795 439 884 475 πάσης
893 449 939 466 κα-

151 482 318 516 τηρτισμένη
330 482 379 516 τῆς
388 482 416 509 ἐν
429 483 467 517 τῷ
477 483 571 518 ἀγαθῷ
581 483 747 517 τελειώσεως
756 493 762 499 ·
773 485 842 520 ὅπερ
849 485 881 521 δὴ
891 486 938 512 καὶ

144 527 163 560 ἡ
172 525 277 553 διάνοια
286 527 440 563 ἐπιγραφῆς
447 528 491 554 ἐπὶ
499 528 601 555 τούτων
611 529 862 565 μαρτύρεται,αἶνον
870 531 936 558 Θεοῦ

146 571 177 597 τὸ
195 572 471 607 ὑπερκείμενονάπαν
483 574 713 610 κατονομάζουσα.
728 577 833 611 Ὥσπερ
847 577 901 613 γὰρ
919 579 935 613 ἡ

146 616 219 643 κατὰ
234 617 283 649 τὰς
293 618 400 653 ἡλικίας
419 619 473 646 τῶν
491 621 625 655 σωμάτων
645 622 784 657 ἁναδρομὴ
800 623 862 658 ὅρον
879 623 935 659 ἔχει

146 662 178 688 τὸ
186 663 234 697 τῆς
245 663 351 697 φύσεως
361 665 500 700 στάσιμον,
511 666 568 700 μεθ’
579 667 647 702 ὂτὴν
660 668 705 694 ἐπὶ
714 668 744 694 τὸ
753 668 843 703 μεῖζον
856 678 937 705 προσ-

144 708 235 743 θήκην
249 710 279 736 οὺ
297 711 492 746 παραδέχεται,
510 712 565 738 ἀλλ’
581 714 609 739 ἐν
626 713 714 748 ἑαυτῷ
729 714 851 749 διαμένει
868 716 935 751 πρὸς

145 755 235 781 πάντα
254 755 299 782 τὸν
321 757 467 784 ὑπόλοιπον
492 758 602 793 χρόνονν
619 759 706 791 οὕτως
730 761 788 787 ἐστὶ
817 762 862 787 καὶ
882 762 936 788 τῶν

145 800 226 827 θείων
240 801 411 837 διδαγμάτων
424 803 537 838 αὗξησίς
551 813 581 830 τε
597 806 643 831 καὶ
656 806 760 838 στάσις,
774 807 807 832 δι’
825 804 862 832 ὧν
873 807 935 838 τούς

992 216 1019 240 et
1035 211 1125 239 ordini
1140 211 1288 246 interjieiat
1301 218 1333 238 ea
1349 219 1409 246 qua:
1422 217 1538 240 mentem
1555 213 1590 240 ad
1602 213 1713 240 meliora
1727 213 1778 240 ele-

991 262 1056 284 vare
1071 262 1098 285 et
1115 257 1267 285 subducere
1293 262 1417 291 possunt.
1445 258 1479 284 At
1495 266 1558 286 vero
1580 268 1589 284 ι
1609 258 1747 286 Graduum
1764 267 1774 284 I

991 302 1232 335 consummationi,
1249 306 1278 329 et
1300 296 1402 338 quibus
1424 312 1434 328 ι
1451 304 1576 336 Alleluia,
1596 314 1605 330 ι
1625 304 1777 339 praescribi-

991 352 1046 379 tur,
1065 352 1194 383 tanquam
1220 348 1252 374 ad
1272 355 1409 375 summum
1429 349 1551 376 omnium
1574 350 1706 377 bonorum
1720 353 1778 377 cut-

991 402 1053 421 men
1074 394 1130 429 jam
1149 395 1312 429 progressis.
1331 396 1408 422 nullo
1425 395 1610 423 additamento
1634 404 1702 431 opus
1722 401 1774 426 est,

991 440 1064 467 velut
1083 440 1110 466 in
1127 440 1292 474 seipsisjam
1307 441 1382 468 omni
1397 441 1531 468 bonorqu
1551 442 1630 475 copia
1649 441 1776 476 perfectis

990 489 1016 512 et
1028 485 1162 512 absolutis
1175 495 1181 512 :
1195 486 1268 520 quod
1284 492 1310 513 et
1325 488 1382 520 ipse
1394 494 1493 514 sensus
1505 487 1700 522 inscriptionis,
1716 496 1777 522 qua:

991 530 1034 557 his
1050 531 1210 565 prteligitnr,
1228 532 1338 565 planum
1362 531 1437 565 facit,
1458 539 1521 559 cum
1543 536 1628 558 totum
1646 533 1717 567 quod
1733 541 1776 559 so-

990 576 1094 610 quitur,
1111 576 1219 603 laudem
1241 576 1286 603 Dei
1303 577 1435 604 nominat.
1454 577 1688 610 Quemadmodum
1702 579 1775 606 cnim

990 629 1134 656 corporum
1154 630 1202 657 per
1218 627 1312 650 aetates
1331 624 1530 651 incrementum
1550 625 1695 651 terminum
1721 629 1777 652 sta-

990 668 1070 695 bilem
1085 676 1099 694 ι
1112 672 1208 695 natura
1222 669 1404 703 praestitutum
1417 669 1509 701 habet,
1524 674 1586 704 post
1598 678 1679 704 quem
1693 670 1777 704 majo-

990 713 1028 740 ris
1042 714 1180 748 augmenti
1196 721 1248 740 non
1266 719 1308 740 est
1325 714 1440 748 amplius
1457 721 1553 748 capax,
1570 715 1617 741 sed
1630 718 1688 741 toto
1701 715 1775 742 inse-

989 759 1082 793 quenti
1096 764 1219 793 tempore
1232 760 1258 785 in
1277 759 1371 786 eodem
1386 764 1458 787 statu
1476 765 1576 787 manet:
1594 761 1633 787 sic
1644 761 1726 788 etiam
1740 761 1778 787 di-

991 805 1061 832 vinae
1074 805 1206 832 doctrina:
1221 810 1247 832 ct
1271 805 1451 833 institutionis
1471 805 1668 833 incrementum
1688 807 1776 842 quod-

144 855 174 872 τε
189 847 334 882 νηπιὼδεις
348 849 395 874 καὶ
410 849 513 881 ἀτελεῖς
536 850 586 885 τὴν
600 851 717 878 διάνοιαν
730 853 790 883 ταῖς
802 853 931 887 καταλλή-

991 850 1053 877 dam
1074 855 1115 878 est
1131 855 1159 877 et
1175 855 1273 877 status.
1298 850 1416 879 Infantes
1438 852 1510 878 enim
1534 852 1623 879 adhuc
1643 857 1670 879 et
1685 853 1775 879 animo

145 890 201 924 λοις
215 895 328 928 τροφαῖς
340 894 530 930 τιθηνουμένη,
556 896 599 923 διὰ
613 897 749 931 γάλακτός
763 906 792 923 τε
812 899 859 924 καὶ
879 898 934 925 τῶν

143 938 284 972 τοιούτων,
298 940 345 966 καὶ
359 941 398 972 εἰς
420 940 533 976 αὔξησιν
548 942 621 975 ἄγει,
632 943 746 974 καὶτοῖς
763 943 812 979 ἤδη
821 944 935 976 τελείοις

143 985 195 1020 τὴν
207 985 321 1021 στερεὰν
337 987 478 1022 προτίθησι
489 988 639 1023 τράπεζαν,
656 990 713 1021 τοῖς
727 989 770 1016 διὰ
780 989 834 1016 τῶν
848 990 934 1016 ἀλλων

144 1031 313 1067 μαθημάτων
321 1033 554 1068 προγυμνασθεῖσι
562 1034 595 1061 τὰ
602 1034 651 1070 τῆς
660 1035 747 1070 ψυχῆς
760 1035 932 1072 αἰσθητήρια.

148 1117 152 1124 λ
179 1123 284 1150 Οὐκοῦν
292 1123 324 1150 τὸ
336 1123 461 1159 μηδαμοῦ
473 1125 567 1159 χρείαν
577 1125 715 1158 γενέσθαι,
728 1125 799 1151 κατὰ
811 1125 841 1151 τὸ
854 1125 934 1160 ἐσχα-

142 1178 190 1196 τον
204 1168 309 1202 τμῆμι,
324 1169 371 1196 τοῦ
395 1170 424 1196 ἐν
448 1170 615 1206 διαψάλματι
640 1171 693 1197 τῶν
718 1171 891 1206 ὑψηλοτέρων
907 1179 933 1197 τι

142 1214 289 1249 νοημάτων
295 1213 484 1250 ἐκδιδαχθῆναι
495 1215 540 1242 τὸν
554 1216 696 1251 ὑποφήτην
705 1216 752 1242 τοῦ
764 1216 931 1251 Πνεῦματος,

144 1260 230 1294 σαφὲς
242 1259 276 1287 ἂν
290 1260 332 1295 εἴη
345 1261 494 1297 τεκμήριον
510 1261 555 1288 τὸν
571 1262 634 1297 περὶ
648 1262 742 1288 τούτου
755 1262 833 1295 λόγον
849 1271 933 1288 κατα-

142 1305 248 1340 νοῆσαι,
265 1305 417 1341 προσθέντα
429 1307 519 1333 ὲκεῐνα
535 1306 583 1342 τῆς
594 1306 753 1341 ψαλμῳδῖας
766 1307 800 1333 τὰ
814 1307 884 1342 μέρη
899 1307 933 1333 τὰ

141 1351 322 1387 διεσταλμένα
343 1351 382 1387 τῷ
401 1351 574 1387 διαψάλματι.
602 1353 645 1379 Ἐν
660 1352 698 1387 τῷ
715 1352 769 1387 γὰρ
788 1352 871 1388 τρίτῳ
884 1352 932 1388 τὴν

143 1397 291 1432 γενομένην
310 1398 342 1424 ἐκ
365 1397 414 1433 τῆς
431 1397 607 1433 τῶνέχθρῶν
629 1399 838 1429 ἐπαναστάσεως
858 1397 932 1432 αὐτῷ

143 1444 257 1477 συνοχήν
269 1452 299 1469 τε
314 1444 360 1470 καὶ
377 1443 530 1478 ἀμηχανίαν
545 1442 694 1479 προειπὼν,
708 1441 767 1469 εἶτα
779 1443 932 1474 διαστείλας

141 1488 172 1515 τὸ
187 1489 268 1524 μέρος
279 1488 318 1524 τῷ
331 1489 505 1524 διαψάλματι,
527 1489 576 1524 τὴν
602 1490 734 1525 σωτήριον
749 1489 856 1524 ἐκείνην
872 1497 931 1523 φω-

140 1534 191 1570 νὴν
216 1523 402 1570 ἐπιθαρσήσας
482 1523 598 1562 κατάγτὸ
619 1523 773 1570 ἀπόρρητον
793 1523 867 1569 αὐτῷ
889 1535 930 1560 ἐν·
945 1523 966 1550 C

140 1580 284 1615 ηχήσαντι,
300 1580 342 1606 ὃτι
362 1588 371 1604 ε
391 1580 426 1606 Σὺ
441 1580 480 1611 δὲ,
498 1579 599 1614 Κύριε,
615 1579 789 1615 ἁντιλήπτωρ
818 1588 867 1614 μου
895 1577 929 1608 εἴ,

139 1627 204 1659 δόξα
229 1626 348 1662 pomata}.
371 1625 445 1661 ὑψῶν
464 1626 514 1661 τὴν
530 1626 651 1660 χειραλήν
673 1633 733 1660 μου·
755 1635 764 1650 ι
794 1625 876 1651 πάλιν
901 1625 930 1650 ἐν

139 1672 314 1707 διαλείμματι
328 1671 376 1706 τὴν
394 1671 526 1706 μελῳδίαν
547 1671 677 1705 ποιήσας,
700 1672 768 1705 μετά
788 1669 836 1704 τὴν
850 1670 931 1704 εὐχά-

141 1726 233 1754 ριστον
250 1716 365 1752 ἐκείνην
378 1718 470 1752 φωνὴν
490 1716 522 1751 ἥν
544 1716 689 1750 πεποίηται
703 1715 800 1749 λέςων·
828 1725 836 1739 ι
852 1715 929 1750 Φωνῇ

143 1773 193 1800 μου
207 1763 276 1799 πρὸς
292 1762 394 1798 Κύριον
417 1762 572 1797 ἐκέκραξα,
595 1762 643 1788 καὶ
665 1761 802 1796 ἐπήκουσέ
830 1770 880 1796 μου
901 1762 930 1795 ἐξ

139 1812 219 1846 ὅρους
234 1810 311 1844 ἁγίου
323 1808 416 1836 αὑτοῦ·
435 1818 444 1833 ι
461 1808 615 1834 διδάσκεται
629 1807 668 1839 τίς
686 1808 744 1833 ἐστι
768 1807 817 1842 τῆς
837 1807 931 1842 κοινῆς

139 1857 194 1883 τῶν
214 1855 391 1892 ἀνθρωπίνων
413 1855 505 1881 κακῶν
519 1853 675 1889 ἀμηχανίας
697 1855 714 1889 ἡ
728 1853 815 1885 λύσις.
832 1854 888 1880 Καὶ
900 1854 931 1880 τὸ

141 1901 211 1928 κατά
237 1901 268 1928 τὸ
291 1899 376 1932 πάθος
402 1899 449 1927 τοῦ
478 1899 580 1934 Κυρίου
609 1898 756 1934 μυστήριον
781 1898 929 1933 διδαχθεὶς,

140 1949 170 1974 ὲν
197 1947 230 1981 τῇ
266 1945 399 1981 γενομένῃ
427 1945 498 1971 κατὰ
527 1944 557 1971 τὸ
588 1944 685 1979 ἀθρόον
718 1944 850 1979 ἐλλάμψει
884 1943 930 1970 τοῦ

139 1992 308 2027 Πνεὺμειτος,
324 1991 389 2018 αὐτὸ
402 1990 432 2017 τὺ
448 1990 591 2025 πρόσωπον
602 1989 633 2016 τδ
640 1989 804 2016 Δεσποτικδν
818 1989 930 2015 ὑποδύε-

138 2048 194 2069 ται,
211 2039 256 2066 καί
271 2046 362 2073 φησιν·
380 2047 388 2064 ι
408 2036 479 2071 Ἐγὼ
498 2035 648 2072 ὲκοιμήθην
669 2036 716 2063 καὶ
735 2035 848 2062 ﬁmum
861 2044 868 2051 ·
883 2035 928 2068 ἐξ-

138 2085 270 2120 ηγέρθην,
297 2085 337 2111 ὅτι
357 2083 458 2118 Κύριος
477 2081 650 2117 ἀντιλήψεται
670 2089 731 2116 μου.
751 2091 760 2106 ι
789 2081 825 2107 Τὸ
847 2080 877 2107 δέ
897 2081 930 2107 δι’

139 2131 280 2168 ἀκριϐείας
290 2129 446 2157 ἐκτίθεσθαι
458 2129 507 2164 τὴν
518 2129 625 2162 ἑκάστῳ
635 2128 689 2154 τῶν
700 2128 831 2164 ῥημάτων
843 2127 932 2161 ἐγκει-

141 2176 226 2211 μένην
247 2176 377 2207 διάνοιαν,
399 2173 534 2209 παρέλκον
559 2172 592 2199 ἂν
607 2172 661 2208 εἴη,
686 2172 734 2198 τοῦ
757 2172 837 2206 λόγου
862 2172 930 2206 πρὸς

139 2223 221 2257 ἕτερα
243 2220 413 2252 σπεύδοντος.
438 2220 498 2254 Χρὴ
515 2218 569 2255 γὰρ
587 2218 774 2245 πιστώσασθαι
797 2218 846 2253 τὴν
862 2219 929 2244 ἀπο-

138 2268 261 2294 δοθεῖσαν
270 2266 392 2303 περὶτοῦ
405 2266 590 2301 διαψάλματος
600 2265 716 2295 ἔννοιαν,
731 2265 759 2298 ἐξ
774 2264 863 2291 αὐτῶν
877 2264 929 2290 τῶν

139 2313 339 2348 γεγραμμένων
356 2311 539 2344 συνιστῶντας
555 2312 602 2338 τὸν
615 2312 703 2345 λέγον,
726 2311 772 2337 καὶ
789 2311 818 2336 ἐν
835 2310 874 2345 τῷ
888 2319 930 2336 τε-

138 2358 410 2394 τάρτῳριαψάλματι,
417 2358 449 2384 δι’
458 2355 487 2385 οὗ
497 2357 529 2383 τὸ
539 2358 594 2384 ἴσον
605 2356 784 2392 μανθάνομεν.
795 2355 870 2390 Πάσῃ
877 2355 930 2389 γὰρ

139 2405 240 2440 τρόπον
255 2403 315 2430 τινὰ
330 2405 363 2439 τῇ
378 2403 534 2439 ἀνθρωπίνῃ
552 2402 631 2438 φύσει
641 2403 706 2437 περὶ
719 2402 768 2436 τῆς
779 2401 833 2427 τῶν
847 2410 925 2427 σπου-

138 2450 294 2485 δαζομένων
313 2449 491 2485 ματαιότητος
506 2449 603 2484 ἐμϐοᾷ,
622 2447 817 2484 βαρυκαρδίους
831 2447 925 2482 ὀνομά-

139 2495 194 2527 ζων
203 2496 266 2527 τοὺς
278 2495 352 2526 υἱοὺς
369 2495 423 2521 τῶν
438 2494 600 2529 ἀνθρώπων,
616 2491 656 2525 οἷς
674 2493 704 2519 τὸ
718 2492 830 2528 μάταιόν
841 2501 870 2518 τε
882 2492 929 2518 καὶ

142 2541 326 2573 ἀνυπόστατον
339 2541 436 2576 ψεῦδος
451 2540 480 2566 ἐν
494 2540 588 2575 ἀγάπῃ
604 2539 671 2565 ἐστί.
686 2539 770 2566 Πάλιν
787 2538 928 2574 ἑπηρεμή-

143 2587 398 2618 σας,ὑτσοδείκνυσιν
410 2585 579 2612 ὲντίνιέστὶν
591 2585 606 2619 ἡ
620 2584 741 2619 ἀλήθεια.
758 2594 767 2609 ι
783 2584 901 2618 Ἐγνωτε
916 2592 926 2609 ι

141 2634 206 2669 γὰρ,
219 2633 312 2668 φησὶν,
323 2642 331 2658 ι
350 2633 391 2659 ὅτι
406 2632 601 2667 ἐθαυμάστωσε
619 2631 718 2666 Κύριος
734 2630 779 2657 τὸν
795 2630 868 2656 ὅσιον
880 2629 930 2656 αὖ·

140 2678 203 2706 τοῦ-
225 2688 234 2704 ›
251 2679 366 2710 δεικνὺς,
380 2675 468 2712 οἶμαι,
484 2677 527 2703 διὰ
541 2676 588 2703 τοῦ
603 2676 676 2702 ὁσίου
691 2676 735 2702 τὸν
754 2675 866 2711 Κύριον,
883 2684 928 2701 κι-

139 2724 195 2756 θώς
211 2722 623 2760 φησινΜωῢσῆς·ι“οτιδῖκαιος
633 2722 679 2748 καὶ
695 2722 765 2752 ὅςιος
777 2721 924 2755 ὀΚύριος.ι

177 2813 210 2829 ⁵³·
229 2812 300 2840 Psnl.
317 2820 357 2844 Ill,
379 2812 387 2838 i
406 2819 481 2846 chq,

986 896 1162 931 imperfectos
1187 905 1235 931 per
1250 897 1291 923 lac
1312 902 1338 923 ct
1360 897 1471 929 similia,
1498 902 1627 932 tanquam
1653 906 1701 932 per
1726 899 1776 925 ali-

986 947 1076 969 menta
1091 947 1287 974 consentanea,
1306 943 1338 970 ad
1357 942 1554 970 incrementqu
1568 943 1654 974 ducit,
1672 951 1703 970 ac
1715 951 1776 978 per-

986 986 1065 1014 fectis
1085 986 1199 1014 solidam
1213 988 1327 1022 apponit
1346 994 1481 1017 mensam,
1501 987 1555 1015 illis
1570 987 1706 1019 videlicet,
1728 989 1775 1023 qui

983 1032 1038 1066 jam
1051 1039 1150 1059 sensus
1165 1032 1226 1059 aliis
1245 1032 1399 1067 diSciplina:
1416 1032 1563 1067 generibus
1581 1032 1683 1059 habent
1697 1040 1776 1060 exer-

984 1078 1094 1104 citatos.

1019 1122 1103 1156 Igitur
1117 1122 1144 1148 in
1161 1122 1254 1149 ultima
1275 1123 1441 1157 psalmorum
1466 1124 1604 1155 sectione,
1625 1131 1695 1158 opus
1718 1131 1774 1151 non

984 1177 1043 1197 esse
1060 1169 1253 1204 diapsalmate,
1280 1173 1309 1195 ut
1323 1168 1482 1196 sublimiora
1497 1177 1577 1196 sensa
1592 1176 1624 1196 ex
1646 1170 1706 1204 ejus
1722 1170 1774 1196 mi—

984 1216 1095 1243 nisterio
1109 1220 1135 1242 et
1149 1215 1266 1250 alloquio
1281 1215 1476 1249 percipiantur,
1492 1215 1603 1249 planum
1620 1215 1674 1247 ﬁet,
1692 1215 1713 1243 si
1726 1223 1773 1243 eas

985 1260 1076 1297 partes
1097 1262 1266 1289 adducamus
1289 1269 1322 1288 ex
1347 1261 1477 1296 psalmis,
1507 1269 1568 1296 quae
1594 1261 1774 1295 diapsalmate

983 1311 1046 1334 sum
1072 1309 1240 1341 interruptae.
1265 1306 1293 1333 In
1318 1307 1398 1333 tertio
1413 1307 1484 1333 enim
1508 1307 1630 1341 psalmo,
1645 1314 1707 1333 cum
1730 1306 1775 1334 de-

983 1357 1120 1380 cantassct
1145 1353 1316 1379 aiﬂiclionem
1341 1356 1368 1379 et
1387 1353 1559 1386 angustiam,
1581 1361 1641 1386 quae
1661 1353 1711 1379 sibi
1740 1360 1771 1379 vx

983 1399 1100 1426 hostium
1125 1398 1302 1433 impressione
1323 1402 1470 1428 evenerat,
1500 1406 1561 1424 mox
1595 1398 1774 1432 diapsalmate

983 1451 1086 1480 partem
1109 1444 1181 1471 illam
1197 1444 1406 1478 inlerrtnupeus,
1422 1443 1568 1470 salutarem
1589 1443 1660 1469 illam
1678 1449 1771 1468 vocum

988 1489 1092 1521 edidit,
1112 1489 1306 1515 corroboratus
1327 1488 1452 1515 videlicet
1473 1487 1507 1514 ab
1530 1495 1578 1517 eo,
1602 1487 1648 1522 qui
1671 1487 1721 1514 sibi
1745 1488 1772 1514 in

982 1537 1089 1563 occulto
1115 1534 1216 1570 aliquid
1235 1535 1382 1569 inspiraret
1401 1541 1408 1560 :
1423 1541 1433 1559 ί
1451 1533 1492 1560 'l'u
1506 1537 1595 1560 autem
1607 1553 1614 1565 ,
1641 1533 1770 1562 Domine.

982 1585 1126 1615 susceptor
1138 1588 1215 1607 meus
1227 1588 1257 1607 es
1269 1599 1277 1610 ,
1288 1580 1374 1614 gloria
1392 1586 1451 1606 mea
1466 1599 1474 1612 ,
1499 1584 1527 1606 et
1549 1579 1671 1606 exultans
1690 1582 1773 1613 caput

983 1633 1071 1652 meum
1083 1625 1124 1652 5".
1136 1635 1145 1651 ι
1161 1623 1408 1653 Bursusintervallo
1423 1625 1584 1658 interpositu
1598 1629 1659 1659 post
1677 1631 1771 1651 voccm

982 1672 1054 1698 illam
1082 1672 1231 1705 gratiarum
1255 1670 1370 1697 actionis
1399 1670 1525 1704 plenam:
1564 1680 1573 1695 ι
1605 1669 1678 1697 Voce
1711 1677 1770 1697 mea

982 1718 1014 1744 ad
1038 1717 1180 1744 Dominum
1209 1716 1341 1748 clamavi,
1364 1720 1392 1742 et
1409 1715 1550 1742 exaudivit
1573 1723 1615 1742 me
1634 1716 1668 1743 de
1682 1721 1772 1742 monte

982 1767 1077 1790 sancto
1102 1770 1169 1795 suo;
1196 1772 1205 1788 ›
1226 1762 1462 1796 discitque-natu
1486 1762 1522 1788 sit
1545 1762 1613 1788 ratio
1638 1761 1771 1788 evadendi

981 1816 1013 1835 ex
1040 1809 1232 1835 communibus
1259 1808 1440 1834 humanarum
1468 1807 1654 1834 calamitatum
1687 1815 1771 1841 angu-

982 1854 1042 1882 stiis
1073 1859 1100 1881 et
1125 1853 1337 1886 afﬂictionibus;
1362 1853 1530 1888 adactusque
1552 1854 1687 1888 passionis
1718 1854 1772 1880 Do-

982 1899 1089 1926 rniuicze
1101 1899 1259 1934 mysterium
1276 1899 1303 1926 in
1318 1906 1348 1927 ea
1366 1906 1426 1934 quae
1442 1899 1494 1926 sibi
1509 1906 1541 1926 ex
1560 1899 1709 1933 improviso
1725 1907 1771 1926 ve-

982 1950 1059 1982 nerat
1077 1954 1091 1972 a
1108 1945 1209 1981 Spiritu
1229 1950 1324 1973 sancto
1338 1946 1528 1977 illustrations,
1550 1946 1637 1980 ipsam
1663 1945 1769 1972 Domini

983 1999 1125 2027 personam
1141 1991 1238 2023 induit,
1254 1991 1280 2018 in
1299 1992 1356 2019 haec
1369 1992 1450 2019 verba
1464 1999 1646 2026 prorumpens
1663 2001 1669 2018 :
1688 2002 1696 2017 ι
1716 1992 1771 2027 Ego

982 2036 1114 2068 dormivi,
1132 2040 1159 2063 et
1172 2041 1319 2072 soporatus
1337 2045 1409 2069 sum,
1426 2041 1453 2064 et
1469 2038 1624 2070 exsurrexi,
1638 2037 1701 2072 quia
1719 2037 1770 2063 Do-

983 2083 1072 2109 minus
1088 2082 1209 2117 suscepit
1222 2090 1274 2110 me.
1297 2092 1306 2107 ι
1326 2081 1494 2110 Sententiam
1510 2087 1599 2110 autem
1610 2105 1617 2115 ,
1635 2091 1696 2117 qua:
1712 2084 1770 2110 sin—

982 2127 1053 2162 gulis
1067 2127 1158 2155 verbis
1176 2127 1281 2158 subest,
1300 2127 1457 2154 accuratius
1474 2135 1622 2162 exponere,
1638 2136 1770 2162 superva-

983 2181 1096 2199 caneum
1113 2172 1240 2200 fortassis
1252 2172 1344 2204 fuerit,
1358 2180 1419 2199 cum
1434 2173 1522 2198 oratio
1534 2173 1566 2199 ad
1579 2173 1631 2199 alia
1649 2172 1768 2199 festinet.

982 2218 1174 2245 Conlirmanda
1189 2219 1261 2245 enim
1275 2223 1317 2245 est
1332 2219 1519 2252 diapsalmatis
1535 2219 1609 2245 notio
1626 2226 1771 2253 argumen-

984 2265 1019 2292 tis
1035 2272 1067 2291 ex
1084 2264 1152 2299 ipsis
1169 2264 1282 2299 psalmis
1299 2264 1409 2298 petitis;
1425 2264 1525 2292 etenim
1545 2264 1614 2291 idem
1630 2273 1662 2291 ex
1681 2265 1769 2299 quarti

984 2310 1080 2345 psalmi
1093 2310 1269 2344 diapsalmate
1283 2317 1449 2345 cognoscere
1460 2318 1617 2345 possumus.
1629 2311 1771 2338 Acclamat

984 2363 1101 2390 namque
1115 2355 1164 2381 toti
1175 2355 1375 2390 quodammodo
1390 2356 1516 2383 humanae
1530 2356 1654 2384 societati
1670 2357 1705 2384 ob
1722 2364 1768 2384 va-

982 2401 1095 2429 nitatem
1121 2409 1214 2428 earum
1231 2409 1333 2432 rerum,
1348 2402 1447 2437 quibus
1461 2402 1540 2430 unice
1563 2403 1668 2434 studet,
1686 2403 1770 2430 ﬁlios-

982 2454 1035 2481 que
1059 2447 1201 2474 hominum
1221 2448 1297 2482 gravi
1324 2448 1407 2475 cordc
1425 2456 1572 2483 oppressos
1594 2449 1769 2483 pronuntiat;

981 2493 1081 2528 quippe
1103 2493 1204 2528 quibus
1227 2501 1326 2520 vanum
1355 2497 1382 2520 et
1405 2502 1457 2520 non
1485 2494 1638 2522 subsistens
1658 2494 1768 2521 mendn~

982 2539 1054 2565 cium
1072 2546 1145 2566 curae
1163 2539 1198 2566 sit
1213 2543 1240 2566 et
1252 2539 1344 2572 cordi;
1362 2539 1515 2575 iterumque
1532 2540 1748 2575 interquiesceus
1760 2561 1767 2572 ,

980 2582 1152 2610 demonstrat
1176 2583 1202 2609 in
1229 2591 1348 2618 quonam
1376 2584 1410 2610 sit
1436 2584 1547 2611 veritas.
1575 2584 1643 2611 Dicit
1668 2584 1739 2610 enim
1760 2592 1767 2611 :

985 2636 994 2654 ι
1023 2628 1126 2656 Scitote
1152 2629 1279 2663 quoniam
1303 2628 1459 2655 mirilicavit
1483 2628 1615 2656 Dominus
1643 2633 1768 2655 sanctum

982 2682 1073 2704 suum,
1093 2683 1102 2700 ι
1134 2674 1300 2709 signiﬁcans,
1332 2678 1361 2701 ut
1387 2674 1516 2705 arbitror,
1533 2673 1625 2700 Sancti
1647 2673 1768 2702 nomine,

985 2721 1147 2753 Dominum;
1169 2720 1399 2755 quemadmodum
1416 2724 1443 2747 et
1457 2720 1562 2750 Movscs
1581 2720 1638 2746 ait:
1661 2727 1670 2743 ι
1695 2718 1770 2750 Quo-
