1986 3080
229 106 282 134 539

858 103 887 130 S.
907 101 1069 130 GREGORll
1090 102 1235 131 NYSSENI

1797 104 1851 132 ΜΟ

229 165 301 192 uiam
316 162 406 197 justus
425 166 453 189 et
468 165 582 190 sanctus
598 161 741 189 Dominus.
767 171 776 188 ι
801 161 903 189 Deinde
924 161 1014 189 consi-

1071 159 1132 189 Εἶτα
1151 162 1304 198 συμϐουλὴν
1319 163 1512 198 καταθέμενος,
1524 163 1557 190 δι’
1572 161 1610 191 ὧν
1621 163 1653 190 ἄν
1664 172 1703 195 τις
1720 163 1748 189 ἐν
1761 163 1849 191 καθα-

229 210 295 238 lium
309 209 366 238 dat.
380 209 517 243 quotnodo
531 209 593 243 quis
605 209 686 235 vitam
703 216 780 235 suam
797 216 864 242 pure
877 213 904 236 et
919 212 1014 236 sancte

229 256 380 291 transigat;
396 255 532 290 judexque
555 260 582 282 ct
602 256 740 290 inspector
756 255 954 290 cogitationum
973 255 1013 281 fa-

229 307 304 331 ctus.
322 302 376 328 ait:
399 309 409 326 (
429 301 496 333 Quae
509 300 602 327 dicitis
618 301 644 327 in
662 300 792 327 cordibus
807 299 923 332 vestris,
940 304 968 327 et
984 299 1011 327 in

229 347 365 375 cubilibus
384 346 483 374 vestris
500 346 734 381 compungimini;
759 354 768 371 ι
794 349 821 371 et
842 352 904 372 mox
928 345 962 372 ad
978 353 1014 379 ,δε

230 400 357 420 reversus
381 392 507 426 legalium
527 391 699 417 victimarum
717 390 893 417 abolitionem
908 394 935 418 et
956 391 1015 425 ipse

198 462 201 477 ἰ
230 439 351 470 audivit,
367 437 483 471 aliisque
497 436 659 463 audiendam
683 436 865 470 promulgavit
890 445 897 464 :
923 440 1015 463 monet

230 484 314 516 enim.
332 487 405 510 utne
421 486 511 517 speret
522 482 548 508 in
560 481 717 508 animalium
733 481 847 508 rationis
863 482 1014 515 expertium

230 527 366 558 caulibus.
390 527 435 554 ille
453 527 498 561 qui
518 531 578 561 eget
599 526 794 553 emundatiune
816 529 843 552 et
861 526 1016 561 expiatione

232 574 342 604 mentis.
353 573 400 600 scd
418 577 447 599 ut
456 576 616 607 cognoscat,
627 572 728 606 quibus
739 571 883 598 sacriﬁciis
895 571 1017 605 placetur

233 619 316 646 Deus.
335 619 440 645 Idcirco
465 618 564 652 inquit,
584 627 594 643 ι
622 616 781 644 Sacriﬁcate
796 617 960 644 sacriﬁcium
973 616 1016 651 ju-

233 665 331 696 stitiaa,
349 669 377 691 et
392 668 499 698 sperate
515 664 541 690 in
558 663 683 690 Domino.
705 673 713 689 ι
737 663 783 690 Sic
803 667 831 690 et
850 663 877 689 in
901 663 1017 698 septimo

233 710 338 746 psalmo
349 709 475 744 przccedit
484 709 592 744 quidem
605 709 750 736 collocutio
760 716 822 736 cum
836 708 900 741 Deo,
909 709 1018 743 quando

232 763 324 782 coram
338 755 413 790 justo
432 755 478 782 illo
491 755 582 789 judice
597 759 712 782 testatur
729 755 859 781 malitiam
878 754 913 782 ab
928 754 1019 781 inimi-

233 801 274 828 cis
287 808 340 828 non
357 800 501 835 provenire
525 800 693 827 retribuendi
706 805 733 827 et
751 801 836 826 vicem
852 799 1017 834 rcpendcndi

1068 208 1161 243 ράτητι
1175 209 1303 244 παρέλθοι
1318 209 1364 235 τὸν
1381 209 1446 243 βίον.
1467 210 1562 245 κριτής
1577 218 1606 236 τε
1623 210 1670 237 καὶ
1687 210 1850 244 ἐπιγνώμων

1067 254 1120 281 τῶν
1134 255 1182 289 τῆς
1194 255 1283 289 ψυχῆς
1295 254 1482 289 διανοημάτων
1495 254 1647 289 γενόμενος,
1659 255 1688 280 ἐν
1701 251 1741 285 οἷς
1757 263 1847 289 φησιν,

1066 300 1107 326 ὅτι
1124 309 1133 324 t
1158 301 1192 326 Ἃ
1209 300 1301 333 λέγετε
1326 300 1354 326 ἐν
1379 302 1439 331 ταῖς
1460 300 1582 336 καρδίαις
1610 300 1697 334 ὑμῶν.
1720 300 1766 326 ἐπὶ
1790 301 1851 330 ταῖς

1067 344 1171 375 κοίταις
1183 344 1260 378 ὑμῶν
1273 344 1453 379 κατανύγητε·
1471 355 1480 371 ι
1502 345 1581 372 πάλιν
1593 345 1660 379 πρὸς
1674 344 1769 370 ἐαυτὸν
1782 344 1850 370 ἀνα-

1068 391 1204 425 χωρήσας,
1219 389 1268 424 τὴν
1284 390 1423 425 ἀναίρεσιν
1436 390 1485 425 τῆς
1495 390 1611 425 νομικῆς
1625 390 1784 422 ζωοθυσίας,
1800 390 1849 416 αὺ-

1067 436 1112 467 τός
1127 445 1156 462 τε
1173 436 1290 471 ἢκουσε,
1304 436 1351 462 καὶ
1366 435 1452 470 ἐμϐοᾷ
1467 437 1522 467 τοῖς
1537 435 1665 462 ἀκούουσι
1676 443 1682 450 ·
1697 435 1770 469 λέγει
1783 435 1849 470 γὰρ,

1070 482 1136 517 μηδὲ
1151 483 1180 508 ἐν
1199 484 1259 514 ταῖς
1273 482 1327 508 τῶν
1343 482 1450 516 ἀλόγων
1465 482 1541 514 ζώων
1559 481 1713 513 ἐπελπίζειν
1733 481 1850 514 σφαγαῖς

1068 527 1113 554 τὸν
1126 527 1172 554 τοῦ
1188 527 1304 562 ψυχικοῦ
1319 527 1467 564 καθαρσίου
1480 527 1614 562 δεόμενον,
1634 527 1690 553 ἀλλ’
1704 527 1850 561 ἐπιγνῶναι

1069 573 1160 604 ποίαις
1171 574 1184 599 ό
1199 573 1264 604 Θεὸς
1281 574 1466 608 εὐαρεστεῖται
1479 573 1593 604 θυσίαις.
1609 573 1654 599 Διό
1668 581 1760 607 φησιν·
1776 581 1785 596 ι
1797 572 1850 598 Θύ-

1071 627 1134 644 σατε
1143 618 1239 645 θυσίαν
1254 619 1423 651 δικαιοσύνης
1435 639 1442 650 ,
1457 619 1503 645 καὶ
1512 618 1639 644 ἐλπίσατε
1650 618 1696 644 ἐπὶ
1710 617 1820 652 Κύριον.
1838 627 1848 643 ι

1070 663 1162 695 Οὕτως
1175 665 1221 691 καὶ
1231 665 1299 690 κατὰ
1308 664 1352 690 τὸν
1365 664 1478 698 ἕϐδομον
1489 663 1542 690 τῶν
1553 663 1677 699 ψαλμῶν,
1690 665 1852 698 προηγεῖται

1072 710 1122 745 μέν
1134 711 1148 736 ὁ
1162 711 1210 744 τῆς
1222 709 1366 742 ἐντεύξεως
1384 709 1472 744 λόγος,
1488 710 1517 735 ἐν
1530 706 1552 743 ᾧ
1563 709 1769 743 δικαιολογεῖται
1785 709 1852 744 trp”;

1070 755 1115 781 τὸν
1130 755 1232 781 δίκαιον
1250 755 1355 790 κριτὴν,
1370 755 1410 782 ὅτι
1422 755 1471 781 οὐκ
1485 754 1514 786 ἐξ
1528 754 1732 786 ἁνταποδόσεωξ
1747 754 1852 787 γίνεται

1073 801 1147 836 παρὰ
1159 801 1213 828 τῶν
1232 800 1335 836 ἐχθρῶν
1348 801 1364 836 ἡ
1379 801 1472 832 κακία,
1489 801 1545 827 ἀλλ’
1559 801 1657 827 ἐκεῖνοι
1670 801 1784 836 ἀρχηγοὶ
1802 800 1854 834 τῆς

232 854 334 879 causa.
351 846 398 874 sed
422 847 495 881 ipsos
511 847 622 874 malitiae
645 850 672 873 ct
690 846 874 880 improbitatis
893 850 1019 873 auctores

1071 847 1201 882 πονηρίας
1213 847 1342 880 γίνονται·
1356 846 1402 872 καὶ
1417 846 1457 872 ὅτι
1473 847 1528 872 ἴσον
1547 847 1587 877 είς
1604 846 1740 881 ἁμαρτίαν
1754 845 1854 876 οἴεται,

233 899 294 920 esse
305 912 313 924 ,
327 899 411 926 seque
430 891 526 919 eodem
541 891 652 919 sceleris
670 892 730 919 loco
755 892 871 923 habere,
891 896 918 918 et
935 891 1020 918 malo-

234 943 294 962 rum
312 940 450 963 auctorem
466 944 544 967 esse.
564 936 769 970 atqualibusque
786 935 864 962 malis
881 939 1018 963 auctorem

234 982 346 1014 ulcisci;
364 985 391 1009 et
405 989 467 1009 cum
485 982 541 1008 haec
556 981 688 1013 dixisset,
712 989 808 1009 rursus
825 981 950 1008 auditum
974 987 1020 1007 ac-

233 1027 388 1055 commodat
404 1027 443 1058 ei.
462 1028 508 1062 qtli
524 1035 650 1062 magnum
666 1027 776 1062 pietatis
795 1027 956 1062 mysterium
973 1034 1020 1061 pa-

235 1073 326 1100 tefacit
336 1093 343 1104 ,
358 1081 404 1108 per
419 1073 490 1108 quod
508 1073 537 1100 lit
552 1076 647 1100 contra
667 1081 747 1100 veros
763 1073 855 1101 hostes
870 1080 884 1100 a
905 1072 1020 1100 Domino

234 1119 355 1146 vindicta
377 1129 383 1146 :
399 1119 478 1146 aliter
495 1119 570 1146 enim
589 1119 645 1145 ﬁeri
665 1127 719 1146 non
733 1122 833 1154 potest,
850 1122 879 1145 ut
893 1119 1020 1146 adversa-

235 1166 282 1192 ria:
294 1165 437 1200 potestatis
453 1169 614 1192 coerceatur
633 1166 675 1192 vis
690 1169 716 1192 et
731 1165 877 1196 acerbitas,
898 1165 951 1192 nisi
968 1164 1020 1191 Do-

234 1210 325 1238 minus
349 1219 397 1246 pro
414 1211 493 1238 nobis
508 1215 644 1246 resurgat.
666 1210 785 1239 Necesse
804 1215 962 1243 autemest,
990 1215 1020 1238 ut

233 1257 462 1283 resurrectionem
479 1264 554 1284 mors
571 1256 716 1290 praecedat.
733 1256 784 1289 Qui
798 1257 880 1291 igitur
897 1264 1020 1284 resurrc~

234 1302 352 1330 ctionem
368 1300 475 1328 Domini
487 1301 665 1336 significavit,
681 1302 725 1329 ille
741 1302 823 1329 etiam
835 1302 1020 1330 manifestavit

236 1347 262 1374 id
276 1347 347 1382 quod
364 1355 426 1375 cum
440 1348 641 1374 resurrectione
653 1347 829 1382 conjunctnm
847 1351 900 1381 est,
918 1353 1019 1384 mystc-

236 1393 306 1419 rimn
317 1413 324 1424 ,
341 1392 452 1427 inquant
465 1413 472 1424 ,
490 1392 638 1427 passionis.
654 1392 787 1425 Quocirca
805 1392 859 1420 Deo
874 1393 970 1428 plenus
985 1394 1020 1420 ob

235 1438 354 1472 Spiritus
365 1438 452 1465 sancti
464 1438 706 1465 inltabitationem:
723 1447 732 1463 ι
747 1437 879 1473 Exsurge,
895 1449 903 1464 I
919 1439 1017 1473 inquit,

237 1491 247 1508 ι
263 1482 385 1514 Domine,
402 1483 428 1509 in
446 1483 486 1509 ira
503 1487 560 1515 tua,
571 1488 598 1510 et
610 1483 730 1514 exaltare
745 1483 771 1510 in
785 1484 884 1511 ﬁnibus
898 1485 1019 1512 inimico—
1034 1503 1056 1532 ρ

235 1537 295 1556 rttm
317 1532 444 1560 tuorum;
463 1538 471 1554 ι
489 1528 615 1555 indicans
631 1529 677 1556 ira:
697 1529 807 1564 quidem
821 1530 962 1562 vocabulo,
983 1530 1021 1557 fa-

235 1577 363 1603 cultatem
387 1575 565 1608 retribnendi,
583 1565 637 1611 qua
656 1577 746 1611 justus
766 1576 848 1611 judcx
867 1577 952 1610 valet;
974 1585 1021 1612 per

236 1621 340 1655 reliqua
349 1626 437 1648 autem
449 1621 621 1648 abolitionem
634 1625 661 1648 et
672 1621 808 1648 excidium
822 1622 941 1649 malitiae.
954 1621 1020 1649 Nam

237 1671 340 1695 natura:
355 1666 419 1692 illud
435 1666 523 1693 solum
538 1670 581 1693 est
598 1666 750 1698 iuimictuu,
764 1667 835 1701 quod
853 1667 924 1695 bono
937 1676 1021 1702 oppo-

236 1712 319 1739 situm
333 1712 510 1746 conspicitur,
521 1712 594 1747 quod
605 1717 647 1739 est
661 1713 775 1745 malitia,
791 1713 870 1747 cujus
885 1713 945 1742 ﬁnis
959 1714 1022 1741 abo-

236 1757 311 1789 litio,
337 1763 364 1784 et
389 1758 416 1784 in
442 1758 556 1785 nihilum
583 1758 711 1785 reversio.
739 1758 790 1791 Qui
816 1759 899 1794 igitur
925 1760 1019 1787 dixit:

239 1813 248 1828 ι
268 1803 394 1831 Exaltare
409 1804 435 1830 in
453 1803 552 1830 ﬁnibus
573 1804 748 1831 inimicorum
767 1809 888 1836 tuorum.
908 1816 918 1832 ι
936 1806 960 1833 is
973 1813 1022 1840 per

237 1849 288 1875 hoc
300 1849 372 1882 quod
383 1850 422 1876 ait
436 1849 567 1876 malitiam
583 1850 754 1876 inimicorum
772 1850 874 1878 ﬁnitam
890 1859 961 1882 esse,
979 1851 1021 1878 in-

236 1893 323 1925 dicat,
339 1901 392 1921 non
413 1895 530 1928 amplius
553 1895 669 1929 relinqui
691 1896 752 1922 vitae
771 1900 871 1923 nostrae
887 1896 922 1923 ad
939 1897 1019 1923 mali—

236 1940 301 1966 tiam
330 1940 456 1966 reditum.
480 1939 716 1975 Quemadmpdmn
745 1942 817 1969 enim
845 1942 906 1969 ﬁnis
933 1942 1019 1969 morbi

236 1985 340 2011 sanitas
354 1989 412 2016 est.
434 1989 462 2012 et
477 1985 564 2012 somni
581 1985 642 2013 ﬁnis
664 1986 802 2021 cvigilatio
816 1987 826 2021 (
840 1995 927 2021 neque
947 1988 1020 2014 enim

236 2029 509 2064 dormiens,quandiu
526 2038 622 2058 somno
638 2036 755 2062 tenetur,
772 2033 859 2059 somni
875 2034 952 2060 ﬁnem
974 2034 1021 2060 ba-

238 2073 298 2105 bct,
316 2081 404 2107 neque
422 2073 503 2099 etiam
520 2077 670 2108 :egrotans.
688 2074 752 2101 dum
768 2082 829 2102 cttm
847 2077 940 2104 morbo
955 2084 1021 2104 con-

237 2117 366 2149 ﬁictatur.
383 2117 409 2144 in
425 2117 476 2145 ﬁne
490 2118 576 2145 morbi
592 2124 732 2151 versatur;
747 2120 793 2147 sed
811 2121 833 2148 si
856 2129 957 2156 :egrum
974 2131 1019 2149 sa-

1071 893 1117 919 καὶ
1137 891 1323 926 προκατάρξαι
1341 891 1450 922 κακίας,
1472 891 1519 918 καὶ
1535 892 1591 922 τοῖς
1615 890 1683 923 ἴσοις
1698 890 1852 925 ἀμύνασθαι

1070 939 1114 965 τὸν
1131 939 1295 979 ἀπάρχοντα.
1311 939 1365 964 Καὶ
1377 938 1462 965 ταῦτα
1481 937 1574 969 εἰπὼν,
1595 937 1676 964 πάλιν
1690 937 1784 972 ὑπέχει.
1803 937 1853 972 τὴν

1070 984 1154 1019 ἀκοὴν
1170 984 1208 1018 τῷ
1226 984 1256 1010 τὸ
1272 983 1343 1019 μέγα
1359 982 1518 1018 φανεροῦντι
1536 983 1584 1018 τῆς
1599 982 1740 1014 εὐσεϐείας
1752 983 1853 1017 μυστή-

1072 1039 1137 1065 ριον,
1157 1030 1190 1057 δι’
1210 1026 1240 1056 οὗ
1263 1029 1366 1064 γίνεται
1390 1030 1407 1064 ἡ
1425 1028 1494 1056 κατὰ
1519 1028 1572 1055 τῶν
1591 1027 1724 1063 ἀληθινῶν
1749 1028 1856 1063 ἐχθρῶν

1070 1075 1145 1111 παρὰ
1159 1074 1204 1101 τοῦ
1220 1075 1321 1110 Κυρίου
1337 1074 1484 1110 ἐκδίκησις.
1498 1074 1534 1101 Οὺ
1544 1073 1596 1108 γὰρ
1611 1073 1683 1100 ἐστιν
1690 1072 1776 1104 ἄλλως
1791 1073 1853 1099 καθ-

1071 1122 1212 1158 αιρεθῆναι
1233 1121 1287 1148 τῶν
1309 1121 1502 1156 ἀντικειμένων
1521 1120 1552 1147 τὺ
1567 1121 1668 1154 στῖφος,
1681 1119 1718 1155 μὴ
1735 1119 1781 1146 τοῦ
1798 1120 1854 1146 Κυ-

1072 1169 1129 1204 ρίου
1142 1169 1213 1204 ὐπέρ
1226 1168 1304 1203 ἡμῶν
1314 1167 1488 1198 ἀναστάντος·
1504 1167 1552 1201 τῆς
1574 1167 1602 1193 δέ
1620 1167 1792 1198 ἀναστάσεως
1808 1167 1857 1193 θά-

1070 1223 1147 1240 νατον
1162 1214 1202 1240 δεῖ
1222 1213 1330 1245 πάντως
1346 1212 1564 1248 προηγήσασθαι.
1582 1211 1611 1239 ’0
1620 1212 1710 1238 τοίνυν
1725 1212 1772 1246 τὴν
1787 1212 1854 1238 ἀνά-

1071 1267 1164 1285 στασιν
1176 1258 1222 1284 τοῦ
1237 1258 1339 1294 Κυρίου
1356 1258 1478 1293 μηνύσας
1489 1278 1496 1289 ,
1513 1258 1542 1284 τὸ
1559 1257 1730 1292 συνημμένον
1743 1259 1775 1292 τῇ
1791 1258 1855 1284 ἀνα-

1071 1304 1164 1330 στάσει
1179 1303 1434 1339 συμπαρεδὴλωσεν,
1451 1303 1522 1336 λέγω
1536 1303 1568 1338 δὴ
1589 1303 1619 1329 τὸ
1643 1303 1712 1329 κατὰ
1726 1303 1756 1329 τὸ
1769 1303 1856 1333 πάθος

1072 1349 1230 1384 μυστήριον.
1251 1345 1288 1375 Ob
1305 1348 1384 1383 χάριν
1405 1347 1578 1382 θεοφορηθεὶς
1598 1348 1629 1373 ἐκ
1641 1348 1690 1382 τῆς
1707 1347 1752 1374 τοῦ
1767 1347 1854 1373 Ilva-3-

1072 1403 1155 1430 ματος
1167 1394 1212 1420 τοῦ
1224 1394 1300 1428 ἁγίου
1315 1392 1559 1428 ἐπισκηνώσεωςγι
1580 1393 1739 1428 Ἀνάστηθι,⁴
1749 1403 1758 1419 ι
1776 1394 1856 1428 φησὶ.

1073 1453 1082 1468 ι
1104 1442 1199 1476 Κύριε,
1215 1443 1243 1468 ἐν
1259 1442 1327 1476 ὀργῇ
1347 1449 1393 1467 σου
1408 1460 1415 1471 ,
1430 1440 1551 1475 ὑψώθητι
1569 1441 1596 1466 ἐν
1612 1441 1668 1471 τοῖς
1690 1440 1787 1476 πέρασι
1801 1440 1857 1467 τῶν

1072 1486 1176 1520 ἐχθρῶν
1188 1494 1233 1512 σου
1243 1492 1250 1498 “
1266 1495 1274 1510 ι
1293 1484 1432 1519 σημαίνων
1443 1483 1487 1510 διὰ
1502 1483 1550 1518 μὲν
1560 1485 1607 1518 τῆς
1622 1484 1714 1519 ὀργῆς,
1730 1483 1778 1518 τὴν
1791 1484 1857 1509 ἀντ-

1071 1531 1235 1566 αποδοτικὴν
1251 1531 1366 1566 δύναμιν
1385 1530 1431 1557 τοῦ
1455 1529 1558 1556 δικαίου
1579 1528 1683 1564 κριτοῦ·
1705 1529 1748 1556 διὰ
1759 1529 1787 1555 δὲ
1802 1529 1858 1555 τῶν

1071 1577 1180 1612 ἐφεξῆς,
1196 1577 1241 1604 τον
1256 1577 1406 1612 ἀφανισμὸν
1422 1576 1471 1610 τῆς
1488 1576 1596 1607 κακίας.
1624 1575 1735 1610 Ὲχθρδν
1753 1575 1808 1610 γὰρ
1822 1576 1857 1610 τῇ

1073 1622 1151 1656 φύσει
1170 1622 1249 1656 μόνον
1263 1622 1294 1648 τὸ
1309 1623 1337 1655 ἐξ
1358 1622 1480 1648 ἐναντίου
1494 1621 1533 1656 τῷ
1552 1620 1646 1655 ἀγαθῷ
1659 1620 1857 1655 θεωρούμενον,

1071 1669 1138 1703 ὅπερ
1154 1668 1227 1694 ἐστὶν
1239 1669 1254 1702 ἡ
1271 1668 1364 1698 κακία,
1376 1665 1409 1703 ἧς
1422 1667 1452 1693 τὸ
1467 1667 1552 1702 πέρας
1564 1666 1715 1701 ἀφανισμός
1731 1666 1798 1695 ἐστι,
1811 1667 1860 1692 καὶ

1071 1715 1110 1746 είς
1128 1714 1159 1740 τὸ
1185 1714 1221 1749 μὴ
1243 1714 1273 1740 ὃν
1299 1714 1497 1749 μεταχώρησις.
1532 1714 1560 1739 '0
1584 1713 1673 1739 τοίνυν
1697 1711 1792 1744 εἰπὼν,
1816 1712 1860 1738 ὅτι

1074 1770 1082 1785 ι
1106 1759 1242 1794 ’Υψώϐητι
1262 1760 1290 1785 ἐν
1306 1761 1362 1791 τοῖς
1377 1759 1475 1794 πέρασι
1490 1759 1545 1785 τῶν
1561 1758 1666 1793 ἐχθρῶν
1688 1766 1745 1788 σου,
1764 1767 1773 1782 ι
1791 1766 1860 1792 προ-

1073 1805 1168 1842 μηνύει
1182 1806 1225 1832 διὰ
1236 1805 1282 1832 τοῦ
1298 1805 1488 1841 περατωθῆναι
1503 1805 1555 1831 τῶν
1567 1804 1671 1840 ἐχθρῶν
1685 1804 1734 1838 τὴν
1747 1803 1858 1834 κακίαν,

1070 1852 1100 1878 τὸ
1119 1852 1216 1887 μηκέτι
1235 1852 1279 1878 τὸν
1298 1852 1337 1882 είς
1353 1851 1451 1878 κακίαν
1473 1851 1572 1887 δρόμον
1589 1852 1621 1885 τῇ
1638 1850 1693 1885 ζωῇ
1716 1849 1860 1876 ὑπολείπε-

1072 1899 1144 1925 σθαι.
1161 1899 1205 1929 Ὦς
1220 1898 1273 1933 γὰρ
1289 1898 1374 1933 πέρας
1388 1897 1493 1932 νόσουή
1509 1896 1596 1930 ὑγεία,
1611 1896 1657 1922 καὶ
1673 1896 1758 1931 πέρας
1770 1895 1856 1921 ὕπνου

1071 1944 1087 1978 ὴ
1111 1944 1274 1979 ἐγρήγορσις
1293 1943 1396 1977 γίνεται
1421 1942 1498 1977 (οὒτε
1513 1942 1542 1968 δέ
1558 1943 1572 1968 ὸ
1590 1941 1735 1972 καθεύδων,
1759 1941 1811 1972 ἕως
1831 1941 1861 1966 ἐν

1071 1989 1109 2024 τῷ
1125 1989 1201 2024 ὕπνῳ
1224 1989 1292 2017 ἐστὶ,
1308 1988 1395 2024 πέρας
1411 1988 1456 2014 τοῦ
1477 1987 1560 2014 ὕπνου
1577 1987 1642 2022 ἐχει-
1657 1986 1717 2013 οὓτε
1735 1987 1749 2012 ὁ
1773 1986 1862 2012 νοσῶν

1070 2035 1120 2070 τῆς
1139 2034 1232 2068 ὑγείας
1247 2035 1275 2060 ἐν
1293 2034 1391 2068 πέρατι
1403 2033 1479 2068 παρὰ
1492 2032 1540 2059 τοῦ
1554 2032 1770 2067 ἀῤῥωστὴματος
1784 2031 1859 2065 γίνε-

1070 2088 1125 2105 ται·
1136 2079 1203 2105 ἀλλὰ
1215 2077 1407 2112 διαδεξαμένης
1422 2077 1467 2103 τὸν
1480 2077 1528 2112 μὲν
1542 2077 1681 2112 ἄρρωστον
1692 2076 1742 2110 τῆς
1754 2075 1858 2109 ὑγείας,

1071 2124 1115 2150 τὸν
1129 2124 1157 2150 δέ
1169 2122 1334 2150 καθεύδοντα
1348 2122 1397 2156 τῆς
1411 2122 1615 2156 ἐγρηγόρσεως,
1632 2120 1745 2155 λέγομεν
1761 2120 1859 2151 αὐτοὺς

237 2162 309 2190 uitas
330 2162 466 2197 etcipiat,
489 2163 667 2191 dormientem
696 2173 759 2192 vero
783 2167 936 2201 evigilatio.
953 2172 1018 2196 tunc

1071 2171 1099 2196 ἐν
1116 2170 1213 2205 πέρατι
1227 2168 1391 2203 γεγενῆσθαι
1401 2167 1447 2194 τοῦ
1460 2168 1489 2193 ἐν
1501 2164 1523 2201 ᾧ
1537 2167 1664 2202 ἑκάτερος
1679 2164 1712 2200 ἦν
1723 2185 1732 2197 ,
1745 2165 1790 2191 τὸν
1807 2165 1860 2200 μὲν

235 2208 353 2235 dicimus
377 2208 438 2236 illos
467 2209 546 2236 ﬁnetu
571 2214 712 2238 assecutus
734 2211 812 2246 ejus.
829 2221 884 2246 quo
903 2218 1017 2248 uterque

237 2254 344 2280 illorum
359 2255 510 2285 tenebatur.
523 2255 597 2282 illum
615 2256 722 2290 quidem
737 2258 837 2290 somni,
855 2259 927 2286 lmnc
940 2261 1018 2294 tegi-i-

236 2299 375 2334 tutlinis);
393 2299 428 2326 ita
450 2304 477 2326 et
502 2302 528 2327 in
552 2302 689 2335 proposito
715 2304 890 2331 mutationem
914 2311 1019 2332 naturae

237 2345 360 2372 huniatue
373 2345 399 2372 in
416 2349 516 2372 statum
535 2345 640 2374 felicem
653 2352 680 2374 et
698 2347 815 2380 beatum,
832 2349 911 2377 liuent
928 2349 1018 2377 inimi-

236 2398 329 2416 corum
347 2390 500 2425 appellavit.
518 2390 600 2418 Porro
627 2401 710 2419 mmm
731 2393 861 2421 duntaxat
879 2394 1018 2422 diversum

236 2434 271 2461 ab
284 2433 346 2461 aliis
360 2434 468 2461 modum
481 2435 679 2469 diapsalmatis.
693 2441 750 2464 toto
766 2437 934 2465 Psalmorum
950 2440 1020 2466 libro

235 2480 453 2512 observavimus,
476 2481 502 2506 in
519 2488 572 2508 uno
587 2482 704 2516 quodam
723 2490 754 2510 ex
777 2484 890 2517 psalmis
907 2484 944 2517 ⁶⁰;
965 2493 1018 2512 non

235 2526 306 2552 enim
322 2525 359 2551 ait
372 2526 532 2560 simpliciter
546 2536 554 2552 ι
572 2527 734 2562 Diapsalma.
754 2537 762 2554 ι
783 2529 829 2556 scd
847 2539 854 2554 ι
875 2530 1018 2558 Canticum

235 2571 439 2606 diapsalmatis,
456 2581 465 2597 ι
481 2578 508 2600 ct
524 2572 592 2600 forte
602 2574 691 2600 oratio
707 2574 809 2601 librarii
823 2575 901 2610 culpa
912 2576 1018 2604 inversa

235 2619 287 2647 est,
303 2619 332 2642 ut
348 2615 492 2643 dicendum
510 2617 600 2651 potius
613 2618 658 2650 sit.
675 2628 684 2644 ι
704 2618 809 2646 Cantici
827 2620 987 2655 diapsalma,
1007 2631 1016 2647 ι

235 2664 262 2688 ct
274 2669 327 2688 non
345 2661 481 2688 canticum
498 2661 697 2695 diapsalmatis.

270 2707 402 2735 thcrum
414 2715 475 2734 cmn
491 2711 553 2735 autc
567 2709 662 2737 Oculos
677 2710 776 2737 versari
788 2711 883 2740 debeat
898 2711 1017 2740 divinum

271 2785 293 2800 "
310 2784 378 2812 Psal.
399 2793 422 2816 χ,
439 2784 460 2810 l.

1071 2215 1117 2242 τοῦ
1136 2215 1231 2246 ὕπνου,
1247 2214 1292 2240 τὸν
1305 2214 1333 2240 δὲ
1344 2215 1394 2248 τῆς
1410 2213 1488 2240 νόσου
1500 2215 1520 2246 )·
1536 2211 1608 2239 οὕτω
1622 2213 1668 2239 καὶ
1679 2210 1795 2238 ἐνταῦθα
1810 2211 1861 2246 τὴν

1071 2261 1111 2291 είς
1128 2259 1158 2286 τὸ
1172 2259 1305 2294 μακάριον
1319 2258 1368 2293 τῆς
1385 2257 1557 2293 ἀνθρωπίνης
1573 2256 1681 2290 φύσεως
1696 2255 1858 2290 μεταϐολὴν,

1072 2306 1158 2341 πέρας
1187 2305 1240 2332 τῶν
1266 2305 1370 2340 ἐχθρῶν
1397 2303 1599 2338 κατωνόμασεν.
1628 2300 1696 2328 Ἕνα
1719 2301 1748 2327 δὲ
1779 2301 1860 2335 μόνον

1072 2351 1270 2386 ἐξηλλαγμένον
1284 2350 1384 2385 τρόπον
1394 2348 1580 2383 διαψάλματος
1591 2348 1620 2373 ὲν
1634 2346 1709 2382 πάσῃ
1723 2346 1755 2380 τῇ
1775 2345 1860 2380 βίϐλῳ

1072 2397 1126 2424 τῶν
1144 2395 1265 2431 Ψαλμῶν
1291 2394 1361 2422 κατὰ
1379 2395 1423 2421 τὸν
1445 2394 1551 2420 ἔννατον
1573 2392 1678 2427 ψαλμὸν
1703 2392 1861 2427 παρετηρή-

1073 2450 1169 2477 σαμεν.
1194 2441 1231 2468 οὐ
1259 2440 1313 2475 γὰρ
1340 2439 1443 2470 ἁπλῶς,
1460 2448 1469 2464 ι
1489 2437 1643 2472 Διάψαλμα,
1662 2446 1670 2460 ι
1688 2437 1780 2471 φησιν,
1801 2436 1859 2462 ἀλλ’

1075 2497 1083 2513 ι
1105 2487 1166 2522 ᾨδὴ
1184 2486 1379 2521 διαψάλματος.
1401 2494 1410 2510 ι
1436 2484 1512 2518 Τάχα
1530 2483 1579 2517 μὲν
1604 2481 1650 2509 οὖν
1675 2482 1860 2517 ἀνέστραπται

1072 2533 1142 2560 κατά
1157 2542 1183 2559 τι
1204 2531 1316 2567 σφάλμα
1328 2530 1462 2566 γραφικον
1478 2531 1492 2555 ὁ
1506 2529 1598 2563 λόγος,
1614 2528 1683 2554 ὥστε
1705 2527 1760 2554 δεῖν
1782 2527 1860 2560 λέγε-

1073 2577 1135 2604 σθαι
1159 2577 1267 2612 μᾶλλον,
1288 2585 1298 2601 t
1400 2573 1549 2608 διάψαλμα,
1564 2582 1572 2598 ι
1590 2572 1635 2599 καὶ
1652 2573 1701 2599 οὐκ
1715 2571 1790 2613 ᾠδὴν
1801 2571 1860 2598 δια-

1071 2622 1222 2657 ψάλματος.

1110 2712 1182 2747 Πλὴν
1197 2711 1289 2746 ἐπειδὴ
1310 2709 1442 2746 προσήκει
1460 2709 1511 2744 τιρῆ
1527 2707 1672 2743 ὀφθαλμῶν
1687 2707 1758 2742 ἔχειν
1790 2706 1818 2733 τὺ
1831 2707 1861 2733 ἐν
