1986 3080
161 119 209 146 5H

844 133 878 160 IN
896 134 1062 165 PSALMOS.

1725 151 1777 179 542

161 179 194 213 τῇ
217 180 396 216 “multum
419 184 466 211 τοῦ
494 186 616 214 Ἰωάννου
630 189 754 225 κείμενον
770 194 858 228 κρῖμα
873 194 935 220 κατε

161 224 214 242 η-ῑλυ
234 228 450 242 ...--..,..-.ε..-.
466 231 499 242 -1,
523 232 536 242 Α
554 235 564 242 υ
603 235 608 242 .
727 237 753 242 -.
834 239 844 242 Α
870 240 876 242 Α

995 197 1064 225 illud
1095 199 1123 226 in
1151 199 1263 228 Joannis
1292 201 1451 239 Apocalypsi
1484 206 1617 239 prolatum
1641 207 1775 242 judicium

160 224 214 274 τῶν
233 228 450 260 μεταποιούντων
464 231 500 258 τὰ
523 232 581 260 θεῖα
600 235 633 262 ἐκ
654 224 846 274 προσθήκης-ἢ
865 240 945 274 ὑφαι-

160 271 270 321 ρέρεως,
283 274 464 321 φυλάσσοντες
491 278 540 313 τὴν
561 271 756 316 παραδοθεῖσαν
775 271 846 318 ἡμῖν.
856 271 894 311 ὲν.
905 285 944 321 τῷ

160 318 238 353 μέρει
260 320 348 356 τούτῳ
372 322 422 357 τῆς
436 323 548 359 Γραφῆς
574 326 744 360 ἀκολουθίαν,
776 318 944 365 ἀναζητῆσαι

157 365 345 401 πειρασόμεθα
360 368 410 403 τὴν
424 370 514 396 αἰτίαν
528 371 574 397 τοῦ
585 371 636 406 τῆς
656 373 733 409 ’ῼδῆς
749 374 942 410 διαψάλματος,

156 410 219 445 ἥτις
240 412 322 439 ἐστίν.
345 414 515 450 Λογιζόμεθα
531 418 630 450 τοίνυν,
652 420 693 445 ὅτι
715 421 769 446 ἀπὸ
783 421 876 448 τούτου
896 423 943 449 καὶ¹

158 457 254 493 μέχρις
264 458 312 486 τοῦ
329 461 428 495 ἐφεξῆς
442 462 632 498 διαψάλματος,
649 465 678 491 ἓν
689 465 826 502 διάψαλμα
840 465 884 502 ἦν,
894 467 942 494 τοῦ

156 503 234 537 ἁγίου
251 505 408 540 Πνεύματος
424 507 571 536 ἐντιθέντος
586 510 624 545 τῷ
649 510 730 537 Δαυῒδ
753 512 787 538 τὰ
807 513 856 547 τῆς
873 522 942 548 προ-

155 548 416 585 φητείαςνοήματα.
442 551 510 578 Ἀλλ’
524 553 572 588 οὐχ
590 553 684 590 ὥσπερ
699 555 745 581 ἐπὶ
763 555 817 582 τῶν
829 556 939 590 λοιπῶν,

153 593 226 621 οὕτω
240 595 287 621 καὶ
299 595 414 622 ἐνταῦθα
427 597 545 631 ἐγένετο.
575 599 620 626 Ἐν
639 600 689 635 μὲν
705 600 759 636 γὰρ
777 603 833 633 τοῖς
851 603 941 634 ἄλλοις

153 640 183 666 οὐ
205 640 276 666 κατὰ
294 642 391 668 ταύτὸν
410 643 550 678 ἐνηργεῖτο
567 645 584 680 ἦ
607 653 636 672 τε
652 647 802 681 κατήχησις
825 649 840 683 ἡ
869 649 940 676 κατὰ

152 686 183 712 τὸ
196 686 350 722 ἀπόρρητον
365 689 397 723 τῇ
414 689 486 724 ψυχῇ
508 690 582 725 παρὰ
596 690 643 717 τοῦ
659 692 816 727 Πνεύματος
838 694 940 728 ὲγγινο-
955 703 961 707 ‘

153 734 232 769 μένη,
245 736 291 761 καὶ
304 736 320 770 ή
336 736 385 771 τῆς
401 737 552 772 ὲντεθείσης
564 738 638 773 αὐτῷ
656 739 783 773 γνώσεως
795 740 939 777 ἐξαγόρευ-

153 787 205 810 σις·
217 779 284 806 ἀλλὰ
303 781 351 814 τῆς
368 781 479 816 καρδίας
494 782 597 810 ἔνδοθεν
612 783 816 819 διδασκομένης,
831 787 845 812 ό
861 787 938 820 λόγος

151 823 296 858 ἡσύχαζεν.
318 825 448 852 Ἐνταῦθα
462 827 489 853 δὲ
505 827 572 862 ὁμοῦ
585 828 617 854 τὰ
630 828 676 855 δύο
695 830 742 856 καὶ
758 832 827 857 κατὰ
841 832 937 858 ταύτὸν

151 869 374 905 ὲνεργεῖται,καὶ
401 873 581 907 παραγίνεται
606 874 680 910 αὐτῷ
704 876 804 910 μεταξὺ
832 885 938 913 προφη-

150 915 255 942 τεύοντι
270 916 286 951 ἡ
297 915 350 943 τῶν
360 917 530 953 ὑψηλοτέρων
539 920 680 954 νοημάτων
690 920 847 948 διδασκαλία
864 923 938 958 παρὰ

149 960 197 986 τοῦ
210 960 376 996 Πνεύματος,
392 962 438 989 καὶ
448 963 477 989 τὸ
490 964 600 999 συνεχὲς
616 965 665 999 τῆς
684 966 815 1001 μελῳδίας
830 967 860 993 ού
881 967 938 994 δια⁸

150 1006 290 1033 κόπτεται·
318 1007 374 1034 ἀλλ’
389 1009 492 1043 ἐμφυὲν
512 1009 551 1044 τῷ
565 1010 672 1046 ὀργάνῳ
688 1011 735 1038 τοῦ
751 1014 890 1048 προφήτου
907 1014 937 1041 τὸ

150 1053 261 1088 Πνεῦμα
276 1053 305 1079 τὸ
319 1053 406 1087 ἅγιον,
425 1054 492 1081 αὐτὸ
504 1055 574 1081 κατὰ
587 1056 637 1091 τὴν
658 1056 726 1083 ἰδίαν
745 1057 856 1093 γνώμην
870 1061 940 1086 κινεῖ

151 1099 182 1125 τὰ
190 1099 329 1134 φωνητικὰ
341 1099 514 1136 αἰσθητήρια,
525 1101 562 1132 ὡς
575 1102 644 1137 μήτε
656 1102 704 1138 τὴν
714 1103 785 1138 ᾠδὴν
793 1104 936 1138 διαλιπεῖν,

149 1146 219 1180 μήτε
243 1145 439 1181 ὲμποδισθῆναι
463 1146 512 1181 τὴν
541 1146 715 1175 διδασκαλίαν
746 1149 785 1184 τῷ
814 1150 936 1185 φθόγγῳ·

149 1192 218 1227 αὕτη
234 1192 288 1227 γὰρ
302 1193 318 1226 ἡ
335 1191 492 1218 διδασκαλία
511 1193 559 1219 τοῦ
578 1193 735 1228 Πνεύματος
751 1195 782 1221 τὺ
798 1196 877 1230 μέλος
891 1194 935 1231 ἦν»

149 1238 239 1270 καθὼς
251 1238 378 1272 ὀνομάζει
393 1240 406 1265 ὀ
423 1239 580 1274 Σύμμαχος.
604 1240 648 1266 Ἐν
662 1240 767 1272 πολλοῖς
779 1241 807 1268 δὲ
827 1242 937 1277 μέρεσιν

152 1286 197 1319 τῆς
211 1284 370 1319 ψαλμῳδίας
382 1284 578 1320 εὑρισκομένης
589 1285 638 1320 τῆς
647 1287 773 1322 τοιαύτης
784 1287 935 1323 διαστολῆς,

149 1328 250 1364 ἀρκοῦν
264 1329 296 1355 ἂν
313 1330 367 1364 εἴη,
382 1329 426 1356 διὰ
446 1329 499 1356 τῶν
511 1330 661 1365 εἰρημένων
675 1331 768 1366 ἔφοδον
780 1333 871 1369 κοινὴν
887 1334 936 1368 τῆς

149 1374 194 1400 τοῦ
212 1374 397 1410 διαψάλματος
418 1376 607 1411 κατανοήσεως
620 1378 846 1412 παρασχομένους
857 1399 863 1409 ,
882 1388 934 1414 μη-

149 1419 206 1446 κέτι
223 1420 304 1446 πᾶσιν
320 1420 352 1446 δι’
369 1421 512 1456 ἀκριὸείας
535 1421 671 1453 ἐπεξιέναι
688 1423 742 1454 τοῖς
755 1423 933 1459 διαψὰλμασι.

149 1465 286 1500 Παρέλκον
296 1465 350 1500 γὰρ
365 1466 421 1500 ἅμα
433 1466 479 1492 καὶ
495 1467 621 1502 περιττὸν
631 1469 867 1503 ὲμφιλοχωροῦντα
878 1471 934 1502 τοῖς

995 247 1090 270 contra
1114 245 1186 277 illos,
1201 247 1247 280 qui
1261 247 1351 274 divina
1370 250 1480 276 oracula
1501 251 1640 278 additione
1656 253 1696 280 vel
1711 254 1774 280 sub-

995 290 1127 316 lractione
1145 290 1287 318 immutant
1304 292 1346 325 “;
1365 294 1501 320 CllSlOdIlO
1526 303 1558 322 eo
1578 296 1624 330 qui
1647 296 1725 324 nobis
1748 297 1775 324 in

994 333 1045 360 hac
1068 340 1143 369 parte
1167 334 1314 371 Scriptura:
1336 339 1452 367 traditus
1467 344 1509 366 est
1521 341 1617 367 ordine
1631 361 1637 372 ,
1668 342 1776 369 investi-

992 387 1057 413 gare
1072 381 1232 408 conabimur
1246 390 1369 417 quaenam
1385 384 1420 411 sit
1435 391 1518 411 causa
1534 387 1631 413 cantici
1656 387 1772 420 diapsal-

993 425 1083 452 matis.
1101 425 1128 452 In
1147 431 1264 454 mentem
1281 428 1363 463 igitur
1383 436 1541 457 revocemus
1552 451 1558 463 ,
1574 432 1607 457 ab
1622 432 1672 459 hoc
1689 441 1775 468 usque

992 470 1025 496 ad
1051 479 1168 506 sequens
1199 473 1366 508 diapsahna,
1394 483 1477 502 llltllm
1500 476 1649 510 diapsalina
1670 478 1773 508 fuisse.

993 515 1095 548 Spiritu
1113 521 1209 544 sancto
1231 518 1322 545 Daridi
1361 521 1508 554 prophetiae
1529 525 1556 548 et
1572 523 1774 551 vaticinationis

991 569 1070 589 sensa
1083 567 1109 589 et
1123 564 1247 591 notiones
1259 565 1408 599 inspirante
1418 575 1424 599 ;
1436 567 1482 593 scd
1499 575 1551 594 non
1563 575 1594 594 eo
1608 577 1661 601 quo
1675 569 1701 595 in
1714 569 1773 596 aliis

991 608 1093 635 solebat
1110 609 1190 636 modo
1204 630 1211 641 ,
1227 610 1262 636 ita
1276 615 1303 637 et
1324 611 1367 638 hic
1382 612 1434 646 egit
1453 612 1496 639 :in
1514 613 1574 640 aliis
1595 615 1667 641 enim
1692 615 1772 642 simul

991 662 1044 680 non
1057 659 1135 681 erant
1159 655 1292 684 institutio
1315 657 1348 684 de
1368 658 1526 686 cmlestibus
1545 661 1653 687 arcanis
1671 660 1738 687 facta
1757 669 1772 687 a

991 698 1093 732 Spiritu
1117 704 1227 733 sancto,
1252 705 1278 727 et
1304 702 1476 736 cogitationis
1502 703 1633 731 divinitus
1654 709 1772 739 accepta:

989 744 1116 778 elocutio,
1133 749 1159 772 et
1174 746 1318 780 patefactio
1329 767 1335 779 ,
1352 748 1399 774 sed
1417 756 1478 775 cum
1493 756 1539 776 cor
1552 750 1666 777 interius
1680 751 1771 778 erudi-

988 794 1074 824 retur,
1101 799 1191 819 sermo
1215 793 1281 820 foris
1296 794 1463 828 quiescebat.
1481 795 1530 822 llic
1548 804 1612 823 vero
1639 796 1693 823 dtto
1716 797 1772 824 lucc

988 835 1193 871 conjunguntur
1207 837 1287 864 simul
1304 842 1330 865 et
1348 838 1443 865 eodem
1460 843 1590 874 tempore.
1607 839 1674 867 Nam
1690 845 1716 868 et
1728 841 1772 867 di-

989 880 1104 914 sciplina
1130 881 1317 909 sublimiorum
1338 889 1504 911 secretorum
1529 885 1599 913 inter
1625 886 1773 913 vaticinan-

989 926 1052 954 dum
1070 928 1106 954 illi
1125 927 1212 960 adest,
1228 929 1368 964 seriesque
1384 931 1513 958 continua
1529 932 1649 959 nielodiae
1665 940 1718 959 non
1730 933 1772 959 in-

989 974 1179 1007 terrumpitur.
1205 975 1269 1009 quia
1293 974 1411 1010 Spiritus
1428 982 1539 1004 sanctus
1567 979 1705 1012 propheta!
1730 987 1772 1006 or-

989 1025 1061 1051 gano
1079 1020 1156 1053 quasi
1180 1020 1381 1053 iuhmn-sccns,
1404 1024 1516 1050 arbitrio
1538 1031 1588 1050 suo
1607 1025 1709 1051 vocalia
1731 1026 1771 1051 in-

989 1067 1141 1091 strumenta
1157 1070 1256 1098 movet,
1274 1072 1301 1092 ut
1320 1075 1406 1101 neque
1422 1073 1508 1095 cesset
1520 1069 1667 1101 canticum,
1685 1078 1771 1104 neque

988 1110 1069 1136 etiam
1095 1117 1228 1138 concentu
1258 1112 1422 1146 impediatur
1447 1114 1582 1141 doctrina.
1611 1115 1672 1149 Ipsa
1697 1117 1769 1142 enim

988 1154 1111 1182 doctrina
1130 1155 1246 1191 Spiritus
1270 1159 1355 1185 sancti
1386 1163 1482 1185 cantus
1507 1166 1554 1186 seu
1580 1160 1663 1186 melos
1692 1164 1768 1190 erat,

988 1205 1066 1234 prout
1081 1205 1108 1228 et
1123 1209 1137 1228 a
1156 1202 1318 1237 Symmacho
1336 1204 1502 1230 nominatur.
1517 1203 1551 1230 At
1574 1211 1637 1231 vero
1658 1211 1719 1230 cum
1742 1204 1769 1230 in

988 1247 1081 1273 multis
1099 1248 1264 1282 psalmorum
1289 1249 1412 1282 partibus
1433 1250 1590 1284 huiusmodi
1609 1250 1770 1284 intrrruptio

987 1293 1147 1326 reperiatur,
1161 1294 1227 1320 satis
1241 1294 1355 1322 fortasse
1372 1295 1453 1322 fuerit
1466 1303 1512 1330 per
1522 1303 1553 1322 ea
1568 1303 1627 1329 qua:
1638 1295 1767 1327 diximus,

987 1345 1156 1365 communem
1176 1340 1254 1374 quasi
1269 1341 1339 1366 viam
1363 1341 1492 1368 stravisse
1508 1341 1540 1368 ad
1567 1341 1767 1375 percipiendam

986 1384 1172 1418 diapsalmatis
1189 1386 1336 1417 notionem,
1350 1390 1379 1412 ut
1395 1387 1506 1421 proinde
1519 1387 1633 1422 Singulis
1650 1388 1769 1421 diapsal—

986 1430 1065 1456 matis
1074 1431 1242 1465 explicandis
1252 1439 1306 1459 non
1322 1432 1357 1459 sit
1372 1433 1588 1465 immorandum;
1606 1434 1684 1459 inane
1695 1434 1767 1459 enim

986 1477 1064 1503 simul
1088 1481 1115 1504 et
1134 1485 1332 1511 supervacuum
1363 1478 1452 1511 foret,
1479 1479 1575 1506 sedqu
1597 1479 1767 1506 insistentem

148 1511 328 1546 ἐγνωσμένοις
347 1511 391 1538 διὰ
414 1511 468 1538 τῶν
486 1512 707 1548 ὁμολογουμένων
732 1514 864 1550 μηκύνειν
887 1515 933 1543 τὸν

986 1521 1066 1548 rebus
1079 1522 1133 1556 jam
1152 1523 1237 1554 notis,
1259 1523 1417 1558 protrahere
1430 1531 1583 1551 sermonem
1601 1532 1648 1559 per
1661 1532 1691 1551 ea
1708 1532 1768 1558 qum

148 1555 235 1590 λόγον.

412 1623 608 1651 ΚΕΦΛΛΑΙΟΝ
624 1624 675 1652 IA'.

189 1677 269 1704 Ἀλλὰ
294 1678 340 1704 καὶ
363 1678 442 1705 τοῦτο
462 1678 495 1705 ἂν
514 1687 555 1709 τις
571 1679 683 1711 εἰκότως
698 1680 886 1716 ἐπιζητήσειε,
905 1681 932 1708 τί

146 1724 245 1759 δήποτε
259 1725 292 1759 τῇ
311 1724 454 1759 ἀκολουθίᾳ
474 1724 523 1760 τῆς
541 1725 661 1760 ἱστορίας
676 1726 840 1761 ἀσύμφωνός
858 1727 930 1753 ἐστιν

147 1771 164 1805 ἡ
182 1769 257 1802 τάξις
275 1770 325 1804 τῆς
338 1769 506 1805 ψαλμῳδίας.
524 1771 554 1797 Et
571 1772 624 1806 γάρ
645 1780 688 1803 τις
706 1772 883 1807 προσέχοιτῷ
900 1781 930 1798 τε

147 1816 264 1851 χρονικῷ
282 1816 454 1851 διαστήματι,
469 1817 498 1842 ὲν
511 1813 534 1850 ᾧ
549 1817 659 1850 γέγονεν
673 1817 689 1851 ὴ
706 1816 763 1852 ζωὴ
777 1817 824 1844 τοῦ
839 1817 929 1850 Δαυῒδ,

147 1863 194 1888 καὶ
211 1863 244 1898 τῇ
255 1862 310 1888 τῶν
324 1861 494 1896 πραγμάτων
508 1862 664 1898 ἀκολουθίᾳ,
678 1863 727 1889 οὐκ
743 1863 776 1889 ἂν
789 1863 864 1898 εὖροι
882 1863 930 1899 τὴν

146 1907 200 1934 τῶν
211 1907 325 1942 ψαλμῶν
336 1908 409 1934 θέσιν
434 1909 466 1942 τῇ
481 1907 556 1939 τάξει
570 1908 618 1943 τῆς
636 1908 754 1943 ἱστορίας
770 1909 931 1944 συμϐαίνου‹

148 1963 206 1981 σαν.
224 1954 315 1989 Φαμὲν
336 1954 425 1980 τοίνυν
443 1954 489 1980 ἐπὶ
502 1954 547 1980 τὸν
569 1954 677 1989 πρῶτον
692 1954 769 1989 ἡμῶν
783 1955 829 1981 τοῦ
850 1955 930 1989 λόγου

148 1999 247 2026 σκοπδν
262 2000 470 2035 ἀνατρέχοντες,
501 2000 542 2026 ὅτι
558 1999 663 2031 οὐδενὸς
677 2000 778 2027 τούτων
796 2000 870 2035 μέλει
892 2001 930 2037 τῷ

146 2045 297 2080 διδασκάλῳ
316 2045 403 2080 ἡμῶν.
427 2045 590 2071 Διδάσκαλον
605 2045 668 2080 γὰρ,
686 2043 772 2079 οἶμαι,
789 2045 930 2080 ὀνομάζειν

146 2090 229 2117 δεῖτὸ
248 2090 359 2125 Πνεῦμα
374 2091 404 2117 τὸ
422 2091 508 2124 ἅγιον,
525 2090 616 2122 καθώς
635 2099 717 2125 φησιν
733 2090 747 2116 ό
763 2090 873 2126 Κύριος·
890 2092 930 2118 ὅτι.

149 2144 159 2161 ‹
189 2136 307 2167 Ἐκεῖνος
320 2135 417 2169 διδάξει
441 2135 513 2171 ὑμᾶς
527 2136 623 2162 πάντα.
643 2145 652 2161 ›
669 2136 762 2171 Τούτῳ
780 2137 869 2162 τοίνυν
891 2137 931 2171 τῷ

982 1566 1104 1594 omnium
1119 1575 1255 1595 consensu
1275 1569 1471 1603 approbantur.

1283 1635 1399 1662 CAPUT
1420 1635 1465 1662 XI.

1018 1678 1069 1706 Sed
1085 1683 1112 1707 et
1127 1680 1178 1707 hoc
1195 1680 1292 1708 merito
1302 1681 1364 1715 quis
1380 1685 1492 1716 qumrat,
1508 1673 1589 1715 quam
1605 1680 1713 1708 tandem
1730 1681 1766 1707 ob

981 1732 1091 1752 causam
1106 1725 1173 1752 ordo
1196 1725 1364 1753 Psalmorum
1382 1734 1443 1753 cum
1462 1727 1583 1753 historiae
1598 1726 1701 1753 ordiue-
1713 1734 1765 1753 non

981 1770 1133 1797 consentiat
1148 1778 1154 1796 :
1171 1769 1194 1796 si
1211 1770 1273 1804 quis
1291 1771 1363 1797 enim
1381 1771 1500 1798 animum
1519 1771 1642 1798 advertat
1654 1771 1687 1797 ad
1704 1779 1766 1805 spa-

982 1817 1049 1842 tium
1068 1815 1197 1850 temporis
1211 1823 1265 1850 quo
1283 1816 1366 1843 David
1385 1817 1461 1849 vixit,
1480 1820 1506 1844 et
1517 1816 1550 1843 ad
1568 1825 1656 1843 rermn
1675 1821 1765 1850 gesta-

982 1869 1040 1887 rum
1057 1861 1170 1894 seriem,
1185 1869 1238 1888 non
1258 1869 1324 1889 sane
1345 1862 1464 1889 inveniet
1481 1861 1652 1889 Psalmorum
1673 1863 1766 1889 distri-

982 1907 1119 1934 butionem
1141 1911 1168 1933 et
1186 1907 1345 1941 positionem
1364 1916 1425 1934 cum
1443 1909 1571 1942 temporis
1588 1908 1683 1936 ordine
1705 1916 1766 1936 cou-

980 1953 1083 1980 venire.
1106 1952 1216 1980 Reversi
1238 1953 1270 1980 ad
1287 1954 1449 1988 principium
1469 1955 1604 1982 sermonis
1623 1955 1706 1982 nostri
1723 1963 1764 1981 re-

980 1998 1161 2032 spondemus,
1180 1998 1246 2024 nihil
1262 1998 1356 2025 horum
1374 1999 1479 2026 doctori
1495 2003 1522 2026 et
1536 2000 1694 2034 pneceptori
1716 2007 1764 2026 no—
1780 2027 1781 2031 η

981 2049 1039 2071 stro
1053 2052 1124 2071 curae
1139 2052 1216 2078 esse;
1235 2045 1373 2072 doctorem
1389 2046 1472 2078 enim,
1494 2046 1546 2073 nisi
1563 2045 1653 2076 iallor,
1678 2046 1766 2072 nouli-

980 2095 1046 2116 nare
1056 2093 1162 2124 oportet
1177 2090 1307 2124 Spiritum
1317 2094 1452 2122 sanctum,
1468 2095 1547 2125 prout
1563 2090 1694 2117 Dominus
1708 2091 1762 2116 ait:

983 2144 992 2160 ι
1012 2134 1057 2161 Ille
1070 2143 1118 2162 vos
1137 2135 1247 2162 docebit
1262 2135 1364 2162 omnia.
1385 2145 1393 2161 ι
1417 2135 1487 2162 lluic
1511 2136 1593 2170 igitur
1611 2136 1763 2162 animorum

147 2181 289 2217 καθηγητῇ
301 2182 354 2208 τῶν
368 2182 461 2217 ψυχῶν
477 2182 554 2218 ἡμῶν
569 2182 614 2209 καὶ
628 2182 780 2217 διδασκάλῳ
805 2182 930 2217 πάρεργα

986 2185 1138 2209 nostrorum
1160 2181 1309 2208 'mstitulori
1332 2181 1423 2208 omnia
1439 2182 1491 2208 alia
1506 2181 1539 2208 ad
1559 2189 1614 2208 rem
1630 2182 1765 2215 pertinere

145 2227 179 2254 τὰ
189 2227 256 2254 ἄλλα
268 2228 355 2254 πάντα
368 2228 449 2261 δοκεῖ,
463 2229 563 2264 σπουδὴ
575 2229 603 2255 δὲ
613 2228 643 2254 τὸ
653 2227 854 2263 περισώσασθαι
868 2229 930 2259 τοὺς

146 2273 175 2299 ὲν
188 2274 221 2308 τῇ
247 2274 408 2309 ματαιότητι
422 2275 470 2309 τῆς
486 2274 559 2309 ζωῆς
573 2274 780 2310 πλανωμένους.
803 2275 848 2301 καὶ
864 2274 930 2310 πρὸς

145 2317 194 2353 τὴν
208 2319 295 2354 ἀληθῆ
309 2319 381 2355 ζωὴν
401 2319 609 2353 ὲφελκύσασθαι,
625 2320 709 2346 Παντὶ
728 2320 781 2355 γὰρ
802 2320 840 2354 τῷ
861 2319 931 2346 κατά

145 2372 205 2390 τινα
218 2364 318 2391 σκοπὸν
334 2365 552 2400 κατορθουμένῳ,
567 2366 642 2398 τάξις
656 2374 698 2397 τις
719 2365 812 2392 ἔπεστι
829 2365 929 2400 φυσική

144 2417 175 2439 τι
196 2409 242 2436 καὶ
264 2411 413 2444 ἀναγκαία,
440 2412 457 2446 ἠ
479 2411 511 2437 δι’
537 2411 683 2437 ἀκολούθου
713 2410 880 2446 κατορθοῦσα
900 2410 931 2437 τὺ

146 2455 370 2490 σπουδαζόμενον.
395 2457 499 2492 Ὥσπερ
523 2457 610 2483 τοίνυν
625 2457 672 2483 ἐπὶ
691 2455 744 2482 τῶν
755 2454 928 2490 λιθογλύφων,

146 2500 245 2531 σκοπὸς
262 2501 310 2535 μὲν
323 2501 413 2533 αὐτοῖς
429 2503 476 2536 τῆς
493 2503 623 2537 ἐργασίας
637 2501 694 2528 ἐστὶ
709 2501 739 2527 τὸ
753 2501 820 2536 πρός
835 2510 860 2527 τι
877 2500 930 2527 τῶν

144 2544 229 2571 ὄντων
247 2545 379 2581 ὁμοιῶσαι
401 2546 447 2572 τὸν
465 2547 547 2578 λίθον,
573 2548 623 2574 οῦκ
643 2546 724 2578 εὐθὺς
746 2546 774 2577 δὲ
798 2546 829 2572 τὸ
851 2545 930 2581 ἔργον

145 2590 198 2617 ἀπὸ
209 2590 256 2618 τοῦ
274 2592 389 2626 πέρατος
403 2591 525 2627 ἄρχεται,
545 2593 601 2619 ἀλλ’
614 2592 765 2627 ἐπιτίθησιν
780 2593 930 2626 ἀναγκαίαν

143 2636 204 2661 τινὰ
226 2636 259 2670 τῇ
281 2636 381 2671 σπουδῇ
402 2636 478 2668 τάξιν
494 2637 510 2671 ὴ
526 2637 624 2671 τέχνη,
646 2635 680 2672 ἧς
699 2637 762 2663 ἄνευ
786 2637 835 2663 οὐκ
853 2637 885 2663 ἂν
901 2637 930 2664 τὸ

145 2678 360 2714 σπουδαζόμενον
376 2680 481 2714 γένοιτο
496 2680 566 2716 (χρὴ
582 2680 635 2715 γὰρ
652 2680 758 2715 πρῶτον
777 2681 825 2715 μὲν
842 2681 929 2717 ἀπορ-

145 2724 225 2759 ρῆξαι
240 2727 288 2760 τῆς
302 2725 440 2760 συμφυοῦς
462 2725 563 2760 πέτρας
580 2726 624 2752 τὸν
640 2725 722 2752 λίθου’
741 2723 799 2752 εἶτα
816 2727 928 2761 περικό-

145 2771 191 2805 ψαι
205 2771 253 2802 τὰς
270 2771 404 2806 προϐολὰς
418 2772 470 2798 τῶν
489 2772 643 2808 ἀχρήστων,
661 2772 727 2808 πρὸς
739 2772 787 2807 τὴν
801 2772 847 2798 τοῦ
863 2781 928 2807 προ-

181 2847 202 2862 ¹¹¹
220 2849 303 2884 Apoc.
327 2856 392 2882 XXII,
415 2849 455 2876 19.

983 2235 1037 2254 non
1052 2227 1189 2258 videntur,
1203 2227 1228 2253 in
1246 2226 1272 2252 id
1289 2234 1372 2253 unum
1387 2227 1564 2258 ineumbenti,
1579 2230 1608 2253 ut
1621 2231 1765 2254 conservet

980 2280 1028 2300 eos
1041 2272 1086 2306 qui
1104 2271 1130 2298 in
1146 2272 1196 2298 hae
1213 2271 1274 2298 vitae
1293 2272 1412 2298 vanitate
1432 2271 1569 2303 oberrant,
1586 2276 1612 2298 et
1626 2271 1658 2298 ad
1672 2280 1762 2299 veram

980 2319 1062 2344 vitam
1077 2317 1203 2344 adducat.
1220 2317 1298 2344 Omni
1318 2317 1390 2344 enim
1413 2317 1467 2348 illi,
1484 2317 1563 2351 cujus
1584 2318 1683 2345 actioni
1702 2318 1763 2344 linis

980 2362 1148 2397 prwstitutus
1170 2367 1230 2394 est,
1245 2362 1326 2389 simul
1345 2362 1427 2390 etiam
1451 2362 1518 2389 ordo
1540 2367 1567 2390 et
1585 2364 1715 2390 naturalis
1737 2367 1763 2389 et

980 2409 1153 2436 necessarius
1169 2408 1296 2443 praeﬁxos
1316 2413 1367 2440 est,
1384 2408 1430 2442 qui
1448 2409 1518 2435 serie
1530 2409 1647 2443 quadam
1670 2409 1695 2435 id
1709 2409 1763 2434 rili~

980 2455 1027 2485 cit.
1047 2454 1120 2489 quod
1143 2454 1193 2481 sibi
1219 2454 1353 2488 proponit.
1374 2453 1606 2486 Quemadmodum
1624 2454 1706 2488 igitur
1725 2454 1762 2480 la-

981 2500 1071 2534 pidum
1086 2500 1271 2534 sculptoribus
1285 2503 1312 2527 et
1327 2500 1477 2530 statuariis,
1497 2499 1559 2526 ﬁnis
1579 2499 1695 2526 actionis
1709 2503 1761 2529 est.

981 2544 1095 2579 lapidem
1107 2545 1140 2572 ad
1153 2545 1268 2579 alicujus
1279 2545 1484 2572 similitudinem
1501 2544 1672 2571 eonformare
1685 2553 1691 2570 :
1708 2552 1761 2570 non

980 2597 1068 2618 autem
1089 2591 1182 2618 statim
1199 2591 1233 2618 ab
1247 2591 1306 2625 ipso
1323 2591 1374 2617 line
1386 2598 1456 2625 opus
1471 2590 1626 2620 inchoatur,
1638 2589 1684 2616 sed
1699 2596 1762 2623 pro-

983 2636 1128 2663 cedendum
1143 2639 1186 2663 est
1202 2637 1253 2662 arti
1273 2636 1428 2663 necessario
1442 2635 1558 2670 quodam
1575 2635 1686 2665 ordine,
1703 2634 1762 2661 sino

979 2689 1033 2716 quo
1056 2682 1159 2708 nullum
1176 2688 1265 2716 opera:
1283 2681 1398 2716 pretium
1423 2680 1521 2711 faciat.
1540 2683 1587 2706 aut
1614 2678 1760 2713 quidquam

980 2727 1122 2762 proficiat:
1152 2731 1258 2762 oportet
1284 2726 1357 2754 cnim
1385 2726 1473 2760 primo
1500 2725 1615 2759 lapidem
1635 2723 1760 2751 excidere

979 2772 1013 2797 ab
1038 2771 1071 2798 iis
1089 2771 1220 2806 partibus,
1246 2778 1307 2796 cum
1336 2770 1435 2804 quibus
1454 2768 1614 2796 naturaliter
1637 2767 1757 2794 coaluit:
