1986 3080
227 92 282 124 543

860 96 888 123 S.
909 96 1070 124 GREGORII
1091 97 1238 126 NYSSENI

1800 93 1852 121 διι

227 151 325 178 deinde
345 150 541 178 circumcidere
557 149 720 178 eminentias
733 172 740 184 ,
760 155 786 178 et
805 160 937 180 excursus
953 160 1013 188 par-

1069 154 1194 189 κειμένου
1219 154 1333 190 μίμησιν
1348 154 1503 189 ὲξεχόντωνν
1524 153 1571 180 καὶ
1594 153 1680 184 οὕτως
1695 152 1787 187 κοιλᾷν
1808 151 1851 178 διὰ

228 197 294 222 tium
320 196 453 223 inutilium
470 195 503 223 ad
520 201 654 232 suscepta:
670 197 795 231 imaginis
820 198 1011 229 imitationem,

227 242 321 276 sicque
336 241 428 269 labore
441 246 468 268 et
486 242 576 269 studio
595 250 692 270 cavare
712 243 772 270 illas
790 243 888 278 lapidis
903 247 1011 278 partes,

227 286 327 321 quibus
338 286 453 314 sublatis
471 287 564 322 incipit
581 285 742 316 eminlere-iu
757 297 789 316 eo
801 290 872 323 quod
889 290 1012 317 relictum

227 335 280 361 est,
293 331 382 366 aliqua
398 332 503 366 species
518 333 655 365 animalis,
673 334 717 361 cui
730 334 900 362 conficiendo
915 335 1013 362 artifex

227 383 336 411 operam
361 381 453 404 natat.
476 376 540 404 Post
566 379 623 405 haec
643 379 832 406 subtilioribus
849 380 1012 415 quibusdam

227 427 254 448 et
271 422 442 450 tenuioribus
465 424 652 451 instrumentis
669 425 882 458 circumradere,
898 430 925 452 et
942 426 1014 453 lwvi-

228 475 293 502 gare
312 467 409 502 lapidis
436 469 610 503 asperitatem
635 469 802 505 aggreditur,
829 471 1014 505 subjectzeque

228 513 348 540 materiae
368 515 548 549 exemplaris,
566 523 614 542 seu
645 517 778 550 prototypi
804 517 1012 544 similitudinem

228 558 332 589 indere,
353 563 378 584 et
395 563 523 592 przeterea
546 560 643 594 lapidis
660 562 830 595 superﬁciem
848 562 967 596 expolire
987 566 1014 589 et

227 601 349 633 elimare.
366 606 392 629 et
408 603 542 630 laeviorem
558 604 679 636 reddere,
697 613 812 639 quorum
826 607 946 633 omnimn
962 607 1013 633 mi-

228 647 341 674 nisterio
352 654 397 674 ars
409 647 563 682 hnjnsmodi
578 654 704 676 ornatum
716 651 789 685 operi
801 651 886 678 addit.
915 651 1012 678 Eodem

227 693 305 726 plane
322 693 402 720 modo
415 714 423 726 ,
439 701 500 720 cum
525 696 678 723 tota.nohis
693 701 788 723 natura
806 697 841 723 ob
862 697 1014 731 voluptates

227 746 373 772 corporeas
393 739 474 766 veluti
497 740 523 766 in
545 741 660 775 lapidem
677 749 807 768 conversa
827 742 873 774 sit,
886 742 973 768 oratio
987 747 1014 769 et

227 783 374 816 institutio,
392 792 452 819 quae
466 793 516 812 nos
532 786 565 812 ad
580 786 698 813 divinant
717 788 922 815 similitudinem
935 789 1012 823 quasi

1064 199 1115 233 τῆς
1131 199 1261 234 ὲργασίας
1274 200 1365 225 ἐκεῖνα
1379 199 1424 225 τοῦ
1448 198 1522 224 λίθου
1539 197 1572 224 τὰ
1591 197 1663 233 μέρη
1675 216 1682 228 ,
1698 192 1736 223 ὧν
1750 196 1852 230 ἐξαιρε-

1063 244 1175 276 θέντων,
1203 246 1315 280 ἄρχεται
1336 244 1399 279 περὶ
1419 244 1450 270 τὸ
1472 243 1630 278 λειπόμενον
1655 241 1798 277 ἐνορᾶσθαι
1823 241 1852 268 τὺ

1065 290 1156 325 σχῆμα
1166 290 1212 316 τοῦ
1227 290 1307 322 ζῴου,
1324 290 1386 324 περὶ
1400 290 1414 316 ὃ
1428 289 1477 325 τὴν
1492 289 1610 324 σπουδὴν
1621 289 1635 315 ὁ
1646 288 1769 323 τεχνίτης
1783 287 1849 322 ἔχει*

1064 334 1110 360 καὶ
1135 335 1204 368 μετὰ
1224 334 1303 360 τοῦτο
1332 334 1503 369 λεπτοτέροις
1527 333 1581 360 τισὶ
1601 332 1648 358 καὶ
1668 331 1851 366 ὀμαλωτέροις

1063 379 1189 414 ὀργάνοις
1205 379 1340 414 περιξέειν
1355 388 1384 405 τε
1400 380 1446 406 καὶ
1459 378 1630 405 ἀπολεαίνειν
1647 378 1695 412 τὴν
1714 377 1759 403 τοῦ
1777 376 1851 402 λίθου

1063 424 1236 459 τραχύτητα,
1253 425 1300 451 καὶ
1318 425 1377 451 τότε
1403 424 1451 458 τῆς
1476 423 1630 458 ἀρχετύπου
1661 422 1767 458 μορφῆς
1793 422 1852 447 ἐπι-

1065 470 1170 496 ϐάλλειν
1194 470 1232 504 τῷ
1246 469 1465 504 ὑπολελειμμένῳ
1486 470 1534 503 τὴν
1553 469 1707 503 ὁμοιότητα·
1726 467 1851 502 λαμπρύ-

1064 523 1119 541 νειν
1141 523 1168 540 τε
1186 515 1254 549 μετὰ
1278 514 1363 541 ταῦτα
1377 514 1423 540 καὶ
1441 513 1578 548 λειοτέραν
1601 513 1689 538 ποιεῖν
1707 511 1755 537 τοῦ
1778 510 1851 537 λίθου

1063 560 1112 595 τὴν
1132 561 1300 595 ἐπιφάνειαν·
1323 561 1357 587 δι’
1371 557 1408 586 ὧν
1433 558 1501 586 οἶδεν
1523 560 1539 594 ἡ
1562 558 1643 593 τέχνη
1667 559 1711 584 τὸν
1732 557 1852 583 τοιοῦτον

1065 606 1218 632 ἐπιϐάλλειν
1232 606 1332 640 κόσμον
1354 605 1392 640 τῷ
1406 605 1507 640 ἔργῳγ
1526 604 1596 630 κατὰ
1618 603 1665 629 τὸν
1684 603 1764 641 αυτὸν
1788 603 1851 636 τρό-

1050 660 1114 686 ,πον
1139 652 1229 686 πάσης
1253 651 1346 686 ἡμῶν,
1376 651 1420 677 διὰ
1444 650 1493 685 τῆς
1519 649 1614 684 ὑλικῆς
1644 647 1829 684 προσπαθείας
1844 667 1852 677 .

1065 696 1158 731 ὥσπερ
1187 695 1400 730 ἀπολιθωθείσης
1435 695 1485 729 τῆς
1513 695 1634 729 φύσεως,
1663 695 1676 720 ὸ
1710 693 1777 727 προς
1803 692 1853 727 τὴν

1065 739 1138 766 θείαν
1157 740 1284 774 ὁμοίωσιν
1303 739 1429 774 λατομών
1446 739 1518 775 ἡμᾶς
1539 739 1629 772 λόγος,
1655 737 1708 772 ὁδῷ
1729 746 1782 763 τινι
1806 736 1854 762 καὶ

1066 785 1210 820 ἀκολουθίᾳ.
1259 786 1326 820 πρὸς
1357 785 1387 811 τὸ
1414 785 1459 812 τοῦ
1489 784 1591 811 σκοποῦ
1612 784 1698 819 πέρας
1723 781 1854 817 προέρχε-

227 829 375 856 (ξιίιιίίθιμίο
389 830 479 858 edolat
491 835 517 858 et
538 831 679 864 eﬂ‘ormat,
698 833 738 858 via
760 833 878 866 quadam
896 839 921 861 et
940 839 1013 861 certa
1031 823 1050 851 Β
1065 839 1119 858 ται-

229 875 334 901 ratione
344 875 377 902 ad
393 877 562 910 proposittnn
579 878 657 904 linem
672 878 803 912 procedit.

263 919 383 948 Primum
410 922 483 949 enim
509 926 617 958 separat
645 931 695 952 nos
723 932 737 950 a
766 928 882 959 cognato
907 925 1013 959 lapide,

229 973 243 992 a
260 966 378 999 malitia,
393 966 522 1002 inquam,
537 969 569 995 ad
581 977 660 1004 quam
674 977 722 1004 per
736 969 856 996 habitum
870 970 1014 1004 quemdam

229 1011 321 1038 adnati
344 1020 449 1044 sumus.
475 1013 575 1041 Deinde
599 1018 722 1049 amputat
744 1016 907 1049 superﬂuam
930 1020 1016 1043 mate-

229 1057 317 1090 riam;
334 1062 428 1092 postea
443 1057 561 1086 formare
581 1059 676 1094 incipit
699 1059 850 1093 subiectam
874 1060 1014 1087 materiam

230 1101 263 1127 ad
282 1102 491 1130 similitudinem
510 1105 692 1139 exemplaris,
709 1106 881 1140 exetnptione
901 1110 927 1132 et
941 1113 1016 1132 amo—

227 1147 303 1174 tione
314 1155 409 1174 eorum
428 1157 488 1183 qua
504 1150 709 1177 similitudinem
734 1151 879 1185 prohibent
892 1171 899 1182 ,
922 1152 1015 1186 sicque

233 1200 281 1227 per
293 1193 463 1221 subtiliorem
478 1195 673 1230 cogitationum
691 1200 717 1222 et
735 1197 875 1223 notionum
891 1197 1015 1232 discipli-

231 1246 294 1264 nam
306 1258 313 1271 ,
330 1239 428 1266 limans
444 1244 471 1266 et
487 1241 592 1275 policns
610 1246 732 1268 nostram
756 1247 873 1268 mentem
897 1250 943 1277 per
960 1246 1014 1270 vir-

229 1284 296 1311 tutis
313 1287 423 1319 typum,
440 1285 566 1312 efformat
588 1286 614 1313 in
639 1287 718 1314 nobis
738 1286 896 1318 Christum,
916 1295 1014 1314 secun-

228 1329 292 1356 dum
308 1330 388 1364 cujus
404 1331 610 1358 similitudinem
629 1332 662 1358 ab
678 1332 756 1358 initio
773 1331 935 1359 conformati
953 1341 1014 1360 era-

229 1383 308 1405 mus.
328 1376 360 1403 ad
379 1384 461 1410 quatit
480 1376 569 1403 denuo
586 1378 801 1404 conformamur.
821 1377 886 1411 Quis
903 1383 944 1405 est
965 1379 1014 1414 igi—

228 1425 273 1446 tur
293 1421 440 1456 sculptur;e
462 1426 562 1449 nostrae
582 1422 672 1449 ordo?
691 1422 718 1448 In
740 1424 826 1457 prima
849 1423 1013 1457 psalmorum

228 1466 350 1492 sectione
375 1466 409 1492 ab
437 1466 560 1500 improba
580 1467 646 1498 vita,
665 1467 743 1502 quasi
764 1468 877 1494 abscissi
899 1475 1012 1499 sumus;

228 1510 256 1536 in
273 1510 452 1544 sequentibus
469 1519 531 1538 vero
543 1531 549 1543 ,
569 1512 699 1538 continua
718 1512 802 1544 serie,
819 1513 945 1540 omnibus
964 1521 1014 1539 nu~

229 1556 310 1582 meris
337 1556 461 1583 absoluta
478 1561 520 1583 est
536 1557 663 1584 imitatio.
685 1557 800 1584 Constat
816 1565 880 1592 ergo
896 1559 1016 1592 psalmo-

228 1609 288 1628 rum
305 1602 391 1634 ordo,
407 1609 468 1629 cum
488 1602 605 1637 Spiritus
628 1608 758 1635 sanctus,
777 1607 806 1630 ut
829 1603 932 1630 dictum
955 1610 1014 1635 est,

227 1653 282 1673 non
299 1646 325 1674 id
352 1648 522 1682 propositum
541 1648 655 1680 habeat,
675 1653 703 1675 ut
729 1657 778 1675 nos
805 1649 904 1675 nudam
931 1649 1017 1676 histo-

228 1692 298 1718 riam
321 1692 435 1723 doceat.
451 1693 497 1720 sed
519 1698 548 1719 ut
566 1694 673 1720 animas
695 1698 804 1721 nostras
825 1701 874 1728 per
890 1694 1015 1720 virtutem

226 1737 377 1764 secundum
405 1737 488 1765 Deum
516 1739 634 1770 formet,
662 1743 691 1765 ut
719 1739 833 1773 proinde
863 1746 962 1766 sensus
988 1740 1015 1766 in

228 1782 341 1815 psalmis
366 1782 451 1810 abditi
467 1784 554 1810 series
569 1783 717 1818 quzerenda
733 1791 787 1810 non
805 1784 857 1815 sit,
883 1788 964 1817 prout
979 1784 1016 1810 hi—

228 1827 321 1855 storia:
337 1832 365 1855 et
386 1837 476 1856 rerum
495 1834 633 1864 gestarum
652 1829 720 1856 ordo
736 1829 860 1864 requirit.
877 1829 1015 1862 Quemad-

228 1875 337 1900 modum
355 1875 427 1901 enim
446 1875 473 1901 in
494 1875 576 1902 allato
592 1883 607 1901 a
624 1875 703 1902 nobis
718 1875 752 1902 de
767 1875 908 1910 sculptura
925 1883 1015 1901 exent-

227 1919 290 1953 plo,
307 1927 352 1947 ars
368 1920 401 1946 ad
417 1924 514 1947 statuae
534 1921 704 1948 eﬂectiouem
725 1921 818 1948 multis
835 1924 896 1955 eget
913 1921 1016 1948 instru-

228 1964 349 1997 mentis;
366 1964 548 1992 inSIrnmenta
565 1973 629 1992 vero
647 1965 704 1993 hac
724 1974 778 1992 non
798 1966 889 1992 omnia
910 1966 1013 1993 sim-ilia

227 2013 292 2036 sunt
311 2010 396 2044 figura
412 2015 439 2037 et
454 2011 562 2044 specie,
579 2010 627 2038 sed
644 2011 717 2038 aliud
733 2011 842 2046 quidem
858 2019 965 2039 summa
986 2011 1013 2038 in

227 2054 340 2089 cuspide
355 2055 382 2081 in
395 2056 452 2090 gyri
469 2055 578 2082 moduni
596 2055 766 2082 eﬂ'ormatum
782 2060 842 2088 est,
855 2057 907 2083 alia
920 2057 1014 2092 cuspi-

225 2100 288 2127 dem
303 2100 404 2127 habent
419 2101 507 2128 instar
520 2108 604 2129 serra:
615 2121 622 2133 ,
637 2101 689 2128 alia
702 2102 801 2137 scalpri
815 2103 899 2138 ﬁgura
917 2111 970 2138 prae
985 2111 1014 2131 se

1101 917 1210 954 Πρῶτον
1228 917 1351 953 χωρίζων
1373 917 1457 952 ἡμᾶς,
1481 914 1537 943 οἷόν
1556 925 1628 947 τινος
1645 915 1783 951 συμφυοῦς
1803 916 1853 941 πέ-

1064 972 1132 998 τρας
1152 964 1200 998 τῆς
1223 963 1322 995 κακίας
1348 963 1428 997 λέγω,
1487 962 1532 989 διά
1551 971 1621 993 τινος
1640 962 1756 997 σχέσεως
1782 959 1854 996 ἦμεν

1066 1009 1303 1045 προσπεφυκότες·
1331 1005 1392 1035 εἶτα
1418 1008 1576 1043 περικόπτει
1601 1008 1650 1043 τῆς
1675 1008 1740 1041 ὕλης
1757 1007 1791 1033 τὰ
1806 1015 1854 1033 πε-

1066 1056 1144 1092 ριττά
1154 1064 1160 1071 ⁸
1178 1056 1246 1091 μετὰ
1258 1055 1336 1082 τοῦτο
1346 1054 1449 1081 τυποῦν
1460 1054 1573 1090 ἄρχεται
1586 1055 1654 1090 πρὸς
1665 1054 1714 1090 τὴν
1725 1055 1854 1090 ὁμοίωσιν

1065 1100 1111 1127 τοῦ
1136 1100 1236 1127 σκοποῦ
1251 1101 1281 1126 τὸ
1309 1100 1468 1135 ἐγκείμενον
1488 1101 1521 1135 τῇ
1543 1099 1712 1135 περιαιρέπει
1722 1100 1775 1126 τῶν
1798 1108 1855 1126 κω-

1065 1146 1180 1172 λυόντων
1193 1145 1241 1180 τὴν
1255 1145 1368 1180 μίμησιν
1383 1152 1389 1158 ·
1402 1146 1447 1171 καὶ
1462 1144 1548 1176 οὕτως
1565 1144 1609 1170 διὰ
1625 1145 1673 1178 τῆς
1689 1144 1854 1176 λεπτοτέρας

1065 1191 1118 1217 τῶν
1147 1191 1290 1226 νοημάτων
1315 1190 1498 1222 διδασκαλίας,
1523 1188 1640 1221 ὲπιξὺων
1659 1198 1688 1215 τε
1705 1189 1754 1227 καὶ.
1770 1197 1853 1214 κατα-

1065 1236 1175 1262 λεαίνων
1192 1235 1268 1271 ήμῶν
1281 1236 1330 1270 τὴν
1349 1236 1479 1269 διάνοιαν,
1499 1236 1554 1262 τότε
1575 1235 1618 1262 διὰ
1633 1235 1678 1261 τὸν
1692 1235 1740 1269 τῆς
1753 1234 1852 1269 ἀρετῆς

1065 1283 1147 1309 τύπον
1173 1283 1310 1316 ὲμμορεροῖ
1324 1282 1388 1316 ἡμῖν
1403 1281 1447 1308 τὸν
1458 1281 1576 1317 Χριστόν
1587 1289 1593 1296 ’
1606 1279 1635 1307 οὗ
1645 1281 1702 1307 κατ’
1718 1280 1809 1306 εἰκόνα
1824 1280 1853 1313 ἐξ

1065 1328 1150 1363 ἀρχῆς
1177 1336 1206 1354 τε
1224 1325 1294 1362 ἦμεν
1321 1327 1367 1353 καὶ
1393 1328 1473 1354 πάλιν
1498 1327 1638 1362 γινόμεθα.
1659 1327 1706 1358 Τίς
1723 1324 1768 1352 οὖν
1780 1326 1854 1352 ἐστιν

1065 1374 1081 1408 ὴ
1103 1373 1152 1408 τῆς
1176 1373 1279 1407 γλυφῆς
1293 1372 1346 1398 τῶν
1362 1373 1502 1408 ἡμετέρων
1525 1372 1618 1407 ψυχῶν
1640 1372 1734 1404 τάξις;
1757 1371 1800 1397 Ἐν
1814 1371 1853 1406 τῷ

1066 1418 1164 1453 πρώτῳ
1186 1419 1307 1453 τμήματι
1330 1419 1377 1453 τῆς
1393 1418 1562 1453 ψαλμῳδίας,
1580 1418 1629 1452 τῆς
1643 1419 1670 1444 ὲν
1683 1418 1767 1453 κακίᾳ
1779 1417 1854 1452 ζωῆς

1065 1464 1287 1499 ἀπεεχίσθημεν·
1308 1464 1335 1489 ὲν
1355 1464 1382 1490 δὲ
1397 1465 1452 1494 τοῖς
1469 1464 1567 1498 ἐφεξῆς
1583 1464 1626 1490 διὰ
1640 1463 1688 1496 τῆς
1704 1463 1854 1498 προσεχοῦς

1065 1509 1223 1540 ἀκολουθίας
1251 1509 1297 1535 ἐπὶ
1317 1509 1345 1534 τὸ
1360 1509 1460 1535 τέλειον
1474 1508 1626 1544 προήχθηὴ
1644 1509 1766 1543 μίμησις.
1785 1509 1854 1542 Σύγ-

1067 1564 1152 1582 κειται
1177 1555 1266 1582 τοίνυν
1279 1554 1332 1580 τῶν
1348 1554 1463 1588 ψαλμῶν
1479 1556 1496 1590 ἠ
1516 1555 1601 1587 τάξις,
1619 1555 1711 1589 ἐπειδὴ
1727 1555 1757 1580 τὸ
1772 1563 1854 1580 σπου-

1065 1601 1209 1635 δαζόμενον
1234 1600 1290 1626 ἐστι
1313 1599 1351 1634 τῷ
1371 1600 1519 1634 Πνεύματι.
1551 1599 1640 1630 καθὼς
1664 1601 1781 1636 εἴρηται,
1804 1601 1854 1634 οὐχ

1067 1646 1186 1681 ίττορίαν
1201 1646 1273 1681 ἡμᾶς
1293 1645 1397 1677 διδάξαι
1415 1646 1506 1681 ψιλὴν,
1522 1645 1590 1672 ἀλλὰ
1605 1645 1653 1677 τὰς
1668 1646 1756 1681 ψυχὰς
1775 1647 1854 1682 ἡμῶν

1065 1692 1097 1718 δι’
1112 1692 1210 1727 ἀρετῆς
1237 1692 1307 1718 κατὰ
1336 1692 1402 1718 Θεὸν
1436 1691 1591 1727 μορφῶσαν
1608 1692 1645 1724 ὡς
1681 1692 1804 1727 ἐπιζητεί
1824 1693 1856 1718 τὸ

1065 1737 1114 1772 τῆς
1123 1737 1239 1769 διανοίας
1251 1737 1305 1764 τῶν
1321 1738 1349 1764 ἐν
1371 1738 1427 1768 τοῖς
1440 1737 1556 1772 ψαλμοῖς
1575 1737 1776 1773 γεγραμμένων
1788 1738 1855 1764 ἀκό-

1064 1783 1168 1815 λουθον,
1181 1783 1229 1818 οὐχ
1242 1783 1280 1814 ὠς
1293 1783 1440 1818 ἡίστορικὴ
1455 1782 1577 1818 βούλεται
1591 1783 1745 1810 ἀκολουθία,
1759 1783 1854 1810 Καθὰ⁴

1065 1837 1117 1864 περ
1132 1829 1186 1864 γὰρ
1204 1829 1249 1855 ἐπὶ
1262 1829 1307 1855 τοῦ
1330 1828 1485 1861 ἐκτεθέντος
1499 1830 1566 1864 ἡμῖν
1578 1829 1626 1855 τοῦ
1642 1829 1712 1856 κατά
1725 1829 1774 1864 τὴν
1789 1829 1855 1863 γλυ-

1065 1876 1117 1911 φὴν
1145 1876 1351 1910 ὐποδείγματος,
1373 1875 1477 1902 πολλῶν
1493 1877 1567 1902 ἐστιν
1586 1876 1708 1911 ὀργάνων
1722 1875 1789 1911 πρὸς
1803 1876 1853 1910 τὴν

1064 1920 1110 1946 τοῦ
1133 1921 1290 1955 ἀγάλματος
1313 1921 1484 1956 ἀπεργασίαν
1509 1921 1588 1956 χρεία
1606 1923 1638 1956 τῇ
1655 1922 1738 1957 τέχνῃ
1756 1921 1810 1955 (τὰ
1824 1921 1853 1948 δὲ

1064 1965 1167 2000 δργανα
1179 1966 1275 1997 ταῦτα.
1286 1966 1335 2000 οὐχ
1345 1966 1445 2002 ὁμοίως
1456 1966 1511 2001 ἔχει
1527 1967 1594 2002 πρὸς
1605 1967 1705 2001 ἄλληλα
1721 1966 1791 1993 κατὰ
1806 1967 1853 1993 τὸν

1063 2009 1148 2036 τύπον
1161 2010 1206 2036 τοῦ
1221 2011 1368 2045 σχήματος,
1383 2010 1450 2036 ἀλλὰ
1465 2011 1496 2037 τὸ
1506 2007 1721 2046 μέν’ἑλικοειδῶς
1738 2011 1809 2037 κατὰ
1822 2011 1853 2037 τὸ

1063 2055 1148 2089 ἄκρον
1166 2054 1318 2081 τετύπωται
1329 2076 1336 2088 ,
1354 2055 1389 2081 τὰ
1402 2055 1429 2082 δὲ
1445 2055 1580 2090 πριονώδη
1595 2056 1644 2090 τὴν
1666 2055 1756 2090 ἀκμὴν
1776 2055 1834 2090 ἔχει
1845 2064 1851 2069 ·

1063 2100 1130 2126 ἄλλα
1145 2100 1300 2135 σμιλοειδῶς
1315 2100 1541 2127 κατεσκεύασται.
1565 2100 1682 2133 Ἑτέροις
1707 2102 1853 2136 πριῆκται

227 2144 335 2178 ferunt,
364 2146 416 2173 alia
445 2152 528 2179 sunt,
557 2155 673 2182 quorum
701 2148 787 2175 forma
810 2150 1012 2177 semicirculnm

1064 2146 1094 2172 τὸ
1106 2145 1176 2177 εἶδος
1189 2148 1228 2177 είς
1242 2146 1415 2181 ἡμικύκλιον.
1435 2147 1527 2173 Πάντα
1547 2146 1576 2173 δὲ
1587 2146 1673 2173 ταῦτα
1689 2147 1736 2173 καὶ
1750 2147 1783 2173 τὰ
1794 2155 1852 2173 τοι-

227 2190 311 2219 refert
326 2200 334 2224 ;
351 2192 441 2219 omnia
457 2196 548 2220 autem
565 2193 622 2220 hac
636 2197 663 2221 et
676 2194 740 2220 talia
756 2195 879 2229 apposito
893 2199 1013 2230 tempore

226 2237 326 2265 artiﬁci
340 2238 510 2266 inserviunt:
525 2239 565 2266 sic
579 2247 644 2266 vero
661 2244 755 2267 nostro
768 2240 858 2274 opifici
872 2260 880 2272 ,
894 2241 938 2274 qui
954 2241 1013 2268 ani—

227 2289 286 2309 mas
300 2286 419 2316 ,nostras
443 2284 512 2310 scite
536 2283 570 2310 ad
597 2284 644 2311 Dei
673 2284 877 2311 similitudinem
901 2285 1012 2319 ellingit,

227 2328 384 2361 psalmodiae
402 2333 482 2361 sunt,
504 2330 577 2357 velut
596 2330 745 2364 scnlptoria
765 2331 889 2364 quautam
909 2330 1012 2358 instrn-

227 2376 340 2405 mcnla;
365 2381 444 2400 usum
473 2379 563 2401 autem
587 2375 743 2409 hujusmodi
767 2375 1013 2402 instrumentorum

224 2417 336 2445 nrdinat
352 2419 504 2446 necessitas
519 2419 646 2446 actionis.
661 2419 752 2454 Neque
770 2420 886 2447 sollicite
899 2421 1013 2454 inquirit

226 2463 344 2496 artifex,
366 2464 503 2498 quodnam
531 2473 563 2492 ex
593 2465 646 2492 illis
673 2465 861 2492 instrumentis
881 2466 957 2500 prius
975 2466 1012 2493 sit

226 2509 407 2537 fabrefactum
420 2530 427 2542 ,
444 2515 472 2537 ut
487 2511 512 2537 id
526 2511 598 2545 quod
616 2511 691 2546 prius
706 2510 883 2538 fabrefactum
902 2516 961 2544 est,
977 2512 1012 2539 sit

224 2555 308 2582 etiam
331 2555 447 2589 primum
469 2557 495 2582 in
516 2556 626 2583 actione
645 2557 801 2591 scnlptnraa.
823 2555 890 2582 Nam
911 2557 956 2591 qni
978 2558 1011 2584 ad

228 2600 416 2628 necessitatem
432 2605 536 2628 tantum
551 2601 725 2632 attendit,ille
741 2601 857 2636 quodvis
871 2606 896 2629 et
910 2603 1009 2637 primo.

225 2651 254 2674 et
267 2645 388 2673 seettndo
399 2666 407 2679 ,
423 2650 450 2673 et
462 2654 626 2681 quocunque
640 2647 693 2675 alio
709 2648 767 2675 loco
781 2648 897 2674 collocat
907 2669 914 2681 ,
932 2652 1011 2683 prout

226 2691 324 2720 suadet
338 2700 403 2720 usus
416 2697 443 2720 et
460 2693 618 2721 necessitas.
644 2693 706 2721 Sive
720 2694 804 2729 igitur
819 2694 862 2720 illa
875 2702 936 2729 quae
952 2702 1011 2722 eve-

228 2744 327 2766 nerunt
340 2747 402 2766 cum
417 2739 523 2766 Goliath
548 2746 576 2767 et.
599 2739 700 2772 Sanle,
728 2741 898 2768 collocentur
923 2741 1010 2775 primo

229 2785 304 2816 loco,
319 2785 375 2813 sive
390 2785 484 2812 ultimo
497 2793 528 2812 ea
542 2794 601 2820 qum
616 2793 677 2813 cum
696 2787 831 2814 Alisalone
846 2793 871 2813 t‘t
888 2785 948 2812 L’ria
965 2794 1010 2813 ac-

1063 2191 1144 2223 αὖτα,
1169 2191 1240 2218 κατὰ
1267 2191 1313 2218 τὸν
1339 2192 1404 2218 ἴδιον
1421 2192 1533 2219 ἕκαστον
1550 2192 1644 2227 καιρὸν
1668 2192 1799 2227 ὑπουργεί
1812 2191 1853 2226 τῷ

1063 2238 1182 2272 τεχνίτῃ)
1193 2245 1200 2252 ·
1216 2236 1303 2268 οὕτως
1328 2237 1367 2272 τῷ
1383 2237 1502 2272 ἀληθινῷ
1521 2237 1652 2272 ἐπιστάτῃ
1667 2236 1706 2272 τῷ
1720 2237 1853 2271 τεχνικῶς

1063 2283 1325 2318 διαγλὺφοντιήμῶν
1350 2283 1399 2314 τὰς
1413 2283 1502 2318 ψυχὰς
1531 2284 1598 2318 πρὸς
1625 2284 1673 2318 τὴν
1703 2283 1749 2309 τοῦ
1771 2283 1852 2309 Θείου

1063 2330 1201 2364 ὁμοίωσιν,
1221 2325 1276 2355 οἷον
1293 2328 1398 2364 ὄργανά
1418 2338 1477 2356 τινα
1497 2329 1673 2363 λιθογλυειςικὰ
1701 2329 1729 2354 αἱ
1757 2328 1850 2362 ψαλμ-

1063 2375 1140 2410 φδίαι
1155 2375 1426 2410 παρεσκευάσθησαν,
1440 2375 1490 2410 τὴν
1503 2375 1531 2402 δὲ
1545 2375 1598 2401 τῶν
1610 2375 1732 2409 ὀργάνων
1748 2373 1852 2411 τούτων

1064 2421 1160 2456 χρῆσιν
1188 2421 1204 2456 ἡ
1218 2420 1297 2456 χρεία
1313 2420 1362 2455 τῆς
1376 2420 1506 2456 ἐργασίας
1526 2420 1566 2452 εἰς
1581 2419 1657 2452 τάξιν
1668 2420 1737 2452 ἄγει.
1756 2417 1852 2444 Καΐοὺ

1071 2466 1141 2492 ιέλει
1157 2466 1195 2501 τῷ
1220 2466 1328 2501 τεχνίτῃ
1342 2465 1588 2500 πολυπραγμονεῖν.
1607 2466 1680 2490 ποῖον
1701 2465 1730 2490 ὲν
1741 2465 1795 2495 τοῖς
1806 2464 1854 2498 ὀρ-

1064 2511 1156 2545 γάνοις
1178 2511 1232 2547 πρὸ
1255 2511 1302 2538 τοῦ
1327 2511 1420 2545 ἐτέρου
1444 2510 1632 2545 κεχάλκευται,
1659 2509 1702 2536 ἴνα
1727 2509 1756 2535 τὸ
1771 2509 1799 2534 ὲν
1817 2510 1850 2543 τῇ

1063 2559 1217 2592 κατασκευῇ
1231 2557 1350 2592 πρῶτον.
1366 2556 1412 2582 καὶ
1426 2557 1454 2582 ὲν
1475 2557 1508 2591 τῇ
1525 2555 1670 2591 συνεργείᾳ
1679 2555 1727 2590 τῆς
1744 2553 1851 2589 γλυφῆς

1063 2602 1173 2637 γένηται
1183 2602 1299 2637 πρῶτον,
1315 2602 1344 2627 '0
1361 2601 1414 2639 γὰρ
1427 2602 1459 2636 τῇ
1475 2601 1554 2636 χρείᾳ
1571 2601 1721 2636 προσέχων.
1740 2599 1850 2634 πρῶτον

1064 2649 1108 2675 καὶ
1123 2648 1258 2682 δεύτερον,
1283 2647 1327 2673 καὶ
1344 2646 1485 2673 πολλοστὸν
1509 2647 1596 2672 ἐκεῖνο
1611 2646 1690 2671 ποιεῖ.
1705 2645 1718 2671 ὃ
1730 2645 1850 2679 συμϐου-

1062 2694 1133 2720 λεύει
1157 2695 1173 2728 ἡ
1198 2693 1288 2727 χρεία.
1316 2693 1375 2718 Εῐτε
1402 2690 1448 2718 οὖν
1465 2693 1493 2717 ἐν
1519 2691 1636 2725 πρώτοις
1665 2692 1698 2716 τὰ
1720 2690 1790 2716 κατὰ
1803 2691 1850 2716 τὸν

1063 2739 1157 2766 Γολιὰθ
1176 2740 1220 2766 καὶ
1233 2738 1279 2764 τὸν
1293 2738 1378 2764 Σαούλ
1394 2738 1451 2764 ἐστι
1470 2738 1618 2771 πράγματα
1629 2756 1636 2766 ,
1650 2737 1703 2762 εἴτε
1725 2737 1754 2762 ἐν
1773 2737 1851 2770 ἐσχὰτ

1064 2794 1117 2817 τοις
1128 2785 1161 2811 τὰ
1176 2784 1245 2811 κατὰ
1260 2785 1303 2810 τὸν
1327 2783 1500 2818 ’Λδεβσαλὼμ
1519 2783 1565 2809 καὶ
1580 2783 1623 2809 τὸν
1641 2782 1750 2816 Οὐρίαν.
1766 2782 1810 2807 καὶ
1825 2781 1850 2806 οἱ
