1986 3080
147 120 199 148 545

843 115 875 142 IN
895 114 1061 143 PSALMOb.

1714 113 1766 141 546

140 176 188 202 ’τοῦ
204 175 286 202 Χουσῖ
296 176 378 210 λόγοι,
393 175 439 201 καὶ
456 175 472 210 ὴ
487 174 556 201 κατὰ
570 175 619 210 τὴν
636 175 771 210 Βερσαὸεὲ
791 176 927 210 συντυχία·

984 175 1120 206 ciderunt,
1139 178 1165 200 et
1180 174 1260 201 verba
1276 173 1359 201 Chusi
1371 194 1378 206 ,
1396 178 1422 200 et
1439 181 1604 208 congressus
1620 181 1682 200 cum
1697 173 1764 200 Ber-

144 222 220 256 μέλει
249 221 349 247 τούτων
372 220 447 246 οὐδὲν
470 220 509 255 τῷ
532 220 677 256 μορφοῦντι
698 221 741 247 διὰ
763 221 863 247 τούτων
878 221 927 252 τὰς

142 267 252 302 καρδίας
282 267 376 302 ἡμῶν,
401 267 458 294 ἀλλ’
486 268 558 299 ὅπως
576 268 608 294 ἂν
631 268 664 293 δι’
689 268 804 294 ἑκάστου
827 267 928 294 τούτων

141 312 247 345 γένοιτό
271 321 313 343 τις
339 312 406 347 πρὸς
430 312 461 338 τὸ
484 311 584 345 ἀγαθὸν
598 313 663 346 ἡμῖν
688 312 830 347 συνεργίαν.
856 311 927 346 Πρὸς

141 358 220 384 τοῦτο
242 357 336 392 βλέπει
363 358 409 384 καὶ
435 358 451 392 ἡ
474 357 542 391 πρὸς
559 357 608 392 τὴν
625 357 760 392 σωτηρίαν
773 356 926 383 ἁκολουθία’

141 393 190 429 καὶ
215 403 291 436 τάξις
319 403 416 438 ἀρίστη
431 403 534 436 γίνεται
552 403 606 428 τῶν
621 403 661 433 είς
682 402 749 438 αὐτὸ
770 402 849 428 τοῦτο
866 410 928 428 συν-

142 449 294 483 εργούντων
305 449 370 483 ἡμῖν
390 447 533 475 ἀκολουθία
548 448 595 474 καὶ
607 447 692 479 τάξις.
707 445 779 478 Οῗον.
798 449 812 474 6
824 447 929 482 πρῶτος

141 494 294 528 ἀπέστησεν
311 494 360 529 τῆς
378 493 447 529 προς
468 493 497 520 τὸ
513 494 598 520 κακὸν
617 493 753 528 συμφυΐας
767 493 811 520 τὸν
824 492 929 528 ἄνθρω-

142 548 202 567 πον.
224 541 253 567 ’0
270 539 405 575 δεύτερος,
427 539 479 566 τίνι
501 539 747 574 προσκολληθῶμεν
772 539 928 572 ὑπέδειξεν,

141 586 191 621 τὴν
207 586 250 612 διὰ
271 586 371 620 σαρκὸς
384 585 430 611 τοῦ
449 585 551 620 Κυρίου
575 585 752 620 προμηνύσας
768 584 926 620 ἐμφάνειαν,

141 632 191 658 καὶ
217 631 316 663 δείξας,
335 631 375 658 ὅτι
402 631 481 657 τοῦτό
510 631 567 657 ἐστι
593 631 728 665 μακάριον
745 630 775 657 τὸ
795 631 837 656 ἐπ’
856 630 929 666 αὑτῷ

142 677 311 704 πεποιθέναι.
341 677 370 704 '0
392 677 491 712 τρίτος,
523 676 568 703 τὸν
585 677 660 711 παρὰ
685 676 730 703 τοῦ
772 676 868 711 ἐχθροῦ
888 685 929 704 σοι

141 722 322 756 ἐφιστάμενον
333 721 484 756 πειρασμὸν
506 721 684 757 προμηνύσει.
708 722 751 752 Ὡς
765 721 813 756 ἤδη
828 729 855 747 σε
871 730 927 756 χρι⁴

145 764 240 791 σθέντα
256 766 295 795 εἰς
311 764 447 798 βασιλείαν
471 764 514 790 διὰ
528 765 577 798 τῆς
595 764 721 794 πίστεως,
737 764 784 790 καὶ
809 763 848 798 τῷ
862 764 928 798 ἀλη-

143 810 209 845 tith
228 810 338 845 Χριστῷ
363 809 605 844 συμϐασιλεύοντα,
621 809 670 835 οὐκ
685 808 782 841 ἔξωθεν
799 809 931 843 ἐπιχειρεῖ

141 855 190 882 τοῦ
208 854 363 890 ἀξιώματός
381 863 410 881 σε
436 855 587 886 ἐκϐάλλειν,
609 854 665 881 ἀλλ’
683 854 713 885 ὲξ
727 853 807 880 αὑτοῦ
821 853 867 880 τοῦ
884 853 929 880 σοῦ

143 901 297 935 γενόμενος.
323 901 358 926 Οὐ
379 900 434 935 γὰρ
461 900 593 935 ἑτέρωθεν
619 899 674 933 ἔχει
698 899 747 933 τὴν
773 899 849 933 ἰσχὺν
870 899 930 925 καθ’

144 946 222 981 ἡμῶν
253 945 267 971 6
293 945 431 980 πολέμιος,
450 945 510 971 οὐδὲ
534 945 599 980 παρ’
615 945 695 971 ἄλλου
722 943 793 975 τινὸς
812 944 866 970 ἀπὸ
883 942 930 970 τοῦ

143 991 299 1026 ἀξιώματος
331 990 527 1024 ὲκὸαλλόμεθα.
551 990 575 1016 ει
601 989 638 1025 μὴ
661 989 736 1015 αὐτοὶ
756 989 872 1024 πατέρες
884 988 930 1015 τοῦ

145 1035 230 1062 κακοῦ
244 1036 410 1070 γεννήματος
422 1035 466 1062 διὰ
479 1035 528 1069 τῆς
540 1036 663 1070 πονηρᾶς
674 1035 767 1066 ὠδῖνος
775 1035 929 1070 γενοίμεθα.

148 1082 195 1113 Ὃς
206 1081 327 1116 ἀνταίρει
342 1081 374 1115 τῇ
387 1080 509 1116 βασιλείᾳ
522 1080 611 1116 ἡμῶν,
627 1080 672 1106 καὶ
685 1080 862 1106 ἐπανίσταται
872 1080 932 1106 τότε

145 1127 205 1153 καθ’
220 1126 299 1162 ήμῶν
323 1126 356 1153 τὸ
385 1126 485 1162 κράτος
511 1126 666 1161 λαμϐάνων,
682 1126 745 1152 ὅταν
765 1125 865 1161 μολύνῃ
884 1125 932 1156 τὰς

146 1172 322 1203 συνοικούσας
341 1172 417 1207 ἡμῖν,
431 1173 459 1198 ὲν
479 1172 603 1208 ὑπαίθρῳ
630 1172 660 1198 τὺ
678 1173 752 1205 ιῖιγος¹
765 1171 933 1206 κατεργασά-

148 1226 227 1252 μενος
239 1226 245 1232 ·
259 1217 332 1244 τοῦτ’
351 1217 435 1248 ἔστιν,
455 1217 518 1244 ὅταν
529 1217 694 1252 δημοσιεύσῃ
705 1217 754 1252 τὴν
763 1217 816 1243 τῶν
828 1216 932 1252 ἀρετῶν

146 1263 224 1298 ἡμῶν
241 1262 400 1297 διαφθορὰν,
415 1259 458 1292 αἷς
471 1270 534 1288 ποτε
548 1263 754 1297 συνῳκήσαμεν.

190 1392 264 1418 Ἐπεὶ
276 1390 323 1418 οὖν
351 1393 379 1418 ὲν
401 1394 456 1425 τοῖς
474 1393 591 1428 πρώτοις
620 1393 695 1420 οὔπω
711 1395 854 1422 τετόνωται
868 1396 934 1430 πρὸς

146 1437 210 1468 τοὺς
225 1437 331 1471 ἀγῶνας
356 1438 421 1473 ἡμῖν
443 1439 460 1473 ἠ
480 1437 606 1474 δύναμις,
628 1439 665 1470 ὡς
683 1440 753 1467 κατὰ
779 1441 865 1476 στόμα
876 1442 934 1472 ταῖς

147 1482 310 1517 προσϐολαῖς
340 1483 386 1509 τοῦ
412 1483 551 1518 ἀλλοτρίου
584 1484 796 1518 συμπλέκεσθαι,
819 1486 867 1512 καὶ
888 1485 934 1512 τοῦ

149 1530 244 1563 φυγεῖν
257 1528 304 1554 τοῦ
321 1529 441 1555 τοιούτου
460 1530 508 1563 τὴν
529 1529 633 1563 ἔφοδον,
648 1529 678 1555 οὐ
696 1531 792 1565 μικρὸν
812 1531 850 1562 είς
864 1531 934 1565 ὠφέ-
947 1522 968 1551 C

148 1571 222 1597 λιιαν
245 1573 300 1602 τοῖς
325 1571 536 1607 πολεμουμένοις
552 1573 566 1599 6
588 1572 665 1606 λόγος
679 1574 815 1606 ὑπέδειξεν
824 1574 872 1601 διὰ
886 1575 932 1601 τοῦ

149 1616 220 1645 γατὰ
238 1616 287 1652 τὴν
304 1616 414 1652 Γραφὴν
427 1617 635 1652 ὺποδείγματος,
656 1619 732 1646 τοῦτο
747 1628 776 1646 σε
789 1620 932 1654 διδάσκων,

149 1663 190 1689 ὅτι
203 1663 267 1689 ὅταν
284 1671 323 1689 σοι
336 1662 448 1697 γένηται
474 1663 653 1699 ’Δϐεσσαλὼμ
663 1665 678 1690 6
696 1666 728 1700 τῇ
740 1665 823 1700 κακίᾳ
830 1665 932 1700 κομῶν.

150 1708 165 1734 6
187 1708 392 1742 ἀδελφοκτόνος,
420 1709 480 1735 τότε
513 1709 611 1745 τιμίοις
633 1718 680 1736 σου
712 1711 810 1744 γάμοις
834 1711 881 1737 καὶ
901 1711 933 1746 τῇ

150 1753 275 1788 ἀμιάντῳ
299 1753 376 1790 κοίτῃ
399 1754 593 1790 ὲπιλυσσήσας,
614 1755 709 1789 φεῦγε,
721 1755 811 1787 καθώς
827 1764 909 1790 φησιν
920 1756 935 1782 6

151 1797 261 1832 Κύριος,
293 1798 348 1824 ἀπὸ
373 1799 475 1830 πόλεως
491 1800 530 1830 είς
547 1799 634 1826 πόλιν.
655 1800 698 1826 Ἐν
719 1800 771 1836 γὰρ
789 1799 828 1835 τῷ
841 1800 934 1827 ἀποδι-

149 1842 278 1877 δράσκειν
305 1843 360 1870 ἀπὸ
398 1843 542 1878 προσώπου
580 1844 754 1880 ’Δεεσσαλὼμ
783 1845 867 1879 ἐστιν,
887 1845 934 1872 τοῦ

151 1887 270 1914 τοιούτου
285 1888 408 1919 υἰοῦ,τόν
418 1888 611 1923 συλλεξάμενοι)
634 1889 730 1916 ἑαυτοῦ
745 1889 793 1921 τὰς
809 1889 935 1925 δυνάμεις

152 1937 186 1970 τῇ
215 1935 343 1970 συνεργίᾳ
364 1935 410 1962 τοῦ
440 1935 518 1968 ξύλου
543 1936 590 1963 τοῦ
609 1937 638 1963 ἐν
654 1937 727 1972 αὑτῷ
747 1937 797 1972 τὴν
814 1939 935 1973 πονηρὰν

153 1980 234 2007 αὑτοῦ
250 1981 337 2016 κόμην
353 1981 531 2016 ὲκδήσαντος,
548 1982 592 2009 διὰ
613 1982 666 2009 τῶν
681 1982 763 2016 τριῶν
781 1983 864 2018 βελῶν
887 1984 935 2010 ἀν-

153 2027 222 2054 ελεῖν
243 2028 288 2055 τὸν
311 2027 449 2063 πολέμιον.
465 2029 548 2063 Δῆλον
561 2029 589 2056 δέ
603 2037 644 2056 σοι
657 2029 765 2061 πάντως
780 2031 837 2056 ἐστὶ
850 2030 881 2056 τὸ
891 2030 935 2056 διὰ

153 2072 202 2106 τῆς
227 2073 344 2108 ἱστορίας
373 2073 595 2108 ὑποδεικνύμενον
617 2075 738 2109 αἴνιγμα,
754 2075 828 2101 ποῖον
849 2076 936 2102 ἐκεῖνο

153 2117 183 2143 τὸ
200 2117 286 2149 ξύλον,
299 2114 321 2151 ᾧ
336 2117 498 2153 προσηλὼθη
526 2119 574 2153 τῆς
590 2119 689 2149 κακίας
709 2120 725 2154 ἡ
743 2120 826 2155 κόμη.
840 2120 907 2154 ὅπερ
921 2121 935 2145 6

160 2163 318 2194 Ἀπόστολος
343 2163 522 2199 χειρόγραφον
536 2165 677 2199 ἁμαρτιῶν
694 2165 829 2199 ὀνομάζει,
845 2166 935 2197 καθώς

153 2216 252 2243 φησιν,
270 2209 309 2235 ὅτι
337 2209 384 2235 καὶ
411 2219 419 2234 ι
438 2209 507 2236 Αὐτὸ
532 2207 616 2245 ἦρκεν
630 2211 661 2236 ὲκ
677 2211 722 2237 τοῦ
741 2211 833 2246 μέσου,
852 2221 936 2247 προσ-

152 2253 260 2287 ηλώσας
273 2253 312 2288 τῷ
325 2253 449 2289 σταυρῷ·
471 2264 479 2279 ι
496 2254 567 2280 τοῦτ’
584 2255 656 2281 ἐστιν
671 2255 709 2290 τῷ
725 2256 804 2291 ξύλῳ.
826 2257 880 2283 Καὶ
893 2258 934 2289 τίς

154 2299 170 2332 ὴ
188 2297 241 2324 τῶν
272 2297 355 2332 βελῶν
382 2298 470 2333 τριὰς,
483 2300 499 2333 ἡ
521 2299 606 2334 μέσην
620 2299 753 2334 βάλλουσα
769 2301 815 2327 τοῦ
837 2301 933 2336 ὲχοροῦ

153 2343 200 2378 τὴν
215 2343 336 2377 καρδίαν,
350 2343 383 2369 δι’
397 2341 430 2378 ἧς
441 2344 545 2377 γίνεται
557 2344 604 2370 τοῦ
620 2345 732 2379 ἐσχάτου
750 2345 847 2380 ἐχθροῦ
860 2347 874 2372 6
888 2346 935 2372 θά-

154 2395 251 2420 νατος;
272 2388 315 2419 Ὠς
325 2388 347 2414 δ’
363 2388 396 2415 ἂν
424 2389 527 2424 καίριον
549 2389 661 2424 γένηται
677 2391 741 2424 ἡμῖν
762 2390 791 2416 τὸ
811 2390 935 2425 περὶτοῦ

155 2433 249 2467 βέλους
257 2433 354 2469 νόημα,
368 2435 400 2469 τῇ
414 2434 566 2469 προφητείᾳ
577 2435 622 2461 τοῦ
636 2435 746 2461 Ἡσαΐου
760 2436 936 2470 προσέξομεν,

153 2480 183 2510 ὃς
194 2488 274 2514 φησιν
284 2480 316 2506 ὲκ
327 2479 472 2516 προσώπου
483 2481 641 2516 Κυρίου,ὄτι
655 2481 788 2515 ιἘοηκέν
803 2490 836 2516 με
848 2483 885 2513 ὡς
895 2482 937 2516 βέ-

154 2525 198 2557 λος
212 2525 348 2557 ὲκλεκτῖιν,
361 2526 407 2552 καὶ
418 2527 447 2552 ὲν
459 2527 492 2561 τῇ
508 2527 630 2562 φαρέτρα
644 2526 725 2553 αὑτοῦ
744 2527 850 2561 ὗψωσέν
863 2536 907 2562 με.
924 2537 934 2553 ι

154 2570 238 2597 Τοῦτο
250 2571 338 2598 τοίνυν
351 2571 381 2597 τὸ
395 2571 495 2606 βέ).ος,‹
505 2573 519 2598 ὁ
531 2571 583 2603 ζῶν
594 2581 603 2598 ι
615 2573 661 2599 τοῦ
673 2572 769 2608 Κυρίου
781 2572 857 2607 λόγος
867 2574 935 2604 ἐστὶ,

153 2619 200 2645 καὶ
213 2628 221 2644 ι
244 2618 396 2654 τομώτερος
411 2620 480 2655 ὑπὲρ
498 2622 586 2648 πᾶσαν
603 2621 739 2655 μάχαιραν
767 2620 902 2654 δίστομον·
922 2628 932 2646 ι

152 2663 167 2688 6
185 2661 212 2687 δὲ
236 2661 313 2695 λόγος
334 2662 407 2689 ἐστὶν
420 2664 434 2689 6
445 2663 560 2698 Χριστός
573 2672 580 2679 ·
593 2664 633 2698 τῷ
641 2665 668 2691 δὲ
682 2665 793 2699 ὀνόματι
804 2663 890 2698 τούτῳ
903 2664 933 2690 τὸ

153 2707 202 2741 τῆς
222 2705 335 2740 Τριάδος
360 2706 529 2741 ὁμολογεῖται
554 2709 710 2744 μυστήριον.
733 2709 776 2735 Ἐν
794 2705 816 2742 ᾧ
829 2709 875 2735 καὶ
890 2709 934 2734 τὸν

153 2751 296 2787 χρισθέντα
321 2753 365 2778 καὶ
381 2753 427 2779 τὸν
451 2754 590 2788 χρίσαντα,
608 2755 653 2780 καὶ
666 2755 696 2781 τὸ
709 2751 731 2788 ᾧ
744 2755 854 2789 ὲχρίσοη
864 2755 935 2781 διδα-

187 2820 210 2835 ⁶¹
226 2819 319 2846 Matth.
336 2829 360 2852 κ,
379 2820 428 2853 25;
451 2819 469 2847 ΙΙ
485 2819 550 2855 Reg.
566 2829 642 2853 xvtu,
657 2822 673 2848 9
688 2830 749 2857 sqq.
789 2822 810 2838 ⁸³
825 2821 932 2850 Coloss.

1000 2821 1041 2848 Η.
1080 2822 1102 2837 ⁸⁸
1115 2821 1166 2850 lsa.
1185 2832 1256 2858 XLIX,
1272 2824 1299 2851 ‘l.

978 221 1074 252 sabee.
1095 220 1162 247 nihil
1177 220 1272 246 horum
1289 227 1361 246 cura:
1374 223 1416 247 est
1432 219 1488 251 illi,
1505 220 1551 254 qui
1566 220 1649 246 corda
1669 223 1765 246 nostra

977 273 1025 301 per
1041 266 1096 292 hmc
1114 265 1234 298 format;
1261 265 1308 298 sed
1332 265 1358 291 id
1383 265 1471 292 solum
1498 265 1671 298 considerat,
1697 272 1765 298 quo-

978 311 1058 337 modo
1080 310 1194 344 singulis
1213 310 1309 336 horum
1330 309 1363 336 ad
1386 309 1515 337 virtutem
1540 308 1692 343 adjumenti
1717 309 1766 335 ali-

979 357 1044 391 quid
1060 355 1174 382 aﬁ‘crat:
1191 355 1224 381 ad
1237 354 1309 390 quod
1329 355 1410 382 etiam
1427 354 1486 388 ipse
1508 354 1606 381 salutis
1622 355 1694 381 ιιι-(ιιι
1706 357 1767 380 ten-

978 402 1018 428 dit
1033 411 1039 428 :
1058 401 1232 436 optimusque
1247 401 1313 428 ordo
1330 404 1373 428 est
1389 401 1548 427 continuata
1567 400 1653 427 series
1670 407 1765 426 eorum

977 454 1037 481 qua:
1052 446 1085 473 ad
1106 447 1158 473 hoc
1173 447 1261 481 ipsum
1279 446 1380 481 aliquid
1401 446 1460 480 opis
1480 445 1669 472 uontribuunt.
1684 444 1764 472 Verbi

978 491 1065 525 gratia
1075 510 1081 522 ,
1096 491 1199 525 primus
1211 491 1333 526 psalmus
1351 490 1462 517 abducit
1480 490 1616 516 hominem
1632 496 1648 515 a
1662 496 1766 523 cogna~

978 537 1062 566 tione,
1077 543 1157 570 quam
1173 542 1235 562 cum
1251 535 1323 562 malo
1342 535 1500 568 contraxit;
1516 533 1654 562 secundus
1674 537 1767 560 osten-

978 580 1034 611 dit,
1059 580 1102 606 cui
1127 580 1162 607 sit
1178 579 1387 612 adhaerendum,
1419 579 1484 606 dum
1511 579 1547 606 ob
1569 578 1664 606 oculos
1690 577 1767 613 ponit

978 625 1080 652 Christi
1099 625 1127 652 in
1141 632 1224 652 carne
1248 625 1496 653 manifestationem
1507 645 1514 657 ,
1534 624 1671 659 simulque
1687 625 1767 651 docet

980 667 1106 695 ﬁduciam
1125 676 1187 703 erga
1207 669 1295 704 ipsum
1322 669 1516 697 beatitudinem
1538 673 1658 697 nostram
1682 677 1765 701 esse;

979 715 1075 741 tertius
1093 714 1210 748 explicat
1226 714 1275 741 tibi
1291 715 1475 742 imminentem
1492 715 1526 742 ab
1543 715 1622 742 hoste
1638 715 1767 742 tentatio-

980 766 1053 785 nem.
1068 758 1160 793 Itaque
1174 763 1201 786 te
1214 759 1270 794 jam
1286 766 1397 787 unctum
1416 761 1443 787 in
1459 768 1549 796 regem
1565 769 1613 796 per
1628 762 1706 788 ﬁderit
1717 781 1724 793 ,
1740 765 1767 788 et

981 812 1042 832 cum
1067 812 1130 832 vero
1151 809 1234 832 uncto
1250 810 1407 841 regnantem
1420 826 1427 838 ,
1455 807 1575 841 dejicere
1598 811 1714 834 conatur
1733 807 1768 834 de

947 843 966 873 Β
982 854 1064 877 tantae
1079 850 1219 885 dignitatis
1233 850 1358 885 fastigio,
1376 859 1430 877 non
1446 851 1530 884 foris,
1547 851 1593 879 sed
1609 859 1642 878 ex
1662 856 1688 879 te
1708 852 1768 886 ipso

982 895 1137 922 exsistens:
1152 902 1206 921 non
1220 895 1292 922 enim
1309 894 1418 922 aliunde
1435 896 1488 922 vim
1506 899 1601 922 contra
1619 902 1670 922 nos
1685 895 1768 922 habet

981 940 1183 974 hostis.neque
1199 940 1233 967 ab
1258 939 1312 967 alio
1334 939 1452 975 quodam
1476 947 1508 966 ex
1534 939 1666 974 dignitate
1691 944 1767 974 parta

980 985 1166 1018 exturbamur,
1182 985 1235 1012 nisi
1249 992 1300 1013 nos
1314 985 1364 1020 ipsi
1380 986 1444 1013 mali
1462 985 1543 1020 hujus
1557 987 1631 1019 gnati
1641 1007 1648 1019 ,
1666 986 1767 1014 infelici

983 1037 1076 1066 partu,
1102 1032 1181 1066 quasi
1210 1036 1302 1067 patres
1330 1032 1445 1063 ﬁamus,
1469 1033 1516 1067 qui
1536 1033 1563 1060 in
1582 1041 1696 1068 regnum
1718 1040 1768 1060 no-

983 1081 1068 1104 strum
1086 1077 1204 1112 insurgit
1220 1082 1248 1104 et
1270 1085 1345 1104 arma
1371 1078 1459 1112 capit,
1481 1078 1529 1113 qui
1552 1083 1616 1106 tunc
1635 1079 1767 1106 adversus

983 1129 1033 1149 nos
1047 1122 1217 1156 potissimum
1232 1122 1390 1155 invalescit,
1405 1129 1466 1149 cum
1480 1123 1706 1150 contaminaverit
1720 1130 1767 1149 eas

983 1175 1042 1201 qua
1062 1167 1204 1194 nobiscum
1223 1166 1364 1199 habitant,
1392 1167 1452 1193 luce
1477 1167 1581 1201 palam,
1605 1172 1632 1194 et
1657 1167 1683 1194 in
1709 1175 1768 1193 om-

984 1213 1060 1239 nium
1086 1216 1252 1246 conspectu,
1280 1216 1357 1238 tanto
1381 1212 1488 1246 piaculo
1514 1217 1686 1246 perpetrato,
1717 1213 1767 1239 hoc

983 1262 1044 1288 est,
1060 1257 1170 1292 quando
1186 1257 1219 1283 ad
1235 1256 1372 1292 publicum
1398 1257 1472 1283 velut
1501 1261 1634 1291 quaestum
1649 1258 1769 1294 .expouit

983 1304 1118 1329 virtutum
1148 1306 1305 1330 nostrarum
1334 1302 1552 1336 corruptionem,
1581 1302 1680 1337 quibus
1703 1302 1768 1330 olim

985 1346 1212 1374 cohabitavimus.

1019 1391 1086 1419 Cum
1104 1392 1184 1426 igitur
1199 1391 1233 1418 ab
1251 1391 1329 1418 initio
1354 1391 1444 1418 virtus
1467 1395 1560 1418 nostra
1585 1392 1705 1420 nondum
1731 1392 1767 1419 ita

985 1438 1018 1465 ad
1036 1444 1153 1472 pugnam
1173 1437 1208 1464 sit
1225 1437 1417 1469 corroborata,
1437 1441 1465 1463 ut
1487 1441 1581 1472 aperte
1602 1442 1629 1465 et
1649 1438 1721 1465 velut
1741 1439 1768 1466 in

987 1483 1082 1511 faciem
1099 1483 1272 1518 impressioni
1291 1483 1377 1510 hostis
1401 1483 1529 1510 resistere
1543 1484 1700 1515 valeamus,
1721 1485 1769 1512 scd

987 1536 1098 1556 necesse
1113 1528 1148 1555 sit
1169 1528 1260 1562 fugere
1276 1527 1432 1562 hujusmodi
1452 1527 1626 1559 conﬂictum,
1648 1536 1701 1555 non
1722 1536 1770 1563 pa-

988 1582 1046 1600 rum
1080 1573 1205 1600 utilitatis
1235 1573 1269 1600 iis
1295 1574 1342 1608 qui
1369 1573 1438 1600 bello
1466 1578 1641 1608 appetuntur,
1663 1574 1771 1601 divinus

987 1627 1078 1647 sermo
1102 1627 1149 1654 per
1177 1619 1290 1646 allatum
1318 1618 1466 1653 Scriptura:
1488 1620 1640 1655 exemplum
1664 1621 1769 1652 attulit,

987 1664 1039 1690 hoc
1063 1664 1189 1690 videlicet
1208 1667 1235 1690 te
1261 1663 1379 1695 docens,
1405 1668 1434 1689 ut
1457 1663 1565 1697 quando
1583 1663 1631 1690 tibi
1649 1663 1771 1691 nascitur

987 1709 1103 1736 Absalon
1116 1729 1123 1739 ,
1140 1709 1250 1736 malitia:
1275 1710 1349 1736 velut
1365 1716 1442 1736 coma
1466 1709 1582 1743 insignis
1593 1730 1600 1742 ,
1623 1709 1771 1745 fratrisque

988 1754 1155 1786 interfector,
1170 1755 1271 1789 quique
1285 1754 1442 1781 venerando
1457 1759 1504 1780 tuo
1527 1754 1606 1781 thoro
1626 1759 1653 1782 et
1674 1755 1770 1782 imma-

988 1800 1078 1827 culato
1090 1799 1171 1827 cubili
1187 1799 1290 1826 furiose
1311 1799 1440 1830 insultet,
1455 1799 1543 1834 fugias
1556 1819 1564 1830 .
1589 1804 1619 1826 ut
1640 1799 1771 1828 Dominus

988 1849 1095 1876 tuonet,
1110 1845 1144 1872 de
1158 1845 1269 1872 civitate
1285 1845 1311 1871 in
1330 1845 1468 1872 civitatem
1487 1846 1519 1872 “.
1544 1845 1683 1881 Fugiendo
1696 1847 1770 1874 enim

988 1899 1003 1917 a
1020 1891 1088 1918 facie
1103 1891 1249 1919 Absalonis
1264 1892 1326 1919 talis
1346 1892 1393 1918 lilii
1407 1912 1414 1924 ,
1435 1891 1610 1926 cogendoque
1634 1893 1661 1920 in
1685 1901 1770 1920 unum

987 1937 1081 1972 copias
1099 1941 1175 1968 tuas,
1190 1944 1241 1972 ope
1257 1937 1341 1972 ligni,
1354 1937 1426 1972 quod
1444 1938 1469 1964 in
1485 1937 1575 1972 seipso
1590 1938 1770 1972 perniciosam

988 1983 1061 2009 illam
1076 1990 1181 2009 comam
1196 1983 1292 2018 religat
1305 1988 1330 2010 et
1347 1984 1492 2018 appendit,
1517 1985 1603 2012 tribus
1626 1985 1687 2012 telis
1707 1985 1772 2012 lice-

989 2027 1027 2054 bit
1044 2027 1092 2054 tibi
1115 2028 1247 2062 perimere
1266 2029 1413 2055 inimicum.
1437 2028 1575 2057 Neminem
1594 2030 1672 2061 latet,
1688 2038 1771 2065 quor-

989 2080 1048 2100 sum
1066 2073 1117 2099 hoc
1132 2081 1164 2100 ex
1186 2073 1361 2100 historiarum
1377 2075 1559 2101 monumentis
1574 2075 1687 2109 aenigma
1705 2076 1771 2109 peti-

990 2124 1044 2145 tum
1056 2120 1204 2154 pertineat,
1220 2124 1246 2146 et
1256 2120 1335 2154 quale
1346 2120 1448 2155 lignum
1462 2121 1496 2147 sit
1508 2140 1514 2151 ,
1526 2122 1569 2148 cui
1584 2115 1661 2155 quasi
1675 2121 1770 2153 clavis,

990 2165 1099 2191 malitiae
1116 2171 1194 2191 coma
1213 2165 1289 2191 afﬁxa
1307 2169 1365 2196 est,
1384 2166 1455 2199 quod
1478 2167 1687 2200 chirographum
1708 2174 1772 2200 pce-

988 2213 1110 2235 catnrum
1126 2209 1284 2234 nominatur
1298 2209 1331 2235 ab
1346 2208 1489 2243 Apostolo,
1507 2212 1552 2244 qui
1571 2217 1597 2238 ct
1617 2211 1653 2237 ait
1667 2219 1673 2237 :
1688 2220 1697 2236 ‹
1714 2211 1770 2238 Hoc

987 2261 1002 2280 e
1018 2253 1108 2280 medio
1123 2254 1258 2281 sublatum
1270 2273 1277 2284 ,
1294 2254 1424 2289 crucique
1440 2255 1547 2282 aflixum
1571 2263 1631 2282 esse
1647 2257 1679 2289 ⁸³,
1695 2266 1704 2282 ι
1719 2257 1770 2284 hoc

986 2303 1029 2326 est
1053 2299 1134 2333 ligno.
1157 2298 1190 2325 Et
1211 2306 1333 2333 quasnam
1349 2303 1392 2327 est
1413 2300 1458 2326 illa
1477 2301 1544 2328 trias
1560 2302 1693 2334 telorum,
1710 2310 1770 2337 quae

989 2344 1106 2371 medium
1125 2344 1211 2371 hostis
1229 2349 1325 2379 pectus
1342 2347 1564 2377 transverberat,
1579 2355 1640 2382 qme
1655 2353 1770 2375 mortem

986 2389 1079 2424 jurato
1093 2394 1119 2417 et
1132 2390 1241 2425 capitali
1257 2390 1329 2418 hosti
1345 2391 1445 2419 affert?
1461 2391 1493 2419 Ut
1511 2394 1555 2420 teli
1572 2393 1654 2427 hujus
1670 2395 1771 2421 intelli-

987 2437 1106 2471 gentiam
1122 2437 1265 2464 commode
1281 2445 1470 2473 assequamur,
1489 2439 1611 2466 animum
1628 2439 1770 2467 advertere

986 2485 1092 2516 oportet
1112 2478 1331 2517 ad'prophetiam
1349 2484 1443 2514 Isaias,
1461 2484 1505 2518 qui
1524 2491 1556 2511 ex
1581 2492 1696 2518 persona
1718 2484 1770 2512 Do-

986 2528 1051 2554 mini
1066 2529 1118 2554 ait:
1131 2537 1140 2553 ι
1154 2528 1247 2556 Posuit
1263 2537 1306 2556 me
1320 2530 1401 2556 telum
1415 2530 1531 2557 electum
1542 2549 1550 2561 ,
1562 2535 1588 2558 ct
1602 2531 1628 2557 in
1642 2530 1768 2566 pharetra

985 2580 1037 2604 sua,
1051 2574 1179 2600 exaltavit
1194 2581 1237 2601 me
1252 2575 1283 2601 “.
1303 2584 1311 2600 ι
1325 2574 1381 2602 Hoc
1396 2575 1477 2610 igitur
1491 2575 1590 2607 telum,
1606 2581 1647 2602 est
1663 2575 1769 2602 Domini

987 2625 1095 2649 sermo,
1115 2628 1124 2643 ε
1142 2619 1238 2651 vivus,
1265 2621 1458 2654 penetrabilior
1481 2622 1554 2647 omni
1578 2621 1667 2655 gladio
1693 2620 1769 2647 anci-

988 2664 1036 2698 piti
1050 2664 1091 2690 "z
1109 2673 1118 2689 ι
1131 2671 1220 2691 sermo
1243 2671 1332 2692 autem
1360 2666 1411 2693 iste
1436 2665 1561 2692 Christus
1575 2671 1616 2692 cst
1627 2686 1634 2697 ,
1650 2673 1703 2699 quo
1719 2672 1770 2691 no-

988 2709 1061 2736 mine
1087 2709 1229 2744 Trinitatis
1259 2711 1415 2746 mysterium
1445 2712 1621 2747 signiﬁcatur.
1652 2711 1770 2737 Revoca!

988 2754 1059 2781 enim
1069 2755 1103 2787 in
1120 2761 1247 2788 mentem,
1258 2761 1284 2784 et
1301 2764 1362 2784 eum
1379 2757 1424 2790 qui
1442 2758 1529 2788 unxit,
1542 2762 1567 2784 et
1582 2765 1642 2784 cum
1658 2756 1703 2791 qui
1717 2764 1770 2784 un-

1339 2823 1360 2838 “
1374 2822 1456 2851 Hebr.
1473 2833 1507 2859 tv,
1519 2825 1558 2852 12.
