1986 3080
201 112 204 114 ⁷
251 132 301 160 5n

863 162 865 164 ,
885 133 912 160 S.
930 132 1093 161 GREGORII
1115 133 1261 162 NYSS'FNI

1815 136 1862 163 548

251 198 312 221 ctus
323 197 373 226 est,
387 200 504 227 eumque
520 199 574 226 quo
588 195 687 218 unctus
701 195 759 224 est;
775 192 797 219 si
810 191 883 219 enim
895 192 937 219 vel
952 200 1035 219 unum

1097 194 1217 229 ηιόμεθα.
1238 196 1268 221 El
1282 194 1336 230 γάρ
1350 194 1378 221 ἐν
1390 204 1416 221 τι
1433 195 1532 221 τούτων
1545 191 1682 227 λείποιῇτδ
1696 194 1742 221 τοῦ
1756 195 1864 231 Χριστοῦ

252 239 348 266 horum
366 237 453 268 desit.
470 237 570 264 Christi
587 245 687 264 nomen
711 245 766 264 non
791 237 927 265 subsistit.
954 237 1041 272 llujus

251 285 333 320 igitur
346 291 445 311 nomen
461 283 572 318 quando
588 284 615 310 in
630 283 758 318 pharetra
775 287 869 310 nostra
893 284 1041 315 exaltatur,

249 331 302 358 hoc
314 334 357 358 est
366 351 374 363 ,
387 331 497 365 quando
511 330 538 356 in
553 329 645 356 anima
659 333 754 356 nostra
767 337 815 364 per
828 329 907 356 fidem
917 330 1042 357 exoritur

251 378 260 409 ξ
271 382 333 402 nam
347 374 473 409 pharetra
487 373 623 400 sermonis
633 377 676 400 est
685 372 804 407 anima),
820 377 886 400 tunc
896 373 1041 400 confestim

251 419 444 451 adversarius,
463 419 510 454 qui
529 426 580 445 nos
595 418 750 452 insequitur
765 422 792 444 et
810 418 931 453 impetit,
949 417 1042 445 interit

250 471 278 493 ct
291 466 428 494 occumbit
438 485 446 498 ,
461 465 541 500 cujus
556 465 684 492 interitus
698 465 725 491 in
739 465 812 500 ligno
825 464 938 492 accidit.
951 465 1042 498 Quare

251 520 313 539 cum
329 513 390 547 quis
405 512 432 538 in
454 517 576 546 tempore
597 510 664 545 fugit
687 510 793 538 hostem
815 511 879 545 (qui
895 518 967 538 unus
981 511 1043 545 qui-

251 558 312 585 dem
325 561 367 584 est
379 561 475 584 natura
485 577 493 590 ,
507 556 647 591 multiplex
661 563 725 583 vero
741 555 769 582 iit
782 556 916 583 malorum
931 556 1042 584 auxiliis

251 607 278 630 et
289 603 511 637 suppetiiszhinc
526 601 592 628 illud
602 611 608 628 :
620 610 629 626 ι
642 601 776 632 Quoniam
794 601 966 635 multiplicati
978 604 1043 628 sunt

252 649 298 684 qui
312 649 444 675 tribulant
458 655 512 680 me,
524 648 600 674 multi
614 648 760 682 insurgunt
772 647 917 674 adversum
930 654 972 674 me
983 647 1016 679 “,
1029 655 1039 672 ι

251 698 279 722 et
291 695 317 722 id
331 702 417 730 genus
430 694 482 720 alia
492 714 500 726 ,
513 701 573 728 quae
586 693 612 720 in
627 693 730 728 psalmo
743 693 788 720 illo
801 701 862 720 sese
871 700 1044 727 consequun-

252 739 307 775 tur)
315 760 322 772 ,
333 745 398 767 tunc
407 740 437 766 ﬁt
445 740 523 774 quasi
531 739 638 766 initium
648 739 784 766 victorize:
799 739 961 775 tempestiva
969 739 1041 766 enim

253 788 288 815 ab
299 787 423 814 hostibus
439 785 500 821 fuga
514 793 597 813 causa
614 785 723 812 exsistit
734 785 854 812 victoriae
870 786 905 812 ab
917 785 1042 812 hostibus

253 835 409 865 reportata.
419 829 554 862 Quocirca
571 829 691 863 psalmus
706 829 753 863 qui
767 829 902 863 sequitur,
915 829 986 855 hanc
1000 829 1042 855 in-

1090 240 1175 275 ὕνομα
1193 241 1241 276 οὐχ
1257 241 1411 275 ὑφίσταται.
1427 241 1512 267 Τοῦτο
1521 241 1610 268 τοίνυν
1624 240 1655 267 τὸ
1670 240 1754 275 εινομα
1768 241 1828 268 ὅταν
1839 242 1865 268 ἐν

1089 288 1122 322 τῇ
1137 287 1257 322 ἡμετέρᾳ
1269 286 1362 322 ὑψωθῇ
1383 286 1507 322 φαρέτρα
1517 293 1525 300 ·
1540 285 1613 312 τοῦτ’
1625 285 1709 317 ἐστιν,
1723 286 1784 315 ὅταν
1798 287 1825 312 ἐν
1835 287 1864 321 τῇ
1914 277 1916 282 ’

1068 371 1070 373 μ
1089 333 1161 368 ψυχῇ
1185 333 1264 368 ἡμῶν
1288 333 1331 359 διὰ
1348 332 1465 363 πίστεως
1479 331 1590 366 γένηται
1604 331 1746 366 (φαρέτρα
1758 331 1810 365 γὰρ
1822 331 1865 358 τοῦ

1089 377 1169 412 λόγου
1176 377 1248 404 ἐστὶν
1257 379 1272 412 ἡ
1281 377 1378 413 ψυχὴ),
1386 377 1445 403 τότε
1453 376 1622 412 ἀναιρετικὸν
1629 377 1731 410 γίνεται
1739 376 1784 403 τοῦ
1793 377 1866 404 ἐπαν-

1091 423 1234 457 ισταμένου
1262 423 1328 457 ἡμῖν
1351 421 1398 448 καὶ
1415 421 1569 454 διώκοντος,
1590 417 1621 447 οὗ
1642 422 1657 447 ὁ
1681 421 1827 457 ἀφανισμὺς
1841 423 1868 448 ἐν

1089 468 1128 503 τῷ
1143 468 1222 503 ξύλῳ.
1239 468 1287 494 Διά
1304 467 1383 494 τοῦτο
1397 468 1465 503 μετὰ
1480 467 1511 494 τὺ
1526 468 1621 502 φυγεῖν
1637 468 1666 493 ἐν
1676 466 1715 502 τῷ
1729 467 1814 502 καιρῷ
1825 467 1867 494 τὸν

1091 514 1304 548 ἐπανιστάμενον
1318 513 1358 548 (ὃς
1380 510 1420 544 εἷς
1438 513 1486 548 μέν
1502 514 1559 539 ἐστι
1575 514 1609 548 τῇ
1630 512 1719 546 φύσει,
1734 512 1830 547 πλῆθος
1842 511 1868 538 δὲ

1091 558 1194 593 γίνεται
1210 559 1242 593 τῇ
1258 559 1328 593 κακῇ
1345 558 1567 594 συμμαχία),καὶ
1586 558 1683 588 εἰπεῖν,
1697 557 1771 582 (Ὅτι
1794 557 1868 592 ἐπλη-

1091 602 1225 636 θύνθησαν
1249 604 1273 628 οἱ
1288 602 1422 633 θλίῆοντές
1432 610 1465 637 με
1478 621 1486 633 ,
1512 602 1559 629 καὶ
1577 601 1668 628 πολλοὶ
1689 601 1869 628 ἐπανίστανται

1091 649 1134 675 ἐπ’
1155 649 1216 684 ὲμέ,
1234 659 1243 674 ι
1259 649 1306 675 καὶ
1328 649 1379 675 ὃσα
1407 648 1439 674 ἐκ
1466 647 1513 674 τοῦ
1539 647 1686 675 ἀκολούθου
1703 648 1719 682 ἠ
1736 647 1870 682 ψαλμῳδία

1092 694 1227 729 περιέχει·
1253 693 1314 720 τότε
1326 693 1430 726 γίνεται
1444 694 1461 728 ὴ
1476 692 1523 720 τοῦ
1538 693 1617 728 νικᾷν
1630 692 1754 728 ἀρχή.Ἦ
1767 693 1820 728 γὰρ
1831 692 1870 718 εὓ-

1091 747 1186 774 καιρος
1218 739 1272 765 ἀπὸ
1298 738 1353 764 τῶν
1388 738 1609 772 ἐπανισταμένων
1628 738 1712 772 φυγὴ,
1733 737 1780 772 τῆς
1805 736 1870 764 κατά

1091 785 1145 812 τῶν
1160 784 1265 820 ἐχθρῶν
1278 784 1355 818 νίκης
1369 784 1441 810 αἰτία
1458 784 1573 818 γίνεται.
1590 783 1640 809 Διά
1653 782 1731 809 τοῦτο
1745 784 1762 818 ἡ
1778 782 1871 817 ἐφεξῆς

1092 831 1244 866 ψαλμῳδία,
1257 839 1265 855 ι
1280 829 1365 861 Εἰςτδ
1379 829 1466 861 τέλος,
1480 839 1489 854 ›
1498 829 1546 865 τὴν
1560 828 1715 864 ἐπιγραφὴν
1726 828 1788 863 ἔχει.
1797 828 1871 860 Τέλος

254 875 430 910 scriptionem
444 875 540 901 habet:
553 883 562 899 ‹
577 874 605 900 ln
623 868 702 901 linem
717 875 766 900 ⁸⁷.»
781 873 858 902 Finis
872 879 964 901 autem
980 881 1041 900 om-

1097 874 1120 900 5ὲ
1136 873 1235 905 παντὸς
1258 873 1362 907 ἀγῶνος
1388 874 1405 908 ἡ
1431 873 1492 908 νίκη
1519 873 1612 900 ἐστίν·
1636 871 1728 904 καθὼς
1749 872 1872 906 φθάσαςὸ

254 922 296 949 nis
313 929 410 956 pugnae
425 924 468 948 est
484 921 598 947 victoria
609 939 617 950 .
633 917 863 955 quemadmodum
881 927 966 954 supra
978 918 1036 953 jam

253 968 424 995 ostendimus
433 976 440 1000 ;
452 974 567 1001 cumque
576 966 660 993 semel
669 965 839 993 dulcedinem
850 966 970 993 victoria:
979 966 1041 1001 quis

255 1013 420 1048 gustaverit,
441 1019 502 1038 mox
520 1012 579 1038 alia;
593 1016 620 1038 et
634 1011 695 1038 aliae
712 1011 835 1038 victoria:
860 1011 894 1038 ab
917 1011 1042 1040 hostibus

255 1056 371 1084 feliciter
386 1056 552 1084 referuntur.
576 1055 604 1082 In
620 1056 707 1090 prima
723 1055 796 1082 enim
813 1056 942 1087 victoria,
959 1055 1040 1082 dimi-

258 1102 380 1130 :antibus
398 1101 479 1136 hujus
496 1101 556 1128 vitae
569 1100 789 1135 jucunditatibus
807 1108 868 1127 cum
887 1101 967 1128 bonis
984 1101 1042 1127 ani-

256 1155 324 1179 mae,
340 1146 482 1182 praevaluit
497 1147 525 1174 in
540 1151 583 1177 te,
602 1151 684 1181 atque
705 1146 773 1173 adeo
794 1147 899 1174 domuit
919 1148 1042 1182 corporis

255 1193 441 1228 deceptionem
470 1198 497 1220 et
521 1193 657 1224 ludibria,
686 1192 829 1219 inclinatio
856 1192 889 1219 ad
918 1193 1040 1220 meliora.

257 1238 399 1267 Damnatis
426 1239 498 1266 enim
526 1238 581 1265 illis
608 1238 654 1273 qui
678 1242 805 1272 quaerunt
826 1238 991 1271 vanitatem,
1016 1243 1043 1266 et

256 1284 373 1320 diligunt
390 1283 578 1315 mendacium,
593 1283 766 1311 commutasti
782 1284 934 1319 voluptates
951 1291 1042 1311 rerum

258 1338 318 1365 qua:
332 1330 384 1356 sub
398 1332 538 1364 aSpectum
553 1328 672 1360 cadunt,
695 1335 758 1354 cum
775 1327 911 1356 desiderio
934 1336 1042 1362 rerum,

258 1383 320 1411 qme
335 1375 430 1402 oculos
446 1374 588 1409 effugiunt.

294 1419 322 1446 In
351 1419 476 1453 sequenti
502 1417 638 1452 psalmo“
655 1417 707 1444 alia
730 1417 836 1444 ratione
856 1418 953 1445 vincis.
975 1418 1044 1445 Cum

259 1466 331 1493 enim
347 1465 403 1492 duo
416 1465 470 1492 sint
485 1463 533 1498 qui
555 1470 604 1498 pro
619 1462 776 1490 hzereditate
799 1464 923 1491 veritatis
948 1468 1044 1490 mutuo

260 1517 396 1547 pugnant;
426 1511 472 1538 illo
498 1510 608 1546 quidem
637 1510 787 1545 objiciente
812 1510 908 1545 legem,
938 1515 965 1538 te
980 1518 1045 1538 vero

263 1559 357 1587 (idem:
373 1558 466 1592 justus
493 1556 655 1591 agonotheta
683 1556 743 1587 tibi,
771 1557 894 1591 neglecto
918 1557 976 1589 illo,
997 1557 1046 1582 tri-

262 1604 320 1631 lmit
335 1603 455 1630 victoriae
471 1602 580 1637 pnemia
590 1621 598 1634 ,
613 1605 641 1627 ut
657 1602 769 1636 proinde
785 1609 870 1636 purus
885 1602 982 1628 anim-.1:
995 1606 1047 1628 tum

261 1654 351 1677 status
371 1649 406 1676 sit
418 1649 491 1676 velut
511 1652 588 1675 ortus
601 1647 678 1678 solis,
694 1649 740 1682 qui
761 1648 810 1675 tibi
827 1656 842 1675 a
860 1648 981 1675 tenebris
999 1655 1043 1674 re-

263 1695 370 1723 cedenti
384 1694 534 1722 dilucudum
551 1694 655 1725 aderat,
676 1693 747 1728 quod
765 1694 886 1728 psalmus
907 1702 916 1718 α
929 1700 1010 1720 mane
1023 1703 1046 1725 ι,

263 1741 402 1773 nominat;
421 1745 446 1767 et
461 1740 501 1767 sic
521 1739 634 1767 victoria
649 1747 680 1766 ex
695 1739 807 1766 victoria
825 1739 934 1766 athletae
953 1739 1045 1766 nasci-

264 1792 318 1818 tur,
334 1793 441 1820 semper
452 1785 486 1812 ad
501 1785 525 1812 id
540 1784 612 1819 quod
627 1784 716 1819 majus
736 1789 764 1811 et
780 1784 917 1812 illustrius
943 1788 985 1811 est
1006 1784 1047 1810 vi-

263 1832 357 1859 ctoriae
388 1830 519 1866 trophaeis
548 1833 575 1857 et
605 1830 775 1857 ornamentis
794 1829 1046 1864 progredientibus.

265 1878 371 1905 Rursus
395 1877 447 1904 alia
476 1877 590 1903 victoria
617 1876 714 1903 ordine
739 1876 929 1910 consequitur,
951 1883 999 1911 per
1016 1883 1049 1902 ea

264 1930 325 1959 qua!
340 1925 547 1957 praecesserunt,
555 1925 641 1956 parta.
655 1920 722 1947 Nam
737 1921 784 1955 qui
797 1921 982 1959 luereditalem
1001 1928 1049 1947 [ιο-

265 1956 320 1995 tam
338 1956 411 2000 fecit,
423 1967 467 1994 ille
483 1967 563 1993 etiam
587 1975 596 1991 ι
611 1965 720 1993 Octava:
733 1966 755 1983 °'
770 1976 779 1992 ι
797 1956 1004 2000 ιηοιιιὶηἰι,ἠιιω
1022 1970 1050 1993 et

267 2015 329 2041 nnis
343 2017 385 2040 cst
399 2012 542 2047 prrsenlis
558 2012 631 2044 vitae,
651 2015 678 2038 et
694 2011 860 2045 principium
876 2011 927 2038 aevi
951 2011 1048 2038 futuri.

266 2058 410 2093 Proprium
431 2065 494 2084 vero
517 2065 527 2082 ε
540 2057 649 2084 Octava;
662 2066 671 2082 ι
687 2061 740 2088 est.
767 2064 820 2084 non
840 2057 958 2091 amplius
985 2058 1051 2085 sub-

267 2104 424 2130 ministrare
440 2101 473 2129 iis
484 2102 532 2136 qui
548 2101 574 2128 in
587 2101 647 2136 ipsa
663 2102 774 2136 degunt,
788 2101 963 2129 occasionem
984 2111 1047 2137 per-

267 2146 392 2182 petrandi
409 2145 479 2172 bona
497 2144 540 2172 vel
553 2145 634 2176 mala.
649 2144 696 2172 sed
717 2152 887 2179 quaecunque
908 2146 970 2180 quis
991 2154 1053 2181 ope-

267 2199 328 2218 rum
343 2190 446 2218 semina
471 2189 515 2216 hic
539 2188 682 2223 sparserit,
708 2188 817 2214 illorum
836 2189 872 2216 ibi
898 2190 1051 2224 manipulos

269 2236 354 2270 capit.
377 2233 559 2267 Quamobrem
590 2233 635 2260 hic
656 2233 843 2267 pteuitentiam
870 2241 951 2268 agere
974 2235 1052 2269 jubet

267 2280 351 2316 (quod
373 2280 399 2307 in
419 2279 526 2306 inferno
547 2277 704 2312 huiusmodi
731 2279 824 2306 studio
839 2279 907 2307 nihil
935 2281 1052 2315 amplius

269 2326 320 2353 loci
340 2325 463 2351 relictum
480 2324 526 2359 sit)
548 2331 622 2355 eum,
640 2325 686 2358 qui
704 2323 823 2359 hisipsis
841 2326 965 2352 victoriis
974 2334 1056 2353 exer-

267 2372 368 2399 citatus
391 2374 444 2398 est.
469 2369 710 2400 Verumenimvero
747 2371 846 2398 iterum
887 2372 920 2398 ad
947 2380 1052 2406 pugnas

269 2418 386 2446 deflectit
399 2417 498 2448 oratio.
532 2424 629 2444 rursus
643 2418 720 2452 ungit
745 2425 795 2445 nos
817 2418 850 2444 ad
873 2420 1052 2446 tentatiouum

271 2466 409 2492 incursus.
438 2462 509 2490 idem
528 2463 600 2490 enim
629 2463 726 2496 hostis,
755 2463 873 2491 Absalon
890 2464 947 2496 ille,
975 2465 1054 2499 quasi

269 2519 302 2538 ex
318 2510 398 2536 nobis
411 2512 532 2541 renatus,
547 2508 636 2536 denuo
655 2509 755 2536 bellum
775 2517 809 2536 ex
833 2506 911 2536 nobis
935 2510 1055 2537 redinte-

271 2561 342 2591 μοι,
368 2562 448 2589 quem
465 2554 548 2582 caidis
572 2559 674 2582 nostra:
692 2555 821 2589 cupidum
843 2554 940 2582 avertit
960 2559 1055 2582 nostra

271 2603 306 2630 de
320 2603 372 2629 hac
399 2609 428 2628 re
451 2601 564 2636 provida
589 2608 654 2628 cura
671 2605 698 2628 et
721 2600 890 2631 sollicitudo,
910 2600 950 2626 vel
964 2601 1055 2635 potius

273 2647 428 2676 subsidium
446 2645 503 2673 Dei.
515 2645 582 2672 Nam
595 2653 707 2673 causam
719 2645 757 2672 rei
767 2644 883 2672 feliciter
895 2649 978 2679 gesta:
992 2652 1056 2680 pro-

275 2697 335 2729 pter
355 2691 434 2718 verba
451 2690 567 2718 Chusi"
583 2690 637 2718 Deo
654 2690 788 2725 assignat,
808 2689 888 2724 eique
905 2692 1007 2724 gratias
1026 2698 1056 2717 a-

274 2739 323 2774 git.
351 2737 404 2764 Sed
431 2736 556 2764 fortassis
587 2735 754 2770 superﬂuum
789 2735 873 2762 fuerit
898 2736 1057 2764 accuratius

275 2789 409 2818 exponere
427 2782 504 2813 velle.
533 2780 671 2816 quomodo
692 2779 860 2814 Chusi,cum
879 2781 984 2809 amicus
1007 2781 1057 2809 Da-

1094 920 1171 954 λόγος
1189 920 1253 955 ἡμῖν
1279 921 1345 955 περὶ
1359 921 1461 946 τούτων
1487 918 1694 954 ἐτεχνολόγησεν
1704 927 1711 934 ·
1728 919 1774 945 καὶ
1787 918 1871 953 ἐπειδὴ

1095 965 1129 992 ἂν
1144 966 1218 998 ἀπαξ
1233 965 1279 992 τοῦ
1294 966 1372 1000 νικᾷν
1384 965 1481 1001 γεύσῃ,
1496 964 1642 999 ἐπάλληλοι
1655 964 1729 991 νίκαι
1743 963 1810 991 κατά
1824 963 1871 990 τῶν

1094 1011 1199 1047 ἐχθρῶν
1226 1011 1430 1046 κατορθοῦνται.
1440 1010 1483 1036 Ἐν
1499 1010 1554 1045 γὰρ
1575 1011 1608 1045 τῇ
1624 1009 1720 1046 πρώτῃ
1738 1009 1810 1044 νίκῃ,
1823 1008 1872 1034 τῶν

1095 1057 1166 1083 κατὰ
1191 1057 1237 1083 τὸν
1253 1056 1309 1091 βίον
1322 1056 1409 1092 ἡδέων
1425 1056 1494 1091 πρὸς
1509 1055 1544 1082 τὰ
1557 1057 1606 1090 τῆς
1621 1055 1713 1090 ψυχῆς
1724 1055 1812 1089 ἀγαθὰ
1836 1055 1872 1081 δι-

1094 1102 1300 1138 αμιλλωμένων,
1312 1103 1340 1128 ὲν
1357 1102 1399 1128 σοὶ
1409 1102 1558 1138 ἐκράτησεν
1580 1101 1629 1136 τῆς
1640 1101 1736 1136 ὑλικῆς
1747 1100 1848 1135 ἀπάτης
1859 1101 1874 1134 ἡ

1095 1147 1163 1183 πρὸς
1183 1147 1217 1173 τὰ
1246 1147 1362 1182 κρείττω
1384 1147 1463 1182 ῥοπή.
1480 1147 1638 1180 Καταγνοὺς
1651 1145 1706 1181 γὰρ
1719 1145 1772 1172 τῶν
1786 1145 1815 1171 τὸ
1830 1145 1875 1180 μά-

1094 1201 1170 1219 ταιον
1182 1191 1344 1227 ζητούντων,
1362 1191 1408 1218 καὶ
1426 1190 1595 1225 ἀγαπώντων
1612 1190 1643 1217 τὸ
1659 1190 1765 1225 ψεῦδος.
1777 1188 1875 1224 magis

1095 1238 1145 1273 τῆς
1157 1238 1220 1272 περὶ
1232 1237 1266 1264 τὰ
1277 1237 1425 1272 φαινόμενα
1440 1236 1627 1272 προσπαθείας
1635 1237 1685 1273 τὴν
1697 1236 1751 1263 τῶν
1761 1236 1872 1272 ἀοράτων

1097 1284 1253 1319 ἐπιθυμίαν.

1139 1425 1182 1451 Ἐν
1192 1423 1231 1459 τῷ
1244 1423 1342 1458 ἐφεξῆς
1356 1423 1435 1451 ἄλλον
1448 1424 1548 1459 τρέπον
1559 1423 1646 1458 νικᾷς.
1665 1423 1718 1450 Δύο
1734 1423 1787 1458 γὰρ
1796 1423 1874 1450 ὄντων

1097 1469 1152 1497 τῶν
1167 1470 1237 1506 ὺπέρ
1251 1469 1301 1504 τῆς
1326 1468 1454 1503 ἀληθείας
1479 1468 1660 1502 κληρονομίας
1680 1468 1878 1503 διαμαχομένων

1098 1515 1166 1551 πρὸς
1185 1514 1326 1549 ἀλλήλους,
1352 1514 1398 1540 καὶ
1417 1513 1464 1540 τοῦ
1479 1514 1528 1548 μὲν
1543 1513 1762 1549 προίῑαλλομένου
1780 1513 1823 1539 τὸν
1840 1511 1878 1539 νύ-

1100 1570 1159 1596 μον,
1182 1560 1228 1587 τοῦ
1249 1560 1278 1586 δὲ
1300 1561 1350 1595 τὴν
1366 1559 1473 1586 πίστιν·
1496 1560 1510 1585 ὁ
1531 1558 1634 1590 δίκαιος
1653 1558 1822 1593 ἀγωνοθέτης
1841 1566 1878 1584 σοι

1097 1607 1204 1633 δίδωσιν
1227 1606 1286 1633 κατ’
1311 1605 1415 1632 ἐκείνου
1441 1605 1475 1631 τὰ
1494 1605 1648 1640 νικητήρια.
1664 1605 1746 1631 Ὥστε
1774 1613 1813 1631 σοι
1835 1604 1879 1638 τὴν

1098 1652 1222 1688 καθαρὰν
1234 1652 1283 1687 τῆς
1294 1652 1383 1686 ψυχῆς
1397 1652 1574 1684 κατάστασιν,
1585 1651 1715 1687 ἀνατολὴν
1725 1651 1800 1686 ἡλίου
1815 1650 1880 1684 γενέ-

1098 1697 1171 1729 σθαι,
1183 1697 1349 1732 ἀφεστηκότι
1363 1697 1410 1723 τοῦ
1423 1697 1544 1728 σκότους,
1556 1696 1601 1723 τὸν
1615 1696 1713 1732 δρθρον
1729 1697 1878 1730 ἐπάγοντος.

1101 1741 1150 1769 ’ον
1167 1752 1177 1768 ‹
1195 1743 1301 1778 πρωῒαν
1320 1752 1329 1769 ι
1345 1743 1471 1778 ὀνομάζει
1496 1743 1512 1778 ἡ
1541 1742 1701 1781 ψαλμιεῶίαη
1726 1743 1780 1770 Καὶ
1802 1742 1880 1772 οὕτως

1096 1786 1171 1813 ἔστιν
1183 1787 1226 1813 ἀεὶ
1244 1787 1334 1823 εὑρεῖν
1348 1787 1426 1821 νίκην
1440 1788 1472 1813 ἐκ
1486 1787 1563 1821 νίκης
1573 1786 1613 1822 τῷ
1631 1787 1735 1823 ἀθλητῇ
1750 1795 1881 1823 προσγινο-

1101 1832 1194 1867 μένην,
1221 1832 1290 1867 πρὸς
1302 1831 1333 1858 τὸ
1349 1833 1439 1866 μεῖζον
1452 1831 1568 1858 πάντοτε
1589 1831 1638 1858 καὶ⁹
1656 1833 1880 1867 περιφανέστερον

1099 1877 1246 1913 προϊόντων
1263 1877 1317 1904 τῶν
1333 1878 1366 1904 ἐκ
1389 1878 1439 1912 τῆς
1460 1877 1538 1912 νίκης
1560 1878 1787 1913 κατορθωμάτων.
1805 1877 1880 1903 Πάλιν

1099 1924 1180 1959 ἐτέρα
1198 1923 1348 1957 διαδέχεται
1366 1922 1427 1958 νίκη
1452 1922 1522 1948 κατὰ
1549 1923 1578 1949 τὸ
1597 1923 1752 1955 ἀκόλουθον,
1767 1923 1810 1949 διὰ
1832 1922 1880 1948 τῶν

1100 1967 1335 2004 προδεικνυμένων
1352 1967 1566 2002 κατορθουμένη.
1584 1968 1613 1993 '0
1627 1969 1681 2004 γὰρ
1695 1969 1745 2004 τὴν
1761 1968 1879 2004 κληρονο

1102 2014 1166 2049 μίαν
1177 2013 1324 2048 γνωρίσας,
1341 2013 1422 2045 αὐτὸς
1437 2013 1481 2039 καὶ
1493 2014 1541 2048 τῆς
1557 2024 1566 2039 ε
1578 2014 1687 2049 Ὀγδόης
1707 2025 1715 2040 ι
1734 2015 1879 2050 μέμνηται·

1099 2060 1160 2095 ἣτις
1184 2058 1270 2094 πέρας
1293 2067 1327 2092 τε,
1345 2058 1392 2084 τοῦ
1417 2059 1563 2090 ἐνεστῶτος
1585 2060 1680 2094 χρόνου
1707 2062 1820 2095 γίνεται,
1839 2060 1880 2086 καὶ

1101 2105 1173 2140 ἀρχὴ
1187 2103 1233 2130 τοῦ
1249 2104 1389 2140 μέλλοντος
1401 2105 1507 2135 αἰῶνος.
1520 2105 1598 2132 Ἶδιον
1613 2105 1640 2132 δέ
1654 2106 1704 2141 τῆς
1716 2116 1726 2132 ‹
1740 2106 1857 2140 Ὀγδόης,
1869 2115 1877 2130 ο

1102 2149 1132 2175 τὸ
1160 2149 1258 2183 μηκέτι
1282 2148 1375 2184 καιρὸν
1390 2149 1429 2180 είς
1448 2149 1624 2185 παρασκευὴν
1637 2150 1777 2186 ἀγαθῶνῆ
1795 2149 1880 2177 κακῶν

1103 2193 1230 2221 ἐνδιδόναι
1258 2195 1313 2226 τοῖς
1337 2195 1366 2220 ἐν
1389 2195 1456 2229 αὐτῇ
1482 2194 1648 2229 γινομένοις’
1666 2195 1723 2221 ἀλλ1
1745 2192 1782 2222 ὧν
1797 2195 1828 2222 ἀν
1844 2202 1881 2224 τις

1103 2238 1192 2274 ἐαυτῷ
1215 2239 1417 2274 καταϐάλληται
1442 2239 1487 2266 διὰ
1510 2239 1564 2266 τῶν
1580 2239 1667 2275 ἔργων
1685 2241 1719 2268 τὰ
1733 2241 1880 2276 σπέρματα,

1102 2285 1205 2312 τούτων
1229 2285 1420 2320 ἀντιπαρέχειν
1445 2284 1480 2310 τὰ
1503 2284 1654 2320 δράγματα.
1684 2283 1722 2312 UB
1744 2286 1820 2321 χάριν
1841 2286 1880 2312 ἐν·

1103 2330 1192 2357 ταῦθα
1218 2330 1338 2365 ἐνεργεῖν
1365 2329 1503 2364 νομοθετεῖ
1521 2330 1570 2365 τὴν
1585 2330 1727 2365 μετάνοιαν
1743 2331 1790 2365 (ὡς
1802 2331 1832 2370 ἐν
1847 2329 1881 2363 τῷ

1105 2375 1156 2411 ᾅδῃ
1167 2375 1215 2410 τῆς
1232 2375 1358 2410 τοιαύτης
1370 2375 1485 2410 σπουδῆς
1496 2375 1711 2410 ἀπρακτοὺσης),
1723 2377 1781 2408 ταῖς
1794 2375 1881 2405 αὑταῖς

1102 2421 1190 2452 νίκαις
1204 2420 1435 2455 ὲγγυμνασθέντα.
1448 2420 1531 2447 Πάλιν
1540 2420 1684 2455 ἀπαλείφει
1698 2421 1765 2456 πρὸς
1781 2420 1881 2455 ἑτέρους

1103 2465 1210 2499 ἀγῶνας
1235 2465 1250 2491 ὸ
1272 2465 1350 2498 λόγος
1361 2472 1370 2480 ·
1395 2464 1476 2491 πάλιν
1492 2464 1598 2499 ἀλείφει
1615 2466 1648 2500 τῇ
1663 2465 1716 2492 τῶν
1730 2463 1881 2501 πειρασμῶν

1104 2510 1250 2545 προσῦολῇ.
1282 2509 1311 2536 ’0
1341 2508 1421 2541 αὐτὸς
1444 2509 1499 2544 γὰρ
1520 2509 1647 2544 πολέμιος
1672 2511 1687 2536 ό
1714 2508 1881 2542 ’Λὸεσσαλὼμ

1105 2557 1205 2586 ἐκεῖνος
1215 2554 1308 2590 ὥσπερ
1320 2554 1511 2589 ἀναγεννηοεὶς
1521 2553 1551 2586 ἐξ
1558 2554 1647 2589 ἡμῶν,
1660 2554 1741 2581 αὑτὸν
1755 2555 1800 2581 τὸν
1811 2553 1881 2580 πόλει

1110 2609 1159 2635 μον
1172 2600 1218 2627 τὸν
1241 2599 1270 2632 ἐξ
1283 2600 1361 2635 ἡμῶν
1372 2599 1540 2635 ἐξαρτύεται,
1559 2599 1589 2626 ὃν
1607 2599 1754 2635 ἀποτρέπει
1768 2600 1880 2634 φονῶντα

1108 2648 1169 2674 καθ’
1183 2648 1261 2683 ἡμῶν
1277 2648 1293 2683 ἡ
1309 2648 1428 2683 ἡμετέρα
1442 2648 1506 2682 περὶ
1520 2647 1567 2674 τοῦ
1582 2648 1740 2683 πράγματος
1756 2647 1880 2676 εὺσουλία,

1112 2693 1211 2729 μᾶλλον
1231 2693 1259 2719 δὲ
1288 2694 1304 2728 ὴ
1328 2693 1402 2728 παρά
1432 2692 1479 2719 τοῦ
1507 2692 1575 2719 Θεοῦ
1590 2693 1743 2728 συμμαχία.
1763 2693 1822 2720 Τῶν
1834 2693 1880 2726 γὰρ

1111 2739 1328 2774 κατορθωμάτων
1343 2738 1417 2773 αὐτῷ
1430 2735 1612 2774 χρηστῶνδιὰ
1625 2739 1680 2766 τῶν
1695 2739 1781 2772 λόγων
1793 2737 1880 2768 Χουσὶ,

1109 2783 1148 2818 τῷ
1161 2783 1221 2818 Θεῷ
1232 2783 1280 2818 τὴν
1291 2783 1380 2810 αἰτίαν
1394 2783 1538 2816 ἀνατιθεὶς,
1554 2784 1639 2820 ταύτῃ
1654 2784 1702 2820 τὴν
1716 2783 1882 2819 εὐχαριστίαν

309 2837 332 2852 ⁶⁰
348 2836 419 2864 Psal.
438 2844 465 2863 III
491 2836 511 2862 ‘2
558 2836 580 2852 ⁶⁷
592 2835 664 2864 Psal.
679 2844 717 2869 iv,
732 2837 756 2863 l.
795 2836 816 2852 "
832 2835 903 2864 Psal.
920 2845 945 2868 ν,
960 2837 984 2864 l.
1024 2838 1046 2854 θ’

1099 2839 1134 2866 al.
1149 2846 1186 2872 vi,
1204 2839 1228 2865 ι.
1267 2838 1289 2854 ⁷⁰
1302 2837 1374 2866 Psal.
1391 2847 1440 2871 vn,
1458 2839 1482 2866 l.
