1986 3080
107 141 117 145 ”
138 153 190 181 ista

823 148 854 176 IN
876 148 1044 176 PSALMOS.

1714 144 1765 172 550

136 210 293 245 πεποίηται.
316 209 443 245 Περιττδν
466 208 488 235 δ’
516 209 548 235 ἂν
570 207 612 242 είη
628 207 676 239 τὰς
696 207 816 243 ἱστορίας
839 214 880 232 σοι
894 203 926 231 δι’

982 205 1050 232 vidis
1080 208 1106 232 ct
1124 203 1210 231 fidelis
1222 208 1304 238 esset,
1330 204 1453 239 interque
1474 202 1614 238 adjutores
1626 207 1653 230 et
1666 202 1763 230 defen'

135 256 279 292 ἀκριϐείας
288 255 440 282 ἐκτίθεσθαι
451 262 458 269 ο
477 254 534 286 πῶς
548 254 642 285 πιστὸς
651 254 665 279 ὁ
680 253 761 280 Δαὸὶδ
775 252 813 279 ὣν
828 253 857 279 ἐν
870 252 927 283 τοῖς

136 303 331 334 ὑπασπισταῖς,
344 299 420 333 οὗτος
431 302 445 327 ὁ
460 301 543 327 Χουσὶ
555 300 583 327 ὲν
600 302 655 330 τοῖς
665 300 752 334 φίλοις
767 298 813 324 τοῦ
831 298 926 324 Ἀὗεσ-

136 348 233 384 σαλὼμ
253 348 466 384 καταμίγνυται,
495 347 542 373 καὶ
566 346 749 381 πιθανώτερος
769 344 873 379 γίνεται
889 343 928 379 τῷ

135 394 260 429 τυράννῳ
272 394 319 429 τῆς
329 393 376 419 τοῦ
394 392 536 427 Ἀχιτόφελ
550 400 581 418 συ
586 391 713 427 μσουλῆς.
731 391 812 417 Ὅθεν
828 389 926 424 συνέϐη

135 441 235 467 τούτου
247 439 318 465 κατὰ
338 438 387 474 τὴν
401 438 543 473 εἰσήγησιν
553 437 604 471 τῆς
618 435 730 471 γνώμης
753 435 927 471 κατακρατή-

138 495 244 517 σαντος,
269 484 351 511 αὐτὸν
377 483 421 518 ὑφ’
445 482 540 509 ἑαυτοῦ
565 482 775 516 καταπνιγῆναι,
798 481 843 507 τὸν
859 480 927 507 κατὰ

136 532 185 559 τοῦ
208 531 289 558 Δαϐὶδ
311 529 350 565 τῷ
370 527 546 563 Ἀὃεσσαλὼμ
569 526 816 562 ωμὸουλεύσαντα.
837 526 927 558 Ἄξιον

100 574 105 576 ’
136 578 160 605 δ’
171 578 204 604 ἂν
215 577 258 611 εἴη
275 575 461 611 προσαγαγεῖν
474 573 512 609 τῷ
524 574 584 600 κατ’
597 572 696 608 ἀρετὴν
710 572 759 607 βίῳ
773 572 865 598 καὶτὰ
879 572 928 607 τῆς

138 622 260 657 ἱστορίας
282 620 441 655 αἰνίγματα.
466 618 528 650 Πῶς
551 619 568 653 ἡ
591 618 715 650 σώζουσα
734 618 806 652 ἡμᾶς
819 616 925 651 γνώμη,

138 668 241 703 ἀγχόνη
252 667 357 701 γίνεται
367 664 414 691 τοῦ
423 664 611 698 ἀντικειμένου
621 671 627 678 ·
640 663 656 698 ἡ
666 663 694 689 δὲ
712 662 844 698 σωτήριος
858 661 928 695 αὕτη

137 713 246 748 γνώμη.
263 713 279 747 ἡ
293 712 342 747 μὲν
356 711 389 746 τῇ
402 710 517 746 ἱστορίᾳ,
530 710 547 745 ἡ
559 709 629 744 δὲτῇ
636 708 781 743 ψαλμῳδίᾳ
797 707 929 742 ὲγγέγροι-

138 768 215 786 πται.
231 759 311 793 Ἡμῖν
322 757 350 783 δὲ
368 755 467 786 σκοπός
484 755 542 781 ἐστι
557 754 602 781 τὸν
614 755 643 780 ὲν
656 753 731 786 τάξει
748 753 802 779 τῶν
815 752 929 788 ψαλμῶν

138 804 235 839 εἱρμὸν
263 802 441 836 κατανοῆσαι,
458 801 490 827 δι’
504 796 535 827 οὗ
551 800 589 835 τῷ
604 799 699 834 ἀγαθῷ
727 798 926 835 προσαγόμεθα.

137 849 243 876 Οὐκοῦν
263 848 312 883 τὴν
333 846 450 873 ἐνταῦθα
475 845 588 881 γνώμην
615 845 665 880 τὴν
690 844 864 879 ἀναιρετικὴν
880 843 928 870 τοῦ

138 892 358 924 ἐπιϐουλεύοντος
368 893 433 927 ἡμῖν
444 891 671 925 κατανοήσωμεν.

175 972 223 1003 Τίς
239 969 286 998 οὖν
302 971 375 998 ἐστιν
391 969 476 1005 αὖτης
499 969 530 996 τὸ
551 969 608 996 ἴσον
623 969 663 1000 είς
680 968 778 995 κακίαν
803 967 927 1003 ἡγεῖσθαι

137 1017 234 1052 ἄρχειν
257 1025 287 1043 τε
313 1015 418 1047 ἀδικίας
442 1015 490 1042 ml.
513 1013 664 1049 ἀμύνεσθαι
688 1013 734 1040 τὸν
757 1013 925 1047 ἀπάρξαντα.

138 1063 260 1098 Τιμᾶται
289 1061 344 1097 γὰρ
372 1061 460 1096 ἐαυτῷ
476 1060 608 1095 ἐσχάτων,
624 1059 672 1085 καὶ
691 1058 741 1093 τῆς
755 1058 815 1085 καθ’
830 1057 928 1084 ἑαυτοῦ

136 1108 273 1142 τιμωρίας
294 1106 405 1142 ὸριστὴς
420 1106 534 1140 γίνεται,
555 1105 579 1132 εί
593 1104 719 1140 εὑρεθείη
734 1103 819 1130 κακοῦ
832 1102 863 1129 τὸ
878 1111 928 1128 κα-

139 1154 198 1185 κὸν,
223 1153 316 1187 ὥσπερ
340 1154 369 1179 ὲν
394 1150 826 1187 συναλλάγματι,διαμείψας,καὶ
854 1150 928 1176 ἀντι-

134 1197 200 1228 δοὺς
224 1198 280 1228 τοῖς
304 1195 579 1231 προ-παρεσχημένοις
598 1194 612 1221 ὃ
635 1193 741 1221 ἐλαϐεν.
765 1194 821 1220 Καὶ
843 1193 928 1225 οὕτως

141 1242 211 1277 μετὰ
224 1243 287 1273 τοὺς
308 1241 418 1276 ἀγῶνας
440 1241 569 1272 τούτους,
595 1241 676 1267 πάλιν
695 1239 808 1275 νικητὴς
821 1239 926 1266 ἀναδεί-

140 1296 245 1313 κνυται.
259 1287 416 1321 Διαδέχεται
438 1286 493 1321 γὰρ
510 1285 652 1321 ἐπιγραφὴ
663 1305 671 1317 ,
693 1285 724 1311 τὸ
743 1293 752 1309 ι
777 1284 862 1318 Ὑπὲρ
875 1283 929 1309 τῶν

139 1332 256 1368 ληνῶν,ι
283 1332 500 1368 προδεικνύουσα
524 1331 610 1362 τέλος.
635 1330 673 1356 Τὸ
688 1329 716 1356 δὲ
739 1329 794 1356 τῶν
815 1328 929 1363 ἀγώνων

140 1379 227 1411 τέλος,
240 1378 303 1412 νίκη
318 1378 401 1404 ἐστίν.
414 1377 499 1404 Πάλιν
507 1377 535 1403 δὲ
549 1376 598 1412 τὴν
615 1385 624 1402 ι
645 1375 730 1412 Ὑπὲρ
742 1375 796 1402 τῶν
810 1375 898 1410 ληνῶν
917 1384 926 1400 ι

141 1425 246 1450 ἔννοιαν
272 1423 452 1456 ὲξαπλοῦσθαι
480 1422 519 1457 τῷ
546 1422 632 1457 λόγῳ,
666 1422 791 1457 περιττὸν
815 1421 848 1448 ἂν
870 1421 947 1456 εἴην

142 1469 242 1500 ίκανῶς
263 1469 292 1494 ὲν
313 1470 370 1499 toi;
386 1467 457 1494 κατὰ
476 1467 605 1494 τὸν-ἴδιον
625 1467 707 1493 τόπον
734 1466 930 1502 ὲξητασμένοις

141 1513 372 1549 προδηλωθείσαν.
397 1513 502 1549 Ὥσπερ
514 1513 542 1539 δὲ
557 1513 626 1548 μετὰ
638 1513 687 1548 τὴν
704 1513 814 1548 πρώτην
835 1513 868 1539 ἐκ
883 1512 929 1539 τοῦ

148 1546 326 1593 ’Ᾰῦεσσαλὼμ
352 1558 440 1593 φυγὴν
460 1546 491 1584 ἐν
509 1546 705 1593 τῷ-διακρίναι
726 1546 782 1584 τῶν
794 1546 932 1592 ἀληθινῶν
946 1546 966 1575 C

142 1605 316 1640 πραγμάτων
328 1603 377 1638 τὴν
385 1603 502 1639 ματαίαν
516 1603 642 1639 σπουδὴν,
653 1602 774 1636 ἀξιοῦται
782 1604 830 1638 τῆς
838 1604 916 1638 νίκης
924 1612 930 1618 ⁸

142 1649 230 1681 οὕτως
243 1650 290 1676 καὶ
301 1649 348 1676 νῦν
363 1650 432 1684 μετὰ
442 1650 505 1681 τοὺς
518 1649 626 1684 ὁμοίους
639 1649 758 1683 ἀγῶνας,
773 1649 812 1684 τῷ
828 1659 836 1675 ι
848 1649 932 1684 ’Υπὲρ

142 1697 199 1723 τῶν
224 1696 312 1731 ληνῶν
327 1706 336 1722 ι
363 1696 434 1730 λόγῳ
467 1695 603 1731 συμμάχῳ
625 1695 692 1731 πρὸς
716 1695 762 1722 τὸν
786 1695 932 1722 ἀντίπαλον

142 1741 300 1776 χρώμενος,
317 1741 430 1776 νικητὴς
456 1740 560 1774 γίνεται
587 1740 632 1767 διὰ
648 1740 695 1767 τοῦ
719 1740 867 1767 καταλῦσαι
887 1740 932 1767 τὸν

143 1786 242 1821 ἐχθρὸν
254 1785 311 1820 ἅμα
322 1786 368 1812 καὶ
384 1785 539 1820 ὲκδικητήν.
559 1786 606 1816 Ὃς
619 1785 662 1812 διὰ
687 1785 764 1812 τοῦτο
777 1785 824 1812 καὶ
837 1785 933 1822 ἐχθρὸς

113 1845 118 1850 ~
143 1832 192 1859 καὶ
207 1832 352 1867 ὲκδικητὴς
367 1831 546 1866 ὀνομάζεται,
562 1832 602 1857 ὅτι
617 1832 686 1858 αὑτὰ
706 1831 739 1857 τὰ
756 1831 824 1866 πρὸς
842 1832 934 1867 ἁμαρ-

142 1878 204 1905 τίαν
220 1878 302 1905 αὺτοῦ
320 1878 491 1912 δελεάσματα
502 1898 509 1909 ,
524 1877 645 1913 τιμωρία
657 1878 713 1909 τοῖς
726 1877 933 1912 αἰσθανομένοις

142 1925 161 1959 ἡ
178 1924 330 1959 πικροτάτη
353 1924 430 1950 ἑστί-
450 1923 497 1950 καὶ
517 1922 550 1949 δι’
573 1920 611 1949 ὦν
634 1922 778 1957 ἐφέλκεται
801 1922 869 1957 πρὸς
884 1922 932 1958 τὴν

143 1971 192 1996 τοῦ
207 1969 291 1997 κακοῦ
312 1969 455 1997 κοινωνίαν
481 1969 510 1995 ὲν
529 1969 620 2004 ἀπάτῃ
635 1969 680 1996 τὸν
699 1969 850 2003 ἄνθρωπον,
868 1969 933 1996 αὐτὸ

145 2017 233 2042 ἐκεῖνο
255 2016 287 2042 τὺ
306 2015 497 2051 χαλεπώτατον
520 2015 568 2050 τῆς
592 2015 728 2050 τιμωρίας
752 2012 822 2046 εἶδός
847 2015 931 2041 ἐστιν.

145 2061 239 2092 οὑτως
255 2060 400 2096 ὲρμηνεύει
416 2060 464 2095 τὴν
479 2060 599 2087 διάνοιαν
616 2060 717 2094 ταύτην
730 2061 744 2087 ὁ
761 2060 830 2092 Θεῖος
853 2060 933 2087 Ἀπό-

147 2105 254 2137 στολος,
273 2104 374 2136 εἰπών,
404 2105 446 2131 ὅτι
471 2114 479 2129 ι
496 2104 552 2140 Τὴν
574 2104 746 2139 ἀντιμισθίαν
762 2105 795 2140 ἣν
811 2104 864 2130 ἔδει
883 2104 933 2138 τῆς

146 2150 252 2185 πλάνης
285 2149 375 2177 αὐτῶν
403 2150 431 2176 ὲν
456 2149 562 2180 ἑαυτοῖς
586 2149 834 2184 ἀπολαμϐάνοντες.
857 2159 866 2175 ›
885 2149 933 2181 Τίς

145 2196 201 2231 γὰρ
226 2196 259 2222 ἃν
283 2195 387 2230 γένοιτο
415 2195 484 2229 πρὸς
507 2195 642 2231 τιμωρίαν
661 2195 731 2230 ἄλλη
754 2195 932 2231 χαλεπωτέρα

145 2241 253 2267 ἐπίνοια
266 2241 315 2275 τῆς
337 2240 407 2267 κατὰ
425 2239 473 2274 τὴν
488 2240 682 2276 ἀσχημοσύνην
702 2240 882 2276 ἀκαθαρσίας,
898 2241 931 2276 ἢν

145 2287 175 2312 ὲν
194 2286 300 2315 ἑαυτοῖς
325 2283 540 2320 κατεργάζονται
557 2285 582 2311 οί
600 2285 649 2320 τῆς
671 2285 863 2320 ἀσχημοσύνης
887 2286 931 2320 ὲρ-

146 2332 247 2365 yria-at;
263 2331 292 2357 ’0
301 2329 349 2357 οὖν
363 2330 516 2362 καταλύσας
527 2331 555 2357 ὲν
566 2330 604 2365 τῷ
617 2330 673 2365 ἰδίῳ
689 2330 739 2365 βίῳ
753 2331 799 2357 τοῦ
811 2331 931 2357 τοιούτου

145 2377 195 2411 τὴν
215 2376 340 2411 δύναμιν,
357 2376 386 2408 ὃς
400 2377 559 2411 τιμωρεῖται
574 2376 620 2403 τὸν
638 2377 667 2402 ὲν
683 2376 767 2412 κακίᾳ
788 2377 932 2412 γενόμενον

144 2422 178 2448 δι’
193 2421 275 2448 αὑτοῦ
292 2421 339 2448 τοῦ
366 2422 512 2456 μετασχεῖν
531 2421 580 2456 τῆς
597 2422 711 2453 κακίας,
733 2422 784 2457 ὁρᾷ
800 2422 863 2453 τοὺς
885 2423 932 2449 ἀν-

145 2467 280 2502 θρώπους,
300 2468 347 2494 καὶ
368 2467 415 2502 τὴν
433 2467 488 2493 τῶν
502 2467 626 2502 οὐρανῶν
638 2467 870 2503 ὑπερκαθημένην
885 2477 933 2503 με-

144 2512 363 2548 γαλοπρέπειαν,
378 2513 425 2539 καὶ
439 2513 469 2538 τὸ
482 2512 531 2547 τῆς
547 2512 653 2546 φύσεως
665 2513 791 2548 ἀξίωμα,
805 2513 886 2540 τίνων
902 2522 931 2540 τε

144 2557 224 2592 ἄρχει
245 2558 293 2584 καὶ
318 2558 374 2584 τίσι
399 2558 601 2593 συντεταγμένη
620 2558 705 2586 ἐστίν.
723 2558 767 2594 Τῷ
788 2559 842 2595 γὰρ
858 2559 933 2595 αὺτῷ

144 2604 192 2630 καὶ
208 2603 253 2630 ἐπὶ
270 2603 324 2630 τῶν
340 2604 445 2638 ἀλόγων
458 2604 632 2638 ἡγεμονεύει,
654 2604 701 2630 καὶ
715 2605 773 2635 τοῖς
806 2603 932 2638 ἀγγέλοις

145 2649 190 2676 διὰ
220 2649 389 2685 συγκρίσεως
421 2649 610 2686 παρισουμένη
639 2650 736 2686 μικρὸν
762 2649 930 2677 ἐλαττοῦται.

145 2695 240 2721 Τοίνυν
263 2695 341 2729 λόγος
365 2695 438 2722 ἐστὶν
462 2695 496 2721 δι’
517 2692 547 2722 οὗ
573 2695 678 2729 γίνεται
698 2696 715 2731 ἡ
738 2695 810 2722 κατὰ
829 2696 932 2723 τούτων

144 2741 235 2775 ἀρχὴ,
265 2740 400 2776 καὶπρὸς
429 2740 492 2772 τοὶές
521 2740 653 2774 ἀγγέλους
675 2741 821 2773 οἰκείωσις.
848 2741 933 2768 Πάλιν

143 2785 282 2819 ἐκδέχεται
307 2784 384 2820 νίκης
410 2785 506 2821 ἑτέρας
531 2785 645 2821 τρόπος,
667 2786 731 2812 ὅταν
753 2786 876 2822 ὑπερϐὰς
898 2787 932 2814 τὰ

179 2885 202 2900 “
224 2884 244 2911 ll
266 2884 337 2920 Reg.‘
351 2893 395 2918 xv,
426 2885 458 2912 t6
479 2891 538 2921 sqq.
577 2885 600 2901 ¹¹¹
622 2884 702 2912 Rom.
730 2893 747 2918 ι,
771 2885 817 2912 ‘27.

977 259 1064 283 sores,
1079 250 1176 278 amicis
1191 250 1339 278 Absalonis
1352 250 1547 282 admisceatur,
1569 249 1684 284 ejusque
1696 256 1764 276 con-

978 296 1068 322 silium
1086 299 1202 330 tyranno
1213 295 1415 322 conducibilius
1424 295 1512 321 visum
1527 294 1573 324 sit.
1587 302 1668 329 quam
1681 294 1763 321 Aelu-

977 340 1122 374 tophelis“
1135 349 1141 367 ε
1152 340 1223 366 unde
1237 338 1339 366 factum
1349 343 1402 368 est.
1415 342 1446 365 ut
1457 346 1519 365 cum
1533 338 1677 365 consilium
1692 338 1765 366 illius

977 385 1176 421 praevaluisset,
1198 386 1222 413 is
1237 385 1283 420 qui
1297 389 1394 412 contra
1409 383 1536 410 Davidem
1556 383 1685 410 Absaloni
1699 391 1764 410 con-

978 431 1071 459 silium
1101 430 1225 461 dederat,
1255 438 1269 456 a
1301 430 1393 464 seipso
1421 431 1584 464 praetocatus
1618 428 1764 456 interierit.

978 474 1098 509 Equum
1113 481 1196 509 porro
1216 473 1297 500 fuerit
1322 473 1446 500 historiae
1459 473 1542 500 etiam
1569 472 1713 507 aenigmata
1738 477 1766 500 et

979 518 1121 545 involucra
1142 518 1175 545 ad
1191 518 1273 544 vitam
1298 518 1392 545 virtuti
1409 517 1546 545 addictam
1569 516 1764 544 illustrandum

977 565 1117 597 adhibere,
1147 564 1285 599 quomodo
1312 564 1439 591 videlicet
1459 571 1536 591 mens
1563 567 1591 590 et
1624 563 1766 598 cogitatio.

979 618 1040 645 quae
1057 618 1108 638 nos
1124 615 1270 638 conservat
1285 631 1292 643 ,
1309 610 1422 645 laqueus
1443 609 1592 637 adversarii
1613 608 1672 643 ﬁat;
1691 608 1766 636 salu-

977 657 1062 688 taris,
1078 656 1200 692 inquam,
1215 657 1260 683 illa
1276 664 1352 683 mens
1371 660 1399 682 et
1418 655 1562 687 sententia,
1582 662 1642 690 qua:
1666 655 1765 689 partim

980 702 1111 734 historiae,
1145 705 1243 738 partim
1272 701 1432 736 psalmodiae
1458 701 1643 728 monumentis
1671 701 1765 728 consi-

980 751 1063 782 gnata
1078 752 1138 774 est;
1150 746 1234 775 Nobis
1245 751 1336 774 autem
1365 747 1535 781 propositum
1557 750 1600 774 est
1630 746 1764 773 rationem

980 792 1098 822 ordinis.
1117 792 1163 826 qui
1190 792 1217 819 in
1231 792 1346 827 psalmis
1360 796 1484 826 apparet,
1509 799 1563 826 quo
1585 791 1618 818 ad
1637 791 1766 818 honesta-

981 841 1035 865 tem
1051 838 1190 871 ducimur,
1206 837 1384 874 perscrutari.
1400 837 1484 872 lgitur
1496 838 1522 864 in
1543 837 1670 872 prtem-nti
1692 837 1765 864 aliud

943 871 965 898 Β
981 876 1133 917 intelligere
1159 871 1214 911 non
1243 882 1385 915 debemus,
1406 871 1488 916 quam
1517 871 1634 909 mentem
1662 886 1689 909 et
1703 890 1767 909 seu-
1810 887 1814 894 '

981 929 1094 957 tentiam
1114 929 1187 956 illam
1202 936 1264 964 quae
1281 929 1469 956 insidiatorem
1486 933 1608 955 nostrum
1624 928 1766 955 interimit.

1016 974 1082 1008 Qum
1099 975 1185 1010 igitur
1196 975 1268 1003 ista?
1287 974 1387 1002 Eodem
1402 974 1463 1002 loco
1483 977 1611 1009 reputare
1627 978 1766 1001 ουσιαι-ειη

981 1020 1148 1055 iniquitatis,
1180 1026 1207 1047 et
1227 1024 1368 1047 auctorem
1394 1019 1491 1047 ulcisci
1517 1020 1607 1047 velle:
1624 1019 1683 1054 ipse
1693 1019 1765 1046 enim

981 1073 1043 1094 sese
1059 1066 1189 1094 extremis
1205 1066 1294 1101 pomis
1317 1066 1470 1098 ulciscitur,
1502 1072 1529 1093 et
1562 1065 1695 1092 adversus
1724 1073 1768 1092 sc—

981 1110 1070 1145 ipsum
1086 1118 1196 1146 pmnem
1221 1111 1272 1138 sibi
1293 1110 1416 1138 decernit
1437 1116 1465 1138 et
1476 1109 1628 1148 definit,_si
1645 1109 1718 1137 velut
1734 1117 1768 1136 ex

981 1160 1074 1183 mutua
1093 1157 1217 1191 pactione
1231 1161 1259 1184 et
1273 1160 1418 1183 contractu
1436 1157 1537 1183 malum
1551 1156 1623 1183 malo
1638 1163 1768 1190 compen-

981 1204 1035 1233 sat,
1047 1201 1137 1235 iisque
1152 1201 1254 1235 quibus
1271 1200 1386 1228 affectus
1399 1205 1438 1227 est
1452 1200 1572 1234 injuriis,
1589 1200 1706 1235 injurias
1726 1208 1768 1226 re-

982 1246 1085 1282 pendit.
1099 1246 1189 1278 Quare
1196 1251 1257 1280 post
1272 1246 1323 1273 ista
1339 1246 1489 1274 certamina
1503 1253 1600 1274 rursus
1607 1245 1695 1272 victor
1705 1252 1770 1279 pro-

983 1291 1123 1318 nuntiatus
1133 1291 1178 1318 sit.
1188 1291 1316 1326 Sequitur
1325 1291 1396 1317 enim
1407 1290 1550 1325 inscriptio
1563 1299 1570 1318 :
1587 1299 1596 1315 ι
1608 1289 1661 1317 Pro
1673 1295 1768 1317 torcu-

983 1336 1122 1368 laribus,»
1150 1343 1210 1371 qua:
1249 1336 1328 1363 tinem
1354 1336 1534 1364 demonstrat.
1568 1336 1644 1363 Finis
1677 1340 1767 1362 autem

983 1383 1163 1409 certaminum
1184 1382 1297 1409 victoria
1313 1386 1366 1410 est.
1390 1382 1425 1409 At
1442 1381 1611 1417 superfluum
1637 1382 1719 1410 fuerit
1735 1383 1770 1410 de

983 1435 1066 1456 sensu
1097 1427 1295 1462 inscriptionis.
1328 1438 1337 1454 ‹
1357 1427 1412 1454 Pro
1439 1427 1657 1459 torcularibus,»
1680 1428 1769 1455 fusius

983 1473 1133 1508 disputare,
1150 1481 1211 1499 cum
1229 1472 1263 1500 de
1279 1480 1310 1500 ea
1324 1473 1380 1507 jum
1394 1473 1452 1501 suis
1469 1473 1536 1501 locis
1547 1473 1655 1501 abunde
1664 1473 1768 1501 dictum

984 1518 1030 1545 sit.
1046 1517 1131 1545 Porro
1152 1517 1381 1552 quemadmodum
1404 1521 1466 1552 post
1487 1518 1601 1552 primam
1618 1518 1652 1545 ab
1680 1517 1769 1545 Absa-

984 1564 1045 1591 Ione
1060 1563 1252 1599 fugam,‘dum
1265 1571 1364 1590 vanum
1383 1564 1504 1591 studium
1527 1567 1554 1591 et
1572 1563 1680 1591 inanem
1702 1572 1770 1598 ope-

983 1617 1041 1636 ram
1058 1616 1072 1635 a
1090 1609 1163 1636 veris
1177 1613 1204 1636 et
1226 1609 1306 1636 seriis
1319 1609 1434 1643 negotiis
1456 1614 1482 1636 et
1497 1609 1578 1637 rebus
1597 1609 1769 1640 internoscit.

983 1655 1106 1682 victoria:
1119 1655 1288 1682 ornamentis
1308 1654 1469 1689 insignitur:
1491 1655 1528 1681 ita
1542 1659 1570 1682 et
1585 1662 1658 1682 nunc
1671 1655 1770 1682 simili-

984 1700 1035 1728 bus
1051 1701 1156 1728 exactis
1172 1700 1280 1735 pugnis,
1300 1700 1424 1728 oratione
1444 1710 1452 1725 ε
1469 1699 1522 1726 Pro
1541 1700 1738 1734 torcularibus,
1758 1709 1767 1725 ι

984 1746 1058 1772 velut
1073 1745 1254 1778 auxiliatric’e,
1269 1750 1363 1773 contra
1377 1745 1565 1773 adversarium
1580 1753 1657 1777 usus.
1680 1745 1770 1773 victor

983 1790 1084 1823 evadit,
1094 1798 1126 1818 eo
1137 1791 1209 1825 quod
1227 1791 1356 1818 delcverit
1376 1791 1481 1818 hostem
1497 1791 1579 1818 simul
1593 1795 1620 1818 et
1641 1798 1770 1826 persecu-

984 1840 1081 1867 torem,
1096 1836 1142 1870 qui
1158 1835 1193 1863 ob
1204 1835 1230 1862 id
1243 1836 1325 1863 etiam
1339 1834 1427 1863 hostis
1455 1840 1482 1862 et
1497 1836 1569 1863 ultor
1598 1837 1767 1868 nominatur,

983 1882 1046 1916 quia
1068 1881 1155 1916 ipsius
1169 1882 1202 1908 ad
1218 1885 1359 1916 peccatum
1375 1881 1509 1909 illecebrae
1531 1882 1709 1909 acerbissima
1722 1882 1770 1910 de-

983 1927 1160 1963 gustantibus
1191 1931 1255 1954 sunt
1278 1934 1370 1962 poma,
1392 1931 1419 1954 et
1437 1935 1469 1954 ea
1492 1928 1591 1962 quibus
1610 1927 1642 1956 ad
1660 1928 1771 1956 malitia:

983 1973 1202 2000 communionem
1220 1973 1343 2000 homines
1355 1971 1485 2007 deceptos
1500 1972 1648 2008 pertrahit,
1663 1973 1767 2008 gravis-

984 2018 1047 2044 simi
1070 2018 1196 2052 supplicii
1212 2017 1329 2052 speciem
1351 2017 1462 2044 habent.
1478 2015 1535 2045 Hoc
1555 2017 1636 2045 modo
1659 2025 1769 2045 sensum

985 2064 1056 2091 hunc
1083 2063 1195 2098 exponit
1220 2063 1329 2091 divinus
1354 2062 1513 2097 Apostolus,
1537 2069 1599 2089 cum
1626 2062 1681 2090 ait:
1698 2062 1771 2090 «Eos

984 2117 1066 2144 quam
1083 2113 1223 2136 merentur
1246 2109 1396 2136 mercedem
1424 2108 1538 2140 erroris,
1565 2108 1593 2135 in
1617 2108 1771 2143 semetipsis

984 2156 1108 2190 accipere
1118 2155 1150 2182 τ’.
1167 2164 1176 2180 ι
1197 2155 1266 2188 Quid
1278 2155 1349 2181 enim
1363 2154 1395 2181 ad
1414 2153 1578 2188 supplicium
1597 2155 1709 2188 gravius
1724 2162 1772 2181 ex-

950 2213 971 2241 D
987 2201 1102 2235 cogitari
1116 2206 1207 2235 queat,
1220 2208 1300 2235 quam
1319 2200 1384 2227 illud
1402 2199 1581 2227 immunditim
1604 2199 1772 2228 dehonesta-

988 2250 1108 2273 mentum
1126 2249 1153 2273 et
1166 2245 1294 2277 dedecus,
1313 2244 1385 2279 quod
1407 2244 1433 2271 in
1452 2244 1550 2276 seipsis
1566 2244 1685 2272 efficiunt
1709 2253 1772 2280 pro-

987 2292 1028 2318 bri
1044 2295 1070 2318 et
1087 2291 1227 2318 dedat-Oris
1244 2290 1406 2318 effectores?
1425 2289 1476 2323 Qui
1491 2298 1555 2325 ergo
1569 2291 1630 2317 vitae
1649 2299 1705 2318 sure
1728 2292 1772 2318 in-

986 2337 1083 2364 stituto
1097 2336 1150 2362 vim
1163 2336 1223 2370 ejus
1238 2340 1360 2368 enervat,
1385 2337 1430 2371 qui
1448 2337 1557 2362 malitiae.
1577 2337 1771 2364 communione

986 2382 1037 2409 sibi
1056 2381 1231 2415 coniunctum
1244 2382 1295 2408 hac
1309 2381 1367 2416 ipsa
1387 2382 1594 2417 participatione
1610 2382 1697 2417 punit,
1725 2383 1772 2410 ille

987 2428 1013 2451 et
1032 2424 1165 2456 homines,
1189 2429 1215 2452 et
1232 2425 1304 2451 illam
1325 2433 1385 2459 quae
1408 2433 1490 2460 super
1515 2426 1600 2454 cmlos
1617 2433 1710 2454 evecta
1729 2431 1771 2454 est
1789 2442 1791 2445 -

988 2469 1228 2505 magnificentiam,
1241 2471 1455 2506 dignitatemque
1470 2476 1584 2503 naturae,
1605 2472 1703 2506 quibus
1721 2473 1771 2499 im-

986 2519 1072 2550 peret,
1090 2521 1117 2542 et
1129 2524 1191 2542 cum
1206 2516 1307 2551 quibus
1319 2517 1441 2551 ejusdem
1460 2517 1495 2544 sit
1504 2517 1602 2545 classis
1615 2521 1641 2544 et
1654 2517 1770 2550 ordinis,

987 2562 1199 2596 contemplatur.
1219 2561 1318 2590 Eadem
1330 2563 1402 2590 enim
1429 2570 1505 2597 parte
1521 2567 1548 2600 et
1566 2563 1717 2590 dominium
1742 2563 1769 2590 iu

986 2607 1066 2634 bruta
1085 2607 1176 2640 habet,
1191 2612 1215 2635 et
1236 2616 1298 2635 cum
1315 2609 1419 2644 angelis
1431 2609 1636 2643 comparatione
1654 2609 1771 2637 collatus

985 2653 1124 2687 paululum
1138 2653 1191 2681 illis
1205 2654 1501 2691 inferiorconspicitur.
1519 2654 1596 2681 Ratio
1607 2654 1698 2689 itaque
1717 2659 1770 2685 est,

984 2705 1038 2732 qua
1053 2702 1080 2725 et
1099 2699 1187 2726 brutis
1199 2699 1385 2727 animantibus
1408 2704 1516 2734 praeest.
1538 2704 1564 2727 et
1581 2707 1643 2726 cum
1666 2699 1771 2734 angelis

985 2744 1189 2772 necessitudine
1212 2745 1329 2780 quadam
1362 2745 1498 2780 jungitur.
1522 2744 1628 2771 llursus
1657 2744 1710 2771 alia
1730 2744 1771 2770 vi-

985 2789 1078 2817 ctoria:
1093 2790 1198 2825 species
1212 2791 1343 2824 succedit,
1359 2791 1467 2825 quando
1482 2790 1537 2818 haec
1554 2798 1614 2824 qua)
1624 2790 1675 2817 sub
1692 2797 1772 2825 aspe-
