1986 3080
261 135 308 163 551

889 135 918 161 ὃ.
940 133 1103 161 CREGOlill
1124 132 1273 161 NYSSENI

1837 133 1892 160 552

260 197 333 219 ctum
348 192 450 218 cadunt
470 199 676 226 supergressus,
703 191 838 224 rationem
861 191 887 217 in
904 198 1006 218 arcana
1025 195 1051 218 et

1104 190 1256 226 φαινόμενα
1281 191 1336 221 τοῖς
1363 189 1528 224 ἀπορρήτοις
1556 188 1713 225 ὲμϐατεύσῃ
1740 188 1779 224 τῷ
1806 189 1886 225 λόγῳ.

261 238 399 265 recondita
425 238 545 271 inseris;
570 238 642 265 ﬁlius
671 245 736 265 vero
761 238 830 264 ratio
852 241 905 270 est,
927 237 1050 271 satisque

258 284 314 318 jam
330 283 544 318 praecedentibus
556 283 678 311 victoriis
690 283 858 310 exercitatus
871 293 880 309 ι
895 290 946 318 pro
956 283 1052 310 occul-

261 328 297 355 tis
314 328 372 355 Filii
382 329 405 344 "
420 338 429 354 ι
444 329 548 364 psaltis,
567 335 616 362 per
633 329 791 356 continuam
811 330 1014 362 c’onsonamque
1024 331 1051 355 et

260 374 410 402 studiosam
421 374 684 409 contemplationem
708 383 714 400 :
735 374 889 408 iterumque
910 374 987 400 illum
1003 374 1050 408 qui

261 419 288 446 in
305 421 414 446 occulto
434 419 566 446 venandis
589 423 615 445 et
632 418 773 454 capiendis
788 418 867 446 nobis
894 418 1050 450 insidiatur,

261 465 399 499 prolligas,
417 472 449 491 ne
462 471 515 499 qua
532 464 650 498 amplius
662 464 730 491 hosti
743 468 839 490 contra
852 471 902 490 nos
914 463 1050 498 gloriandi

261 510 431 545 relinquatur
444 511 552 537 occasio
566 531 573 542 ,
590 518 599 535 ι
614 514 643 536 ιιι
655 517 708 536 non
725 513 844 544 apponat
856 509 929 536 ultra
946 510 1052 544 magni-

263 556 344 582 llcare
360 563 391 582 se
407 556 488 582 homo
502 563 584 589 super
601 561 712 582 terram.
729 564 738 579 »
763 554 839 582 Tune
865 563 897 582 ex
926 555 1051 588 victoria,

262 609 321 636 qua:
333 601 461 636 deinceps
472 601 520 627 tibi
540 601 660 630 obvenit.
677 600 774 635 majori
800 608 864 636 erga
883 600 967 628 Deum
981 608 1050 628 con-

261 652 337 681 cepta
354 646 450 673 ﬁducia
463 646 531 673 dicis
550 656 556 672 :
578 656 587 671 ι
606 645 641 673 Ιη-
652 645 766 673 Domino
785 646 959 679 οοηίὶιιο⁷⁸ςι
974 655 1052 674 11ὶοί-

260 701 329 728 que,
351 693 378 719 in
392 700 423 720 ea
450 700 511 727 qua:
531 692 656 727 sequitur
671 691 796 722 victoria.
829 700 928 720 rursus
951 692 978 720 in
995 699 1052 719 me-

259 740 375 766 moriam
392 746 506 766 revocas
524 747 533 763 ‹
547 738 688 773 Octavam;
701 747 711 764 1
727 738 754 765 in
769 745 823 772 qua
851 747 860 763 ‹
876 738 971 773 lingua
997 746 1055 764 ma-

260 787 386 821 gniloqua
409 785 517 820 penitus
544 783 710 814 destruetur,
725 789 752 811 et
795 783 866 811 labia
882 784 989 816 dolosa,
1001 793 1010 810 ι
1026 789 1052 811 et

259 832 349 860 omnis
361 835 456 858 contra
468 831 550 858 Deum
567 830 674 857 insania
683 830 717 856 ".
734 829 977 857 Conservabuntur
987 836 1052 856 vero

260 884 274 903 a
289 876 464 911 generatione
483 875 532 901 hac
548 874 574 901 in
592 875 738 904 saaculum,
755 874 803 908 qni
820 873 847 900 in
865 873 982 900 circuitu
998 873 1050 900 im-
1068 865 1088 892 Β

260 921 369 957 pietatis
385 929 440 948 non
455 921 605 951 ambulant,
630 921 676 948 sed
696 924 798 947 rectam
816 920 948 947 insistunt
966 920 1048 952 viam,

259 974 341 1001 qnam
363 966 435 993 Deus
457 966 536 993 nobis
556 972 654 992 novam
673 966 794 1000 prativit,
818 966 889 993 viam
911 970 1048 993 recentem

259 1017 287 1040 et
305 1013 453 1040 viventem.
466 1012 499 1039 Et
514 1011 580 1046 quid
611 1019 681 1046 opus
704 1016 747 1039 est
771 1012 880 1047 singula
898 1008 1048 1048 explicare,

259 1065 323 1084 cum
353 1065 414 1092 quae
430 1057 563 1085 hactenus
586 1057 802 1086 introductionis
826 1057 906 1092 quasi
923 1058 985 1084 loco
1007 1058 1049 1084 al-

261 1104 314 1130 lata
328 1107 393 1130 sunt
410 1103 479 1131 satis
495 1110 633 1138 superque
663 1103 711 1131 tibi
734 1104 882 1131 ostendant
907 1104 978 1130 viam
994 1111 1048 1138 qua

260 1157 310 1184 per
335 1149 502 1184 psalmorum
529 1149 653 1177 ordinem
681 1154 709 1177 et
742 1150 936 1185 inscriptiones
956 1150 989 1177 ad
1020 1150 1046 1177 id

260 1194 333 1229 quod
347 1195 447 1221 bonum
462 1198 598 1221 etrectnm
610 1197 652 1221 est
660 1194 805 1222 deducaris
814 1195 827 1221 ἲ
839 1202 893 1221 non
906 1201 1002 1229 parum
1015 1193 1049 1220 ad

261 1240 332 1267 hanc
359 1240 441 1267 etiam
466 1239 672 1274 intelligentiam
695 1240 866 1267 conducente
884 1240 940 1272 illa,
967 1246 1048 1274 quam

267 1293 350 1322 supra
367 1286 558 1321 praemisimus,
574 1285 785 1320 inscriptionum
801 1284 994 1319 explicatione.

546 1362 660 1391 CAPUT
694 1362 754 1390 XII.

298 1417 385 1445 Finita
399 1418 486 1453 prima
504 1418 626 1445 sectione
651 1418 826 1446 ascensionis
851 1425 900 1453 per
917 1418 1049 1452 psalmos,

1102 237 1165 268 Υἱὸς
1176 237 1203 263 δὲ
1214 237 1228 263 ὁ
1242 236 1320 270 λόγος
1330 255 1338 269 ,
1349 235 1400 262 κᾶν
1413 236 1513 267 ἱκανῶς
1524 236 1574 271 ήδη
1585 236 1651 271 γένῃ
1663 237 1723 267 ταῖς
1737 235 1888 271 προλασού-

1103 291 1163 315 σαις
1178 283 1268 314 νίκαις
1282 282 1492 317 ὲγγυμνασθεὶς,
1511 291 1519 307 ι
1531 282 1616 317 ’Υπὲρ
1633 278 1688 308 τῶν
1703 283 1827 318 κρυφίων
1841 282 1889 309 τοῦ

1103 329 1167 356 Υίοῦ
1186 339 1196 355 ι
1210 328 1332 364 ψάλλεις,
1346 327 1390 355 διὰ
1407 329 1456 364 τῆς
1469 328 1638 363 εὑαρμόστου
1653 337 1682 354 τε
1695 328 1742 354 καὶ
1753 328 1890 363 ἐμμελοῦς

1102 371 1230 407 θεὼρῖας.
1256 373 1310 399 Καὶ
1335 373 1416 400 πάλιν
1441 373 1556 408 νικήσας
1573 372 1618 399 τὸν
1646 373 1675 398 ἐν
1693 374 1819 408 κρυφίοις
1845 375 1889 400 ὲν-

1101 419 1246 454 εδρεύοντα
1262 419 1321 445 καθ’
1334 419 1412 454 ἡμῶν
1428 419 1508 454 Θῆρα,
1528 418 1598 444 ὥστε
1616 418 1714 453 μηκέτι
1731 418 1777 445 τοῦ
1790 418 1890 454 ἐχθροῦ

1100 465 1132 491 τὸ
1154 465 1214 491 καθ’
1227 465 1304 500 ἡμῶν
1320 464 1450 499 καύχημα
1467 463 1674 498 περιλειφθῆναι
1693 466 1717 496 (‹
1737 464 1795 491 ’Ὶνα
1813 474 1822 489 ι
1836 465 1891 499 γὰρ

1105 520 1113 535 ι
1135 510 1172 545 μὴ
1188 511 1293 546 προσθῇ
1307 511 1346 537 ἐτι
1357 511 1404 537 τοῦ
1426 510 1607 545 μεγαλαυχεῖν
1623 510 1766 545 ἄνθρωπος
1781 511 1825 537 ἐπὶ
1839 511 1890 545 τῆς

1102 556 1153 590 γῆς
1172 566 1181 582 ›
1194 556 1203 590 )
1214 565 1221 571 ’
1237 557 1297 583 τότε
1311 556 1355 583 διὰ
1376 556 1426 591 τῆς
1440 558 1472 583 ἐκ
1486 556 1532 582 τοῦ
1544 556 1690 583 ἀκολούθου
1711 564 1758 583 σου
1775 564 1890 590 προσγι-

1102 601 1217 636 νομένης
1233 601 1328 636 νίκης,
1345 601 1514 637 τελειοτέραν
1538 601 1589 636 τὴν
1613 602 1652 632 εἰς
1677 601 1723 628 τὸν
1749 600 1815 627 Θεὸν
1841 609 1890 626 πε-

1102 647 1227 681 ποίθησιν
1238 647 1307 682 ἔχων
1321 647 1419 681 λέγεις’
1439 657 1448 673 ‹
1476 648 1537 674 Ἐπὶ
1558 647 1597 682 τῷ
1612 646 1707 682 Κυρίῳ
1720 645 1848 673 πέποιθα.
1877 655 1886 670 ι

1108 693 1152 719 Ἐν
1165 694 1197 728 τῇ
1209 693 1307 728 ἐφεξῆς
1315 693 1387 728 νίκῃ.
1400 693 1482 720 πάλιν
1491 693 1539 728 τῆς
1550 703 1559 718 ι
1572 693 1696 728 Ὀγδόηςι
1710 693 1848 728 μεμνήσῃ.
1861 693 1890 718 ὲν

1102 737 1119 776 ᾖ
1135 739 1335 775 ἑξολοθρεύεται
1350 739 1399 774 μὲν
1415 741 1432 775 ἡ
1449 749 1458 765 ι
1474 738 1689 774 μγαλορρήμων
1703 738 1823 772 γλῶσσα.
1842 739 1890 764 καὶ

1101 786 1136 813 τὰ
1154 786 1228 822 χείλη
1245 785 1278 812 τὰ
1320 785 1411 817 δόλια,
1426 795 1436 812 ι
1450 785 1497 812 καὶ
1522 787 1538 820 ἡ
1563 785 1634 811 κατὰ
1647 784 1694 811 τοῦ
1709 784 1776 810 Θεοῦ
1791 783 1888 819 μανία·

1103 830 1320 866 φυλαχθήσονται
1343 831 1372 858 δὲ
1395 832 1449 859 ἀπὸ
1472 833 1520 866 τῆς
1541 831 1639 865 γενεᾶς
1663 830 1765 865 ταύτης
1782 830 1829 857 καὶ
1849 831 1889 861 εἰς

1103 877 1148 903 τὸν
1159 877 1255 908 αἰῶνα,
1270 878 1295 903 oi.
1311 877 1348 912 μὴ
1362 878 1390 904 ὲν
1405 877 1496 912 κύκλῳ
1508 878 1558 912 τῆς
1571 877 1699 908 ἀσεϐείας
1715 884 1889 911 συμπεριπα-

1104 922 1228 954 τοῦντες,
1248 923 1317 948 ἀλλὰ
1332 924 1380 958 τῆς
1396 923 1503 954 εὐθείας
1525 923 1663 957 ἐχόμενοι,
1676 923 1709 957 ἢν
1723 923 1889 949 ἐνεκαίνισεν

1102 968 1169 1002 ἡμῖν
1181 968 1195 994 ὸ
1206 967 1272 999 Θεὸς
1300 967 1359 994 ὁδὸν
1376 969 1530 1003 πρόσφατον
1543 969 1591 995 καὶ
1604 968 1704 1000 ζῶσαν.
1727 969 1781 995 Καὶ
1795 968 1822 994 τί
1835 969 1889 1003 χρὴ

1101 1012 1136 1037 τὰ
1158 1011 1218 1038 καθ’
1240 1011 1354 1038 ἕκαστον
1376 1011 1517 1044 διεξιέναι,
1545 1012 1645 1044 ἱκανῶς
1668 1020 1708 1038 σοι
1727 1013 1777 1048 τῆς
1792 1012 1888 1046 ἐφόδου

1102 1058 1202 1091 ταύτης
1226 1057 1276 1092 τὴν
1297 1058 1344 1084 ὲπὶ
1364 1058 1397 1084 τὰ
1422 1058 1538 1093 κρείττω
1564 1058 1676 1094 πρόοδον
1702 1058 1746 1084 διὰ
1767 1058 1819 1093 τῆς
1832 1058 1888 1084 τῶν

1101 1103 1218 1137 ψαλμῶν
1237 1103 1340 1135 τάξεώς
1360 1112 1390 1130 τε
1415 1105 1462 1130 καὶ
1477 1105 1631 1140 ἐπιγραφῆς
1649 1105 1891 1140 προδεικνυούσης;

1101 1149 1132 1174 οὐ
1151 1149 1255 1185 μικρῶς
1273 1150 1339 1184 ἡμῖν
1356 1151 1424 1184 πρὸς
1450 1151 1500 1186 τὴν
1520 1151 1646 1186 τοιαύτην
1663 1151 1887 1187 συμϐαλλομένης

1101 1194 1219 1221 διάνοιαν
1245 1195 1294 1229 τῆς
1324 1196 1521 1231 προῦληθείσης
1542 1198 1597 1228 τοῖς
1623 1196 1777 1233 ἔμπροσθεν
1800 1198 1889 1231 λόγοις

1102 1240 1157 1266 τῶν
1173 1241 1334 1276 ἐπιγραφῶν
1352 1243 1509 1277 ἑρμηνείας.

1346 1366 1544 1394 ΚΕΦᾹΛΑΙΟΝ
1563 1367 1612 1394 IB'.

1147 1421 1215 1447 Ἀλλ’
1229 1421 1270 1447 ὅτι
1289 1423 1472 1458 σννεπεράνθη
1497 1423 1528 1450 τὸ
1543 1423 1651 1458 πρῶτον
1667 1422 1763 1459 τμῆμα
1781 1423 1832 1459 τῆς
1847 1424 1892 1451 διὰ

262 1472 359 1492 rursus
369 1464 579 1498 quadragesimo
589 1463 693 1497 psalmo
713 1464 860 1490 resumitur
876 1463 1051 1490 beatitudinis

1105 1466 1158 1492 τῶν
1172 1467 1287 1502 ψαλμῶν
1302 1468 1472 1499 ἀναϐάσεως,
1488 1469 1516 1494 ὲν
1532 1468 1571 1503 τῷ
1586 1469 1796 1504 τεσσαρακοστῷ
1809 1469 1892 1496 πάλιν

263 1511 375 1538 mentio.
391 1510 476 1537 Aliter
497 1515 586 1537 tamen
603 1511 630 1537 in
651 1510 729 1537 initio
745 1509 875 1538 deﬁnitur
898 1510 1050 1544 beatitudo,

262 1560 314 1586 sub
330 1559 436 1586 initium
453 1560 526 1586 enim
540 1559 601 1594 fuga
612 1563 639 1585 ct
658 1559 765 1587 aversio
789 1567 804 1586 a
823 1559 896 1586 malo
914 1560 941 1586 in
964 1559 1052 1586 beati-

263 1605 356 1632 tudine
373 1605 578 1632 numerabatur.
595 1605 629 1631 At
645 1605 690 1632 hic
705 1605 783 1632 beata
803 1604 968 1639 prazdicatur
984 1605 1048 1632 boni

262 1656 290 1679 et
310 1652 376 1679 recti
394 1651 524 1686 cognitio.
553 1650 619 1677 Boni
643 1658 708 1678 vero
739 1655 849 1682 natura,
874 1651 917 1678 vel
937 1651 960 1678 si
979 1651 1050 1686 quod

262 1697 441 1725 excellentius
456 1698 517 1729 hoc,
536 1697 577 1724 vel
593 1704 703 1728 nomen,
717 1697 759 1724 vel
775 1697 923 1731 cogitatum
937 1697 1051 1731 reperiri

263 1747 364 1778 potest,
385 1742 453 1769 nihil
466 1742 602 1773 estaliud,
624 1749 704 1776 quam
719 1741 876 1777 unigenitns
888 1741 936 1768 Dei
955 1741 1051 1773 Filius,

262 1790 308 1824 qui
327 1797 388 1816 cum
407 1789 484 1816 dives
499 1794 581 1821 esset,
607 1793 718 1823 propter
733 1795 784 1815 nos
809 1787 900 1815 l'actns
927 1793 968 1815 est
991 1795 1053 1822 ege-

262 1843 326 1862 nus.
340 1835 426 1870 Cujus
455 1835 482 1862 in
520 1843 602 1862 carne
632 1838 782 1869 egestatem
797 1833 969 1869 Evangelicis
983 1834 1053 1861 scri-

264 1882 317 1916 ptis
336 1882 416 1908 nobi's
431 1881 657 1911 demonstratam.
677 1880 766 1907 oratio
783 1880 832 1906 hoc
842 1880 902 1906 loco
913 1880 1053 1914 przcsigni-

264 1928 337 1958 iicat,
352 1934 414 1954 cum
431 1927 541 1954 beatum
560 1926 701 1960 prmdicat,
716 1926 763 1960 qui
777 1925 870 1953 debita
897 1926 1052 1960 intelligen-

264 1973 301 1998 tia
319 1974 505 2006 paupertalcm
516 1971 590 1997 illam
603 1971 753 2006 cognoscit,
763 1971 810 2005 qui
826 1978 930 2006 pauper
943 1971 1051 2005 quidem

265 2022 323 2044 erat
334 2016 482 2044 secundum
503 2016 574 2043 servi
590 2015 715 2048 formam,
734 2017 894 2043 benedictus
905 2021 994 2043 autem
1010 2023 1052 2043 se-

266 2063 384 2090 cundum
400 2062 554 2089 divinitatis
568 2066 704 2089 naturam.
722 2062 829 2097 Egenus
846 2063 920 2090 enim
941 2067 969 2090 et
983 2071 1051 2098 pau-

267 2116 315 2142 per
344 2108 479 2142 principio
501 2107 583 2141 hujus
604 2108 762 2142 psalmodhe
781 2109 955 2140 nominatur;
976 2113 1001 2135 at
1025 2109 1050 2134 in

267 2154 319 2181 line
335 2153 465 2181 seclionis
475 2153 584 2180 additur
599 2162 605 2180 :
621 2162 630 2178 ι
645 2152 810 2181 Benedictus
828 2153 958 2180 Dominus
976 2154 1047 2180 Deus
1068 2146 1089 2172 Ῐ)

267 2199 349 2226 Israel
364 2207 378 2225 a
399 2199 498 2226 szeculo
515 2198 542 2225 in
556 2199 697 2230 saeculum,
715 2198 768 2232 ﬁat,
780 2198 835 2226 ﬁat.
849 2208 857 2224 ι
872 2198 922 2232 Qui
935 2199 1013 2234 igitur
1024 2199 1052 2226 in

267 2246 337 2272 hanc
356 2245 526 2272 altitudinem
542 2245 639 2276 evasit,
654 2244 699 2271 ille
725 2245 838 2272 alteram
860 2246 1051 2272 ascensionem

268 2291 372 2326 incipit.
395 2290 462 2317 Nam
485 2291 582 2318 relicto
598 2294 674 2325 patre
687 2289 767 2322 Core,
792 2291 838 2325 qui
860 2299 907 2325 per
920 2298 1053 2325 arrogan-

267 2337 332 2363 tiam
344 2336 527 2363 sacerdotium
546 2335 597 2362 sibi
616 2336 769 2370 usurpavit,
787 2341 813 2363 et
832 2336 867 2363 ob
884 2336 910 2362 id
929 2337 990 2372 igne
1005 2344 1054 2362 ex-

268 2386 356 2413 ustus,
372 2386 398 2408 et
414 2381 447 2408 ab
458 2381 532 2407 hiatn
550 2381 707 2416 absorptus,
718 2385 744 2408 et
759 2382 811 2408 sub
822 2386 922 2408 terram
938 2386 1047 2416 propter

266 2427 368 2453 scelera
381 2426 488 2453 abditus
499 2429 541 2454 est
555 2427 589 2458 ⁷⁸,
599 2433 663 2453 vero
673 2432 699 2453 et
710 2426 830 2461 legitimo
841 2426 912 2453 Patri
924 2435 953 2453 se
964 2435 1010 2461 per
1021 2426 1052 2453 li-

267 2471 327 2498 dem
341 2471 526 2506 adoptandum
539 2471 696 2503 committit,
718 2479 772 2498 non
799 2472 922 2507 ignarus,
949 2477 1052 2506 quanto

267 2517 425 2544 discrimine
451 2517 552 2544 distent
568 2516 615 2544 Dei
650 2516 735 2544 ﬁlium
761 2517 828 2548 ﬁeri.
857 2523 884 2544 et
903 2517 987 2544 lilium
1006 2518 1053 2545 de-

267 2563 381 2591 sertoris
393 2563 463 2591 Core
475 2563 623 2590 nominari.
638 2563 759 2598 Adeptus
785 2571 851 2598 ergo
866 2564 945 2590 linem
969 2563 1054 2590 victo-

267 2610 324 2639 riae,
350 2609 485 2645 simulque
510 2609 666 2644 intelligens
690 2613 791 2644 quanta
825 2610 861 2637 sit
884 2609 955 2636 inter
980 2609 1054 2637 hunc

267 2660 294 2682 et
305 2656 403 2682 malum
424 2656 499 2682 illum
527 2659 631 2690 patrem
649 2655 813 2686 diﬂ'erentia,
837 2659 1055 2690 consumptoque

269 2702 296 2729 ia
314 2709 343 2728 se
357 2706 383 2728 et
402 2701 533 2728 devorato
548 2708 581 2728 eo
597 2700 669 2735 quod
686 2700 772 2727 ferum
787 2705 864 2727 estet
877 2705 1052 2729 venenatum.

269 2754 345 2774 more
361 2754 515 2776 cervorum,
534 2745 636 2780 quibus
648 2745 753 2780 reptilia
770 2748 932 2773 consuntcrc
949 2747 991 2774 vis
1013 2746 1054 2773 in-

1103 1512 1120 1546 ἡ
1133 1511 1179 1537 τοῦ
1195 1513 1369 1548 μακαρισμοῦ
1381 1513 1549 1548 ἐπανάληψις
1563 1514 1680 1547 γίνεται,
1697 1514 1784 1546 ἄλλως
1793 1515 1840 1541 τοῦ
1853 1515 1893 1540 λό-

1103 1564 1151 1586 γου
1164 1557 1238 1591 παρὰ
1248 1556 1297 1591 τὴν
1303 1557 1395 1592 ,ἀρχὴν
1404 1558 1564 1593 ὁριζομένου
1573 1559 1637 1593 ἡμῖν
1645 1559 1674 1585 τδ
1690 1559 1835 1594 μακάριον.
1846 1559 1892 1586 Ἐν

1103 1601 1156 1636 γὰρ
1171 1603 1227 1632 τοῖς
1242 1601 1370 1637 πρώτοις,
1383 1603 1413 1629 τὸ
1430 1603 1580 1638 ἀποστῆναι
1593 1604 1639 1630 τοῦ
1656 1604 1740 1630 κακοῦ
1754 1605 1892 1640 μακάριον

1101 1645 1136 1682 ἦν
1146 1656 1152 1663 ·
1171 1647 1287 1674 ἐνταῦθα
1298 1648 1327 1674 δὲ
1338 1649 1367 1674 τὸ
1378 1649 1526 1682 ἐπιγνῶναι
1545 1649 1575 1675 τὸ
1586 1649 1688 1682 ἀγαθὸν
1698 1650 1891 1685 μακαρίζεται.

1109 1694 1183 1720 Ἡδὲ
1206 1694 1253 1721 τοῦ
1276 1694 1378 1729 ἀγαθοῦ
1402 1695 1498 1728 φύσις,
1522 1695 1538 1730 ἢ
1558 1695 1626 1721 εἴτι
1644 1696 1691 1722 καὶ
1713 1696 1782 1731 ὑπὲρ
1796 1696 1892 1723 τούτου

1102 1738 1213 1765 δυνατόν
1234 1740 1308 1765 ἐστιν
1324 1739 1446 1774 ἐξευρεῖν
1461 1741 1535 1775 ῥῆμα
1549 1741 1566 1774 ἢ
1582 1741 1680 1775 νόημα,
1695 1738 1772 1773 οὗτος
1783 1741 1798 1767 ό
1812 1750 1894 1776 μονο-

1103 1785 1183 1818 γενής
1203 1785 1260 1810 ἐστι
1274 1784 1358 1816 Θεὸς,
1374 1785 1404 1816 ὃς
1418 1785 1452 1811 δι’
1477 1786 1550 1820 ἡμᾶς
1571 1785 1743 1820 ἐπτώχευσεν
1763 1786 1893 1818 πλούσιος

1102 1829 1151 1856 ὢν.
1168 1828 1205 1857 OB
1227 1831 1276 1866 τὴν
1295 1832 1323 1857 ἐν
1340 1832 1421 1867 σαρκὶ
1437 1833 1572 1867 πτωχείαν
1589 1832 1639 1867 τὴν
1652 1832 1695 1859 διὰ
1710 1833 1760 1868 τῆς
1776 1833 1885 1866 εὐαγγε·

1102 1876 1180 1911 λικῆς
1199 1877 1319 1912 ἱστορίας
1338 1878 1404 1912 ἡμῖν
1429 1877 1627 1912 ὲπιδειχθείσαν
1648 1878 1762 1904 ἐνταῦθα
1782 1887 1892 1913 προμη-

1102 1923 1159 1948 νὺει
1176 1924 1190 1948 ὁ
1211 1923 1305 1956 λόγος,
1336 1923 1498 1958 μακαρίζων
1515 1924 1561 1950 τὸν
1591 1923 1659 1958 μετὰ
1685 1923 1817 1955 συνέσεως
1841 1924 1893 1960 τὴν

1103 1969 1238 2003 πτωχείαν
1256 1969 1362 2003 ἐκείνην
1373 1969 1556 2004 γνωρίσαντα.
1576 1971 1624 2001 ⁵·ος
1632 1970 1740 2004 πτωχὸς
1755 1970 1805 2004 μὲν
1820 1970 1896 1996 κατὰ

1102 2015 1151 2049 τὴν
1167 2014 1213 2040 τοῦ
1229 2014 1322 2041 δούλου
1347 2015 1453 2050 μορφὴν
1463 2035 1470 2046 ,
1489 2015 1633 2050 εὐλογητὸς
1649 2016 1676 2042 δὲ
1691 2015 1760 2042 κατὰ
1777 2016 1827 2050 τὴν
1840 2016 1893 2050 τῆς

1103 2059 1227 2093 θεότητος
1253 2059 1343 2094 φύσιν.
1368 2061 1474 2096 Πένητα
1490 2062 1544 2097 γὰρ
1565 2061 1645 2088 αὐτὸν
1664 2062 1711 2088 καὶ
1732 2062 1839 2096 πτωχὸν
1863 2063 1893 2088 ὲν

1104 2105 1254 2143 προοιμίοις
1275 2106 1325 2141 τῆς
1341 2106 1497 2142 ψαλμῳδίας
1512 2107 1647 2142 ὀνομάσας
1660 2109 1674 2134 ό
1687 2107 1780 2141 λόγος,
1796 2108 1841 2134 ἐπὶ
1854 2108 1893 2141 τῷ

1104 2151 1174 2177 τέλει
1187 2151 1233 2177 τοῦ
1242 2152 1383 2186 τμήματος
1395 2160 1487 2188 φησιν·
1501 2162 1510 2178 ι
1526 2152 1674 2187 Εὐλογητὸς
1686 2153 1788 2188 Κύριος
1800 2153 1814 2179 ὁ
1825 2154 1892 2185 Θεὸς

1103 2195 1149 2222 τοῦ
1175 2196 1282 2232 Ἰσραὴλ
1297 2196 1351 2222 ἀπὸ
1361 2197 1407 2223 τοῦ
1420 2197 1519 2228 αἰῶνος
1547 2198 1594 2223 καὶ
1610 2199 1649 2228 εἰς
1662 2197 1706 2224 τὸν
1720 2197 1818 2227 αίῶνα,
1840 2198 1889 2231 γέ-

1103 2250 1183 2274 νοιτο,
1198 2242 1310 2276 γένοιτο.
1331 2253 1340 2269 ›
1361 2243 1390 2269 Ὀ
1405 2243 1494 2270 τοίνυν
1505 2244 1550 2270 ἐπὶ
1562 2244 1640 2270 τοῦτο
1653 2243 1759 2278 φθάσας
1770 2244 1800 2270 τὸ
1813 2243 1892 2278 ὕψος,

1103 2288 1199 2322 ἑτέρας
1213 2288 1372 2321 ἀναϐάσεως
1387 2290 1510 2325 ἄρχεται.
1528 2289 1691 2316 Καταλιπὼν
1705 2290 1758 2326 γὰρ
1777 2290 1823 2316 τὸν
1838 2299 1892 2317 πα-

1103 2333 1169 2367 τέρα
1180 2333 1226 2359 τὸν
1244 2334 1332 2369 Κορὲ,
1355 2335 1402 2360 τὸν
1418 2335 1451 2361 δι’
1475 2335 1680 2370 ὑπερηφανείας
1699 2336 1895 2362 ἐπαναστάντα

1105 2379 1137 2412 τῇ
1153 2379 1296 2414 ἱερωσύνῃ,
1313 2379 1359 2406 καὶ
1373 2379 1416 2406 διὰ
1428 2379 1507 2406 τοῦτο
1519 2380 1747 2415 καταπρησθέντα
1759 2380 1798 2415 τῷ
1813 2382 1893 2416 πυρὶ.

1105 2424 1151 2449 καὶ
1176 2424 1385 2459 καταχωσθέντα
1409 2425 1449 2459 τῷ
1471 2426 1610 2461 χάσματι,
1632 2427 1679 2453 καὶ
1703 2427 1833 2461 ὑπόγειον
1864 2428 1895 2460 ἐξ

1107 2470 1243 2505 ἁμαρτίας
1256 2471 1402 2506 γενόμενον
1412 2492 1419 2503 ,
1437 2472 1475 2506 τῷ
1493 2472 1612 2507 ἀληθινῴ
1627 2473 1712 2508 Πατρὶ
1728 2473 1823 2499 ἑαυτὸν
1837 2474 1895 2500 εἰσ-

1107 2517 1179 2541 ποιεῖ
1191 2516 1235 2542 διὰ
1257 2518 1306 2552 τῆς
1320 2517 1445 2549 πίστεως.
1459 2519 1552 2550 Συνεὶς
1565 2519 1627 2545 ὅσον
1642 2519 1700 2545 ἐστὶ
1719 2519 1749 2546 τὸ
1764 2519 1896 2556 διάφορον

1106 2560 1173 2587 Θεοῦ
1198 2561 1293 2588 τέκνον
1317 2562 1459 2596 γενέσθαι,
1474 2563 1490 2599 ἢ
1508 2563 1554 2590 τοῦ
1571 2565 1724 2591 ἀποστὰτου
1741 2565 1813 2600 Κορὲ
1837 2566 1896 2592 υἱὸν

1099 2604 1293 2642 ’χρηματίζειν.
1316 2608 1412 2644 Τυχὼν
1435 2609 1524 2636 τοίνυν
1548 2610 1595 2637 τοῦ
1618 2611 1710 2643 τέλους
1731 2612 1780 2646 τῆς
1798 2613 1895 2648 νίκης,

1105 2655 1151 2680 καὶ
1171 2655 1251 2688 γνοὺς
1265 2655 1326 2681 ὅσον
1341 2655 1400 2682 ἐστὶ
1415 2656 1518 2691 μεταξὺ
1535 2657 1631 2683 τούτου
1646 2658 1693 2684 καὶ
1711 2657 1758 2684 τοῦ
1773 2653 1896 2694 ροῦ

1105 2701 1208 2736 πατρὸς
1226 2701 1256 2727 τὸ
1278 2701 1421 2736 διάφορον,
1439 2702 1578 2737 διαφαγὼν
1602 2711 1630 2729 τε
1655 2704 1700 2730 καὶ
1720 2703 1896 2736 ἐξαναλώσας

1104 2746 1134 2771 ἐν
1150 2746 1236 2779 ἐαυτῷ
1257 2747 1309 2773 πᾶν
1324 2746 1455 2783 θηριῶδες
1473 2748 1520 2775 καὶ
1541 2748 1640 2774 ίοὸόλον
1658 2749 1703 2775 νότ-
1711 2757 1746 2775 ua
1762 2748 1834 2774 κατὰ
1847 2748 1896 2780 τὴν

303 2843 327 2859 ’³
342 2843 412 2872 l‘sal.
433 2853 468 2877 Ix,
488 2845 512 2872 l.
551 2846 573 2861 "
588 2845 662 2873 Psal.
682 2853 708 2876 χ,
727 2844 752 2871 ε.
794 2845 815 2861 ⁷⁸
833 2844 904 2872 Psal.
920 2853 956 2879 ξι,
973 2845 998 2872 2.
1039 2846 1048 2861 ⁷

1103 2853 1157 2872 um.
1174 2853 1228 2878 ut,
1246 2846 1276 2873 l7
1290 2854 1349 2882 sqq,
