1986 3080
93 157 146 186 553

795 157 827 184 ΙΝ
848 156 1015 185 PSALMOS.

1664 159 1716 186 55l-

92 215 148 241 τῶν
171 213 278 248 ἐλάφων
301 213 405 252 φῦσιν,
425 211 465 246 οἷς
487 214 652 250 ἀφανιστικὴ
680 215 734 242 τῶν
760 214 879 250 ἑρπετῶν

934 218 995 241 nata
1011 215 1093 250 viget,
1113 212 1234 242 imiﬁttur
1256 215 1300 243 siti
1315 223 1423 252 quoque
1444 223 1565 249 eet-vum,
1586 221 1612 244 et
1625 217 1658 244 ad
1673 217 1708 244 di-

95 259 273 286 συνουσίωται
300 259 428 294 δύναμις,
462 262 586 296 μιμεῖται
613 262 661 287 καὶ
683 261 722 294 τῷ
748 260 818 294 δίψει
836 260 881 286 τὸν

93 303 203 338 ἔλαφον.
217 303 266 330 καὶ
285 303 353 339 πρὸς
373 304 422 336 τὰς
442 305 516 336 θείας
533 304 635 340 πηγὰς,
651 305 719 339 αὕτη
739 305 762 330 δ’
787 304 819 331 ἂν
838 305 879 339 εἴη

93 348 154 375 θεία
168 348 266 382 φύσις,
293 349 441 384 διψητικῶς
467 350 522 385 ἔχει
533 371 541 382 ,
555 351 571 386 ή
591 350 639 385 μία
654 359 683 376 τε
700 347 767 376 οὖσα
789 350 835 376 καὶ
852 350 880 375 έν

93 394 182 429 τριάδι
209 394 392 429 θεωρουμένη.
423 404 433 420 ι
456 396 503 421 Ὃν
531 396 630 431 τρόπον
650 405 658 420 ι
685 395 755 430 γὰρ,
787 396 879 430 φησὶν,

97 448 106 464 ι
128 439 254 465 ἐπιποθεῖ
271 441 285 466 ό
311 440 409 474 ἔλαφος
430 440 476 466 ἐπὶ
504 440 553 472 τὰς
578 440 669 476 πηγὰς
694 441 749 467 τῶν
766 441 879 472 ὑδάτων,

92 484 180 515 οὕτως
195 484 320 511 ἐπιποθεῖ
333 486 349 519 ἡ
363 485 435 520 ψυχή
456 494 507 520 μου
524 485 591 521 πρὸς
611 486 650 519 σὲ,
665 486 679 512 ό
697 485 772 517 Θεὸς.
790 496 798 510 ι
814 485 880 513 Εἶτα

93 530 296 566 παραμυθεῖται
315 532 365 567 τὴν
379 531 457 566 δίψαν
479 532 660 567 συνεχομένην
673 533 706 568 τῇ
731 532 878 568 ἐπιθυμίᾳ,

93 570 140 602 xii
165 575 316 602 σπεύδουσα
337 576 384 603 τοῦ
408 576 576 612 ποθουμένου
595 580 701 612 τυχεῖν,
720 579 767 604 καὶ
780 579 830 614 τὴν
850 580 879 605 ἐν

92 621 176 656 ὀλίγῳ
190 620 241 655 τῆς
262 621 316 647 τῶν
332 621 442 654 ἀγαθῶν
458 621 602 657 μετουσίας
623 623 755 658 ἀναϐολὴν
770 624 798 649 ὲν
811 632 880 658 συμ-

52 672 60 679 ·
93 667 166 702 φορᾷ
187 665 335 701 ποιουμένη
360 666 433 701 λέγει
457 668 528 694 κατά
550 675 581 694 τε
604 667 635 694 τὸ
653 668 743 703 μέσον,
767 669 814 695 κει)⁸
834 669 880 695 ἐπὶ

92 711 165 737 τέλει
190 713 239 746 τῆς
262 710 437 746 ψαλμῳδίας’
462 721 472 737 ί
497 713 554 739 Ἵνα
578 712 605 738 τί
632 713 781 748 περίλυπος
800 711 834 745 εἴ,
861 714 878 748 ἡ

91 756 166 792 ψυχή
186 765 252 792 μου;
271 766 281 782 ι
308 758 371 789 καὶ,
388 767 397 784 ι
418 758 547 785 Ἔλπισον
573 759 620 785 ἐπὶ
642 759 688 785 τὸν
713 759 795 786 Θεόν·
814 769 823 786 ι
842 759 880 791 ὡς

91 802 201 838 ἀληθῶς
225 803 290 838 ἡμῖν
313 803 362 839 τὴν
378 804 483 839 ἀγαθὴν
503 805 652 832 ἀπόλαυσιν
675 806 724 839 τῆς
743 805 817 837 θείας
835 806 880 832 έλ-

93 848 170 879 πίδος
186 849 373 884 ὲγγυωμένης.
390 850 445 876 Καὶ
457 849 542 882 οὕτως
562 851 608 877 ἐπὶ
620 850 651 877 τὸ
668 851 731 885 ἑξῆς
744 851 877 886 πρόεισιν,

932 260 1012 287 vinos
1029 259 1128 290 fontes,
1148 267 1217 295 quos
1236 261 1360 295 equidem
1383 261 1470 297 ipsam
1491 262 1611 290 divinam
1633 268 1713 290 natu-

932 310 989 329 ram
1003 311 1064 330 esse
1086 304 1216 337 arbitror,
1234 305 1274 334 sic
1291 310 1409 333 aestuans
1425 306 1520 338 fertur,
1537 315 1597 342 qua:
1616 312 1714 339 natura

931 355 984 374 una
1000 349 1109 383 quidem
1118 357 1231 377 numero
1242 355 1293 382 est,
1307 356 1333 378 et
1350 355 1439 379 tamen
1458 351 1486 378 in
1497 351 1629 380 Trinitate
1647 354 1714 380 sub-

931 394 1015 421 sistit.
1046 394 1093 421 Ait
1109 395 1181 422 enim
1200 405 1205 421 :
1223 395 1475 429 «Quemadmodum
1493 397 1629 425 desiderat
1653 406 1713 425 eer—

932 446 981 466 rus
997 439 1028 466 ad
1045 439 1134 467 fontes
1149 448 1291 475 aquarum,
1310 442 1346 468 ita
1374 441 1511 468 desiderat
1538 443 1629 469 anima
1654 452 1712 470 mea

931 483 963 509 ad
976 488 1012 514 te,
1026 483 1098 511 Deus
1109 485 1141 511 "".
1160 495 1168 511 I
1186 485 1288 512 Deinde
1305 486 1408 513 solatur
1423 486 1495 514 sitim
1509 488 1649 522 cupiditati
1666 496 1714 515 co-

930 528 1062 562 pulatam,
1094 528 1282 564 festinansque
1315 531 1341 557 id
1367 531 1438 565 quod
1462 531 1635 559 desiderabat
1652 541 1714 560 con-

931 572 1018 606 sequi,
1048 577 1076 600 et
1091 574 1132 600 vel
1157 574 1281 609 exiguam
1307 575 1476 610 dilationem,
1497 585 1557 612 qum
1579 577 1712 605 bonorum

930 618 1038 646 illorum
1057 621 1279 648 communionem
1300 626 1433 655 moratur,
1451 623 1478 649 in
1496 623 1595 651 damno
1609 632 1713 658 ponens

929 663 968 689 ait
993 664 1066 692 circa
1091 665 1221 698 medium,
1250 670 1278 693 et
1301 667 1353 694 sub
1367 668 1446 694 linem
1466 669 1564 704 psalmi
1580 679 1587 697 :
1601 679 1609 695 ι
1622 669 1713 703 Quare

929 708 1016 737 tristis
1035 717 1076 742 es,
1089 711 1178 737 anima
1194 712 1275 738 mea?
1290 720 1299 737 ι
1317 711 1350 738 Et
1368 722 1374 739 :
1394 721 1403 738 ι
1417 712 1500 748 Spera
1511 714 1538 741 in
1554 714 1619 745 Deo,
1634 719 1713 742 itan-

930 762 1011 789 quam
1033 754 1159 783 videlicet
1183 764 1254 784 vera:
1273 758 1374 792 quietis
1393 758 1510 786 l'ructum
1539 759 1630 787 divina
1650 769 1712 796 spes

929 800 1009 827 nobis
1026 801 1197 834 polliceatur.
1214 801 1316 836 Sicque
1330 802 1363 829 ad
1378 803 1403 830 id
1420 803 1493 838 quod
1511 805 1636 839 sequitur
1646 813 1712 840 pro—

929 845 1000 872 cedit
1014 846 1048 877 7‘,
1065 846 1110 872 ubi
1126 854 1174 880 per
1189 846 1311 873 divinum
1326 847 1412 875 altare
1427 849 1516 876 denuo
1531 850 1641 885 juvenis
1657 851 1713 878 etii-

92 895 121 920 ὲν
175 893 218 920 διὰ
240 894 286 920 τοῦ
311 894 382 921 θείου
406 894 598 930 θυσιαστηρίου
624 896 727 930 γίνεται
742 897 815 928 νέος¹
831 897 879 923 καὶ

932 890 1012 922 citur.
1030 894 1057 918 et
1072 891 1099 918 in
1113 894 1244 927 sequente
1257 900 1354 920 rursus
1371 894 1432 921 illos
1449 895 1494 929 qui
1513 903 1599 930 genus
1613 903 1628 923 a
1643 896 1714 924 Core

91 939 163 966 κατά
175 939 206 966 τὸ
222 938 284 974 ἑξῆς
307 940 386 966 πάλιν
402 941 464 972 τοὺς
480 942 511 967 ὲκ
527 941 574 968 τοῦ
588 942 660 978 Κορὲ
674 942 703 969 τὸ
720 942 797 976 γένος
812 951 877 969 κατ-

93 985 224 1019 άγοντας,
254 986 366 1021 νικητὰς
389 986 592 1022 ἀπεργάζεται*
628 987 735 1019 δεικνὺς
761 988 802 1014 ὅτι
829 988 879 1015 οὐκ

92 1030 226 1066 ἀμϐλύνει
248 1033 281 1066 τῇ
300 1031 442 1067 δυσγενείᾳ
461 1032 514 1059 τῶν
541 1033 682 1068 πατέρων,
699 1034 716 1068 ὴ
739 1033 814 1068 παρὰ
839 1033 879 1068 τῷ

91 1077 152 1112 Θεῷ
167 1077 351 1113 εὐδοκίμησις.
373 1078 427 1104 Καὶ
442 1079 471 1104 ὲν
488 1079 520 1114 τῇ
543 1078 686 1114 ψαλμῳδίᾳ
698 1078 726 1104 δὲ
741 1078 826 1114 ταύτῃ
840 1078 879 1114 τῷ

91 1121 152 1157 Θεῷ
161 1122 210 1157 τῆς
218 1123 270 1148 τῶν
282 1122 387 1158 ἐχθρῶν
400 1123 586 1158 καθαιρέσεως
595 1123 703 1156 ἀναθεὶς
717 1123 765 1159 τὴν
778 1124 877 1157 αἰτίαν,

92 1167 123 1193 ἑν
141 1163 182 1197 οἷς
196 1173 287 1201 φησιν·
306 1176 314 1192 ι
332 1167 456 1198 Ἐσωσας
467 1167 522 1202 γὰρ
532 1167 605 1202 ἡμᾶς
619 1167 651 1194 ὲκ
664 1167 718 1194 τῶν
736 1167 879 1194 θλιϐόντων

91 1211 176 1245 ἡμᾶς,
189 1210 308 1242 καὶτοὺς
321 1211 465 1246 μισοῦντας
477 1212 549 1246 ἡμᾶς
562 1212 743 1248 κατῄσχυνας·
761 1222 770 1238 ι
783 1212 879 1248 μετέρ-

92 1264 170 1291 χεται
181 1257 219 1288 εἰς
235 1256 282 1292 τὴν
295 1256 341 1283 τοῦ
356 1257 498 1292 ἀγαπητοῦ
508 1257 588 1293 ᾠδήν,
604 1258 650 1284 Ἶν’
664 1258 689 1284 cl
703 1258 832 1294 πρότερον
847 1260 879 1286 ὲκ

93 1302 141 1329 τοῦ
154 1302 308 1329 ἁποστάτου
325 1303 481 1338 γενόμενοι,
500 1301 560 1330 εἶτα
573 1304 682 1339 νικηταὶ
699 1304 745 1330 τοῦ
759 1304 878 1340 πονηροῦ

93 1348 288 1379 καταστάντες,
299 1348 342 1375 διὰ
358 1348 490 1380 συνέσεως
506 1350 546 1381 εις
559 1349 589 1376 τὺ
603 1350 651 1385 τῆς
663 1350 741 1385 νίκης
756 1350 879 1384 φθάσωσι

93 1392 179 1424 τέλος.
197 1402 206 1418 ι
218 1392 264 1424 Εἰς
274 1393 305 1420 τὺ
314 1394 389 1426 τέλος
406 1403 415 1420 ›
425 1395 479 1431 γὰρ
489 1404 497 1420 ι
510 1395 549 1426 είς
565 1394 669 1422 σύνεσιν
677 1394 731 1430 ᾠδὴ
747 1395 816 1430 ὑπὲρ
832 1394 878 1420 τοῦ

93 1438 250 1474 ἀγαπητοῦ.
267 1447 276 1464 ι
295 1435 365 1476 Ἑνῇ
383 1439 430 1465 καὶ
445 1439 634 1474 διδασκόμεθα,
646 1440 688 1471 τίς
703 1440 751 1474 μέν
766 1441 839 1467 ἐστιν
849 1436 879 1466 οὗ

95 1483 110 1508 ὸ
125 1482 218 1518 θρόνος
229 1482 257 1515 ἐξ
276 1483 361 1509 ἀϊδίου
374 1483 514 1509 ἐπιστατεῖ
531 1483 585 1510 τῶν
602 1484 696 1512 ὄντων,
710 1484 758 1516 Τίς
769 1485 796 1511 δὲ
810 1493 880 1520 παρ-

96 1528 173 1560 θένος
182 1528 403 1563 νυμφοστολεῖται
409 1529 482 1564 αὐτῷ
490 1528 556 1564 πρὸς
566 1529 726 1564 συμϐίωσιν,
737 1531 786 1557 οὐκ
793 1530 879 1562 ἄλλως

95 1573 241 1609 ἀξιουμένη
254 1574 302 1610 τῆς
314 1574 395 1610 τιμῆς
407 1574 519 1611 ταύτης,
535 1576 559 1601 εί
574 1576 610 1611 μὴ
622 1575 667 1602 τοῦ
680 1576 782 1611 πατρὸς
795 1576 879 1610 αὐτῆς

95 1620 184 1656 λήθην
209 1619 298 1647 λάϐοι.
318 1620 373 1647 Καὶ
387 1620 488 1656 ταύτην
509 1621 617 1653 ἀναθεὶς
631 1621 669 1657 τῷ
687 1621 819 1657 ἀγαπητῷ
831 1622 880 1657 τὴν

96 1665 178 1701 ᾠδὴν,
190 1664 270 1691 πάλιν
289 1664 420 1692 ἐπινίκιον
435 1665 505 1700 ὑπὲρ
516 1666 570 1692 τῶν
589 1666 654 1693 υἱῶν
664 1666 735 1702 Κορὲ
745 1666 878 1698 διέξεισιν,

95 1711 140 1737 διὰ
150 1710 204 1736 τῶν
226 1710 451 1746 ἀπορρητοτέρων
460 1710 588 1745 προάγων
595 1708 641 1737 τόν
648 1710 736 1745 λόγον.
749 1720 757 1735 ι
774 1709 858 1746 ’Υπὲρ
869 1722 878 1738 ›

97 1756 152 1791 γὰρ
169 1765 178 1780 ι
196 1754 250 1781 τῶν
262 1755 384 1790 κρυφίων
404 1765 413 1781 ι
431 1755 503 1782 ἐστὶν
517 1756 534 1790 ἡ
555 1756 604 1790 τῆς
615 1756 775 1791 ψαλμῳδίας
795 1757 880 1790 ὲπαγ-

97 1801 186 1835 γελία.
210 1801 254 1828 Ἐν
276 1798 316 1832 οἷς
336 1809 346 1826 ι
364 1798 430 1836 ἦχον
451 1801 568 1832 ὑδάτων,
587 1801 632 1828 καὶ
655 1802 758 1838 κίνησιν
780 1802 878 1833 ἐθνῶν,

98 1847 146 1873 καὶ
169 1846 299 1881 βασιλέων
319 1846 429 1881 κλῆσιν,
453 1847 500 1872 καὶ
525 1845 604 1872 σάλον
627 1846 679 1881 γῆς
695 1857 704 1872 ›
720 1845 831 1872 διελθὼν
842 1846 881 1881 τῷ

97 1891 180 1927 λόγῳ,
193 1892 239 1918 καὶ
249 1901 258 1916 ι
272 1891 318 1917 τὸν
327 1890 429 1926 Κύριον
442 1890 532 1925 πάσης
550 1890 688 1926 δυνάμεως
701 1889 759 1925 μεθ’
773 1890 851 1925 ἡμῶν
869 1900 877 1917 ι

97 1935 170 1964 εἶναι
184 1936 277 1963 εἰπών.

132 1982 171 2008 Δι’
188 1978 225 2008 ὧν
238 1981 366 2008 ἁπάντων
381 1981 429 2017 τὴν
449 1979 493 2007 διὰ
509 1981 608 2016 σαρκὸς
634 1980 814 2016 προαγορεύει
833 1980 880 2008 τοῦ

97 2027 201 2062 Κυρίου
223 2026 382 2062 ἐμφάνειαν.
406 2026 468 2052 Ὀτι
487 2025 549 2060 ὴχεῖ
577 2025 656 2060 μὲνὴ
680 2024 777 2058 φύσις,
799 2033 882 2060 μετα-

97 2072 185 2100 ϐαίνει
199 2081 228 2099 τε
251 2072 297 2099 καὶ
314 2072 364 2107 ὄρη
379 2071 414 2099 τὰ
432 2071 519 2107 γεώδη
532 2071 580 2106 τῆς
597 2071 695 2102 κακίας
709 2071 880 2106 φρονήματα,

97 2118 214 2153 ἀκίνητα
235 2115 305 2144 εἶναι
328 2117 457 2144 δοκοῦντα
475 2118 530 2149 τοῖς
549 2116 633 2143 πάλαι
655 2116 701 2143 καὶ
716 2116 880 2151 ἀμετάθετα.

103 2164 133 2190 ’0
144 2163 173 2190 δὲ
185 2163 234 2198 τῆς
245 2162 413 2198 εὐφροσύνης
429 2161 549 2198 ποταμὸς
580 2162 720 2197 εὐφραίνει
743 2162 789 2188 τοῦ
812 2161 881 2188 Θεοῦ

893 1556 914 1585 C

931 935 1041 963 trahunt
1060 936 1179 964 victores
1200 937 1298 970 reddit,
1325 939 1473 967 ostendens
1495 947 1550 967 non
1571 941 1713 969 obscurari

931 981 1100 1016 ignobilitate
1118 987 1226 1017 patrum
1247 984 1431 1012 celebritatem
1446 989 1474 1012 et
1485 986 1612 1021 gloriam,
1629 995 1711 1023 quam

929 1027 992 1062 quis
1015 1027 1087 1062 apud
1113 1028 1197 1056 Deum
1225 1029 1339 1062 obtinet,
1370 1029 1506 1065 simulque
1529 1032 1579 1059 hoc
1606 1034 1713 1068 psalmo

929 1077 1130 1109 peremptorum
1147 1075 1266 1102 hostium
1283 1082 1392 1103 causam
1421 1077 1477 1103 Deo
1507 1079 1648 1106 ascribens
1670 1079 1714 1106 liis

931 1118 1020 1145 verbis
1037 1127 1043 1144 :
1061 1127 1070 1143 ι
1086 1117 1219 1147 Liberasti
1235 1121 1306 1148 enim
1324 1128 1375 1148 nos
1397 1121 1432 1149 de
1458 1122 1640 1158 amigentibus
1662 1132 1712 1152 nos

929 1167 957 1190 et
968 1163 1090 1192 odientes
1115 1173 1166 1194 nos
1193 1165 1384 1200 confudisti",
1403 1177 1413 1194 ι
1437 1169 1534 1196 transit
1558 1170 1591 1196 ad
1621 1169 1711 1198 dilecti

930 1209 1080 1241 canticum,
1104 1211 1194 1246 utqui
1212 1212 1288 1247 prius
1303 1212 1442 1241 desertore
1470 1217 1546 1249 patre
1574 1217 1711 1251 prognati,

930 1254 1028 1283 deinde
1055 1256 1172 1284 victores
1198 1257 1286 1284 hostis
1306 1258 1417 1294 maligni
1444 1259 1532 1287 οπεοιὶ
1559 1265 1634 1294 sttnt,
1663 1269 1712 1296 per

931 1300 1096 1328 intellectum
1112 1302 1138 1328 in
1152 1301 1232 1329 llnem
1244 1303 1364 1330 victoriae
1373 1304 1540 1339 perveniant.
1553 1314 1562 1331 ι
1576 1304 1604 1332 lu
1619 1305 1711 1340 tinent,

931 1345 964 1373 ad
982 1346 1159 1379 intellectum,
1181 1348 1319 1375 canticum
1337 1356 1385 1383 pro
1399 1347 1500 1377 dilecto
1515 1349 1552 1385 B“;
1566 1351 1625 1379 isic
1639 1352 1712 1379 enim

930 1391 1074 1427 inscriptio
1087 1392 1176 1420 habet.
1197 1393 1256 1426 Quo
1268 1394 1347 1420 docet
1363 1393 1445 1421 etiam
1458 1394 1519 1430 quis
1531 1395 1567 1423 sit
1582 1396 1711 1430 thronus.
1745 1402 1750 1405 ‘

931 1436 976 1470 qui
990 1436 1023 1463 ab
1040 1441 1142 1465 aeterno
1159 1439 1242 1465 rebus
1259 1438 1394 1473 prmsidet.
1414 1445 1442 1469 et
1457 1440 1491 1469 ad
1503 1448 1563 1475 qua:
1584 1442 1660 1477 virgo
1678 1443 1712 1470 ad

930 1482 1100 1509 consortium
1119 1483 1170 1518 ipsi
1184 1485 1261 1518 quasi
1279 1491 1378 1519 sponsa
1395 1490 1542 1519 quaeratur,
1564 1494 1617 1514 non
1633 1488 1712 1516 aliter

931 1527 983 1554 hoc
996 1527 1099 1555 honore
1125 1528 1205 1564 digna
1221 1529 1273 1557 nisi
1295 1533 1398 1564 patrem
1420 1538 1499 1558 suum
1523 1532 1711 1567 obliviscatur,

930 1572 1037 1608 hocque
1049 1572 1150 1601 dilecto
1173 1575 1310 1602 canticum
1339 1583 1505 1606 consecratis
1529 1583 1556 1606 et
1571 1579 1712 1613 dedicans.

932 1625 1028 1646 rursus
1043 1619 1179 1654 epiniciou
1197 1621 1274 1653 texit,
1290 1624 1317 1648 et
1329 1622 1487 1657 exsequitur
1495 1631 1544 1658 pro
1556 1625 1618 1652 liliis
1631 1625 1710 1659 Core,

931 1670 1057 1692 sermone
1074 1672 1122 1700 per
1137 1665 1306 1693 abstrusiora
1326 1667 1450 1695 instituto
1466 1673 1528 1696 :est
1544 1670 1616 1697 enim
1626 1681 1642 1697 ιι
1659 1671 1712 1699 Pro

931 1709 1061 1737 arcanis»
1084 1710 1181 1745 psalmi
1206 1710 1289 1745 hujus
1315 1716 1504 1747 argumentum
1532 1719 1558 1741 et
1589 1723 1711 1749 summa;

931 1755 976 1781 ubi
995 1764 1004 1780 ι
1019 1762 1115 1782 sonum
1133 1763 1278 1790 aquarum.
1294 1760 1322 1784 et
1335 1757 1516 1785 turbationem
1534 1760 1666 1794 gentium,
1685 1765 1712 1787 et

930 1808 1024 1836 regum
1059 1803 1229 1830 vocationem
1253 1807 1412 1839 motumque
1439 1808 1518 1831 terrm
1537 1815 1546 1831 ι
1569 1805 1710 1837 describit,

932 1852 941 1868 ι
954 1843 1154 1880 Dominumque
1163 1846 1251 1874 omnis
1263 1846 1374 1874 virtutis
1382 1846 1525 1876 nobiscum
1534 1857 1605 1885 csse,
1617 1862 1626 1877 ι
1638 1859 1713 1879 asse-

933 1896 992 1916 ιρι-ιι
997 1893 1015 1917 ι.

966 1978 1070 2012 Quibus
1086 1979 1211 2006 omnibus
1239 1979 1344 2007 Domini
1357 1987 1405 2015 per
1426 1987 1536 2008 carnem
1553 1980 1713 2007 manifesta-

932 2026 1032 2053 tionem
1058 2025 1188 2060 praedicit,
1200 2026 1309 2061 quando
1331 2030 1430 2054 natura
1452 2026 1561 2061 quidem
1586 2031 1712 2057 resonat;

932 2075 1073 2100 transeunt
1093 2079 1156 2098 vero
1180 2077 1206 2099 et
1224 2072 1427 2100 transferuntur
1450 2076 1568 2106 montes,
1584 2072 1635 2108 hoc
1660 2077 1713 2103 est,

930 2121 1018 2144 terrea
1043 2124 1123 2145 sensa
1142 2121 1169 2144 et
1187 2117 1314 2152 cogitata.
1328 2124 1389 2152 qua:
1403 2117 1467 2144 olim
1481 2116 1645 2144 videbantur
1662 2116 1715 2143 lm-

931 2163 1040 2190 mobilia
1055 2166 1082 2190 et
1101 2163 1160 2190 loco
1171 2162 1267 2191 cedere
1291 2163 1392 2191 nescia.
1414 2162 1526 2189 Laetitiae
1562 2166 1651 2189 autem
1668 2161 1715 2189 ﬂu.

97 2209 147 2244 τὴν
158 2208 243 2240 πόλιν,
254 2208 302 2234 καὶ
315 2207 344 2234 τὸ
358 2208 452 2234 ἑαυτοῦ
462 2208 592 2243 σκήνωμα
601 2207 707 2241 ἁγιάζει
719 2207 733 2233 ό
741 2202 879 2242 "num;-

932 2208 994 2235 vius
1011 2207 1130 2235 laetiﬁcat.
1145 2208 1282 2235 civitatem
1301 2207 1389 2239 Dei,et
1404 2207 1609 2234 tabernaculum
1633 2215 1713 2234 suum

97 2255 145 2281 καὶ
160 2254 210 2281 ὅσα
231 2254 279 2289 τῆς
301 2253 459 2285 ἀκολουθίας
479 2253 568 2288 ἔχεται
588 2252 705 2288 ταύτης,
723 2252 756 2279 δι’
769 2249 806 2279 ὧν
827 2254 883 2284 τοῖς

97 2299 241 2334 αἰνίγμασι
248 2298 352 2330 τούτοις
361 2298 541 2334 προαγορεύει
554 2299 567 2324 ό
574 2298 651 2333 λόγος
661 2298 693 2325 τὰ
701 2298 813 2334 κρύφια.
825 2299 882 2325 Πά-

97 2345 140 2372 λιν
160 2345 203 2380 ὲφ*
226 2344 321 2380 ἑτέραν
349 2344 507 2380 μεταϐαίνει
531 2344 610 2379 νίκην
627 2341 776 2380 ὁλόγος,ᾖ
795 2345 884 2371 πάντα

97 2391 236 2426 ἐπικροτεί
256 2391 289 2417 τὰ
312 2390 374 2426 ἔθνη
395 2390 441 2416 καὶ
468 2389 664 2424 ἑπαγάλλεται,
680 2389 745 2416 διότι
766 2398 775 2416 ι
797 2389 883 2425 ἀνέϐη

97 2436 112 2462 ό
126 2436 192 2467 Θεὸς
207 2436 235 2462 ἐν
248 2435 407 2470 ἀλαλαγμῷ.
426 2445 435 2461 ι
451 2434 543 2470 Σαφὴς
556 2435 585 2461 δέ
603 2444 643 2462 σοι
657 2434 766 2466 πάντως
779 2435 851 2461 ἐστὶν
869 2435 883 2461 ό

101 2482 148 2517 τῆς
169 2481 327 2513 ἁναῆἀσεως
347 2481 440 2515 λόγος,
461 2481 504 2507 διὰ
520 2482 569 2516 τῆς
587 2481 733 2516 ἑρμηνείας
749 2481 794 2507 τοῦ
809 2480 883 2507 Παύ-

97 2528 156 2558 λου,
181 2527 210 2559 ῖις
235 2536 326 2562 φησιν,
343 2536 353 2552 ι
373 2527 410 2562 μὴ
430 2524 497 2554 εἷναι
514 2527 624 2554 δυνατὴν
639 2527 783 2562 ἀναϐῆναι,
799 2528 822 2553 εί
845 2527 882 2562 μή

97 2573 129 2599 τὸ
150 2572 300 2606 καταϐῆναι
320 2571 558 2607 προκαθηγήσατο.
582 2581 592 2598 ι
617 2573 665 2601 Ὃς
688 2572 798 2607 ψάλλειν
814 2574 883 2607 μετά

98 2619 234 2649 συνέσεως
253 2618 357 2648 πάντας
379 2617 559 2650 ὲγκελεύσας,
581 2617 737 2653 μεταϐαίνει
758 2616 798 2652 τῷ
812 2617 883 2652 λόγῳ

98 2664 166 2698 πρὸς
186 2662 353 2698 ὑψηλοτέραν
374 2663 557 2696 κατάστασιν,
579 2672 588 2688 ι
611 2663 660 2698 τὴν
684 2663 812 2698 δευτέραν
835 2662 882 2688 τοῦ

98 2710 236 2737 Σαῦὂάτου
254 2719 262 2735 ι
278 2708 405 2735 ὑπόθεσιν
420 2708 469 2743 τῆς
483 2709 552 2744 ᾠδῆς
566 2709 758 2745 ποιησάμενος,
770 2708 843 2744 Αὕτη
854 2708 882 2734 δὲ

97 2757 123 2784 εί
139 2756 188 2792 μὲν
208 2755 278 2782 κατά
291 2755 340 2790 τὴν
355 2755 465 2790 πρώτην
477 2756 604 2783 σύστασιν
618 2756 755 2791 θεωροῖτο,
768 2753 882 2789 οὐρανοῦ

151 2814 173 2830 ⁷⁷
187 2812 258 2840 Psal.
275 2819 330 2842 xu,
344 2811 371 2838 2.
426 2813 447 2828 ⁷⁸
458 2812 528 2840 Psal.
543 2821 608 2846 xui,
621 2813 647 2845 2,
662 2813 689 2843 Ei.
718 2812 743 2838 6.

97 2850 121 2868 ’³
137 2848 210 2877 Psal.
232 2855 315 2878 vau,
334 2847 358 2874 l.

261 2895 398 2925 Pnnot.
413 2894 472 2924 Gn.
492 2893 599 2924 XLI".

796 2812 818 2827 "
832 2810 905 2838 Psal.
925 2817 1001 2841 xtut,
1023 2807 1040 2835 8
1056 2816 1115 2843 sqq.

931 2254 1082 2281 sanctiﬁcat
1096 2254 1260 2285 Altissimus,
1277 2256 1304 2280 et
1316 2252 1367 2279 alia
1381 2259 1440 2286 quae
1463 2252 1496 2279 ad
1518 2252 1639 2279 eamdem
1656 2259 1714 2279 ora-

929 2298 1013 2326 tionis
1028 2298 1124 2326 seriem
1144 2298 1289 2333 pertinent.
1305 2297 1404 2332 quibus
1429 2300 1557 2331 tanquam
1587 2297 1719 2331 aenigma-

931 2345 977 2377 tis,
1004 2347 1031 2372 et
1059 2343 1207 2371 involucris
1233 2343 1372 2370 nonnullis
1396 2341 1581 2377 prmdicuutur
1603 2349 1714 2369 arcana.

931 2390 1037 2417 Rursus
1045 2389 1081 2417 ad
1094 2389 1173 2416 aliam
1182 2388 1322 2416 victoriam
1333 2395 1394 2416 sese
1410 2386 1526 2418 confert.
1540 2386 1584 2414 cui
1601 2387 1715 2422 applan-

934 2435 1001 2463 dunt
1012 2442 1107 2462 omnes
1117 2439 1221 2470 gentes,
1237 2439 1263 2462 et
1274 2434 1354 2462 simul
1368 2435 1514 2465 exsultant,
1524 2435 1587 2470 quia
1601 2443 1610 2459 ι
1622 2441 1717 2460 ascen-

935 2482 975 2510 dit
993 2481 1062 2508 Deus
1087 2480 1114 2507 in
1133 2480 1302 2516 jubiiatione.
1327 2490 1336 2506 ι
1366 2480 1450 2508 Plana
1465 2488 1547 2516 porro
1563 2480 1611 2508 tibi
1637 2480 1718 2521 fuer't

936 2525 1106 2554 ascensionis
1123 2525 1224 2552 mentio
1246 2532 1295 2560 per
1313 2525 1401 2560 ipsius
1427 2525 1504 2552 Pauli
1520 2525 1718 2560 interpretatio-

936 2580 1008 2604 nem,
1024 2571 1070 2607 qui
1088 2571 1154 2599 dicit
1169 2579 1175 2597 :
1191 2581 1201 2597 σ
1218 2571 1340 2599 ﬁerinon
1357 2579 1446 2606 posse.
1463 2576 1491 2598 ut
1503 2571 1564 2606 quis
1578 2571 1717 2599 ascendat.

936 2618 988 2645 nisi
1003 2616 1170 2652 praecesserit
1184 2616 1333 2653 descensus
1343 2617 1374 2644 ⁸¹.
1386 2627 1394 2642 ι
1407 2616 1468 2643 Πίος
1479 2623 1539 2643 cum
1550 2616 1584 2642 ab
1593 2615 1719 2643 omnibus

937 2662 1117 2697 intelligenter
1129 2665 1156 2688 et
1173 2661 1312 2696 sapienter
1341 2660 1480 2688 decantari
1505 2660 1644 2692 iussisset,
1657 2667 1719 2686 ora-

936 2708 1037 2735 tionem
1050 2706 1083 2734 ad
1101 2706 1287 2734 sublimiorem
1307 2706 1450 2740 quemdam
1477 2709 1576 2732 statum
1589 2705 1718 2735 traducit,

938 2761 948 2778 ι
975 2751 1098 2779 Secunda
1129 2750 1239 2777 Sabbati
1262 2750 1296 2782 “,
1324 2757 1401 2784 »ιρι-ο
1430 2753 1590 2784 argumento
1620 2748 1719 2775 cantici

1169 2805 1192 2822 "
1209 2806 1281 2833 Psal.
1306 2813 1378 2836 κων,
1400 2806 1424 2831 1.
1480 2805 1500 2820 ⁸¹
1519 2803 1618 2837 Epltes.
1636 2812 1672 2835 tv.
1690 2807 1713 2831 9.

1544 2886 1582 2916 18
