1986 3080
151 126 201 154 55⁸1

849 129 882 156 IN
903 128 1068 156 PSALMOS‘.

1719 127 1769 154 558

149 193 193 216 νος
208 186 241 220 τῇ
260 185 371 221 ἀληθείᾳ
393 185 448 212 τῶν
467 187 685 222 προηγουμένων,
699 188 798 215 ὡσανεὶ⁹
819 188 883 222 παρ’
895 187 939 214 ἆλ-

992 186 1113 214 oratione
1138 187 1243 221 aliquos
1273 190 1400 222 tanquam
1424 185 1478 213 dux
1508 185 1657 215 antecedit;
1677 189 1769 219 postea

149 229 194 256 λου
206 230 278 261 τινὸς
290 230 324 257 τὰ
343 231 473 266 εἰρημένα
491 232 593 267 μαθὼν,
607 233 658 263 ὅτι,
671 242 680 258 σ
701 231 834 267 Καθάπερ
851 231 934 267 ἡκού-

150 283 256 311 σαμεν,
270 276 356 308 οὕτως
385 277 432 304 καὶ
458 277 557 313 ἴδομεν.
590 277 633 304 ‘Ev
658 278 734 304 πόλει
756 277 857 312 Κυρίου
880 277 935 303 τῶν

148 321 298 356 δυνάμεων,
320 322 348 349 ἐν
365 322 440 349 πόλει
452 323 498 349 τοῦ
514 323 580 350 Θεοῦ
594 323 680 359 ἡμῶν.
701 332 710 349 ι
726 323 772 349 Διὸ
788 322 834 349 καὶ
848 331 934 358 παρα-

149 367 344 403 κελευομένους
367 369 491 405 ἀλληλοις
511 369 638 404 ἐποίησεν
659 370 721 401 τοὺς
735 370 763 396 ὲν
778 369 857 404 ἡδονῇ
872 369 935 395 Θεα-

150 413 293 447 σαμένους,
308 413 326 441 ἃ
341 415 509 450 ἠκούσαμεν.
548 415 579 442 Ἦ
594 415 622 441 δὲ
638 414 835 450 παρακέλευσις
844 412 936 449 ἧν,τὸ,

152 469 161 485 ί
181 459 347 487 Κυκλώσατε
361 459 430 486 Σιὼν
449 459 497 486 καὶ
508 458 668 494 περιλάϐετε
684 458 782 492 αὐτήν.
799 459 935 494 Διηγήσα-

151 502 196 529 σϐε
209 503 238 529 ἐν
250 504 306 534 τοῖς
321 502 436 537 πύργοις
449 503 542 538 αὐτῆς.
560 503 643 529 Θέσθε
665 503 714 534 τὰς
732 503 843 539 καρδίας
857 504 934 539 ὑμῶν

150 548 190 580 είς
211 549 259 583 τὴν
271 548 384 583 δύναμιν
398 549 491 584 αὐτῆς,
508 549 555 575 καὶ
576 549 763 576 καταόιὲλεσθε
779 549 828 580 τὰς
842 549 934 584 βάρεις

148 593 233 628 αὐτῆς
247 602 252 608 ·
273 602 282 620 ι
301 594 347 620 καὶ
364 594 414 621 ὅσα
438 594 507 620 κατὰ
523 594 552 620 τὸ
565 594 708 621 ἀκόλουθον
733 595 853 631 περιέχει
869 597 882 622 ὁ
895 595 935 621 λό-

155 646 207 672 ,ον

186 774 265 802 Μετά
290 775 368 802 τοῦτο
389 776 418 802 δὲ
440 776 472 803 δι’
490 776 635 803 ἀκολούθου
654 778 693 808 εἰς
714 778 803 804 πᾶσαν
821 778 869 813 τὴν
883 779 934 813 γῆν

151 819 274 855 διαφοιτᾷ
291 819 337 846 τοῦ
357 820 436 854 λόγου
451 821 480 847 τὸ
500 822 640 856 κήρυγμα,
661 821 706 848 καὶ
724 822 819 856 ὥσπερ
833 820 866 857 ἦν
883 823 934 858 πρὸ

150 867 198 900 τῆς
225 866 379 901 συγχύσεως
396 867 448 893 τῶν
471 867 601 901 γλωσσῶν
627 867 714 902 χεῖλος
735 868 764 894 ἓν
791 869 872 894 πᾶσιν
890 870 936 895 καὶ
953 852 972 878 Β

153 911 200 943 μία
216 912 290 946 φωνή
311 920 318 927 ·
332 911 404 938 οὕτω
419 913 464 938 καὶ
479 912 526 939 νῦν
551 913 641 940 πάντα
658 914 691 940 τὰ
708 913 770 949 ἔθνη
783 933 790 946 ,
807 915 852 940 καὶ
867 915 884 950 ἡ
899 916 937 940 οἰ-

151 956 269 992 κουμένη
293 958 367 983 πᾶσα
390 957 437 984 καὶ
461 958 562 990 πάντες
584 959 721 994 ἄνθρωποι
745 961 793 994 μία
818 961 936 994 γίνονται

150 1003 229 1038 ἀκοὴ,
248 1004 294 1030 καὶ
319 1004 417 1039 καρδία
434 1004 500 1038 μία,
518 1004 577 1036 ἐνὸς
601 1006 656 1035 τοῖς
677 1006 758 1032 πᾶσιν
779 1006 938 1042 ἐνηχοῦντος

153 1048 199 1075 τοῦ
214 1049 303 1083 λόγου.
319 1049 411 1075 Πᾶσαν
428 1050 481 1085 γὰρ
503 1049 572 1076 κατὰ
585 1050 682 1076 ταύτὸν
698 1050 746 1086 τὴν
766 1051 937 1087 ἀνθρωπίνην

152 1095 232 1128 φύσιν
247 1095 445 1130 ἐκκλησιάσας,
464 1096 511 1122 καὶ
532 1096 643 1132 θέατρον
658 1096 687 1123 ἓν
702 1097 747 1123 τὸν
761 1098 861 1133 κόσμον
879 1098 938 1125 ὅλον

152 1139 240 1175 ἑαυτῴ
255 1141 431 1175 περιστήσας,
447 1142 521 1175 κοινῇ
537 1143 592 1172 τοῖς
607 1142 689 1168 πᾶσιν
700 1142 787 1178 ἐμϐοᾷ
795 1142 839 1170 τὸν
848 1143 936 1178 λόγον·

155 1195 164 1210 ι
185 1185 346 1218 Ἀκούσατε,
366 1185 469 1220 λέγων,
494 1187 582 1213 πάντα
605 1187 639 1213 τὰ
664 1187 739 1223 ἔθνη,
763 1189 936 1222 ἐνωτίσασθε,

152 1232 252 1263 πάντες
268 1232 291 1258 οἱ
310 1232 497 1264 κατοικοῦντες
513 1232 562 1268 τὴν
582 1233 751 1269 οἰκουμένην.
767 1235 801 1261 οῖ
812 1243 840 1261 τε
855 1243 938 1270 γηγε-

151 1278 205 1308 νεῖς
226 1277 272 1303 καὶ
290 1277 342 1303 υἱοὶ
362 1277 415 1304 τῶν
439 1277 606 1313 ἀνθρώπων·
631 1278 678 1305 καὶ
703 1279 824 1307 πλουτῶν
850 1288 890 1312 τις
910 1282 938 1308 ὲν

151 1323 226 1358 ἡμῖν,
244 1322 295 1349 κᾶν
309 1322 454 1358 πενόμενος
465 1323 543 1359 τύχῃ.
558 1333 567 1349 ι
587 1324 705 1356 Ταύταις
721 1325 774 1361 γὰρ
787 1327 848 1358 ταῖς
865 1328 939 1363 τρισὶ

154 1367 294 1401 συζυγίαις
317 1368 405 1394 πᾶσαν
419 1368 535 1402 γενικῶς
555 1369 731 1404 διαλαμϐάνει
745 1370 793 1406 τὴν
809 1371 879 1398 κατὰ
894 1372 939 1399 τὸν

154 1411 209 1445 βίον
226 1412 280 1438 τῶν
300 1412 419 1447 οὐρανῶν
444 1413 583 1449 διαφοράν.
603 1415 646 1442 Ἐν
661 1416 692 1450 τῇ
707 1415 802 1451 πρώτῃ
815 1417 938 1452 συζυγίᾳ,

152 1457 216 1493 ἔθνη
232 1458 306 1491 λέγει
319 1458 418 1489 πάντα,
432 1460 479 1486 καὶ
497 1459 559 1491 τοὺς
571 1461 763 1493 κατοικοῦντας
782 1461 831 1498 τὴν
850 1463 940 1489 οἰκον-

155 1503 236 1538 μένην
247 1512 253 1518 ·
269 1504 306 1535 ὡς
328 1506 384 1536 τοῖς
401 1505 449 1540 μὲν
470 1506 581 1540 ὀνόμασι
604 1506 657 1532 τῶν
673 1506 771 1539 sava»,
785 1508 835 1539 τὰς
861 1517 938 1544 περι-

153 1549 259 1584 γραφὰς
274 1549 327 1576 τῶν
338 1549 428 1576 τόπων
446 1550 688 1586 σημαίνεσθαιετῷ
700 1552 728 1578 δὲ
742 1552 842 1587 ἐφεξῆς
856 1553 936 1588 λόγῳ,

152 1596 216 1626 τοὺς
230 1595 284 1622 τῶν
309 1596 398 1623 τόπων
424 1597 576 1632 οἰκήτορας.
597 1598 724 1633 Γηγενεῖς
737 1599 766 1625 δὲ
786 1600 870 1626 εἰπὼν
892 1601 938 1627 καὶ

153 1638 304 1673 ἀνθρώπων
320 1640 404 1672 υἱοὺς,
420 1641 484 1672 τοὺς
499 1641 646 1676 σαρκώδεις
657 1651 686 1669 τε
703 1643 748 1669 καὶ
763 1645 870 1678 χοῖκοίις
892 1646 939 1672 καὶ

155 1683 338 1719 ἀλογωτέρους
353 1685 484 1721 διακρίνει
496 1687 549 1713 ἀπὸ
563 1687 616 1714 τῶν
633 1689 804 1724 σωζομένων,
821 1692 867 1717 καί
879 1700 938 1718 τινα

154 1731 183 1756 ὲν
197 1729 286 1761 αὐτοῖς
306 1732 467 1766 χαρακτῆρα
483 1732 532 1767 τῆς
553 1733 725 1770 ἀνθρωπίνης
745 1736 852 1770 φύσεως
865 1738 940 1772 ἐχόν-

153 1784 217 1803 των.
233 1777 312 1808 Ἵδιος
333 1777 360 1803 δὲ
381 1779 524 1814 χαρακτὴρ
539 1779 719 1815 ἀνθρώπου,ή
741 1781 809 1817 πρὸς
827 1781 942 1808 τὸΘεῐον

154 1823 290 1858 ὁμοίωσις.
316 1823 347 1850 'lI
360 1823 388 1850 δὲ
403 1823 473 1850 κατὰ
493 1825 587 1851 πενίαν
605 1834 633 1852 τε
651 1827 698 1852 καὶ
720 1826 834 1854 πλοῦτον
850 1827 940 1854 avrati-

154 1875 204 1902 της
219 1867 266 1894 τοῦ
281 1867 349 1903 βίον,
368 1868 398 1894 τὸ
413 1869 593 1902 γενικώτατόν
607 1871 679 1897 ἐστιν
694 1872 777 1899 αἴτιον
790 1873 839 1907 τῆς
850 1874 940 1899 ποικί-

154 1913 203 1947 λης
219 1922 247 1939 re
261 1914 308 1939 καὶ
320 1913 475 1946 πολυειδοῦς
488 1914 540 1941 τῶν
556 1915 584 1941 ἐν
598 1915 750 1951 ἀνθρώποις
771 1918 942 1953 πραγμάτων

155 1958 320 1995 ἀνωμαλίας.
336 1960 384 1990 Τίς
408 1957 485 1991 οὗτος
503 1961 517 1987 ὁ
533 1961 561 1986 ὲν
583 1961 703 1996 τοσούτῳ
722 1963 768 1990 καὶ
789 1963 940 1999 τηλικούτῳ

155 2003 327 2040 ἀκροατηρίῳ
346 2005 510 2040 δημηγορῶν
528 2015 534 2039 ;
549 2005 597 2037 Τίς
613 2007 699 2039 ἄλλος,
716 2008 732 2044 ἦ
754 2010 768 2035 ὁ
795 2010 941 2046 μαρτυρῶν

155 2051 184 2076 ὲν
199 2050 281 2086 αύτῷ,
302 2052 343 2077 ὅτι
363 2052 458 2086 eos!“
480 2052 589 2088 λαλήσει
612 2054 659 2080 καὶ
676 2055 782 2082 σύνεσιν
799 2064 805 2089 ;
823 2056 897 2083 λαλεί
915 2057 940 2084 Σὲ

155 2096 234 2128 αὐτὰ,
258 2097 272 2122 ὁ
292 2097 359 2131 ἔχων
373 2097 484 2132 Πνεῦμα
503 2098 597 2133 σοφίας
615 2108 645 2136 τε
664 2100 710 2128 καὶ
728 2102 873 2135 συνέσεως,
891 2103 940 2139 τὴν

157 2142 278 2178 μεγάλην
295 2142 397 2177 ταύτην
423 2143 511 2178 χάριν,
527 2144 576 2180 τὴν
593 2146 625 2171 ὲκ
644 2147 780 2182 προσοχῆς
794 2150 841 2175 καὶ
862 2149 940 2184 μελὲ-

154 2196 205 2224 της
220 2188 448 2224 κατορθουμένην.
466 2190 502 2216 Οὐ
522 2190 574 2225 γὰρ
594 2191 722 2226 πρότερον
737 2191 813 2221 εἶπεν
824 2195 940 2229 ἀνοίγειν
958 2185 977 2211 D

156 2233 186 2260 τὸ
196 2233 292 2269 στόμα,
304 2234 366 2269 πρὶν
382 2234 522 2261 ὑποκλίναι
534 2236 583 2270 τὴν
600 2236 684 2272 ἀκοὴν
695 2237 732 2272 τῷ
742 2239 940 2274 παραϐάλλοντι

156 2278 226 2313 λόγῳ
238 2286 244 2293 ·
261 2288 270 2304 ι
286 2279 322 2305 Τὸ
343 2279 429 2313 στόμα
453 2288 513 2314 μου,
532 2288 541 2304 ι
557 2281 648 2315 φησὶν,
674 2291 690 2316 ι,
702 2283 812 2318 λαλήσει
829 2284 940 2318 σοφίαν,

156 2324 203 2350 καὶ
218 2325 234 2358 ὴ
253 2324 349 2359 μελέτη
362 2325 409 2358 τῆς
424 2325 535 2360 καρδίας
551 2334 600 2360 μου
614 2326 730 2356 σύνεσιν.
750 2338 759 2354 ι
785 2329 840 2356 Καὶ
865 2330 940 2366 πρῶ-

156 2377 201 2395 τον
219 2377 228 2394 ι
250 2367 332 2396 κλινῶ
347 2370 386 2400 είς
399 2370 557 2406 παραϐολὴν
575 2371 604 2398 τὸ
623 2370 669 2404 οὖς
697 2381 762 2408 μου,
781 2383 791 2399 ι
809 2375 856 2400 καὶ
880 2375 940 2402 τότε

158 2424 168 2440 ι
188 2414 285 2446 ἀνοίξω
302 2414 331 2440 ἐν
354 2414 496 2451 ψαλτηρίῳ
512 2416 542 2442 τὸ
558 2417 704 2453 πρόϐλημά
721 2427 781 2453 μου.
806 2429 815 2445 ι
835 2419 881 2451 Τίς
895 2419 941 2448 οὖν

155 2460 171 2494 ὴ
192 2459 308 2492 σύνεσις,
322 2460 367 2486 καὶ
386 2460 411 2486 τί
427 2461 458 2486 τὸ
473 2462 633 2498 πρόϐλημας
646 2463 703 2489 Οὐκ
715 2462 795 2496 οἶδεν,
814 2465 906 2500 φησὶν,
923 2467 940 2502 ἡ

154 2505 201 2531 τοῦ
219 2505 285 2531 Θεοῦ
301 2505 386 2537 κτίσις
408 2507 528 2542 πονηρᾶς
543 2515 613 2540 τινος
630 2509 735 2545 ἡμέρας
759 2512 939 2547 κατασκευὴν,

155 2549 192 2580 ὡς
202 2551 333 2585 μαρτυρεῖ
345 2551 394 2585 τῆς
406 2553 596 2586 κοσμογενείας
610 2553 714 2587 ὀλόγος,
722 2554 779 2581 ἀλλ’
791 2556 806 2590 ἡ
821 2556 940 2593 ἁμαρτία

154 2595 203 2631 τὴν
216 2595 410 2631 ἀγαλλιὰσιμον
431 2597 545 2632 ἡμέραν,
558 2599 639 2633 φόϐου
659 2600 708 2628 καὶ
725 2603 857 2636 τιμωρίας
877 2603 939 2638 ἡμέ-

157 2650 206 2676 ραν
229 2641 365 2676 ἐποίησεν,
381 2641 414 2676 ἢν
435 2641 499 2677 ἐξῆν
523 2643 559 2678 μὴ
579 2644 734 2679 φοόεῖσθαι,
750 2647 774 2673 εἰ
799 2647 835 2683 μὴ
855 2649 869 2674 ὸ
890 2649 938 2684 τὴν

153 2687 273 2721 πτέρναν
288 2686 365 2722 ἡμῶν
378 2687 515 2722 ἐπιτηρῶν
530 2688 599 2722 ὄφις,
618 2686 640 2724 ᾦ
656 2691 740 2726 ὄνομά
759 2693 833 2720 ἐστιν
849 2694 865 2728 ὴ
878 2694 938 2720 ἀνο-

155 2731 216 2768 μία,
232 2732 324 2766 κύκλῳ
339 2732 389 2766 τὴν
407 2733 518 2767 πορείαν
531 2734 578 2761 τοῦ
596 2735 654 2770 βίου
672 2736 808 2772 διέλαϐεν,
826 2739 865 2774 τῷ
881 2739 937 2775 ἰδίῳ

189 2818 211 2833 ⁸⁸
224 2818 295 2847 Psal.
316 2827 412 2852 xum,
427 2819 443 2846 2
459 2827 518 2855 sqq.

985 239 1065 259 vaces
1101 231 1324 266 subsequentium
1355 234 1540 266 repraesentat.
1571 230 1659 265 lnqnit
1685 230 1770 260 enim.

985 277 1138 305 assentiens
1170 277 1274 304 veritati
1303 284 1396 303 eorum
1424 283 1483 310 qute
1509 275 1664 310 supradicta
1695 278 1769 305 sunt.

985 323 1064 357 quasi
1092 323 1126 349 ab
1155 322 1208 349 alio
1229 321 1347 356 quodam
1377 329 1437 356 qua:
1463 321 1578 352 dixerat,
1610 320 1769 348 didicisset:

987 376 997 393 ‹
1015 367 1247 400 Quemadmodum
1268 366 1431 399 audivimus,
1452 366 1491 394 sic
1511 370 1539 393 et
1552 366 1681 398 vidimus,
1695 365 1772 392 inci—

986 413 1068 440 vitate
1088 412 1194 440 Domini
1213 413 1361 444 virtutum,
1382 412 1408 439 in
1434 412 1543 439 civitate
1567 411 1613 440 Dei
1639 412 1737 439 nostri.
1759 421 1770 437 ι

985 459 1042 492 Qua
1055 459 1087 487 de
1097 467 1180 486 causa
1198 459 1349 486 introduxit
1366 459 1448 486 etiam
1467 462 1560 485 mutuo
1576 466 1605 485 se
1626 458 1771 484 cohortan-

984 510 1036 537 tes,
1052 506 1122 538 illos,
1140 505 1186 540 qui
1207 512 1268 531 cum
1294 504 1474 532 delectatione
1493 503 1628 535 viderant,
1647 511 1707 537 qua-
1724 510 1772 530 au-

985 551 1100 578 dierant.
1114 549 1272 577 (loltortatio
1283 553 1372 576 autem
1382 549 1536 583 liujnsmodi
1553 553 1594 575 est
1609 558 1614 575 :
1627 559 1635 573 ι
1649 548 1772 575 Circum.

985 596 1048 624 date
1067 596 1143 626 Sion,
1161 601 1186 623 et
1204 595 1417 630 complectimiui
1437 603 1508 626 eam,
1522 600 1631 622 narrate
1646 596 1673 621 in
1688 594 1772 621 turri-

985 641 1212 676 buscjus,pouite
1221 640 1302 668 corda
1316 641 1440 668 vestraiu
1450 641 1550 668 virtute
1566 641 1635 675 ejus,
1648 645 1674 667 ct
1685 641 1774 668 distri-

985 687 1058 714 buite
1073 688 1169 714 domus
1185 685 1254 722 ejus,
1269 695 1276 711 ι
1290 690 1315 712 et
1327 691 1421 714 extera
1430 686 1596 722 qualibidem
1610 691 1771 721 sequuntur.

1021 777 1085 804 Post
1107 778 1164 805 hate
1178 778 1304 805 diﬂ‘undit
1320 778 1540 813 [medicationem
1552 786 1628 806 suam
1643 779 1668 805 in
1685 782 1771 804 totum

986 827 1119 850 terrarum
1137 823 1239 856 orbem,
1258 829 1285 851 et
1312 824 1539 858 quemadmodum
1555 829 1618 851 ante
1634 825 1773 851 confusio-

988 876 1048 895 nem
1064 869 1216 904 linguarum
1235 870 1362 897 omnibus
1380 873 1438 896 erat
1455 877 1538 896 unum
1560 870 1660 897 labium
1678 874 1705 897 et
1720 878 1774 896 una

986 921 1048 945 vox,
1063 913 1140 941 siuet
1162 921 1235 941 nunc
1257 922 1352 942 omnes
1378 918 1486 949 gentes.
1513 920 1539 941 ct
1557 918 1630 941 totus
1647 915 1732 948 orhis,
1748 919 1775 941 ct

986 967 1080 987 oumcs
1112 960 1247 992 homines,
1278 961 1346 987 liunt
1377 967 1449 986 unus
1477 961 1551 987 velut
1584 961 1716 992 auditus.
1747 966 1774 987 ct

988 1012 1071 1031 unum
1087 1012 1143 1036 cor,
1173 1012 1226 1031 una
1242 1005 1366 1032 oratione
1380 1005 1518 1038 omnibus,
1531 1010 1557 1033 et
1571 1006 1605 1033 ad
1620 1013 1715 1033 omnes
1733 1006 1774 1032 in-

988 1055 1113 1078 sonante.
1130 1050 1247 1077 Collocta
1273 1051 1344 1077 enim
1370 1058 1451 1077 unum
1484 1051 1512 1078 in
1536 1051 1624 1077 locmn
1648 1055 1704 1078 tota
1724 1052 1774 1078 hu—

988 1104 1067 1124 mana
1079 1096 1219 1127 societate,
1248 1103 1355 1130 unoque
1381 1096 1457 1130 quasi
1484 1096 1630 1123 tlieatrocx
1647 1097 1774 1124 omnibus

988 1145 1122 1168 terrarum
1143 1141 1199 1167 oris
1219 1143 1369 1171 exstructo,
1386 1140 1512 1168 erunibus
1540 1141 1641 1175 pariter
1668 1149 1773 1168 sermo-

989 1194 1049 1213 nem
1082 1186 1156 1212 illmn
1174 1186 1278 1212 intonat
1293 1193 1298 1210 :
1318 1195 1326 1210 ι
1343 1186 1441 1212 Audito
1454 1186 1527 1216 lia-.c.
1545 1194 1639 1213 onlnes
1666 1191 1773 1222 gentes,

989 1233 1101 1260 auribus
1117 1232 1256 1266 percipite,
1274 1239 1369 1259 omnes
1388 1233 1433 1267 qui
1453 1232 1580 1260 habitatis
1596 1232 1701 1264 orbem,
1717 1233 1776 1268 qui-

989 1287 1041 1314 que
1054 1279 1197 1313 terrigrnm
1207 1283 1233 1305 et
1245 1277 1290 1304 ﬁlii
1301 1276 1451 1310 hominum,
1460 1277 1541 1305 simul
1551 1278 1577 1305 in
1591 1286 1685 1310 unum,
1698 1278 1774 1306 dives

988 1329 1016 1352 et
1035 1332 1136 1359 pauper
1153 1324 1185 1350 ³⁸.
1207 1333 1216 1349 ι
1236 1323 1282 1350 llis
1296 1323 1370 1350 enim
1386 1323 1474 1350 tribus
1489 1323 1729 1359 coniugationibus
1746 1329 1774 1351 et

989 1369 1131 1396 ordinibus
1151 1369 1300 1404 generatim
1314 1368 1471 1403 complexus
1500 1373 1541 1396 est
1561 1376 1668 1396 omnem
1684 1369 1775 1396 diver—

990 1415 1109 1444 sitatem,
1124 1421 1184 1448 qua:
1207 1413 1235 1440 in
1252 1413 1301 1440 hac
1316 1413 1371 1440 vita
1395 1412 1548 1445 mortalium
1570 1418 1690 1448 apparet.
1707 1413 1774 1440 Nam

992 1461 1079 1496 primo
1093 1461 1187 1488 ordine
1204 1463 1280 1486 vocat
1302 1467 1397 1486 omnes
1414 1462 1518 1493 gentes,
1533 1459 1635 1494 quique
1651 1459 1775 1487 habitant

965 1519 973 1546 )
991 1507 1094 1537 orbem,
1110 1509 1139 1532 ut
1158 1505 1279 1540 gentium
1296 1503 1404 1539 quidem
1423 1503 1531 1530 nomine
1548 1503 1776 1538 circumscriptio-

992 1560 1052 1580 nem
1065 1552 1185 1578 locorum
1211 1549 1421 1584 signiﬁcaverit;
1439 1549 1613 1584 sequentibus
1636 1557 1701 1576 vero
1715 1556 1776 1577 ver-

992 1599 1034 1626 bis
1063 1598 1183 1625 locorum
1203 1596 1318 1624 incolas.
1348 1595 1416 1622 Cum
1444 1600 1534 1623 autem
1568 1595 1719 1630 terrigenas
1749 1599 1776 1623 et

991 1645 1059 1672 ﬁlios
1075 1644 1214 1671 hominum
1230 1642 1362 1674 nominat,
1394 1642 1512 1668 secernit
1538 1641 1666 1668 carnales”
1675 1645 1702 1668 et
1718 1648 1777 1669 cor-

991 1690 1080 1725 poreis
1103 1689 1184 1717 rebus
1204 1688 1335 1720 addictos,
1351 1691 1376 1714 et
1389 1695 1404 1714 a
1423 1687 1527 1714 ratione
1550 1688 1666 1715 alienam
1690 1688 1773 1715 vitam

991 1736 1129 1770 degentes,
1151 1735 1185 1761 ab
1207 1734 1250 1760 his
1268 1733 1314 1768 qui
1334 1733 1482 1765 salvantur,
1500 1736 1527 1760 et
1555 1734 1670 1767 aliquem
1683 1734 1776 1761 chara-

991 1787 1090 1808 cterem
1103 1783 1206 1807 natura:
1222 1779 1348 1806 humanae
1370 1779 1396 1805 in
1419 1786 1448 1806 se
1467 1779 1624 1806 continent:
1649 1779 1775 1813 proprius

991 1836 1055 1855 vero
1072 1827 1190 1854 hominis
1203 1826 1344 1853 character
1354 1829 1396 1852 est
1419 1825 1569 1852 similitudo
1583 1832 1645 1852 cum
1664 1824 1728 1853 Deo.
1741 1826 1776 1852 At

992 1872 1160 1907 inaequalitas
1174 1872 1246 1898 circa
1275 1873 1460 1906 paupertatem
1484 1875 1509 1896 et
1526 1870 1635 1898 divitias
1660 1870 1776 1898 maxime

991 1919 1125 1955 generalis
1140 1925 1222 1945 causa
1237 1922 1278 1945 est
1291 1917 1372 1944 varia:
1404 1921 1430 1943 et
1453 1916 1628 1944 multiformis
1647 1916 1720 1944 illius
1735 1917 1775 1943 di-

992 1964 1138 1994 versitatis,
1154 1971 1214 1998 qum
1229 1964 1255 1990 in
1280 1962 1418 1990 hominum
1441 1961 1556 1996 negotiis
1579 1961 1718 1989 elucescit.
1743 1963 1775 1989 Et

991 2013 1053 2047 quis
1063 2012 1124 2041 istc,
1143 2010 1188 2045 qui
1211 2011 1237 2036 in
1257 2010 1303 2036 tali
1327 2016 1359 2035 ac
1378 2012 1453 2035 tanto
1475 2008 1611 2035 auditorio
1633 2008 1776 2035 concinna-

992 2059 1056 2085 tur?
1069 2057 1129 2092 quis
1146 2056 1226 2086 alius,
1243 2062 1322 2090 quam
1336 2054 1382 2089 qui
1408 2054 1435 2080 in
1452 2054 1543 2088 seipso
1557 2057 1674 2081 testatur
1690 2061 1719 2080 se
1734 2054 1774 2080 lo-

992 2108 1118 2131 cuturum
1133 2101 1291 2136 sapientiam
1305 2105 1331 2127 et
1359 2098 1550 2134 prudentiam?
1563 2098 1694 2132 LOquitur
1710 2106 1775 2126 vero

993 2151 1050 2178 hzrc
1064 2150 1118 2181 ille,
1133 2148 1178 2183 qui
1190 2147 1269 2174 habet
1278 2146 1408 2181 Spiritum
1420 2145 1558 2180 sapientiae
1569 2149 1594 2171 et
1610 2145 1773 2177 intellectus,

992 2196 1118 2224 eximiam
1133 2194 1212 2221 istam
1234 2192 1357 2226 gratiam.
1373 2198 1433 2224 qua:
1443 2198 1481 2217 .cx
1495 2193 1596 2217 attenta
1604 2197 1668 2216 cura
1680 2193 1706 2216 ct
1719 2198 1774 2217 me-

990 2242 1120 2268 ditatione
1133 2238 1266 2273 provenit.
1284 2236 1342 2263 Non
1357 2235 1428 2263 enim
1445 2236 1520 2270 prius
1535 2235 1602 2261 dixit
1617 2243 1646 2262 se
1668 2234 1774 2269 aperire

990 2297 1032 2321 os,
1049 2295 1130 2323 quam
1156 2283 1327 2312 inclinaverit
1341 2290 1434 2309 aurem
1462 2282 1496 2309 ad
1516 2289 1670 2309 sermonem
1689 2282 1773 2315 illius,

992 2333 1038 2368 qui
1054 2332 1078 2358 ei
1099 2329 1260 2365 suggerebat
1276 2328 1376 2354 omnia.
1390 2326 1479 2361 lnquit
1491 2327 1561 2353 enim
1584 2335 1589 2353 :
1611 2335 1620 2352 ι
1637 2324 1674 2353 Os
1686 2333 1773 2353 meum

991 2380 1117 2413 loquetur
1138 2375 1308 2410 sapientiam,
1337 2378 1364 2400 et
1379 2372 1519 2400 meditatio
1533 2372 1624 2400 cordis
1641 2373 1692 2400 mei
1708 2380 1774 2408 pru-

991 2423 1121 2452 dentiam,
1140 2431 1148 2447 ν
1177 2429 1224 2448 seu
1241 2420 1405 2447 intellectum
1420 2429 1425 2446 :
1442 2420 1614 2454 primumque
1630 2428 1640 2444 ι
1660 2419 1775 2446 inclina--

991 2469 1025 2496 lio
1043 2468 1071 2496 in
1096 2467 1251 2502 parabolam
1275 2473 1368 2493 aurem
1386 2473 1483 2496 meam,
1501 2474 1510 2490 ι
1532 2469 1559 2492 et
1583 2468 1648 2491 tunc
1675 2473 1685 2490 ‹
1714 2472 1776 2498 ape-

990 2515 1058 2541 riam
1084 2513 1110 2540 in
1130 2511 1258 2548 psalterio
1281 2511 1493 2545 propositionem
1509 2518 1605 2537 meam.
1622 2520 1632 2536 ›
1650 2509 1774 2544 Quaaigi-

992 2565 1035 2586 tur
1048 2564 1088 2586 est
1103 2558 1154 2585 ista
1170 2557 1322 2593 prudentia.
1338 2556 1444 2591 etquod
1461 2557 1599 2591 problema
1612 2564 1662 2584 seu
1676 2564 1775 2591 propo-

991 2604 1068 2632 sitio?
1093 2602 1150 2630 Non
1177 2602 1254 2634 vidit,
1267 2601 1365 2636 inquit,
1379 2601 1424 2628 Dei
1439 2606 1563 2628 creatura
1579 2602 1642 2628 mali
1658 2601 1773 2635 alicujus

991 2650 1042 2677 diei
1060 2648 1239 2680 eli'ectionem,
1262 2651 1292 2674 ut
1311 2652 1425 2675 testatur
1441 2647 1561 2674 narratio
1573 2647 1665 2674 mundi
1680 2654 1774 2674 recens

990 2694 1104 2727 conditi,
1120 2693 1168 2721 sed
1194 2696 1334 2728 peccatum
1369 2693 1510 2720 laetabilem
1527 2693 1598 2720 illam
1610 2696 1637 2720 et
1666 2693 1772 2727 plenam

989 2738 1180 2770 exsultatiouis
1194 2738 1265 2765 diem
1279 2737 1368 2766 eﬂecit
1384 2737 1463 2765 nobis
1477 2737 1547 2765 diem
1563 2737 1668 2764 timoris
1686 2740 1713 2764 et
1727 2735 1773 2771 ju-
