1986 3080
190 119 241 148 559

809 117 836 145 S.
858 115 1021 145 GREGORII
1033 115 1181 144 NYSSENI

1758 110 1810 138 5‘30

189 178 264 210 dicit,
284 184 363 212 quam
379 181 535 212 poteramus
552 185 605 204 non
625 177 760 209 timuisse,
778 178 830 204 nisi
846 183 969 211 serpens,

1026 175 1093 210 ιλκῷ
1107 176 1166 206 ταῖς
1181 173 1316 204 ποικίλαις
1328 172 1381 200 τῶν
1392 171 1483 199 παθῶν
1497 173 1599 208 φολίσιν
1615 172 1736 208 φοϐερῶς
1751 172 1812 198 tm-

165 243 176 261 ,ι
189 223 235 258 qui
250 224 379 250 calcaneo
403 227 498 250 nostro
524 223 680 256 insidiatur,
706 224 785 258 cujus
807 230 904 250 nomen
919 221 972 248 ini-

1027 219 1146 256 φρίσσων
1166 218 1335 253 πανταχόθεν
1358 217 1404 244 καὶ
1421 218 1630 253 τραχυνόμενος.

188 269 293 304 quitas,
324 269 447 303 ttndique
474 268 544 294 viam
572 269 632 295 vita:
675 269 753 296 nobis
777 266 997 302 circnmscpisset
1017 264 1128 299 proprio
1145 271 1196 291 stto
1219 267 1308 290 rotatu
1335 267 1362 290 ct
1384 270 1460 298 gyro,
1490 267 1517 290 et
1544 262 1625 290 variis
1653 263 1810 298 passionum

188 313 266 348 quasi
281 314 416 348 squamis,
429 313 544 340 terribili
560 317 671 348 aspectu
689 314 809 348 undique
820 311 979 340 infrendens
997 312 1024 337 et
1044 309 1246 336 inhorrescens.

224 360 326 388 Deinde
349 360 454 395 psalmo
483 361 511 387 in
539 361 607 388 duas
628 365 719 395 partes
747 360 917 391 distributo,
946 359 975 384 in

189 409 277 443 prima
301 408 411 443 quidem
435 412 513 442 parte
533 409 678 436 consilium
708 408 764 440 dat,
785 415 819 435 ne
831 407 863 434 ad
891 407 974 434 alintn

189 454 335 489 quemdam
349 454 524 482 liberatorem
538 455 706 489 respiciant;
730 462 818 488 neque
830 454 902 481 enim
920 452 976 479 fra-

189 504 241 531 ter,
255 500 353 535 inquit,
372 500 498 531 redimet,
516 507 565 527 nec
578 499 648 526 alius
669 499 805 534 quispiant
821 498 972 529 hominum,

190 546 236 573 sed
254 545 368 580 quilibet
389 552 438 580 pro
454 545 546 579 seipso
562 544 696 576 exorabit,
723 544 746 571 si
773 553 782 568 ι
794 543 898 571 dederit
920 543 974 570 Deo

189 591 383 626 placationem,
398 596 423 618 et
436 591 553 625 pretium
571 590 764 624 redemptionis
777 591 874 616 anima:
887 597 952 616 suae.
961 598 969 614 ι

189 637 266 669 Quod
291 636 401 670 quidem
418 636 526 663 consilii
553 636 613 662 loco
639 635 672 662 ad
688 635 795 662 illorum
817 635 972 669 superbiam

188 681 391 716 coarguendam
407 680 483 712 dicit,
501 681 546 715 qui
564 679 665 707 frustra
681 687 790 714 operam
805 680 831 706 in
848 680 898 706 hac
920 681 973 706 vita

189 730 366 759 consumunt,
384 727 559 761 studiumque
576 727 602 753 in
623 725 802 753 infructuosis
822 726 903 753 rebus
923 733 972 760 po-

188 778 266 801 nunt.
283 773 370 807 Quam
381 773 466 800 variis
480 773 618 801 laboribus
632 781 692 800 sese
706 773 820 808 fatigant
835 773 970 805 homines,

188 820 267 854 quasi
282 827 388 854 semper
406 819 503 846 victuri
529 823 639 852 essent;
654 827 734 855 quam
753 820 847 854 procul
863 819 897 846 ab
919 820 973 847 illis

187 865 319 901 cogitatio
334 865 529 900 corruptionis,
546 872 604 898 quas
620 869 733 891 inertem
750 865 907 897 comitatur,
924 866 971 900 qui

188 911 310 946 quotidie
332 915 395 938 ante
417 910 512 937 oculos
535 918 600 937 suos
619 910 710 937 vident
730 909 797 937 alios
812 911 970 941 morientes,

188 955 314 990 quodque
330 954 512 982 certissimum
533 958 559 981 et
574 954 747 982 verissimum
761 955 883 982 stultitia:
894 958 919 982 et
934 955 972 982 itt-

188 999 322 1035 sipientim
346 1005 535 1034 argumentum
561 1004 612 1029 est.
643 999 689 1034 qui
713 1000 838 1026 nesciunt
855 1008 885 1028 se
910 1004 971 1035 post

188 1046 259 1073 banc
284 1045 365 1072 vitam
394 1046 454 1073 aliis
473 1045 582 1073 divitias
609 1045 658 1072 has
683 1046 838 1077 relicturos,
867 1047 971 1081 scipsos

189 1095 279 1119 autent
300 1092 327 1118 in
353 1092 486 1126 sepulcris
516 1092 543 1118 in
564 1095 723 1126 perpetuum
747 1100 899 1126 mansuros,
925 1093 971 1127 qui

188 1138 298 1164 nomina
323 1145 372 1165 sua
392 1145 441 1172 per
460 1137 541 1164 vitam
563 1137 748 1164 sublimiorem
776 1137 801 1163 in
826 1138 896 1165 cwlo
918 1146 970 1165 non

188 1183 411 1218 descripserunt;
434 1182 480 1210 sed
497 1189 558 1209 eum
572 1183 599 1209 in
617 1188 689 1210 terra
712 1183 768 1210 ﬁeri
785 1183 904 1210 celebres
922 1192 970 1211 cu-

188 1235 294 1264 perent,
310 1228 432 1256 fecerunt
447 1229 551 1263 seipsos
567 1229 593 1255 in
614 1229 719 1256 cmicsti
733 1229 777 1255 illa
793 1229 903 1256 civitate
923 1230 971 1255 ob«

189 1282 286 1302 scuros
301 1278 327 1301 et
342 1275 400 1301 sine
416 1274 535 1301 nomine.
557 1273 659 1300 Horum
679 1274 799 1300 omnium
820 1282 901 1301 causa
919 1279 970 1305 cst,

188 1319 260 1354 quod
277 1319 358 1345 homo
369 1318 509 1352 proprium
527 1325 605 1344 suum
618 1317 748 1350 honorem
763 1326 816 1345 non
829 1319 968 1354 intelligat,

189 1364 236 1392 sed
251 1363 284 1390 ad
301 1364 394 1390 brutas
411 1363 564 1398 voluptates
588 1367 683 1397 sponte
707 1370 756 1390 sua
774 1371 834 1391 sese
851 1364 969 1398 abjieiat,

189 1407 324 1434 obnoxius
340 1407 408 1442 gula:
429 1411 454 1434 et
470 1407 566 1436 ventri,
587 1401 674 1441 iisque
691 1415 751 1442 quae
765 1413 886 1435 ventrem
906 1417 971 1436 con-

189 1457 351 1487 sequuntur,
369 1452 509 1479 sordibus.
528 1451 588 1478 ΗΜ
605 1460 667 1486 pars
687 1457 727 1479 est
748 1453 840 1487 prima:
858 1454 970 1481 divisio-

189 1499 232 1526 nis
256 1498 336 1532 hujus
356 1498 461 1532 psalmi.
489 1497 599 1532 Reliqna
618 1505 680 1532 pars
699 1498 733 1525 ad
756 1499 807 1525 alia
824 1499 968 1533 reprehen-
985 1509 1005 1536 ε

190 1545 295 1572 sionem
314 1548 341 1571 et
357 1544 557 1571 accusationem
573 1544 665 1580 dirigit
679 1553 686 1577 ;
704 1553 855 1579 rursusque
874 1545 970 1573 iisdem

190 1591 280 1618 verbis
301 1589 464 1617 terminatur
485 1591 589 1623 oratio;
610 1591 738 1618 videlicet
763 1590 814 1617 ltoc
832 1590 913 1618 nobis
929 1591 973 1621 in-

191 1637 281 1662 sinuat
300 1634 445 1670 Propheta,
457 1635 571 1669 primam
590 1643 700 1662 cattsam
719 1636 783 1662 mali
797 1637 823 1663 in
840 1636 971 1663 mundutn

190 1680 307 1716 ingrcssi
323 1679 418 1712 fuisse,
431 1680 502 1715 quod
519 1679 599 1706 ltomo
613 1680 700 1707 brutis
715 1684 741 1708 et
757 1688 772 1707 a
787 1681 893 1707 ratione
907 1681 973 1708 alie-

190 1728 234 1754 nis
249 1726 442 1761 cupiditatibus
457 1725 554 1753 similis
568 1726 604 1753 sit
617 1725 728 1753 eﬂ‘ectus
741 1725 888 1760 jumentis;
909 1733 972 1752 cum

190 1777 281 1800 autent
301 1775 396 1798 contra
417 1771 517 1797 malum
533 1771 669 1798 medicina
694 1774 788 1805 parata
804 1771 884 1799 nobis
899 1775 972 1798 esset

190 1819 224 1845 ab
248 1826 291 1850 co,
318 1817 365 1852 qui
387 1817 538 1844 humanum
567 1824 652 1852 genus
670 1816 858 1844 misericordia
882 1822 972 1845 motus

189 1863 327 1896 visitavit;
351 1863 488 1895 homines,
512 1863 619 1890 deserto
637 1871 733 1891 rursus
753 1863 825 1890 bono
852 1868 972 1898 pastore,

190 1911 270 1937 morti
288 1909 440 1944 pascendos
465 1917 494 1936 se
507 1908 629 1942 tradunt,
655 1917 710 1936 non
731 1910 763 1937 ad
782 1909 904 1937 cmlestia
921 1917 971 1944 pa-

189 1956 265 1989 bula,
290 1954 337 1982 sed
361 1954 394 1981 ad
416 1953 503 1980 infera
521 1954 671 1988 tendentes,
690 1955 788 1982 inferni
813 1963 877 1982 oves
898 1955 972 1983 facti.

190 2001 262 2028 Dicit
286 2000 372 2028 enim:
397 1999 495 2026 «Sicut
521 2007 586 2027 oves
611 2000 639 2026 in
664 2000 770 2027 inferno
794 2001 874 2035 positi
898 2005 972 2033 sunt,

191 2055 263 2074 tnors
274 2046 401 2080 depascet
415 2053 489 2072 eos.»
509 2045 556 2072 Sic
570 2045 660 2073 denuo
677 2054 725 2081 per
738 2051 878 2081 peccatum
891 2047 973 2074 indu-

190 2092 262 2118 citur
280 2090 380 2117 ubtivio
398 2089 456 2124 ejus
477 2089 628 2124 dignitatis,
645 2098 707 2125 qua:
723 2091 803 2118 nobis
819 2091 911 2118 divino
926 2092 974 2119 be-

190 2136 288 2163 neﬁcio
303 2134 408 2169 obtigit,
424 2138 450 2161 et
463 2134 496 2160 ad
513 2135 594 2161 vitam
611 2136 727 2162 rationis
740 2140 877 2170 expertem
896 2136 974 2163 incli-

190 2182 265 2209 natio
279 2181 419 2209 exoritur:
435 2187 515 2208 omne
527 2180 598 2207 enint
610 2180 688 2212 illud,
705 2181 776 2216 quod
790 2186 865 2209 extra
880 2189 972 2209 veram
989 2173 1012 2202 ι)

191 2228 322 2255 rationem
335 2231 386 2258 est,
402 2227 515 2254 rationis
527 2227 669 2255 destitutio
680 2231 737 2255 est:
756 2227 895 2263 proprium
906 2235 972 2256 vero

188 2273 302 2308 jumenti
319 2277 360 2300 est
376 2274 482 2301 ratione
497 2279 523 2300 et
540 2277 630 2300 mente
644 2280 746 2300 carere.

482 2317 596 2345 CAPUT
610 2317 679 2346 XIII.

227 2363 324 2390 Verum
351 2364 441 2390 omnia
468 2370 528 2398 qua:
548 2365 576 2390 in
599 2363 705 2397 psalmo
730 2367 804 2395 sunt,
834 2363 972 2398 sigillatitn

190 2409 258 2436 velle
276 2410 415 2444 prosequi,
444 2414 471 2438 et
489 2416 714 2442 commemorare,
739 2417 972 2444 supervacaneum

190 2454 281 2484 fuerit,
298 2461 359 2480 cum
376 2461 406 2480 ea
418 2461 478 2489 qum
493 2454 593 2482 omissa
607 2459 680 2486 sunt,
698 2455 770 2482 facili
787 2455 878 2482 labore
892 2462 924 2481 ex
939 2455 973 2482 iis

190 2507 250 2534 quae
267 2499 386 2527 diximus
407 2500 513 2534 possint
536 2501 717 2534 innotescere,
742 2505 772 2528 ut
786 2500 900 2535 proinde
917 2507 971 2526 non

190 2545 307 2572 arbitrer
318 2545 468 2573 orationem
482 2545 589 2580 longius
606 2546 816 2580 protrahendam
831 2553 902 2577 esse,
920 2545 971 2572 nisi

190 2592 260 2619 forte
277 2591 341 2618 illud
360 2592 549 2620 tantummodo
562 2594 736 2627 repetendum
753 2593 787 2620 sit
801 2600 832 2620 ex
849 2592 892 2623 iis,
912 2600 972 2626 qua:

187 2635 242 2670 jam
272 2644 354 2671 supra
377 2636 515 2671 disputata
542 2642 617 2670 sunt,
644 2645 772 2673 magnum
792 2637 918 2664 Davidem
945 2638 971 2664 in

190 2680 338 2708 humanum
366 2688 451 2716 genus
477 2685 593 2716 utroque
617 2681 697 2709 modo
721 2681 873 2709 beneﬁcum
899 2689 971 2713 esse,

190 2729 254 2752 tunc
279 2725 391 2759 scilicet,
416 2733 479 2753 cum
499 2727 614 2754 salutent
636 2730 758 2753 nostram
782 2734 830 2762 per
848 2727 972 2762 symbola

190 2771 311 2805 quaedam
327 2771 451 2799 etiormat
466 2778 492 2799 et
507 2771 661 2804 adumbrat,
677 2775 704 2799 et
721 2775 785 2799 tunc
801 2779 862 2799 cum
882 2772 972 2798 homi-

189 2815 270 2844 nibus
284 2817 393 2844 modum
410 2817 576 2854 pomitentia:
595 2817 782 2845 demonstrat:
803 2818 846 2845 cui
866 2817 972 2853 egregie

1056 354 1128 382 Ἐἶτα
1144 356 1203 391 διχῆ
1220 355 1330 383 διελθὼν
1352 356 1441 382 πᾶσαν
1459 355 1507 391 τὴν
1516 355 1692 391 ψαλμῳδίαν,
1709 355 1738 382 ὲν
1761 356 1810 391 μὲν

1025 401 1063 436 τῷ
1076 401 1175 437 πρώτῳ
1199 402 1293 436 μέρει,
1317 401 1470 437 συμϐουλὴν
1496 401 1684 433 κατατίθεται,
1699 401 1746 428 τοῦ
1773 403 1810 436 μὴ

1025 448 1093 483 πρὸς
1109 448 1186 475 ἄλλον
1202 448 1310 483 βλέπειν
1327 448 1387 474 τινὰ
1410 448 1550 483 λυτρωτήν
1565 457 1571 462 '
1589 447 1649 475 οὔτε
1666 449 1720 484 γὰρ
1734 448 1810 475 ἀδελ-

1026 494 1075 528 φὸς
1089 493 1241 528 λυτροῧται,
1255 493 1350 529 φησὶν,
1366 492 1425 519 οὔτε
1441 493 1518 524 ἄλλος
1531 502 1573 524 τις
1585 493 1736 528 ἄνθρωπος,
1754 493 1810 520 ἀλλ’

1026 539 1042 573 ἢ
1057 539 1137 570 αὐτὸς
1151 539 1264 570 ἕκαστος
1282 539 1376 565 ἑαυτὸν
1396 538 1640 574 ὲξαιτήσεταμέἀν
1653 546 1686 573 γε
1704 548 1713 564 ι
1731 538 1810 565 δώσει

1025 585 1063 620 τῷ
1076 585 1135 620 Θεῷ
1152 585 1285 619 ὲξίλασμα
1296 584 1404 616 ἑαυτοῦ,
1423 585 1470 611 καὶ
1487 584 1536 619 τὴν
1551 584 1634 620 τιμὴν
1647 585 1695 620 τῆς
1706 583 1810 619 λυτρώ-

1025 639 1093 662 σεως
1117 631 1167 666 τῆς
1185 631 1273 666 ψυχῆς
1295 631 1387 657 αὑτοῦ.
1412 640 1421 656 ι
1451 631 1484 657 "U
1501 630 1624 665 βούλεται
1657 630 1810 665 συμϐουλὴν

1025 677 1091 711 πρὸς
1108 677 1258 711 ὑπεροψίαν
1271 677 1325 703 τῶν
1342 676 1429 711 μάτην
1448 676 1669 711 σπουδαζομένων
1685 676 1810 710 γενέσθαι

1025 721 1074 755 τὴν
1089 721 1307 756 σπουδαζομένην
1320 722 1347 747 ἐν
1358 721 1397 756 τῷ
1410 721 1459 756 βίῳ
1470 722 1556 758 τούτῳ
1566 722 1636 749 κατὰ
1651 722 1680 748 τὸ
1696 722 1809 757 μάταιον

1027 765 1197 792 ἀκολουθίαν.
1210 766 1271 798 Πῶς
1288 767 1316 792 ἐν
1334 766 1458 801 ἀνοήτοις
1468 767 1589 801 διάγουσι
1614 768 1707 799 κόποις
1719 768 1743 794 οἱ
1764 768 1810 794 ἇν-

1028 809 1148 846 θρωποι,
1165 812 1202 842 ὡς
1228 812 1270 838 ἀεὶ
1289 811 1417 846 ζήσεσθαι
1443 813 1660 848 προσδοκῶντεςς
1681 813 1741 844 Πῶς
1761 813 1810 847 τὴν

1024 856 1068 883 διὰ
1081 857 1127 883 τοῦ
1140 857 1255 884 Θανάτου
1268 858 1441 893 καταφθορὰν
1465 859 1513 885 οὐκ
1529 859 1693 891 ἐλπίζουσιν,
1704 860 1729 886 οἱ
1746 861 1808 891 τοὺς

1025 902 1078 937 πρὸ
1088 903 1176 929 αὐτῶν
1196 904 1414 939 ἀποθνήσκοντας
1427 905 1568 940 βλέποντες
1585 914 1593 938 ;
1609 905 1656 932 καὶ
1667 906 1708 932 ὅτι
1724 906 1808 941 ἄφρο-

1025 947 1068 978 νές
1088 948 1156 974 είσιν
1172 947 1209 980 ὼς
1229 949 1346 983 ἀληθῶς,
1368 951 1414 976 καὶ
1433 951 1559 985 ἀνόητοι,
1575 951 1599 977 οί
1626 951 1675 978 οὐκ
1698 951 1808 983 εἰδότες,

1024 993 1065 1019 ὅτι
1079 994 1147 1028 μετᾶ
1160 994 1204 1020 τὸν
1217 995 1278 1030 τῇδε
1291 995 1346 1030 βίον
1360 996 1448 1028 ἄλλοις
1462 997 1653 1031 καταλείψουσι
1667 997 1712 1024 τὸν
1729 997 1810 1024 πλοῦ-

1025 1046 1069 1064 τον
1084 1038 1172 1065 αὐτῶν
1182 1048 1188 1054 ⁸
1203 1040 1279 1066 αὐτοὶ
1291 1041 1318 1066 δὲ
1332 1041 1427 1075 τάφοις
1442 1042 1481 1073 είς
1499 1042 1530 1068 τὺ
1541 1042 1662 1077 διηνεκὲς
1679 1044 1810 1077 παροική-

1026 1091 1127 1116 σουσιν,
1140 1085 1165 1110 οἱ
1179 1084 1211 1110 τὰ
1222 1086 1341 1120 ὀνόματα
1354 1086 1443 1113 αὐτῶν
1456 1087 1506 1113 οὐκ
1519 1088 1547 1114 ἐν
1561 1087 1684 1122 οὐρανοῖς
1699 1088 1742 1114 διὰ
1760 1089 1811 1122 τῆς

1026 1128 1192 1164 ὑψηλοτέρας
1207 1130 1277 1166 ζωῆς
1291 1131 1508 1168 ἁπογράψαντες,
1526 1132 1582 1159 ἀλλ’
1592 1134 1620 1160 ὲν
1635 1135 1666 1169 τῇ
1685 1135 1720 1169 γῇ
1735 1135 1810 1168 γενέ-

1026 1172 1086 1199 σθαι
1105 1173 1247 1209 ὀνομαστοὶ
1263 1175 1447 1210 ποθήσαντες,
1468 1178 1624 1212 ἀνωνύμους
1651 1178 1762 1210 ἑαυτοὺς
1781 1180 1809 1204 ἐν

1024 1219 1056 1253 τῇ
1074 1219 1130 1246 ἄνω
1142 1220 1216 1246 πόλει
1230 1221 1369 1256 ἐποίησαν.
1387 1222 1494 1248 Τούτων
1511 1223 1538 1250 δὲ
1550 1223 1660 1250 πάντων
1673 1223 1768 1255 αἴτιον,
1780 1223 1811 1249 τὸ

1027 1267 1063 1301 μὴ
1078 1266 1194 1293 συνιέναι
1204 1266 1249 1293 τὸν
1263 1267 1403 1302 ἄνθρωπον
1415 1268 1462 1303 τῆς
1478 1269 1544 1301 ίδίας
1559 1269 1725 1304 τιμῆς,ὰλλὰ
1742 1269 1810 1304 προς

1024 1312 1073 1343 τὰς
1089 1311 1234 1346 κτηνώδεις
1247 1312 1342 1347 ἡδονὰς
1359 1314 1489 1345 ἑκουσίως
1506 1316 1701 1350 κατασυρῆναι,
1718 1315 1809 1350 λαιμῷ

1025 1359 1072 1385 καὶ
1095 1359 1209 1394 γαστρὶ,
1227 1360 1272 1386 καὶ
1294 1359 1332 1395 τῷ
1350 1360 1418 1394 μετὰ
1439 1361 1558 1396 γαστέρα
1573 1362 1650 1397 ῥύπῳ
1667 1363 1809 1397 γενόμενον

1025 1404 1141 1432 ἔκδοτον.
1159 1405 1243 1432 Τοῦτο
1259 1406 1307 1439 τῆς
1325 1406 1434 1441 πρώτης
1455 1407 1613 1442 διαιρέσεως
1633 1407 1678 1435 τοῦ
1700 1408 1808 1443 ψαλμοῦ

1025 1450 1055 1476 τὸ
1071 1450 1161 1485 μέρος.
1176 1451 1211 1476 Τὸ
1222 1451 1249 1477 δὲ
1270 1450 1428 1486 λειπόμενον
1448 1453 1477 1479 ὲν
1496 1452 1585 1484 ἄλλοις
1602 1453 1657 1488 ἔχει
1677 1453 1724 1488 τὴν
1744 1461 1810 1479 κατ-

1024 1496 1147 1531 ηγορίαν.
1158 1497 1240 1523 Πάλιν
1257 1497 1284 1523 δὲ
1299 1498 1337 1528 είς
1349 1498 1379 1523 τὺ
1391 1498 1456 1524 αὐτὸ
1471 1499 1547 1534 ῥῆμα
1562 1498 1719 1534 περαιοῦται
1735 1500 1749 1524 ὁ
1763 1499 1808 1524 λό-

1023 1550 1079 1574 γος.
1096 1541 1180 1567 Ίοῦτο
1191 1561 1197 1572 ,
1213 1539 1304 1576 οἴμαι,
1322 1541 1517 1577 φιλοσοφούσης
1541 1543 1607 1577 ἡμῖν
1634 1542 1683 1577 τῆς
1700 1550 1808 1576 προφη-

1022 1585 1106 1616 τείας,
1122 1586 1163 1611 ὂτι
1188 1585 1218 1611 τὸ
1235 1585 1341 1620 πρῶτον
1357 1586 1441 1613 αἴτιον
1459 1586 1508 1621 τῆς
1523 1587 1576 1613 τῶν
1588 1587 1679 1613 κακῶν
1691 1586 1807 1617 εἰσόδου,

1023 1631 1052 1657 τὸ
1074 1630 1300 1666 ἁποκτηνωθῆναι
1323 1631 1368 1658 τὸν
1385 1631 1526 1667 ἄνθρωπον
1540 1633 1596 1663 τοῖς
1611 1631 1809 1666 ζωωδεστέροις

1024 1677 1191 1712 παθήμασιν.
1209 1677 1360 1712 Γενομένης
1370 1677 1398 1703 δὲ
1412 1678 1476 1712 ἡμῖν
1493 1677 1525 1703 ὲκ
1543 1677 1652 1712 χάριτος
1668 1677 1716 1711 τῆς
1728 1676 1809 1711 θερα-

1025 1723 1104 1755 πείας
1128 1723 1174 1749 τοῦ
1201 1722 1321 1749 τοιούτου
1351 1722 1435 1749 κακοῦ
1457 1722 1500 1749 διὰ
1518 1722 1565 1749 τοῦ
1590 1723 1809 1757 ὲπισκεψαμένου

1023 1768 1157 1804 οίκτιρμῷ
1169 1768 1200 1794 τὺ
1213 1767 1390 1803 ἀνθρώπινον.
1413 1769 1492 1795 πάλιν
1521 1768 1634 1803 ἀφέντες
1648 1769 1693 1795 τὸν
1709 1769 1810 1802 ἀγαθὸν

1025 1816 1149 1851 ποιμένα,
1162 1815 1214 1842 ὑπὸ
1226 1814 1273 1842 τοῦ
1290 1814 1403 1842 θανάτου
1417 1814 1604 1849 ποιμαίνονται
1615 1823 1622 1829 ·
1637 1814 1667 1841 οὐ
1683 1815 1748 1850 πρὸς
1759 1815 1810 1849 τὴν

1023 1861 1157 1897 οὐράνιον,
1173 1862 1240 1888 ἀλλὰ
1254 1861 1319 1896 πρὸς
1334 1861 1381 1896 τὴν
1397 1862 1425 1887 ὲν
1441 1861 1504 1896 ᾅδου
1522 1860 1605 1896 νομὴν
1622 1861 1731 1891 ἑαυτοὺς
1749 1861 1809 1887 ἐπι-

1024 1908 1172 1941 κλίναντες,
1194 1908 1317 1944 πρόϐατα
1342 1908 1387 1934 τοῦ
1412 1908 1475 1943 ᾅδου
1495 1907 1644 1942 γενόμενοι.
1659 1908 1727 1943 Φησὶ
1742 1907 1806 1942 γὰρ,

1024 1956 1076 1987 ὅτι,
1092 1961 1101 1978 ι
1118 1953 1163 1985 Ὠς
1177 1954 1300 1990 πρόϐατα
1316 1955 1344 1981 ἐν
1362 1955 1411 1991 ᾄδῃ
1429 1954 1529 1987 ἔθεντο,
1548 1954 1661 1986 Θάνατος
1682 1956 1811 1989 ποιμανεῖ

1024 2000 1130 2032 αὐτούς.
1144 2011 1154 2028 ›
1174 2001 1228 2028 Καὶ
1248 2001 1332 2033 οὕτως
1346 2002 1379 2028 ἐκ
1396 2001 1520 2036 δευτέρου
1543 2000 1647 2034 γίνεται
1662 1999 1743 2026 πάλιν
1765 2000 1810 2026 διὰ

1024 2048 1073 2082 τῆς
1093 2047 1228 2083 ἁμαρτίας
1244 2048 1260 2082 ἡ
1281 2046 1330 2081 τῆς
1345 2048 1427 2083 τιμῆς
1439 2048 1488 2083 τῆς
1506 2047 1576 2074 κατὰ
1591 2047 1669 2082 χάριν
1684 2048 1747 2081 ἡμῖν
1760 2054 1809 2080 ys-

1024 2093 1139 2128 νομένης
1153 2092 1324 2128 ἀναισθησία,
1337 2093 1382 2120 καὶ
1403 2093 1470 2127 πρὸς
1484 2093 1529 2119 τὸν
1546 2093 1641 2126 ἄλογον
1656 2091 1711 2126 βίον
1728 2099 1811 2117 κατα-

1025 2139 1104 2172 φορά.
1127 2138 1185 2164 Πᾶν
1208 2137 1261 2174 γὰρ
1280 2138 1309 2165 τὺ
1329 2138 1380 2170 ἔξω
1399 2138 1444 2164 τοῦ
1464 2137 1589 2173 ἀληθινοῦ
1604 2137 1681 2171 λόγου
1701 2136 1811 2172 γινόμε-

1026 2191 1079 2215 νον,
1091 2183 1185 2217 ἀλογία
1200 2183 1282 2211 ἐστίν.
1301 2183 1379 2211 ’Ὶδιον
1393 2184 1421 2210 δὲ
1434 2183 1480 2210 τοῦ
1494 2184 1607 2220 κτήνους
1623 2183 1653 2210 τὺ
1667 2182 1761 2217 ἄλογόν
1779 2190 1809 2209 τε

1027 2228 1074 2254 καὶ
1095 2228 1216 2261 ἀνόητον.

1295 2319 1490 2345 ΚΕΦΑΔΑῘΟΝ
1505 2319 1552 2345 ﬂ".

1061 2362 1101 2389 Τὰ
1113 2362 1141 2389 δὲ
1163 2362 1222 2389 καθ’
1238 2363 1351 2389 ἕκαστον
1363 2363 1416 2391 τῶν
1437 2365 1465 2390 ἐν
1478 2366 1511 2399 τῇ
1528 2364 1668 2399 ψαλμῳδίᾳ
1686 2364 1718 2390 δι’
1733 2364 1812 2399 ἀκρι-

1026 2407 1102 2439 ϐείας
1116 2407 1161 2434 ἐπὶ
1175 2406 1272 2439 λέξεως
1284 2408 1460 2444 ἀναγράφειν,
1476 2408 1600 2444 περιττὸν
1621 2410 1653 2436 ἂν
1668 2409 1720 2444 εἴη,
1743 2409 1810 2436 πολ-

1026 2453 1074 2488 λῆς
1099 2453 1223 2484 εὐκολίας
1238 2452 1321 2488 οὔσης
1347 2453 1385 2488 τῷ
1411 2453 1562 2489 βουλομένῳ
1590 2453 1634 2480 διὰ
1659 2454 1712 2480 τῶν
1733 2455 1811 2489 είρη-

1027 2499 1114 2533 μένων
1148 2498 1195 2525 καὶ
1211 2498 1246 2525 τὰ
1272 2499 1423 2536 παρεθέντα
1449 2499 1626 2534 κατανοῆσαι.
1639 2499 1718 2526 ’Ὥστε
1733 2499 1810 2526 οὐδὲν

1025 2542 1101 2578 οἶμαι
1124 2544 1178 2571 δεῖν
1204 2545 1332 2580 μηκύνειν
1356 2545 1400 2572 διὰ
1428 2545 1588 2579 πολυλογίας
1610 2545 1655 2572 τὸν
1682 2546 1775 2580 λόγον·
1790 2546 1808 2582 ἢ

1025 2590 1101 2617 τοῦτο
1124 2590 1204 2625 μόνον
1227 2591 1372 2624 ἀναγκαῖόν
1402 2592 1474 2618 ἐστιν
1501 2592 1679 2618 ἐπαναλαϐεῖν
1700 2594 1732 2618 ὲκ
1755 2593 1810 2619 τῶν

1026 2635 1280 2670 προεξητασμένων,
1292 2637 1331 2662 ὅτι
1342 2636 1485 2672 δι’ὰμφοτέ
1490 2646 1543 2672 ρων
1553 2637 1691 2672 εὐεργετεῖ
1703 2638 1751 2673 τὴν
1762 2639 1810 2665 ἀν-

1026 2680 1163 2716 θρωπίνην
1175 2681 1254 2716 φύσιν
1273 2682 1287 2708 ὁ
1305 2682 1392 2717 μέγας
1415 2682 1506 2715 Δαϐὶδ,
1522 2682 1554 2708 δι’
1568 2679 1605 2709 ὧν
1626 2691 1655 2708 τε
1675 2684 1811 2718 προτυπτί

1025 2726 1195 2760 συμὸολικὼς
1208 2726 1256 2761 τὴν
1275 2727 1411 2763 σωτηρίαν
1427 2727 1505 2762 ἡμῶν
1515 2747 1522 2760 ,
1538 2727 1583 2754 καὶ
1598 2727 1630 2754 δι’
1650 2725 1687 2754 ὥν
1704 2727 1810 2754 ὑποδεί-

1024 2780 1103 2798 κνυσι
1118 2772 1173 2802 τοῖς
1188 2771 1341 2807 ἀνθρώποις
1351 2772 1401 2807 τῆς
1416 2772 1555 2807 μετανοίας
1575 2772 1619 2799 τὸν
1632 2772 1740 2808 τρόπον,
1753 2771 1808 2798 οἷέν

1024 2826 1084 2845 τινα
1108 2818 1203 2854 τέχνην
1226 2819 1376 2847 ἐπιϐάλλων
1398 2819 1483 2855 τούτῳ
1502 2819 1538 2855 τῷ
1555 2818 1742 2855 κατορθώματι
1763 2817 1809 2845 διὰ
