1986 3080
164 123 213 151 561

866 127 899 155 ΙΝ
919 127 1087 156 PSALMOS.

1734 121 1786 149 562

165 183 214 218 τῆς
233 182 416 218 πεντηκοστῆς
439 183 605 220 ψαλμῳδίας,
619 184 652 212 δι’
663 181 696 222 ἧς
713 184 779 221 ἄλλη
796 185 855 220 νίκη
880 185 951 211 κατὰ

1008 185 1076 213 l‘acto
1084 190 1111 212 et
1127 184 1254 212 laudabili
1273 183 1360 219 operi,
1377 182 1450 211 velut
1471 185 1556 210 artem
1572 181 1716 217 quamdam
1733 182 1784 210 ad-

162 228 211 255 τοΰ
226 228 372 255 ἀντιπάλου
388 229 453 264 ἡμῖν
466 230 647 266 ἑτοιμάζεται.
660 231 696 257 Τὸ
710 231 764 267 γὰρ
780 232 878 258 εἰδέναι
896 231 951 258 τῶν

165 274 258 300 κακῶν
273 274 385 305 ἑαυτοὺς
399 275 582 310 ἐκκαθαίρειν,
597 277 646 310 τῆς
662 276 801 311 διηνεκοῦς
817 276 888 302 κατὰ
902 277 949 303 τοῦ

167 319 263 354 ἐχθροῦ
274 320 350 353 νίκης
363 321 522 355 παρασκευὴ
537 321 638 354 γίνεται
653 322 699 347 καὶ
715 321 850 353 ὑπόθεσις.
866 322 953 348 ’Δδια-

167 366 274 392 λείπτου
296 366 349 401 γὰρ
374 366 439 401 ἡμῖν
458 366 540 402 οὔσης
556 367 584 392 ἐν
603 367 642 402 τῷ
662 367 712 402 βίῳ
729 368 779 402 τῆς
795 367 883 402 πάλης
904 368 953 402 τῆς

170 411 314 447 γενομένης
330 412 398 446 πρὸς
414 412 460 438 τὸν
473 413 683 448 κοσμοκράτορας
702 413 748 440 τοῦ
766 414 877 444 σκότους
891 413 953 440 τού-

167 465 223 487 του,
239 457 286 483 καὶ
311 457 378 492 πρὸς
399 457 433 484 τὰ
453 457 626 492 πνευματικὰ
639 458 689 493 τῆς
707 459 837 494 πονηρίας
850 460 878 485 ὲν
897 460 954 490 τοῖς

168 502 337 538 ἐπουρανίοις
356 511 364 518 ο
384 502 476 538 ἐπειδὴ
499 502 529 528 ἓν
553 503 632 538 μόνον
659 502 880 538 ἁντιπάλαισμα,
904 504 951 530 καὶ

168 548 235 582 προς
249 548 338 574 πᾶσαν
350 548 524 583 πειρατηρίου
539 549 688 583 προσὸολὴν
701 548 797 584 ἔχομεν
807 551 856 584 τὴν
871 551 953 585 μετά-

168 602 259 624 νοιαν,
279 594 292 620 ὁ
309 593 388 620 τοῦτο
404 594 432 619 ὲν
455 593 544 628 ἐαυτῷ
568 594 759 629 κατορθώσας,
781 595 826 622 διὰ
852 596 953 628 παντὸς

169 639 280 674 νικητὴς
298 639 401 673 γίνεται
412 638 459 665 τοῦ
473 640 516 666 ἀεὶ
530 640 769 675 προσπαλαίοντος.
785 642 861 668 Μετὰ
874 642 952 668 τοῦτο

168 685 196 711 δὲ
214 685 286 719 καὶὴ
304 685 406 720 ἱστορία
427 686 455 711 ὲν
469 687 528 717 ταῖς
541 687 708 721 ἐπιγραφαῖς
727 687 756 712 τὸ
775 687 953 715 ἀνακόλουθον

169 731 235 765 ἔχει,
248 730 304 757 ἀλλ’
316 731 330 756 ὁ
353 730 414 762 νοῦς
431 731 503 766 πρὸς·
520 731 567 766 τὴν
592 731 749 758 ἀκολουθίαν
777 733 951 768 συνήρτηται.

169 778 240 804 Πολὺ
267 777 319 812 γὰρ
344 778 569 813 μεταγενέστερον
588 778 618 804 τὸ
646 778 716 804 κατὰ
741 778 788 813 τὴν
813 779 952 813 Βηρσαόεὲ

170 821 217 848 καὶ
234 821 279 848 τὸν
295 823 396 856 Οὐρίαν
416 822 512 856 ἔργον,
527 821 574 848 τοῦ
594 822 662 849 κατὰ
677 823 722 848 τὴν
741 823 886 857 Ίδουμαϊον
908 823 953 849 τὸν

171 867 249 901 Δωήκ
271 867 344 893 ἐστιν
364 867 394 893 τδ
409 867 540 902 διήγημα.
557 867 641 894 Τοῦτο
662 868 710 902 μὲν
733 868 787 903 γὰρ
809 868 836 894 ὲν
858 868 955 903 ἀρχαῖς

170 912 220 946 τῆς
244 912 291 938 τοῦ
306 912 391 938 Σαοὺλ
403 913 557 947 τυραννίδος
571 913 688 945 ἐγένετο,
711 914 799 939 ἐκεῖνο
814 913 841 940 δὲ
859 913 955 949 μικρὸν

172 957 224 993 πρὸ
239 957 284 983 τοῦ
298 957 389 989 τέλους
401 958 450 992 τῆς
462 958 507 984 τοῦ
522 958 602 984 Δαῧὶδ
614 958 750 993 βασιλείας
763 958 871 994 συνέϐη.
887 959 955 985 Ἀλλ’

116 1024 128 1030 -
170 1003 200 1029 οὐ
225 1002 300 1037 μέλει
316 1002 354 1037 τῷ
378 1003 515 1038 Πνεύματι
534 1003 606 1037 λόγῳ
631 1003 678 1038 τῆς
702 1004 829 1038 χρονικῆς
849 1012 878 1029 τε
907 1005 954 1030 καὶ

171 1048 301 1082 σαρκίνης
315 1047 369 1074 τῶν
383 1048 550 1083 πραγμάτων
566 1048 678 1080 τάξεως.
695 1049 727 1074 Τί
739 1049 793 1083 γάρ
809 1057 843 1084 με
859 1048 955 1075 τοσοῦ-

171 1100 215 1118 τον
241 1092 359 1127 ὀνίνησιν
385 1092 414 1118 ἐν
440 1091 557 1126 πρώτοις
583 1092 614 1118 τὸ
639 1092 709 1119 κατὰ
733 1092 779 1118 τὸν
809 1093 956 1128 ’ἰδουμαῖον

173 1138 277 1173 μαθεῖν,
293 1138 340 1165 καὶ
356 1138 424 1173 μετὰ
447 1137 534 1164 ταῦτα
552 1138 582 1165 τὸ
605 1139 675 1165 κατὰ
694 1139 743 1174 τὴν
757 1140 896 1176 Βηρσαϐεὲ
917 1139 956 1165 δι-

170 1183 300 1219 δαχθῆναι
319 1192 326 1216 ;

206 1229 253 1259 Τίς
266 1229 349 1264 ἀρετὴ
364 1229 407 1255 διὰ
418 1230 513 1255 τούτου
524 1238 531 1260 ;
546 1230 609 1256 ποία
626 1230 693 1265 πρὸς
706 1229 739 1256 τὸ
752 1231 876 1265 κρεῖττον
890 1230 955 1257 ἀνά-

171 1272 263 1305 εαειςς
285 1273 327 1304 τίς
353 1273 421 1310 πρὸς
436 1273 484 1308 τὴν
501 1274 555 1301 τῶν
576 1274 683 1309 ὑψηλῶν
704 1275 856 1310 ἐπιθυμιῶν
881 1275 955 1302 διδα-

173 1318 303 1352 aulico);
329 1319 353 1345 εί
379 1320 407 1346 δὲ
432 1320 522 1354 μαθὼν
538 1320 572 1347 τὰ
590 1320 620 1346 ἐν
643 1320 682 1355 τῷ
704 1321 878 1357 πεντηκοστῷ
904 1331 956 1356 μυ-

173 1364 280 1399 στήρια,
296 1364 345 1391 ὅσα
359 1364 428 1391 κατὰ
439 1365 469 1391 τὸ
486 1365 631 1401 βαθύτερον
644 1366 765 1401 περιέχει
781 1367 795 1393 ὁ
806 1367 893 1400 λόγος,
909 1366 956 1393 καὶ

174 1408 232 1443 μετ’
248 1409 352 1435 ἐκείνου
373 1410 403 1436 τὸ
420 1410 488 1444 πρὸς
505 1409 552 1445 τὴν
572 1411 718 1437 κατάλυσιν
741 1412 788 1438 τοῦ
810 1412 955 1439 ἀντιπάλου

172 1454 247 1480 δοθὲν
288 1455 354 1489 ἡμῖν
385 1455 529 1490 φάρμακον
572 1456 747 1492 διδαχθείην,
781 1457 811 1484 ἐν
840 1458 878 1493 τῷ
907 1459 955 1493 τῆς

174 1499 318 1533 μετανοίας
338 1499 408 1535 λόγῳ
419 1521 426 1532 ,
454 1500 523 1527 ὥστε
543 1501 587 1527 διὰ
601 1501 695 1528 τούτου
711 1511 744 1537 με
767 1503 879 1529 πάντοτε
894 1504 955 1540 νίκῃ

172 1547 205 1580 τῇ
223 1544 292 1571 κατὰ
306 1544 352 1571 τοῦ
371 1546 467 1581 ὲχθροῦ
483 1546 665 1578 συνεθίζεσθαι
682 1556 712 1574 τε
728 1548 775 1574 καὶ
791 1549 958 1584 ἐγγυμνάζε-

174 1591 244 1623 θέαι,
263 1591 400 1626 σχόπησον
423 1592 496 1623 ὅπως
520 1593 675 1627 προσϐαίνω
687 1594 756 1620 κατὰ
771 1593 800 1620 τὸ
816 1594 958 1621 ἀκόλουθον

173 1637 205 1671 τῇ
228 1636 326 1670 ἐφεξῆς
348 1637 443 1669 ἀνόδῳ,
472 1638 549 1672 νίκην
576 1639 608 1664 ἐκ
630 1639 708 1673 νίκης
735 1639 957 1675 μεταλαμῦάνων.

180 1682 383 1717 ’Δναγνὼσομαι
406 1682 433 1709 δέ
449 1692 489 1710 σοι
508 1683 558 1718 τῆς
576 1684 714 1719 ἱστορικῆς
737 1685 891 1720 ἐπιγραφῆς
911 1685 959 1721 τὴν

173 1727 332 1753 ἀκολουθίαν
346 1727 459 1762 ἔχουσαν
475 1728 560 1759 οὕτως
572 1737 578 1742 ·
607 1737 616 1753 ι
630 1729 675 1760 Εἰς
689 1729 718 1755 τὺ
733 1729 809 1761 τέλος
827 1731 959 1762 συνέσεως

174 1772 212 1806 τῷ
226 1773 316 1805 Δαόὶδ,
331 1774 359 1799 ὲν
373 1773 411 1808 τῷ
427 1773 514 1800 ἐλθεῖν
530 1774 609 1809 Δωὴκ
619 1774 664 1801 τὸν
685 1775 840 1810 Ἰδουμαῖον,
854 1776 900 1803 καὶ
914 1777 960 1803 ἀν-

174 1817 297 1850 αγγεῖλαι
312 1817 349 1852 τῷ
369 1818 464 1850 Σαοὺλ,
489 1819 534 1845 καὶ
554 1820 639 1846 εἰπεῖν
661 1820 744 1854 αὐτῷ,
758 1818 859 1847 Ἦλθεν
879 1820 960 1847 ams

174 1863 213 1893 είς
230 1862 275 1888 τὸν
299 1860 372 1889 οἷκον
393 1863 545 1898 Ἅϐιμέλεχ.
565 1873 574 1890 ι
603 1865 641 1891 Δι’
665 1863 703 1892 ὦν
724 1866 894 1901 διδάσκομαι,
919 1867 959 1892 ὅτι

174 1907 252 1934 τοῦτο
266 1908 315 1942 μὲν
335 1909 374 1940 είς
396 1908 427 1934 τὸ
446 1909 520 1940 τέλος
534 1910 583 1943 τῆς
597 1910 674 1945 νίκης
688 1911 759 1945 ἄγει,
776 1912 839 1938 ὅταν
855 1912 960 1944 σύνεσις

175 1954 333 1989 καθηγεῖται
356 1955 403 1981 τοῦ
424 1954 479 1989 βίου
492 1975 500 1986 ,
522 1955 584 1982 καθ’
602 1957 748 1993 ὁμοιότητα
768 1957 814 1984 τοῦ
841 1958 959 1993 μεγάλου

175 2000 263 2026 Δαϐίδ.
286 2001 341 2027 Καὶ
367 2001 426 2027 τότε
442 2001 557 2036 μάλιστα
578 2002 656 2029 λυπῶ
680 2003 726 2029 τὸν
744 2004 823 2039 Δωὴκ
846 2005 891 2031 τὸν
909 2005 960 2040 τῆς

175 2045 244 2079 ἐμῆς
271 2047 406 2082 σωτηρίας
427 2047 575 2083 τύραννον,
595 2049 624 2075 ἐν
648 2048 687 2084 τῷ
711 2050 779 2085 οἴκῳ
795 2050 842 2076 τοῦ
866 2051 960 2086 ἱερέως

175 2091 328 2133 γενόμενος,
351 2092 397 2118 καὶ
409 2092 473 2120 ὅταν
488 2093 607 2128 ἡμιόνων
623 2094 773 2130 ὑπηρέτης,
798 2095 895 2130 μηκέτι
914 2105 960 2131 μοι

175 2137 244 2162 κατὰ
266 2136 409 2171 πρόσωπον
425 2138 628 2172 συμπλέκεσθαι
642 2139 755 2175 δύναμιν
770 2140 850 2176 ἔχων,
872 2142 960 2177 λάθρα

1003 231 1042 258 dit
1055 238 1103 265 per
1118 230 1252 265 psalmum
1271 229 1537 264 quinquagesimum,
1564 235 1618 262 quo
1632 228 1684 254 alia
1702 227 1787 255 victo-

1003 277 1044 302 ria
1069 280 1164 303 contra
1189 275 1374 302 adversarium
1399 275 1478 301 nobis
1503 277 1681 308 praeparatur.
1699 273 1786 301 Nosse

1002 321 1074 348 enim
1091 321 1210 356 seipsum
1233 326 1395 355 expurgare,
1418 319 1491 346 cedit
1508 319 1535 345 in
1560 320 1786 353 prmparationem

1003 371 1029 394 et
1052 366 1333 394 subministrationem
1351 369 1488 400 perpetua:
1511 364 1630 391 victoriae
1651 364 1684 391 ab
1708 365 1787 391 hoste

1003 411 1181 446 reportandte.
1208 411 1273 438 Nam
1300 418 1360 438 cum
1385 411 1412 437 in
1439 410 1491 437 hae
1510 409 1564 436 vita
1589 409 1786 437 indesinentem

1003 458 1104 484 luetam
1138 457 1277 492 suscipere
1303 456 1452 484 debeamus
1477 456 1612 483 adversus
1638 455 1786 490 principem

1003 503 1178 531 tenebrarum
1191 503 1297 534 harum,
1312 506 1339 530 et
1354 502 1487 529 adversus
1498 501 1650 536 spiritualia
1662 501 1789 536 nequitia:

1004 549 1032 575 in
1044 548 1212 580 coelestibus,
1235 555 1352 583 cumque
1377 548 1483 575 unicam
1510 551 1614 574 tantum
1643 546 1787 574 resistendi

1003 593 1147 626 rationem,
1159 601 1256 629 nempe
1268 594 1466 629 pamitentiam,
1476 597 1502 621 et
1513 593 1624 628 quidem
1635 593 1668 620 ad
1679 600 1788 620 omnem

1004 639 1090 667 hostis
1114 640 1267 666 invadentis
1294 639 1502 674 impressionem
1529 639 1688 672 habeamus,
1715 642 1790 666 certe

1004 685 1051 719 qui
1064 685 1109 711 illa
1125 688 1197 712 recte
1210 686 1307 716 utitur,
1326 685 1348 712 is
1365 685 1391 711 fit
1405 689 1553 720 perpetuus
1567 687 1652 712 victor
1667 685 1787 720 perpetui

1004 730 1091 756 nostri
1111 730 1270 757 adversarii.
1292 730 1426 758 Caiterum
1454 731 1576 757 historia:
1594 731 1622 757 in
1639 731 1682 758 his
1706 730 1788 757 etiam

1004 781 1065 809 quze
1076 780 1237 809 sequuntur,
1251 775 1318 802 ordo
1335 783 1388 803 non
1405 780 1521 808 constat,
1541 777 1587 803 scd
1603 777 1678 804 solus
1692 784 1789 804 sensus

1005 822 1069 853 apto
1093 819 1190 846 ordine
1215 827 1354 847 connexus
1371 824 1397 847 et
1425 821 1574 855 dispositus
1588 825 1640 848 est.
1670 820 1737 847 Nam
1762 821 1788 848 id

1005 864 1079 898 quod
1095 872 1158 891 cum
1177 864 1328 892 Bethsabee
1344 869 1370 892 et
1387 865 1451 892 Uria
1468 866 1567 893 accidit
1586 867 1619 899 “,
1640 867 1719 901 longe
1741 875 1789 902 po-

1006 910 1107 938 sterius
1121 914 1173 942 est,
1190 918 1269 945 quam
1291 911 1356 938 illud
1375 911 1409 938 de
1429 911 1502 946 Dueg
1516 912 1642 944 ldumazo,
1657 913 1720 946 quia
1739 913 1790 939 boc

1005 955 1084 982 initio
1101 955 1252 990 tyrannidis
1274 954 1365 984 Saulis
1381 956 1497 989 accidit;
1527 957 1594 983 illud
1622 957 1703 992 paulo
1728 962 1790 984 ante

1006 1001 1086 1028 ﬁnem
1112 1001 1187 1035 regni
1213 1000 1296 1027 David
1309 1001 1348 1028 “z
1375 1002 1422 1028 sed
1447 1002 1603 1036 temporalis
1623 1007 1649 1029 et
1672 1003 1790 1029 carnalis

1006 1054 1096 1073 rerum
1108 1045 1175 1072 ordo
1187 1045 1299 1080 Spiritui
1311 1051 1406 1074 sancto
1421 1054 1475 1073 non
1485 1052 1526 1073 est
1539 1054 1621 1074 curze.
1635 1047 1703 1080 Quid
1717 1048 1789 1074 enim

1006 1092 1131 1119 utilitatis
1153 1091 1215 1118 inde
1234 1091 1267 1118 ad
1294 1100 1336 1119 me
1362 1092 1473 1122 rediret,
1503 1093 1524 1119 si
1547 1093 1663 1127 primum
1682 1093 1788 1127 quidem

1006 1140 1135 1167 edocerer
1148 1147 1189 1171 ea,
1206 1147 1265 1174 quae
1280 1147 1342 1165 cum
1358 1138 1474 1165 ldnmmo
1493 1139 1678 1174 contigerunt,
1696 1143 1789 1173 postea

1005 1184 1062 1215 illa,
1075 1191 1136 1218 quae
1149 1191 1211 1211 cum
1227 1183 1394 1210 Bethsabee?

1041 1230 1107 1263 Quae
1125 1237 1173 1265 per
1187 1229 1245 1256 haec
1259 1229 1346 1256 virtus
1359 1229 1425 1256 mihi
1440 1230 1664 1264 compararetur?
1682 1237 1743 1264 quae
1757 1229 1790 1254 :ul

1006 1275 1119 1302 meliora
1146 1274 1290 1302 ascensio?
1313 1281 1374 1308 qua:
1396 1274 1522 1302 doctrina
1547 1275 1580 1301 ad
1601 1275 1790 1302 sublimiorth

1006 1321 1205 1356 cupiditatem?
1235 1320 1257 1347 si
1290 1328 1355 1347 vero
1384 1320 1486 1348 discam
1514 1321 1541 1348 in
1565 1321 1791 1357 quinquagesimo

1007 1367 1112 1401 psalmo
1130 1367 1269 1402 mysteria,
1289 1367 1385 1402 qntein
1398 1374 1430 1394 eo
1442 1367 1533 1394 abdita
1549 1367 1644 1400 latent,
1659 1371 1685 1393 et
1699 1370 1790 1401 postea

1007 1411 1041 1439 ad
1056 1412 1225 1440 eversionem
1238 1412 1387 1440 adversarii
1401 1411 1495 1439 datum
1515 1412 1593 1440 nobis
1609 1412 1791 1439 medicmnem

1008 1462 1065 1485 tum
1087 1458 1114 1484 in
1131 1458 1178 1485 illo
1198 1458 1364 1492 poenitentia!
1381 1466 1508 1485 sermone
1524 1458 1680 1493 intelligam,
1702 1462 1730 1484 ut
1745 1465 1792 1492 per

1008 1503 1060 1529 hoc
1070 1509 1113 1529 me
1123 1509 1178 1529 sem
1184 1509 1231 1537 per
1243 1503 1363 1529 victoria
1375 1506 1469 1529 contra
1481 1503 1586 1530 hostem
1599 1502 1791 1535 assuefaciam,

1009 1553 1035 1575 et
1049 1548 1075 1574 in
1088 1555 1119 1574 ea
1136 1555 1179 1574 me
1195 1554 1347 1579 exerceam,
1365 1547 1466 1574 mirum
1483 1548 1555 1575 dictu
1568 1552 1620 1579 est,
1633 1555 1713 1583 quam
1729 1552 1793 1582 apto

1009 1597 1037 1621 et
1047 1594 1226 1621 conveniente
1238 1593 1334 1622 ordine
1346 1593 1474 1621 accedam
1488 1594 1520 1621 ad
1534 1597 1690 1628 sequentem
1703 1602 1795 1621 ascen-

1009 1647 1081 1672 sum,
1101 1639 1243 1667 victoriam
1259 1647 1291 1666 ex
1307 1639 1420 1666 victoria
1441 1644 1594 1674 reportans.
1614 1639 1713 1674 Legam
1730 1646 1794 1666 vexo

1011 1684 1057 1710 tibi
1080 1683 1166 1718 ipsam
1186 1683 1324 1710 historicas
1339 1683 1529 1718 inscriptionis
1548 1684 1657 1716 seriem,
1679 1691 1739 1718 qua:
1754 1684 1794 1711 sic

1011 1729 1109 1755 habet:
1132 1728 1180 1754 «In
1203 1728 1283 1755 linem
1305 1728 1460 1756 intellectus
1477 1728 1570 1760 David,
1596 1729 1705 1763 quando
1721 1730 1794 1755 venit

1011 1773 1083 1808 υτ)οε
1095 1773 1238 1805 Ιόυιιιαξυδ,
1255 1777 1281 1800 et
1297 1773 1469 1800 annuntiavit
1482 1772 1556 1800 Sauli
1570 1775 1596 1800 et
1611 1773 1694 1800 dixit:
1715 1772 1795 1800 Venit

1011 1819 1094 1846 liavid
1122 1819 1149 1846 in
1176 1819 1286 1846 domum
1314 1819 1502 1846 Abimelech.».
1527 1819 1633 1852 Quibus
1652 1819 1793 1852 docemur,

1012 1870 1067 1891 tum
1079 1864 1112 1891 ad
1123 1864 1202 1892 linem
1217 1863 1338 1891 victoria:
1354 1864 1501 1898 perveniri,
1518 1864 1628 1898 quando
1640 1864 1794 1892 intellectus

1011 1911 1094 1938 vitam
1109 1911 1177 1946 regit
1189 1910 1337 1937 secundum
1350 1910 1557 1936 similitudinem
1571 1910 1661 1944 magni
1675 1910 1794 1943 Davidis,

1011 1961 1124 1992 tumque
1149 1956 1266 1983 maxime
1291 1955 1400 1983 tristitia
1425 1955 1492 1982 allici
1513 1955 1585 1991 Doeg
1608 1956 1706 1984 salutis
1730 1964 1796 1984 mete

1012 2003 1129 2036 hostem,
1161 2002 1270 2038 quando
1293 2003 1320 2030 in
1349 2003 1430 2030 domo
1462 2002 1611 2030 sacerdotis
1634 2010 1738 2036 versor,
1768 2007 1796 2030 et

1012 2049 1120 2084 quando
1145 2049 1281 2076 mulorum
1310 2048 1427 2076 famulus
1448 2056 1502 2076 non
1516 2048 1633 2083 amplius
1653 2053 1746 2084 aperte
1769 2053 1797 2076 et

1012 2094 1100 2128 palatii
1126 2101 1233 2121 meeum
1250 2094 1377 2129 congredi
1395 2093 1486 2126 audet,
1515 2094 1563 2121 sed
1578 2095 1685 2121 occulte
1698 2098 1795 2121 contra

1012 2147 1055 2166 tne
1075 2139 1190 2167 insidias
1213 2139 1288 2171 texit,
1301 2140 1366 2166 dum
1381 2140 1484 2166 indicat
1507 2140 1530 2166 ei
1543 2140 1589 2174 qui
1605 2140 1705 2167 caedem
1730 2139 1797 2168 mihi

175 2182 234 2208 κατ’
256 2183 322 2217 ἐμοῦ
339 2183 387 2218 τὴν
402 2183 546 2220 ἐπιϐουλὴν
568 2185 740 2220 ἐξαρτύεται,
762 2186 801 2221 τῷ
817 2188 877 2214 κατ’
892 2187 956 2222 ἐμοῦ

1011 2185 1191 2217 machinatur,
1203 2191 1289 2211 meam
1303 2185 1330 2211 in
1343 2184 1495 2211 sacerdotis
1506 2184 1588 2211 domo
1604 2185 1796 2212 commoratio—

175 2227 299 2261 φονῶντι,
325 2230 374 2263 τὴν
400 2229 476 2264 παρὰ
496 2230 535 2265 τῷ
566 2231 633 2266 lapsi
653 2231 789 2268 διαγωγήν
808 2242 858 2267 μου
879 2242 961 2260 κατα-

176 2273 295 2307 μηνύων.
318 2274 400 2308 Δῆλον
415 2275 437 2300 δ’
450 2274 484 2301 ἂν
507 2275 548 2310 εἴη
569 2276 640 2308 τίνες
659 2277 727 2304 εἰσὶν
747 2279 774 2304 αι
792 2278 906 2313 ἡμίονοι,
923 2275 961 2306 ὧν

173 2319 315 2346 ἐπιστατεῖ
330 2317 405 2351 οὗτος
417 2321 430 2346 ὁ
451 2320 606 2356 Ἰδουμαῖος,
621 2322 634 2348 ό
648 2322 698 2357 τὴν
716 2322 819 2357 ἄγονον,
827 2323 961 2358 βουκολῶν

175 2364 265 2398 φύσιν,
279 2365 308 2391 ὲν
356 2365 402 2391 τοῦ
423 2365 489 2397 Θεοῦ
508 2366 524 2400 ἡ
543 2366 653 2400 εὐλογία
669 2368 751 2394 τόπον
766 2369 815 2403 οὐχ
832 2365 922 2404 εὗρεν,
941 2370 960 2404 ἥ

175 2418 256 2443 φησιν
271 2409 300 2442 ἐξ
320 2410 406 2445 ἀρχῆς
428 2411 474 2436 τὸν
488 2410 647 2446 πληθυσμὸν
663 2412 797 2439 ἐντιθεϊσα
814 2414 847 2448 τῇ
863 2414 960 2445 κτίσει,

174 2455 224 2485 ὅτι,
246 2464 254 2480 ι
270 2454 422 2486 Λὺξάνεσθε
442 2455 488 2482 καὶ
503 2456 681 2490 πληθύνεσθε.
699 2467 709 2483 ι
728 2458 764 2484 Οὺ
781 2458 835 2492 γὰρ
852 2459 883 2484 ὲκ
896 2458 963 2485 Θεοῦ

174 2501 188 2526 ὁ
206 2500 364 2536 πληουσμδς
376 2503 409 2536 τῇ
425 2501 509 2537 κακίᾳ.
521 2511 527 2518 ·
549 2503 588 2534 ὡς
601 2503 661 2529 οὐδὲ
676 2503 705 2536 ἐξ
719 2504 841 2539 ἀλλήλων
854 2505 928 2532 ἐστὶν
945 2506 961 2540 ὴ

173 2546 220 2573 τοῦ
235 2546 330 2580 γένους
340 2546 395 2573 τῶν
410 2548 527 2582 ἡμιόνων
544 2549 664 2584 διαδοχὴ,
675 2549 732 2576 ἀλλ’
748 2550 792 2576 ἀεὶ
808 2553 965 2586 καινοτομεῖ

173 2591 205 2617 τὸ
218 2591 318 2626 ζῶονὴ
341 2591 421 2625 φύσις
443 2592 474 2618 τὸ
490 2592 527 2627 μὴ
550 2593 579 2619 ὃν
601 2594 630 2620 ἐν
650 2595 682 2629 τῇ
704 2594 790 2621 κτίσει
808 2594 842 2621 δι’
862 2596 961 2631 ἑαυτῆς

174 2636 424 2671 παρασοφιζομένη,
437 2637 484 2663 καὶ
492 2639 706 2672 παρεισάγουσα.
720 2640 802 2675 Δῆλον
813 2640 841 2666 δὲ
854 2641 961 2673 πάντως

173 2680 217 2707 διὰ
229 2680 282 2706 τῶν
297 2681 449 2715 εἰρημένων
467 2682 525 2708 ἐστὶ
541 2683 608 2717 πρὸς
631 2684 692 2711 τίνα
719 2685 820 2713 σκοπὸν
838 2686 929 2721 βλέπει
946 2688 960 2714 6

173 2724 261 2759 λόγω.
281 2725 312 2751 Et
331 2727 384 2760 γὰρ
402 2727 488 2753 πάντα
512 2727 562 2754 ὅσα
585 2729 711 2764 ἐποίησεν
731 2731 744 2756 ὁ
769 2731 868 2767 Κύριος
891 2732 960 2759 καλὰ

209 2814 232 2832 ⁸⁷
248 2814 271 2843 Π
295 2815 360 2851 Reg.
378 2822 408 2848 tl,
432 2815 449 2842 2
462 2823 521 2850 sqq.
560 2817 582 2831 "‘
599 2816 685 2851 llieg.
700 2826 768 2851 xxii,
790 2820 805 2846 9
826 2828 885 2855 sqq.

1013 2236 1086 2255 nem.
1110 2228 1208 2264 Liquet
1232 2237 1315 2263 porro
1331 2229 1440 2264 quinam
1458 2229 1513 2256 sint
1538 2229 1613 2262 muli,
1630 2230 1730 2264 quibus
1746 2231 1797 2258 iste

1012 2273 1147 2302 ldumzeus
1165 2279 1273 2309 praeest,
1302 2275 1348 2309 qui
1371 2275 1544 2307 infecundam
1578 2276 1650 2302 illam
1672 2281 1796 2303 naturam

1013 2319 1113 2354 pascit.
1131 2320 1156 2346 in
1184 2327 1236 2354 qua
1259 2320 1349 2346 locum
1373 2328 1427 2347 non
1457 2320 1539 2347 habet
1565 2320 1611 2348 Dei
1630 2320 1796 2354 benedictio,

1014 2372 1094 2404 qnpm
1123 2365 1234 2399 protulit
1259 2365 1293 2392 ab
1317 2365 1410 2398 initio,.
1431 2373 1493 2392 cum
1511 2370 1664 2393 creaturam
1692 2367 1718 2393 vi
1738 2375 1798 2394 sese

1013 2410 1210 2445 multiplicandi
1224 2410 1338 2437 donaret
1350 2411 1393 2438 his
1408 2411 1511 2438 verbis:
1532 2421 1541 2436 ι
1553 2411 1675 2439 Crescite
1687 2417 1714 2438 et
1728 2412 1798 2438 mul-

1013 2456 1234 2491 tiplicamini".i
1264 2455 1332 2483 Nam
1363 2456 1554 2491 multiplicatio
1581 2457 1690 2484 malitia:
1707 2464 1721 2483 a
1744 2457 1798 2484 Deo

1011 2509 1066 2529 non
1086 2502 1277 2536 proﬁciscitur.
1296 2501 1388 2536 Itaque
1403 2510 1492 2536 neque
1510 2510 1541 2529 ex
1555 2510 1585 2529 se
1597 2507 1692 2529 mutuo
1710 2502 1799 2529 mulo-

1011 2556 1071 2575 rum
1089 2556 1174 2582 genus
1191 2547 1326 2579 nascitur,
1343 2548 1390 2575 sed
1406 2552 1502 2574 natura
1521 2555 1628 2582 semper
1646 2555 1715 2575 nova
1730 2555 1798 2582 qua-

1013 2595 1075 2622 dam
1097 2594 1201 2622 ratione
1221 2597 1383 2629 progenerat
1403 2595 1455 2620 hoe
1474 2594 1586 2624 animal,
1611 2593 1636 2620 id
1659 2593 1795 2623 videlicet,

1014 2640 1087 2675 quod
1102 2641 1129 2668 in
1145 2645 1242 2667 natura
1261 2648 1315 2667 non
1328 2644 1379 2671 est,
1396 2643 1493 2675 suopte
1505 2639 1612 2674 ingenio
1631 2638 1708 2673 quasi
1724 2646 1798 2666 com-

1014 2686 1164 2714 miniscens
1181 2689 1208 2713 et
1225 2686 1453 2721 superinducens.
1472 2685 1509 2712 Ex
1525 2684 1605 2712 dictis
1630 2688 1719 2711 autem
1737 2691 1798 2710 om-

1012 2732 1078 2760 nino
1104 2732 1277 2767 perspicuum
1310 2731 1439 2764 arbitror,
1466 2738 1597 2767 quorsum
1624 2729 1680 2757 hac
1705 2729 1798 2756 tendat

943 2821 964 2837 "
978 2821 1044 2848 Gen.
1063 2829 1082 2855 ι,
1096 2821 1142 2847 9.8.
