1986 3080
228 125 280 153 565

861 123 889 151 S.
910 121 1073 151 GREGORII
1088 121 1234 150 NYSSENI

1793 117 1825 143 5ίῖ
1832 117 1842 143 ί

229 183 332 210 oratio:
357 180 381 208 si
406 180 476 208 enim
501 179 592 207 omnia
616 187 676 214 qua:
692 178 822 207 Dominus
844 179 918 211 fecit,
940 178 1010 206 bona

1067 177 1130 210 λίαν,
1151 178 1168 213 ή
1193 178 1220 204 δὲ
1244 178 1354 213 ἡμίονος
1378 177 1430 210 ἔξω
1450 177 1497 204 τοῦ
1514 176 1663 210 καταλόγου
1685 176 1739 203 τῶν
1762 177 1790 203 ἐν
1812 179 1843 211 τῇ

229 227 306 254 valde
320 231 394 258 sunt,
417 226 508 253 mulus
530 233 594 253 vero
615 229 692 253 extra
714 232 826 252 censum
851 228 878 252 et
895 224 1012 251 classem

228 280 322 299 eorum
342 275 394 303 est,
412 279 473 306 qua:
493 272 520 298 in
537 271 673 299 creatione
694 274 757 298 sunt
769 269 888 301 condita,
905 268 1012 304 perspi-

228 326 310 345 cuum
327 325 392 345 sane
409 318 449 349 lit,
463 317 496 344 ad
513 317 642 344 malitiam
659 316 899 344 demonstrandam
913 322 1011 342 nomen

229 363 280 390 hoc
292 371 307 389 a
319 371 397 391 sacra
413 363 527 390 historia
548 365 706 397 usurpatum
724 369 794 389 esse.
810 361 903 396 Neque
926 368 941 388 a
959 359 1012 387 Deo

228 409 313 443 igitur
335 408 516 436 substantiam
539 407 629 441 habet,
648 415 736 442 neque
751 415 813 435 eum
831 407 859 434 fit
880 415 912 435 eo
932 407 1012 434 modo

230 461 285 488 quo
312 453 350 485 fit,
372 451 473 480 sufﬁcit
497 453 556 488 ipse
573 453 624 480 sibi
643 461 690 488 per
703 460 780 480 suam
807 452 1011 480 subsistentiam

230 499 264 526 ad
279 499 318 527 sui
334 499 580 526 conservationem.
595 499 827 532 Quemadmodum
839 499 910 526 enim
926 497 1013 524 mulo-

230 553 290 572 rum
305 550 402 572 natura
428 546 545 579 seipsam
566 553 613 579 per
636 545 754 579 seipsam
782 552 835 571 non
857 547 1011 575 conservat,

231 590 270 617 sic
284 597 371 624 neque
388 589 489 616 malitia
509 590 626 624 seipsam
646 590 769 616 durando
786 595 949 616 conservare
966 595 1012 622 po-

231 638 293 661 test.
306 633 358 660 Sed
372 639 503 669 perpetuo
511 642 543 660 ex
555 634 608 660 alio
619 635 745 669 quopiam
759 634 890 666 exoritur,
902 633 1012 668 quando

230 680 275 706 illa
291 681 399 707 excelsa
413 684 440 707 et
458 680 586 707 volubilis
604 681 702 707 anith
717 685 818 707 nostra?
834 688 897 715 pars
915 680 947 707 ad
963 687 1013 707 cu-

230 725 367 757 piditatem
384 729 499 753 terrena:
515 730 542 753 et
565 726 731 754 irrationalis
753 726 954 760 coniunctionis
966 727 1013 755 de-

232 771 342 798 labitur.
361 771 431 806 Ergo
454 771 605 806 alienigena
625 772 670 799 ille
691 771 774 807 Doeg,
795 772 907 800 nuntius
922 772 1013 801 Saulis

231 821 325 843 contra
342 816 481 848 Davidem,
500 816 638 844 infecundi
651 818 741 852 gregis
757 818 892 845 mulorum
908 823 1011 853 pastor,

229 863 300 890 alius
314 870 368 890 non
384 867 436 895 est,
452 871 533 898 quam
548 863 636 891 malus
653 864 775 898 angelus,
791 864 837 898 qui
860 871 907 899 per
923 864 1013 892 varias

231 909 336 944 peccati
364 909 532 942 affectiones,
559 917 646 944 genus
672 910 822 937 humanum
849 910 882 937 ad
911 911 1015 938 scelera

232 955 376 989 pertrahit,
391 956 438 988 qui
454 956 565 991 quando
580 956 676 983 viderit
691 956 808 991 aliquem
821 964 882 984 esse
895 957 922 984 in
934 957 1015 984 domo

230 1001 289 1028 veri
309 1002 471 1032 sacerdotis.
491 1009 608 1036 eumque
624 1002 743 1029 stimulis
759 1001 896 1029 mulorum
917 1009 1015 1036 percu-

231 1050 289 1073 tere
312 1047 475 1081 nequiveril,
499 1051 564 1074 tunc
588 1047 697 1074 nuntiat
720 1047 747 1074 id
771 1047 885 1082 principi
907 1047 1016 1074 malitia:

231 1092 347 1127 spiritus
371 1093 511 1127 operantis
534 1093 561 1119 in
580 1093 642 1120 filiis
667 1092 833 1120 diffidentiae.
852 1092 901 1120 llle
924 1097 1014 1120 autem

232 1138 295 1165 altis
321 1137 459 1165 radicibus
486 1139 565 1171 actis,
590 1142 620 1166 ut
642 1139 712 1166 oliva
730 1138 870 1166 fructifera
890 1139 916 1166 in
935 1139 1015 1166 domo

231 1181 349 1214 Domini,
370 1182 431 1210 illos
445 1185 540 1209 contra
556 1186 702 1218 tyrannum
721 1183 839 1211 instituit
863 1190 1014 1215 sermones,

232 1235 302 1261 quos
319 1227 345 1254 in
363 1228 468 1262 psalmo
482 1228 647 1259 audivimus,
662 1236 724 1255 cum
740 1229 794 1255 ait:
815 1237 824 1254 ι
835 1228 903 1261 Quid
919 1228 1015 1263 gloria-

232 1274 271 1300 ris
289 1274 316 1300 in
340 1273 455 1306 malitia,
480 1273 526 1308 qui
551 1278 648 1308 potens
665 1281 694 1301 es
709 1275 736 1301 in
755 1274 914 1309 iniquitate?
929 1274 1014 1308 Cujus

231 1318 324 1353 lingua
345 1323 397 1352 est,
423 1320 495 1346 sit-ut
521 1319 653 1346 novacula
676 1325 766 1350 acuta,
780 1329 789 1345 ›
811 1319 932 1354 spolians
955 1327 1013 1351 eos,

231 1372 302 1399 quos
318 1365 448 1399 tetigerit,
471 1365 574 1392 honore
589 1369 615 1393 et
634 1365 732 1392 decore
754 1365 880 1397 crinium,
906 1365 1015 1392 abscin-

231 1410 354 1445 densque
369 1415 471 1444 septem
495 1410 557 1438 illos
572 1410 732 1444 capillorum
754 1418 851 1442 nexus,
872 1411 898 1437 in
915 1411 1015 1445 quibus

230 1456 321 1483 omnis
342 1458 430 1483 virtus
457 1456 569 1483 residet.
597 1456 736 1491 lntelligis,
767 1456 874 1491 opinor,
902 1464 935 1483 ex
955 1457 1015 1491 ipso

1063 223 1150 248 κτίσει
1162 223 1312 256 γεγονότων
1322 222 1405 254 ἐστὶν,
1416 221 1492 257 δῆλον
1503 221 1536 247 ἂν
1548 221 1602 256 εἴη,
1615 221 1656 248 ὃτι
1668 220 1736 256 πρὸς
1748 221 1844 252 κακίας

1063 267 1173 301 ἔνδειξιν
1193 267 1222 293 τὸ
1240 267 1325 302 ὄνομα
1339 268 1418 293 τοῦτο
1441 266 1493 293 ὑπὸ
1510 267 1558 302 τῆς
1578 266 1696 301 ἱστορίας
1715 266 1844 301 παρείλη-

1064 321 1138 340 πται.
1156 312 1224 339 Οὔτε
1239 314 1271 339 ἐκ
1285 312 1352 339 Θεοῦ
1366 311 1412 339 οὖν
1426 313 1474 348 τὴν
1486 312 1600 346 ὕπαρξιν
1613 312 1679 347 ἔχει,
1695 310 1755 338 οὔτε
1772 320 1845 345 γενο-

1065 359 1132 393 μένη
1148 358 1185 390 ὡς
1203 358 1306 392 γίνεται
1317 358 1422 393 διαρκεῖ
1438 360 1471 394 τῇ
1484 357 1630 384 ὑποστάσει
1647 357 1715 392 πρὸς
1725 358 1755 383 τὸ
1770 357 1844 383 ἴδιον.

1069 405 1112 435 Ὡς
1143 404 1196 440 γὰρ
1225 404 1255 431 οὐ
1282 405 1407 439 συντηρεί
1437 403 1470 430 δι’
1503 404 1601 438 ἑαυτῆς
1625 403 1757 438 ἑαυτὴνὴ
1787 402 1840 429 τῶν

1065 451 1182 486 ἡμιόνων
1199 451 1295 484 φύσις,
1314 450 1399 481 οὕτως
1420 449 1481 476 οὐδὲ
1497 450 1512 484 ἡ
1537 449 1620 476 κακία
1639 449 1713 484 μένει
1731 447 1801 475 κατὰ
1815 448 1846 474 τὸ

1063 497 1186 532 διηνεκὲς
1201 497 1270 532 αὐτῇ
1293 496 1494 531 φυλασσομένη.
1517 495 1585 522 ἀλλὰ
1607 495 1721 522 πάντοτε
1743 494 1845 528 γίνεται

1065 544 1110 570 ὑπ’
1122 542 1201 570 ἄλλου
1214 542 1427 578 ζωογονουμένη,
1441 543 1505 569 ὅταν
1516 541 1546 568 τὸ
1557 541 1675 574 εὐγενὲς,
1689 541 1736 566 καὶ
1746 540 1846 576 γαῦρον

1063 589 1113 624 τῆς
1131 590 1159 616 ἐν
1176 590 1240 625 ἡμῖν
1254 589 1370 624 φύσεως,
1395 589 1441 616 καὶ
1455 589 1534 624 ταχὺ,
1549 589 1596 614 καὶ
1616 587 1764 622 ὑψαύχενον
1779 587 1846 622 πρὸς

1064 634 1209 669 ἐπιθυμίαν
1226 635 1274 669 τῆς
1287 634 1403 665 ἁνώδους
1417 642 1447 660 τε
1467 633 1515 660 καὶ
1530 633 1626 667 ἀλόγου
1642 632 1771 665 συζυγίας
1783 640 1846 658 κατ-

1064 681 1203 716 ολισθήσῃ.
1228 681 1256 707 '0
1277 680 1363 706 τοίνυν
1382 679 1527 714 ἀλλόφυλος
1544 679 1646 709 ἐκεῖνος
1668 677 1747 713 Δωὴκ
1763 679 1777 704 ὀ
1799 676 1846 704 τοῦ

1065 727 1150 753 Σαοὺλ
1175 726 1244 753 κατὰ
1270 725 1316 752 τοῦ
1339 725 1419 752 Δαῦὶδ
1441 725 1585 760 γενόμενος
1609 723 1740 758 ἄγγελος,
1766 723 1781 749 ὁ
1799 723 1846 756 τῆς

1063 774 1161 807 ἀγόνου
1186 773 1286 808 ἀγέλης
1309 772 1364 799 τῶν
1387 772 1505 808 ἡμιόνων
1520 772 1628 806 νομεὺς,
1642 770 1693 797 οὐκ
1709 770 1741 797 ἂν
1755 769 1847 804 ἔτερος

1065 820 1106 854 εἴη
1125 818 1198 854 παρὰ
1210 818 1255 845 τὸν
1269 818 1384 853 πονηρὸν
1399 816 1523 851 ἄγγελον,
1533 816 1577 842 τὸν
1590 815 1633 841 διὰ
1648 814 1701 841 τῶν
1720 813 1847 840 ποικίλων

1064 865 1114 900 τῆς
1142 865 1277 900 ἁμαρτίας
1300 863 1470 898 παθημάτων
1493 862 1541 897 τὴν
1566 860 1737 896 ἀνθρωπίνην
1759 859 1848 898 ψυχὴν

1066 911 1134 945 πρὸς
1148 910 1178 936 τὸ
1192 910 1276 936 κακὸν
1292 909 1470 943 ἐφελκόμενον
1480 915 1487 922 ·
1512 907 1545 933 ἵν’
1562 907 1626 933 ὅταν
1646 906 1697 942 ἴδῃ,
1715 906 1755 932 ὅτι
1769 905 1796 931 ὲν
1809 904 1849 938 τῷ

1066 948 1131 992 οἴκῳ
1154 956 1201 983 τοῦ
1218 955 1346 990 ἀληθινοῦ
1365 955 1458 990 ἱερέως
1478 954 1567 984 ἐστὶν,
1591 951 1729 979 ἀδυνατῶν
1750 950 1848 986 πλῆξαι

1065 1003 1146 1030 αὑτὸν
1164 1004 1219 1034 τοῖς
1243 1001 1296 1028 τῶν
1318 1001 1437 1036 ἡμιόνων
1457 1000 1656 1034 λακτίσμασιν,
1681 998 1740 1024 τότε
1762 1005 1848 1024 κατα-

1067 1048 1163 1083 μηνύει
1180 1047 1247 1082 πρὸς
1261 1046 1307 1072 τὸν
1321 1046 1436 1081 ἄρχοντα
1452 1045 1501 1079 τῆς
1515 1043 1646 1079 πονηρίας
1663 1042 1710 1069 τοῦ
1727 1041 1850 1076 πνεύμαο

1065 1103 1110 1126 τος
1124 1093 1170 1120 τοῦ
1185 1092 1357 1128 ἐνεργοῦντος
1371 1092 1400 1117 ἐν
1413 1091 1468 1121 τοῖς
1492 1090 1560 1120 υίοῖς
1580 1089 1629 1123 τῆς
1647 1087 1795 1118 ἀπειθείας.
1819 1087 1851 1113 '0

1065 1141 1093 1167 δὲ
1112 1139 1305 1176 ὲῤῥιςωμένος,
1322 1138 1360 1169 ὼς
1379 1136 1455 1163 ὲλαὶα
1476 1135 1652 1170 κατάκαρπος
1674 1134 1703 1160 ὲν
1722 1133 1761 1168 τῷ
1782 1132 1851 1166 οἴκῳ

1065 1186 1112 1213 τοῦ
1125 1185 1202 1213 Θεοῦν
1218 1185 1336 1216 ἐκείνους
1360 1185 1475 1210 ποιεῖται
1498 1181 1567 1209 κατὰ
1583 1180 1629 1208 τοῦ
1642 1179 1772 1215 τυράννου
1787 1179 1850 1209 τοὺς

1065 1232 1177 1266 λόγους,
1200 1231 1246 1262 οὓς
1270 1231 1299 1257 ἐν
1320 1231 1353 1264 τῇ
1379 1228 1522 1264 ψαλμῳδίᾳ
1545 1227 1718 1262 ἠκούσαμεν,
1741 1224 1849 1259 λέγων·

1069 1279 1116 1304 ιΤί
1129 1278 1250 1312 ὲγκαυχᾷ
1265 1277 1293 1302 ὲν
1306 1275 1389 1311 κακίᾳ
1401 1276 1415 1301 ὁ
1427 1274 1537 1306 δυνατὸς
1553 1272 1677 1307 ἀνομίαν,
1691 1267 1721 1298 οὗ
1736 1271 1752 1305 ἡ
1766 1269 1852 1303 γλῶσ-

1068 1333 1100 1350 σα
1115 1325 1179 1350 ὡσεὶ
1196 1323 1275 1358 ξυρὸν
1296 1321 1476 1357 ἠκονημένον,
1497 1329 1506 1345 ι
1519 1317 1559 1350 οἷς
1577 1319 1608 1345 ἂν
1629 1317 1733 1352 ὲπαχθῇ
1749 1317 1852 1342 ἀποσυ-

1066 1371 1148 1398 λοῦσα
1162 1370 1215 1397 τῶν
1227 1369 1327 1404 τριχῶν
1339 1368 1389 1403 τὴν
1400 1367 1575 1401 εὐπρέπειαν,
1591 1365 1638 1391 καὶ
1651 1363 1699 1394 τὰς
1712 1362 1781 1389 ἑπτὰ
1795 1361 1851 1387 τῶν

1067 1417 1220 1452 βοστρύχων
1239 1415 1344 1450 σειρὰς,
1367 1414 1396 1439 ὲν
1420 1410 1463 1444 αἷς
1485 1412 1559 1437 ἐστιν
1583 1411 1599 1445 ἡ
1625 1409 1738 1444 δύναμις
1760 1406 1850 1442 ἡμῶν,

1065 1462 1264 1496 ἁποτέμνουσα.
1281 1459 1358 1490 Νοεῖς
1370 1458 1398 1484 δὲ
1412 1458 1520 1489 πάντως
1535 1458 1566 1483 ὲκ
1583 1456 1631 1490 τῆς
1646 1454 1787 1490 ἑϐδομάδος
1797 1453 1852 1479 τῶν

232 1501 388 1536 septenario
400 1508 524 1533 numero,
545 1500 727 1535 spiritualium
748 1501 936 1528 cincinnorum
951 1509 1014 1529 sen-

1067 1506 1256 1542 πνευματικῶν
1273 1504 1426 1540 βοστρύχων
1439 1504 1489 1538 τὴν
1501 1503 1612 1533 ἔννοιαν,
1627 1500 1719 1532 καθὼς
1737 1499 1852 1531 Ἡσαΐας

231 1553 304 1577 sum,
334 1550 414 1580 prout
438 1545 563 1573 videlicet
585 1545 668 1573 Isaias
691 1545 875 1580 septiformem
901 1547 1014 1581 spiritus

231 1592 346 1625 gratiam
364 1595 507 1618 enumerat
518 1591 553 1623 9°;
571 1591 673 1626 quibus
687 1590 826 1623 abscissis,
846 1595 875 1618 ut
889 1591 1014 1619 Samsoni

231 1635 374 1666 accidit“,
394 1635 517 1670 sequitur
531 1636 673 1662 oculorum
692 1635 820 1663 interitus
840 1640 866 1663 et
887 1636 1013 1671 perditio,

229 1681 340 1715 jamque
364 1682 521 1709 temulentis
544 1686 570 1709 et
584 1681 669 1709 ebriis
686 1682 847 1717 alienigenis
866 1682 1014 1710 ludibrium

231 1727 360 1755 efﬁcitur.

266 1773 390 1801 Postume
404 1773 533 1801 describit
547 1773 618 1808 ejus,
634 1774 680 1809 qui
695 1773 722 1801 in
739 1774 840 1801 malitia
852 1779 949 1809 potens
960 1779 1013 1807 est,

233 1823 311 1847 notas
339 1824 366 1846 ct
394 1819 575 1854 proprietates
597 1829 604 1847 :
622 1820 751 1854 quoniam
776 1828 785 1846 ι
800 1820 872 1848 Deus
893 1821 1015 1848 destruet

233 1865 305 1891 hunc
321 1864 347 1891 in
362 1865 458 1892 linem:
477 1866 550 1892 nun'c
568 1873 632 1892 vero
644 1866 741 1893 evellet
754 1869 782 1892 et
797 1865 940 1900 emigrabit
952 1873 1015 1893 eum

232 1917 248 1937 a
263 1910 353 1937 divino
369 1910 552 1943 habitacula,»
567 1914 594 1938 et
609 1911 642 1938 de
657 1916 729 1939 terra
740 1911 889 1939 viventium
906 1912 1016 1939 exscin-

232 1956 278 1983 det
293 1956 403 1983 malitiae
414 1957 486 1984 illius
498 1961 524 1984 et
542 1957 700 1984 acerbitatis
715 1957 832 1989 radices,
850 1962 876 1985 et
887 1958 913 1985 id
930 1966 1016 1993 genus

233 2002 368 2036 alia,quze
385 2002 508 2036 psalmus
527 2002 572 2028 ille
587 2005 644 2028 toto
660 2009 709 2028 suo
725 2002 843 2030 decursu
858 2004 1016 2038 complecti-

231 2053 287 2080 tur,
303 2049 336 2076 ad
351 2049 476 2076 eumdem
490 2048 571 2076 ﬁnem
586 2049 756 2083 spectantia;
775 2050 875 2084 quibus
889 2055 1017 2078 constan-

231 2095 269 2120 tia
285 2098 312 2120 et
336 2094 471 2121 stabilitas
491 2101 585 2121 eorum
613 2094 762 2128 perficitur,
787 2096 1016 2129 quemadmodum

231 2141 341 2167 divinus
364 2139 402 2166 ait
418 2139 574 2174 Apostolus.
596 2140 642 2174 qui
660 2140 794 2167 «radicati
815 2146 879 2168 sunt
902 2141 929 2168 in
954 2141 1014 2168 fide.

231 2186 288 2221 Ego
300 2186 383 2219 enim,
400 2186 496 2222 inquit.
511 2190 640 2221 tanquam
654 2186 725 2214 oliva
742 2186 882 2215 fructifera
893 2187 920 2214 in
935 2187 1016 2215 domo

232 2231 279 2259 Dei
295 2232 358 2264 mei,
378 2232 484 2267 speravi
503 2232 530 2259 in
546 2232 733 2260 misericordia
749 2231 795 2260 Dei
813 2233 840 2260 in
855 2234 1012 2264 saeculum,»

231 2282 259 2306 et
271 2279 341 2306 ultra
362 2279 412 2306 hoc
434 2279 562 2314 spatium,
580 2279 658 2314 cujus
683 2287 811 2312 mensura
830 2284 871 2306 est
885 2279 1016 2314 inﬁnitas,

232 2325 304 2360 quod
330 2329 408 2352 vocat
436 2325 617 2353 «saeculorum
638 2326 796 2353 saeculum.)
823 2325 964 2361 Simulque
988 2334 1017 2354 se

233 2370 288 2398 Deo
304 2376 446 2405 perpetuas
460 2371 563 2406 gratias
579 2376 704 2398 acturum
719 2372 873 2406 pollicetur,
886 2380 947 2400 cum
963 2373 1016 2400 ait:

235 2417 411 2443 «Conﬁtebor
427 2417 476 2443 tibi
490 2418 516 2444 in
532 2418 660 2444 sarculum
672 2426 695 2443 τι
715 2422 743 2444 ιιι
759 2418 831 2445 enim
850 2419 936 2446 fecisti
950 2414 1031 2445 mihi

232 2462 315 2498 digna
333 2463 480 2497 gratiarum
502 2463 619 2495 actione,
640 2473 648 2488 ι
661 2467 689 2490 et
703 2464 892 2497 exspectabo,r
917 2465 1015 2500 inquit,

236 2516 357 2536 «nomen
380 2512 489 2535 tuumn
517 2509 587 2536 bona
606 2509 647 2537 ést
673 2510 746 2536 enim
770 2509 826 2536 hmc
850 2511 1017 2544 exspectatio

233 2554 337 2582 sanctis
352 2554 417 2582 tuis.
437 2554 670 2587 Quemadmodum
688 2559 779 2582 autem
799 2555 899 2582 diversi
917 2557 1017 2584 coloris

233 2600 363 2634 splendor
378 2600 412 2626 ob
427 2600 551 2628 tinctum
565 2600 735 2633 varietatem,
751 2601 835 2628 variis
850 2602 928 2636 quasi
943 2601 1017 2629 ﬂori-

232 2646 284 2673 bus
298 2645 444 2678 distinctaa,
459 2645 560 2672 sensim
573 2645 606 2672 ad
620 2645 758 2672 diversum
773 2647 894 2674 colorem
907 2649 1015 2682 transit,

233 2691 308 2726 ipsas
325 2698 407 2718 auras
421 2691 544 2717 colorum
565 2691 716 2717 alternante
731 2683 835 2726 fulgore
847 2693 914 2721 scite
931 2695 1019 2729 pictu-

234 2744 317 2765 rans:
346 2737 386 2764 sic
412 2741 439 2763 et
454 2737 545 2764 videre
568 2740 610 2764 est
633 2737 730 2765 psalmi
748 2737 830 2772 hujus
854 2747 952 2769 sensus
969 2749 1016 2769 ex-

268 2826 291 2842 "
307 2826 421 2859 lsai.x1,
437 2827 463 2853 2.
503 2828 524 2843 ³³
539 2826 627 2854 Judic.
640 2835 694 2862 xw,
706 2828 737 2854 “ll
757 2836 816 2864 sqq.

1065 1554 1114 1588 τὴν
1129 1552 1233 1586 ἐπταχῆ
1249 1551 1394 1586 γινομένην
1419 1549 1465 1575 τοῦ
1486 1548 1638 1582 πνεύματος
1652 1546 1731 1582 χάριν
1749 1546 1852 1580 ἀπηρι-

1066 1599 1189 1635 θμήσα-το
1198 1607 1205 1615 ’
1221 1595 1258 1624 ὧν
1273 1596 1495 1632 ἀποτμηθέντων,
1508 1594 1598 1625 καθὼς
1613 1593 1659 1620 ἐπὶ
1674 1592 1720 1619 τοῦ
1731 1592 1853 1627 Σαμψὼν

1067 1645 1176 1679 συνέὗη,
1200 1644 1294 1670 ἕπεται
1317 1643 1371 1669 τῶν
1394 1641 1540 1676 ὀφθαλμῶν
1565 1641 1582 1675 ἡ
1601 1639 1730 1670 ἀπώλεια,
1753 1638 1800 1664 καὶ
1821 1638 1854 1664 τὸ

1067 1690 1241 1724 ὲπιγέλαστον
1258 1688 1326 1715 εἶναι
1343 1689 1397 1719 τοῖς
1410 1686 1577 1721 ἀλλοφύλοις,
1592 1685 1654 1711 ὅταν
1670 1683 1815 1719 μεθύωσιν.

1107 1780 1220 1815 Ἐπάγει
1236 1779 1264 1805 δὲ
1282 1778 1350 1814 μετὰ
1365 1778 1396 1804 τὸ
1409 1778 1504 1807 εἰπεῖν,
1517 1775 1550 1802 δι’
1566 1772 1605 1802 ὧν,
1616 1774 1803 1809 ὑπογράφεται
1817 1772 1854 1799 τὰ

1065 1826 1113 1854 τοῦ
1130 1828 1158 1853 ἐν
1171 1826 1254 1860 κακίᾳ
1269 1823 1381 1852 δυνατοῦ
1398 1823 1543 1858 ἰδιώματα·
1562 1822 1603 1848 ὅτι
1627 1831 1636 1846 (
1652 1821 1665 1846 ό
1681 1819 1744 1850 Θεὸς
1758 1819 1854 1845 τοῦτον

1069 1873 1118 1908 μὲν
1132 1872 1292 1906 καθαιρήσει
1307 1871 1345 1902 εἰς
1360 1870 1436 1901 τέλος
1450 1877 1456 1884 ·
1481 1868 1552 1899 τέως
1565 1867 1593 1893 δὲ
1617 1865 1663 1893 νῦν
1683 1865 1783 1892 ἐκτιλεῖ
1804 1864 1855 1890 καὶ

1069 1918 1265 1954 μεταναστήσει
1287 1917 1340 1943 ἀπὸ
1355 1915 1402 1942 τοῦ
1420 1915 1493 1941 θείου
1508 1912 1697 1948 σκηνώματος,
1714 1920 1723 1936 ι
1749 1910 1797 1936 καὶ
1821 1910 1855 1935 ὲκ

1066 1966 1115 1999 τῆς
1127 1964 1181 1990 τῶν
1195 1963 1302 1995 ζώντων
1316 1962 1367 1997 γῆς
1378 1960 1502 1995 ἀνορύξει
1518 1959 1552 1985 τὰ
1563 1959 1611 1993 τῆς
1626 1957 1757 1993 πονηρίας
1770 1955 1854 1982 αὐτοῦ

1068 2012 1115 2038 καὶ
1129 2010 1242 2044 πικρίας
1256 2007 1407 2044 ῥιζώματα,
1425 2007 1471 2033 καὶ
1486 2007 1535 2032 ὃσα
1548 2004 1652 2035 τούτοις
1668 2003 1738 2030 κατὰ
1750 2002 1780 2029 τὸ
1791 2001 1855 2028 ἀκό-

1067 2056 1158 2083 λουθον
1171 2055 1291 2091 περιέχει
1303 2054 1319 2088 ἡ
1333 2052 1485 2087 ψαλμῳδία,
1498 2051 1565 2086 πρὸς
1575 2051 1623 2085 τὴν
1636 2050 1721 2085 αὐτὴν
1735 2049 1856 2075 διάνοιαν

1068 2102 1214 2136 βλέποντα·
1235 2100 1268 2126 δι’
1283 2096 1320 2125 ὧν
1335 2097 1512 2132 κατορθοῦται
1527 2095 1558 2122 τὸ
1573 2095 1692 2130 βέϐαιον,
1708 2093 1798 2125 καθὼς
1813 2092 1854 2119 εἶ-

1068 2156 1118 2174 πεν
1141 2148 1155 2173 ὁ
1180 2146 1250 2177 θεῖος
1270 2143 1438 2174 Ἀπόστολος,
1454 2142 1508 2169 τῶν
1538 2151 1546 2167 t
1561 2139 1751 2177 ὲῤῥιζωμὲνων
1774 2140 1803 2165 ἐν
1820 2140 1855 2174 τῇ

1069 2193 1174 2220 πίστει.
1195 2190 1264 2225 Ἐγὼ
1278 2190 1341 2225 γὰρ,
1360 2188 1471 2223 »φηςι-ιν,
1486 2197 1494 2212 ί
1505 2187 1569 2214 ὡσεὶ
1584 2187 1662 2213 ἐλαία
1678 2186 1857 2220 κατάκαρπος

1068 2241 1096 2265 ὲν
1112 2238 1151 2274 τῷ
1166 2239 1231 2273 οἴκῳ
1256 2237 1302 2263 τοῦ
1317 2237 1384 2263 Θεοῦ
1404 2244 1464 2270 μου,
1481 2235 1583 2270 ήλπισα
1599 2234 1644 2260 ἐπὶ
1660 2232 1690 2260 τὸ
1710 2232 1785 2264 ἔλεος
1807 2232 1857 2258 τοῦ

1067 2285 1134 2311 Θεοῦ
1149 2285 1189 2315 εἰς
1206 2283 1250 2310 τὸν
1264 2283 1363 2313 αἰῶνα,
1377 2291 1386 2307 ι
1419 2281 1469 2309 καὶ
1481 2280 1510 2306 τὸ
1523 2279 1592 2314 ὑπὲρ
1613 2278 1692 2305 τοῦτο
1706 2278 1857 2312 διάστημα,

1068 2328 1098 2357 οῦ
1122 2331 1218 2365 μέτρον
1236 2329 1311 2355 ἐστὶν
1324 2329 1340 2362 ἡ
1354 2327 1476 2362 ἀπειρία,
1491 2327 1559 2361 ὅπερ
1583 2335 1593 2351 ‹
1609 2325 1714 2352 αἰώνων
1727 2322 1858 2358 ὀνομάζει

1069 2376 1164 2402 αίῶνα.
1183 2385 1191 2401 ι
1213 2375 1258 2401 Ἐν
1283 2373 1369 2408 τούτῳ
1391 2374 1437 2399 καὶ
1461 2372 1510 2407 τὴν
1534 2370 1709 2406 εὐχαριστίαν
1731 2369 1802 2395 κατὰ
1826 2367 1861 2394 τὸ

1070 2422 1155 2448 ἀΐδιον
1178 2420 1216 2455 τῷ
1238 2419 1297 2454 Θεῷ
1313 2419 1465 2455 προσοίσειν
1486 2415 1732 2450 κατεπαγγέλλεται
1747 2414 1836 2448 λέγων
1851 2422 1858 2428 '

1073 2476 1082 2492 ι
1105 2465 1350 2500 Ἑξομολογήσομαί
1366 2473 1406 2491 σοι
1430 2465 1469 2495 εις
1484 2463 1529 2489 τὸν
1550 2463 1645 2489 αἰῶνα.
1663 2470 1671 2487 ι
1690 2461 1726 2486 Σὺ
1740 2460 1794 2496 γάρ
1811 2468 1861 2494 μοι

1071 2513 1104 2539 τὰ
1117 2513 1178 2545 ἄξια
1192 2513 1241 2546 τῆς
1255 2511 1429 2546 εὐχαριστίας
1441 2510 1579 2545 ἐποίησας.
1603 2518 1611 2533 ι
1622 2508 1676 2534 Καὶ
1692 2506 1831 2540 ὑπομενῶ,
1847 2514 1858 2530 ι

1072 2560 1148 2594 φησὶ,
1166 2559 1211 2585 «τὸ
1227 2559 1312 2593 δνομά
1325 2566 1382 2584 σου.
1399 2567 1407 2583 ι
1428 2556 1541 2590 Ἀγαθὸν
1554 2555 1607 2590 γάρ
1622 2556 1694 2580 ἐστιν
1705 2554 1721 2588 ἡ
1734 2551 1862 2587 ὑπομονὴ

1071 2607 1127 2637 τοῖς
1141 2606 1222 2636 ὁσίοις
1247 2613 1302 2630 σου.
1322 2604 1427 2638 ’Ὠσπερ
1444 2602 1473 2628 δὲ
1496 2602 1512 2636 ἡ
1537 2601 1715 2635 πολύχρωμος
1730 2597 1812 2632 αἴγλη
1829 2598 1863 2624 ὲν

1071 2652 1191 2686 διαφόρῳ
1203 2650 1241 2686 τῷ
1255 2650 1304 2684 τῆς
1321 2649 1409 2684 βαφῆς
1421 2647 1494 2674 ἄνθει
1509 2646 1659 2682 λεληθότως
1672 2644 1740 2680 πρὸς
1753 2643 1784 2670 τὸ
1798 2644 1862 2669 ὲτε⁴

1073 2698 1185 2733 ρόχρουν
1199 2696 1363 2732 μεταϐαίνει,
1382 2693 1527 2730 προσφυῶς
1547 2692 1597 2723 τὰς
1611 2691 1698 2726 ἄκρας
1714 2689 1767 2716 τῶν
1783 2697 1863 2724 χρω-

1075 2744 1164 2779 μάτων
1178 2742 1263 2776 αὐγὰς
1279 2741 1407 2777 ἀλλήλαις
1423 2738 1642 2775 καταμιγνύουσα
1656 2746 1662 2753 ·
1684 2735 1769 2767 οὕτως
1785 2733 1864 2760 ἔστιν
