1986 3080
125 100 178 128 565

832 106 865 132 lN
885 105 1048 133 PSALMOS.

1693 102 1745 130 506

129 162 192 190 ἰδεῖν
206 160 256 196 τῆς
271 159 428 195 ψαλμῳδίας
451 159 550 193 ταύτης
573 160 641 186 κατὰ
656 160 685 186 τὸ
703 160 786 196 ἄκρον
799 161 848 196 τὴν
862 161 908 187 τοῦ

974 161 1038 187 remi
1055 160 1132 196 quasi
1146 159 1261 193 radium,
1278 159 1356 187 initio
1367 159 1508 194 sequentis
1525 159 1623 194 psalmi
1635 159 1669 192 ”,
1685 164 1746 187 tan—

128 207 263 242 νοήματος
277 206 384 237 ἀκτῖνα,
399 205 437 240 τῷ
448 206 581 240 προοιμίῳ
590 206 638 240 τῆς
648 206 694 232 τοῦ
709 208 911 242 παρακειμένου

127 252 237 287 ψαλμοῦ
250 251 429 286 λαμπηδόνος,
444 250 477 277 δι’
492 251 637 278 ἀκολούθου
655 253 893 288 προσμιγνυμένην
904 261 910 268 '

127 298 197 324 ὥστε
219 297 358 323 λανθάνειν
379 296 408 322 τὸ
433 296 513 331 μέσον
537 296 654 329 τούτων,
679 297 839 332 αὐτομάτως
863 297 913 332 τῆς

127 342 247 373 διανοίας
262 341 316 368 ἀπὸ
338 341 432 367 τούτου
455 340 523 376 πρὸς
549 341 597 376 τὴν
622 341 802 377 ὑποκειμένην
822 341 912 376 ψαλμ-

128 387 209 422 ῳδίαν
226 386 447 422 καταμιχθείσης.
472 387 501 412 '0
514 386 567 421 γὰρ
588 386 625 417 ὡς
644 386 720 413 ἐλαία
737 387 914 420 κατάκαρπος

131 432 254 468 ριζωθεὶς
268 433 296 458 ὲν
308 431 346 467 τῷ
359 432 424 466 οἴκῳ
441 431 487 458 τοῦ
502 432 580 463 Θεοῦ,
598 432 644 458 καὶ
660 433 689 459 τὸ
706 433 808 466 ἐδραϊὸν
823 441 852 458 τε
866 432 913 459 καὶ

130 479 326 514 ἀμετακίνητον
349 477 394 503 τοῦ
421 477 491 504 κατὰ
510 477 557 512 τὴν
575 478 664 504 πίστιν
683 479 869 513 στερεώματος
885 479 913 503 ὲν

131 523 218 559 ἑαυτῷ
233 522 392 558 βεϐαιώσας.
405 523 451 550 καὶ
463 523 511 558 τὴν
527 523 619 550 ἐλπίδα
634 523 679 550 τοῦ
694 523 764 550 θείου
781 523 869 550 ἐλαίου
881 524 913 550 δι’

131 569 303 604 εὐχαριστίας
320 570 352 604 τῇ
368 569 478 605 ἀπειρίᾳ
495 568 548 595 τῶν
565 569 668 595 αἰώνων
682 570 911 604 συμπαρατείνας,

133 615 210 650 θυμῷ
224 615 323 650 χρῆται
339 615 408 642 κατὰ
431 614 484 641 τῶν
506 615 700 650 ἁφραινόντων,
716 611 753 642 ὧν
769 616 914 650 κεφάλαιον

132 661 180 694 τῆς
194 659 358 695 ἀφροσύνης,
382 660 411 686 τὸ
423 660 468 686 τὸν
484 660 618 695 ἀληθινῶς
634 660 709 694 ὄντα,
726 661 771 688 τὸν
785 661 831 687 ἐπὶ
845 662 914 687 πάν-

133 713 196 736 των,
211 704 257 730 καὶ
270 705 297 730 ὲν
311 705 402 736 πᾶσιν,
418 704 510 730 τοῦτον
529 705 565 740 μὴ
582 703 650 731 εἶναι
664 705 763 740 λέγειν.
781 706 914 733 Τοιούτων

131 749 197 784 γὰρ,
221 749 312 784 φησὶν,
334 749 380 775 καὶ
398 750 522 776 τοιούτων
535 750 618 777 ὄντων
642 751 769 786 (πρῶτον
784 751 830 778 τοῦ
847 751 914 778 Θεοῦ

133 794 249 820 δείκνυσι
268 795 316 828 τὴν
331 795 401 829 ὑπὲρ
415 795 468 821 τῶν
491 795 640 830 ἀνθρώπων
662 796 831 831 προμήθειαν
845 805 852 812 ·
872 798 914 830 ἐφ’

134 835 164 864 οὗ
181 839 211 865 τὸ
224 838 276 865 τῶν
293 839 406 865 ἐλπίδων
421 840 527 874 βέϐαιον
541 839 625 872 οὓτως
645 841 810 876 ἀμετάθετον
832 842 915 874 ἐστιν,

134 885 171 916 ὡς
186 885 223 920 μὴ
239 885 352 920 κάμνειν
364 887 396 920 τῇ
413 885 542 920 ὰῖδιότητι
557 886 609 913 τῶν
631 887 746 920 αἰώνων,
768 888 813 914 τὸν
836 888 917 914 πόθον

136 930 390 969 συνεκτεινόμενον),
404 930 462 962 πῶς
477 941 486 956 ι
507 930 582 964 λέγει
596 933 609 958 ό
625 932 718 968 ἄφρων
731 935 759 960 ἐν
774 935 805 969 τῇ
821 934 917 970 καρδίᾳ

135 975 235 1000 αὑτοῦ·
260 975 316 1001 Οὐκ
341 976 398 1002 ἔστι
424 976 508 1008 Θεός;
533 977 716 1013 διεφθάρησαν
741 979 787 1005 καὶ
809 979 917 1005 ἐϐδελύ-

135 1018 249 1054 χθησαν,
270 1029 279 1045 ι
306 1021 334 1047 ἐν
349 1022 404 1052 τοῖς
422 1020 549 1053 τοιούτοις
570 1023 618 1058 τῆς
639 1022 756 1054 διανοίας
777 1024 916 1060 ἐπιτηδεύυ

137 1070 230 1096 μασιν.

170 1107 260 1142 Φθορά
280 1109 334 1143 γάρ
358 1111 431 1136 ἐστιν
447 1110 484 1141 ὡς
501 1111 607 1145 ἀληθῶς
620 1132 627 1144 ,
655 1112 702 1138 καὶ
727 1113 846 1145 διάλυσις
871 1115 918 1141 τοῦ

137 1153 310 1186 συνεστῶτος,
328 1155 343 1189 ἡ
362 1155 408 1181 τοῦ
421 1155 503 1186 liv-tm;
518 1156 592 1188 ὄντος
609 1158 774 1190 ἁπόπτωσις.
792 1159 853 1191 Πῶς
866 1159 919 1195 γὰρ

137 1199 169 1226 ἄν
184 1208 224 1231 τις
238 1201 266 1226 ὲν
279 1200 317 1235 τῷ
332 1199 399 1227 εἶναι
413 1201 465 1236 εἴη,
481 1202 518 1237 μὴ
531 1203 560 1228 ὲν
575 1202 612 1238 τῷ
628 1202 684 1230 δντι
698 1204 750 1238 ιτ)ν;
775 1204 837 1236 Πῶς
852 1205 874 1231 δ’
887 1205 919 1232 ἄν

137 1255 177 1278 τις
190 1246 261 1281 μένοι
277 1248 304 1273 ἐν
315 1247 352 1282 τῷ
368 1248 433 1279 ὄντι,
447 1249 483 1282 μὴ
498 1249 630 1275 πιστεύων
645 1250 684 1285 τῷ
698 1250 763 1282 ὄντι,
777 1251 817 1276 ὅτι
833 1251 919 1283 Ξστιν;

143 1292 173 1318 ’0
192 1293 220 1318 δὲ
233 1292 338 1328 ἀληθῶς
361 1293 409 1324 ὢν,
423 1294 488 1325 Θεὸς
505 1295 562 1320 ἐστι
580 1295 697 1328 πάντως,
712 1296 802 1327 καθὼς
816 1297 854 1332 τῷ
870 1306 920 1332 με·

138 1338 212 1373 γάλῳ
228 1339 322 1365 Μωσεί
335 1340 351 1374 ἡ
366 1340 481 1366 ὀπτασία
497 1341 546 1375 τῆς
568 1340 723 1375 θεοφοινείας
742 1343 919 1378 μαρτύρεται.

144 1384 173 1409 '0
187 1382 232 1410 οὖν
247 1384 383 1411 ἐκϐάλλων
406 1385 454 1420 τῆς
478 1386 573 1412 ἑαυτοῦ
596 1386 713 1419 διανοίας
737 1388 781 1415 τοῦ
807 1389 874 1416 Θεοῦ
892 1390 921 1416 τὸ

138 1427 216 1461 εἶναι,
231 1430 262 1455 ἐκ
274 1430 320 1456 τοῦ
335 1431 436 1456 ἐκεῖνον
453 1431 490 1466 μὴ
504 1429 572 1458 εἶναι
585 1431 683 1466 λέγειν,
699 1433 794 1460 ἑαυτοῦ
808 1435 838 1460 τὸ
852 1433 922 1461 εἶναι

139 1475 298 1511 διέφθειρεν,
313 1475 364 1508 ἔξω
375 1476 419 1502 τοῦ
431 1476 506 1508 ὄντος
519 1477 669 1512 γενόμενος.
681 1478 729 1505 Διὰ
739 1479 817 1506 τοῦτό
829 1489 919 1516 φησιν,

140 1521 249 1556 Ἐπειδὴ
260 1522 313 1548 ἀπὸ
325 1521 372 1548 τοῦ
386 1521 452 1549 Θεοῦ
464 1523 611 1556 ἐξέκλιναν,
622 1534 631 1550 ‹
642 1525 720 1557 εὐθὺς
735 1525 923 1562 ὴχρειώθησαν

140 1568 164 1594 οἱ
178 1567 286 1599 πάντες,
298 1577 306 1593 ι
331 1567 386 1595 οἷόν
405 1576 432 1594 τι
447 1568 544 1601 σκεῦος
557 1569 717 1605 ἀπόϐλητον,
733 1572 923 1605 καταγνωσθὲν

140 1613 300 1648 ἀχρηστίαν.
323 1614 360 1640 Τὸ
382 1613 410 1639 δὲ
433 1613 471 1649 τῷ
494 1614 568 1649 καλῴ
583 1614 727 1651 ἄχρηστον,
745 1617 793 1652 τὴν
811 1617 879 1652 πρὸς
894 1617 924 1643 τὸ

141 1658 224 1685 κακὸν
238 1659 451 1694 ἐπιτηδειότητα,
472 1659 514 1686 διὰ
535 1660 584 1695 τῆς
600 1662 668 1696 πρὸς
688 1662 717 1687 τὸ
734 1663 855 1697 κρεῖττον
877 1663 925 1689 ἀν-

142 1704 301 1739 αρμοστίας,
318 1705 410 1738 σαφῶς
426 1705 614 1733 ἐπιδείκνυσιν.
637 1707 712 1732 Ἐπεὶ
724 1705 770 1734 οὖν
784 1707 826 1734 διὰ
841 1707 925 1734 ταῦτα

142 1751 156 1776 ὁ
170 1749 271 1784 Κύριος
298 1759 306 1775 ι
322 1750 354 1776 ἐκ
368 1750 413 1776 τοῦ
436 1751 550 1786 οὐρανοῦ
575 1751 620 1778 ἐπὶ
643 1752 704 1783 τοὺς
722 1752 796 1784 υἱοὺς
812 1752 865 1779 τῶν
881 1753 926 1779 ἀν-

143 1793 259 1828 Θρώπων
277 1794 401 1829 διέκοψεν
414 1803 421 1810 '
438 1804 447 1820 ›
473 1796 487 1822 ὁ
502 1795 530 1822 δὲ
546 1795 665 1827 τοιοῦτος
679 1796 756 1830 λόγος
773 1796 821 1832 τὴν
837 1798 866 1823 ὲν
879 1798 925 1824 ἁν-

143 1839 261 1874 ορὼποις
282 1839 329 1867 τοῦ
346 1840 449 1875 Κυρίου
464 1841 684 1876 συναναστροφὴν
703 1842 864 1877 προμηνύει,
882 1843 926 1870 ὅτε

143 1886 198 1916 τοῖς
224 1885 492 1920 προκαθηγουμένοις
515 1886 582 1920 πρὸς
601 1886 651 1921 τὴν
666 1887 794 1914 ἀπιστίαν
817 1889 872 1919 τοῖς
889 1888 926 1914 ἱε-

146 1931 235 1965 ρεῦσίν
256 1939 285 1957 τε
302 1931 348 1958 καὶ
361 1931 516 1966 Φαρισαίοις
542 1931 588 1957 καὶ
612 1932 831 1966 γραμματεῦσιν,
855 1932 927 1960 ἅπαν

144 1977 344 2012 ἐπηκολούθησε
361 1977 391 2004 τὸ
405 1977 523 2012 ὑπήκοον
536 1984 542 1992 ·
567 1978 665 2003 ἐκεῖνοι
679 1977 733 2013 γὰρ
749 1976 816 2013 ἦσαν
831 1978 855 2004 et
873 1980 928 2010 τοῖς

145 2023 315 2058 βλασφήμοις
328 2023 430 2049 ἑαυτῶν
445 2022 534 2049 ὀδοῦσι
548 2023 593 2049 τὸν
609 2023 671 2063 λαὸν
685 2024 886 2059 σπαράσσοντές
898 2033 927 2051 τε

145 2070 192 2095 καὶ
213 2069 388 2100 διεσθίοντες·
406 2069 450 2097 διὰ
462 2069 539 2096 τοῦτό
555 2078 647 2105 φησιν,
661 2071 702 2096 ὅτι
731 2080 740 2096 ε
757 2071 829 2097 Ἐκεῖ
845 2071 929 2106 φοϐη-

145 2113 272 2150 θῂσονται
296 2113 388 2147 φόϐον,
405 2110 434 2140 οὗ
449 2115 498 2140 οίικ
513 2111 546 2149 ἦν
560 2114 656 2148 φόϐος,
681 2115 706 2141 οἱ
729 2115 861 2148 ἐσθίοντες
884 2115 929 2142 τὸν

145 2161 207 2187 λαόν
221 2169 272 2196 μου
288 2160 387 2196 βρώσει
403 2160 498 2195 ἄρτου,
512 2169 521 2186 ι
546 2160 637 2195 ὅμοιον
654 2160 804 2195 πάσχοντες
820 2161 858 2196 τῷ
877 2161 921 2189 πά-

981 2159 1159 2187 devorabant.
1188 2157 1224 2184 Ea
1250 2156 1283 2184 de
1312 2163 1395 2183 causa
1424 2155 1462 2182 ait

146 2206 187 2233 θει
203 2207 256 2233 τῶν
274 2206 500 2241 ὐδροφοὸούντων.
517 2203 563 2237 Οἷς
577 2206 603 2233 st
621 2215 678 2238 πως
700 2206 826 2242 δυνηθείη
841 2215 930 2242 παρα-

145 2253 273 2288 δεχθῆναι
297 2253 326 2279 τὺ
342 2252 414 2287 ὕδωρ
426 2273 434 2285 ,
459 2252 600 2287 ίαματικὺν
626 2252 700 2278 ἔσται
716 2252 762 2278 τοῦ
777 2252 878 2284 πάθους
892 2252 931 2288 τῷ

147 2299 301 2334 κάμνοντι·
328 2297 396 2325 ἀλλὰ
427 2297 571 2332 φοϐούνταί
597 2306 656 2329 πως
680 2298 711 2323 τὸ
735 2297 780 2324 ἐπὶ
810 2298 931 2333 σωτηρίᾳ

148 2345 338 2381 προκείμενον,
360 2344 406 2371 καὶ
418 2343 620 2380 ἀλλοτριοῦντσι
633 2343 680 2370 τοῦ
697 2343 837 2376 σώζοντος,
857 2344 932 2379 φόϐῳ

146 2391 193 2417 τοῦ
209 2392 246 2426 μὴ
259 2389 405 2417 ἀπολέσθαι
421 2389 666 2422 κατασκευάζοντες
678 2390 784 2421 ἑαυτοῖς
796 2389 845 2424 τὴν
859 2389 931 2416 ἀπώ-

147 2436 231 2462 λειαν.
249 2435 341 2467 Οὕτως
358 2436 489 2468 κάκεῖνοι,
500 2436 549 2471 τῆς
559 2435 650 2471 πηγῆς
660 2435 750 2466 αὐτοῖς
772 2434 909 2470 ἐκϐοὼσης
923 2444 930 2450 ·

151 2490 160 2506 ι
174 2479 208 2507 EE
223 2489 265 2512 τις
281 2480 355 2515 διψᾷ,
371 2479 491 2516 ἐρχέσθω
514 2479 581 2514 πρὸς
605 2479 654 2514 μὲ,
679 2480 725 2506 καὶ
747 2479 856 2512 πινέτω,
872 2489 880 2505 ι
897 2481 931 2515 τῇ

147 2526 233 2562 λύσσῃ
247 2526 294 2561 τῆς
311 2526 439 2557 ἀπιστίας
461 2524 723 2561 προκατειλημμένοι
737 2525 770 2552 τὰ
782 2525 830 2560 τῆς
843 2525 931 2560 ψυχῆς

149 2572 324 2607 αἰσθητήρια,
338 2570 483 2606 ἐφοϐοῦντο
503 2570 595 2605 φόϐον,
617 2568 647 2597 οὗ
667 2571 717 2597 οὐκ
731 2568 765 2606 ἦν
785 2571 882 2604 φόϐος,
901 2571 931 2597 τὸ

149 2618 230 2645 ποτὸν
242 2618 291 2652 τῆς
305 2617 440 2652 σωτηρίας
455 2615 695 2651 ἀποστρεφόμενοι,
710 2616 760 2642 οὐκ
771 2617 879 2649 εἰδότες,
892 2617 932 2643 ὅτι

149 2664 178 2690 ὲν
195 2663 274 2697 γενεᾷ
286 2662 396 2688 δικαίων
410 2663 423 2687 ὁ
436 2661 501 2692 Θεὸς
517 2661 629 2694 γίνεται,
645 2662 659 2687 ὁ
673 2661 759 2692 διδοὺς
772 2661 803 2687 ἐκ
820 2661 887 2688 Σιὼν
903 2661 933 2687 τὸ

151 2709 283 2745 σωτήριον
297 2708 335 2743 τῴ
354 2707 471 2743 Ἰσραὴλ,
485 2707 531 2734 καὶ
547 2706 595 2742 τὴν
607 2706 795 2742 αἰχμαλωσίαν
807 2707 852 2734 τοῦ
867 2707 932 2734 λαοῦ

192 2798 213 2813 ’²
225 2798 297 2826 Psal.
312 2807 358 2826 LII.
396 2799 418 2815 ⁰³
430 2798 508 2825 Joan.
529 2805 576 2830 vn,
592 2797 636 2824 57.

937 1501 958 1529 C

963 214 1043 241 quam
1071 207 1189 234 lucernae
1207 205 1401 240 consequentia
1423 205 1551 240 quadam,
1577 205 1694 232 allucerc
1719 210 1744 232 et

962 253 1131 288 permisceri,
1161 256 1190 278 ut
1220 251 1347 284 medium,
1382 251 1454 286 quod
1481 251 1657 286 interjicitur,
1691 259 1745 279 non

963 302 1102 332 appareat,
1123 301 1220 331 sponte
1241 304 1291 324 sua
1309 296 1400 324 animo
1414 296 1448 323 ab
1469 297 1520 324 hac
1545 297 1578 324 ad
1594 297 1744 332 subjectatu

963 343 1141 378 psalmodiam
1166 342 1316 369 delabentc.
1333 341 1385 374 Qui
1406 343 1478 369 enim
1494 345 1523 368 ut
1537 342 1607 369 oliva
1623 342 1697 370 ferax
1718 343 1744 370 in

963 389 1045 415 domo
1064 387 1169 414 Domini
1197 387 1300 414 radices
1322 387 1389 419 ﬁxit,
1409 388 1545 422 lixumquc
1569 388 1636 415 illud
1651 392 1678 416 et
1694 388 1745 416 im-

964 438 1066 459 motum
1085 431 1145 459 ﬁdei
1163 431 1362 459 ﬁrmamentum
1383 431 1434 459 sibi
1450 432 1627 465 comparavit,
1649 436 1676 460 et
1699 434 1745 467 qui

964 485 1039 512 spem
1056 472 1140 505 divini
1156 478 1209 505 olei
1228 485 1276 512 per
1289 477 1437 511 gratiarum
1453 477 1587 503 actionem
1603 477 1637 505 ad
1657 477 1745 504 infini-

964 527 1046 550 tatem
1059 523 1220 550 saeculorum
1235 522 1369 555 extendit,
1382 523 1406 550 is
1422 522 1562 550 iracundia
1577 523 1602 549 in
1615 522 1746 558 insipien-

964 573 1006 596 tes
1020 569 1181 600 exardescit,
1200 576 1315 603 quorum
1331 568 1493 603 insipientia;
1508 572 1590 603 caput
1606 573 1657 600 est,
1672 575 1747 595 asse.

964 623 1024 642 rere
1042 623 1102 642 eum
1117 622 1170 642 non
1185 623 1256 647 esse,
1339 622 1401 642 vere
1412 619 1463 647 est,
1480 619 1506 642 et
1521 622 1603 649 super
1616 622 1710 642 omnes
1722 619 1747 641 «ιι

965 661 992 687 in
1008 661 1146 688 omnibus.
1164 660 1231 687 Cum
1247 660 1319 688 enim
1337 664 1375 687 tot
1390 665 1416 687 et
1432 660 1495 686 talia
1512 660 1577 690 sint.
1600 660 1699 695 inquit,
1715 668 1746 686 ex

965 707 1063 741 quibus
1077 706 1122 734 Dei
1138 711 1234 733 natura
1251 706 1388 741 colligitur
1405 705 1536 740 (primum
1557 705 1602 733 Dei
1617 713 1681 741 erga
1700 706 1743 732 lm-

965 752 1053 778 mines
1072 751 1240 778 demonstrat
1264 749 1470 784 providentiam,
1500 750 1543 776 cui
1564 750 1621 784 spei
1648 754 1747 777 nostrae

969 797 1169 824 ﬁrmamentum
1196 795 1265 822 adeo
1293 795 1468 822 immobiliter
1485 795 1621 826 innilitur,
1641 799 1670 821 ut
1693 803 1747 821 non

968 842 1106 876 fatigetur,
1131 841 1240 876 quando
1255 840 1392 867 desiderio
1413 847 1464 868 suo
1485 844 1571 866 totum
1589 841 1749 867 aeternitatis

968 888 1099 916 ambitum
1127 886 1329 921 amplectitur),
1350 885 1485 921 quomodo
1504 895 1512 911 ‹
1529 885 1593 913 dicit
1618 886 1749 920 insipiens

968 935 996 962 in
1011 933 1093 962 corde
1108 941 1160 960 suo
1174 942 1180 960 :
1198 932 1256 959 Non
1269 935 1311 959 est
1322 932 1411 960 Deus?
1421 931 1539 966 corrupti
1558 936 1631 963 sunt,
1649 936 1675 959 et
1689 931 1751 958 abu-

969 980 1112 1008 minahiles
1133 979 1196 1007 facti
1215 982 1305 1010 suum
1331 978 1359 1004 in
1382 977 1481 1004 talibus
1507 977 1680 1012 cogitationis
1695 985 1752 1004 suae

969 1026 1078 1054 studiis.

1005 1114 1074 1142 Vere
1089 1113 1161 1141 enim
1182 1113 1242 1147 ejus
1262 1112 1334 1147 quod
1352 1111 1486 1143 subsistit,
1504 1111 1644 1145 corruptio
1667 1115 1694 1138 et
1711 1111 1751 1137 in—

970 1160 1067 1187 teritus
1084 1163 1135 1192 est,
1152 1158 1277 1186 decidere
1295 1159 1329 1185 ab
1350 1165 1382 1185 eo
1400 1158 1445 1192 qui
1464 1165 1525 1184 rere
1545 1161 1596 1184 est.
1610 1157 1751 1189 Qumuodn

971 1205 1043 1234 enim
1060 1205 1122 1240 quis
1138 1212 1187 1231 suo
1205 1204 1232 1231 in
1247 1211 1308 1231 esse
1322 1203 1412 1236 duret,
1431 1203 1476 1237 qui
1490 1211 1543 1229 non
1560 1206 1601 1230 est
1618 1203 1644 1230 in
1657 1210 1688 1229 eo
1705 1203 1750 1236 qui

971 1252 1033 1279 est?
1062 1250 1205 1284 Quomodo
1218 1251 1280 1285 quis
1296 1253 1404 1276 maneat
1426 1249 1452 1275 in
1472 1256 1504 1276 eo
1517 1248 1564 1283 qui
1581 1252 1633 1279 est,
1655 1249 1677 1276 si
1699 1256 1751 1275 non

971 1297 1066 1325 credat
1079 1297 1103 1324 ei
1120 1296 1166 1331 qui
1186 1301 1238 1328 est,
1258 1295 1330 1330 quod
1346 1295 1400 1322 sit?
1413 1294 1463 1327 Qui
1474 1299 1565 1322 autem
1582 1301 1644 1321 vere
1663 1298 1715 1326 est,
1730 1295 1753 1320 is

972 1343 1084 1370 omnino
1104 1341 1175 1369 D'eus
1189 1345 1230 1369 est
1246 1350 1251 1368 :
1270 1341 1498 1376 quemadmodum
1514 1343 1541 1367 et
1557 1347 1654 1374 magno
1669 1339 1752 1374 Moysi

973 1388 1041 1415 visio
1054 1387 1152 1415 divina:
1165 1387 1343 1422 apparitionis
1359 1390 1488 1414 testatum
1503 1385 1575 1412 fecit.
1597 1384 1649 1418 Qui
1669 1385 1750 1419 igitur

973 1442 1004 1461 ex
1028 1441 1079 1461 suo
1098 1433 1188 1460 animo
1211 1432 1304 1466 objicit
1327 1439 1389 1459 esse
1412 1431 1469 1464 Dei,
1491 1431 1514 1458 is
1537 1431 1588 1458 hoc
1608 1431 1667 1465 ipso
1681 1431 1751 1464 quod

974 1479 1058 1506 Deum
1073 1486 1134 1506 esse
1152 1481 1244 1512 negat,
1263 1477 1401 1512 proprium
1421 1483 1501 1503 suum
1517 1482 1578 1502 esse
1593 1475 1753 1509 corrumpit,

974 1525 1075 1560 quippe
1100 1524 1269 1551 abalienatus
1292 1524 1326 1550 ab
1348 1530 1381 1550 eo
1404 1521 1451 1556 qui
1472 1524 1515 1548 est
1532 1529 1538 1548 :
1553 1521 1588 1547 ob
1610 1520 1635 1547 id
1657 1520 1754 1550 innuit,

975 1572 1121 1606 Postquam
1142 1577 1157 1596 a
1174 1569 1228 1598 Deo
1236 1568 1451 1601 declinaverunt,
1462 1567 1607 1601 derepente
1623 1575 1632 1590 ‹
1649 1565 1758 1592 inutiles

976 1616 1038 1643 faeti
1060 1619 1125 1643 sunt
1139 1622 1245 1646 omnes,
1260 1624 1269 1640 I
1293 1614 1366 1641 velut
1385 1620 1434 1640 vas
1448 1611 1586 1647 quoddam
1610 1610 1756 1645 abiectum.

975 1662 1143 1696 cognitzeque
1169 1659 1324 1686 inutilitatis
1344 1658 1401 1692 jam
1423 1657 1592 1684 damnatum.
1612 1656 1759 1690 I’erspicue

976 1712 1065 1734 autem
1088 1713 1179 1734 sermo
1195 1706 1239 1732 hic
1261 1705 1349 1736 docet,
1366 1703 1391 1730 id
1415 1703 1486 1738 quod
1504 1703 1576 1730 bono
1591 1706 1634 1730 est
1650 1702 1758 1732 inutile,

977 1752 1043 1779 nihil
1060 1751 1134 1778 aliud
1150 1758 1210 1777 esse
1222 1757 1303 1784 quam
1317 1747 1494 1783 aptitudinem
1510 1750 1536 1773 et
1552 1745 1758 1781 propensionem

977 1797 1010 1824 ad
1033 1799 1186 1831 peccatum,
1205 1799 1313 1829 propter
1329 1791 1585 1823 inconvenientiam,
1606 1798 1686 1825 quam
1711 1789 1759 1816 ha-

976 1843 1021 1870 bet
1037 1850 1098 1869 cmu
1117 1849 1158 1874 eo,
1181 1840 1253 1876 quod
1271 1843 1313 1867 est
1330 1843 1434 1866 rectum
1451 1841 1478 1864 et
1493 1837 1648 1863 honestum.
1667 1835 1759 1863 Domi-

978 1896 1031 1916 nus
1056 1888 1138 1923 igitur
1159 1890 1270 1921 propter
1293 1885 1350 1912 hmo
1368 1893 1378 1909 ι
1398 1883 1431 1910 de
1447 1883 1517 1910 cmlo
1539 1881 1657 1917 respexit
1679 1889 1760 1916 super

978 1935 1048 1961 lilios
1065 1933 1215 1960 hominum.
1234 1940 1242 1957 ι
1259 1930 1325 1963 Qua:
1338 1929 1418 1956 verba
1434 1928 1539 1955 Domini
1553 1928 1622 1955 inter
1638 1927 1762 1958 homines

978 1977 1214 2007 conversationem
1245 1975 1385 2006 indicant,
1411 1973 1520 2008 quando
1545 1977 1696 2008 praeeuntes
1728 1973 1761 1999 ad

979 2023 1199 2051 incredulitatem
1213 2020 1371 2048 sacerdotes
1387 2023 1414 2046 et
1425 2018 1587 2050 Pharisaeos.
1603 2023 1628 2046 et
1641 2017 1762 2049 Scribas.

979 2075 1074 2095 omnes
1102 2066 1203 2094 subditi
1231 2064 1318 2092 secuti
1342 2067 1406 2091 sunt
1424 2072 1430 2089 :
1447 2063 1484 2090 illi
1505 2063 1577 2090 enim
1604 2066 1693 2095 erant,
1716 2063 1763 2097 qui

979 2113 1148 2149 blasphemis
1178 2112 1235 2140 stris
1260 2110 1388 2138 dentibus
1414 2109 1544 2144 populum
1573 2108 1715 2137 laniabant
1737 2113 1763 2134 et

1489 2164 1495 2182 :
1520 2164 1529 2180 ι
1547 2154 1763 2189 Trepidaverunt

982 2206 1090 2236 timore,
1112 2204 1158 2231 ubi
1181 2211 1236 2230 non
1253 2206 1311 2229 erat
1332 2201 1425 2232 timor,
1443 2200 1488 2235 qui
1510 2200 1641 2227 devorant
1659 2199 1762 2234 plebem

981 2259 1079 2283 meam,
1096 2255 1125 2277 ut
1137 2250 1228 2276 cibum
1241 2248 1330 2283 panis,
1347 2256 1356 2273 ι
1373 2247 1420 2280 qui
1436 2246 1506 2272 idem
1519 2244 1631 2272 morbus
1646 2248 1688 2272 est
1702 2252 1764 2272 cum

982 2298 1046 2330 illis,
1066 2297 1111 2332 qui
1124 2303 1222 2331 aquam
1237 2297 1362 2322 metuunt
1380 2302 1387 2320 :
1405 2292 1450 2328 qui
1469 2292 1492 2319 si
1505 2299 1559 2326 quo
1573 2291 1653 2318 modo
1666 2298 1764 2326 aquam

982 2343 1125 2370 admittere
1149 2343 1272 2376 possent,
1293 2339 1523 2367 medicamentum
1543 2338 1637 2372 utique
1657 2337 1764 2372 aliquod

983 2395 1040 2416 suae
1052 2386 1222 2422 aagritudinis
1235 2385 1374 2416 haberent,
1391 2384 1438 2412 sed
1452 2387 1577 2411 metuunt
1591 2391 1621 2411 ea
1634 2384 1691 2418 ipsa
1706 2389 1766 2418 qua:

984 2433 1018 2461 ad
1036 2433 1152 2461 salutem
1170 2435 1234 2459 sunt
1250 2431 1401 2466 proposita.
1427 2435 1454 2457 et
1479 2429 1568 2457 alieno
1591 2434 1654 2457 sunt
1673 2429 1764 2456 animo

984 2481 1018 2507 ab
1034 2487 1067 2507 eo
1080 2477 1153 2513 quod
1168 2481 1324 2508 conservat,
1353 2480 1480 2511 metuque
1494 2483 1528 2502 ne
1541 2479 1662 2510 pereant,
1683 2475 1766 2500 inter-

985 2526 1051 2553 itum
1068 2525 1120 2552 sihi
1137 2528 1240 2551 creant.
1256 2522 1302 2550 Sic
1315 2526 1341 2549 et
1355 2522 1403 2555 illi,
1420 2522 1554 2548 clamante
1566 2520 1597 2547 ad
1610 2527 1657 2547 eos
1672 2519 1746 2546 fonte
1759 2527 1765 2544 :

987 2579 997 2596 ι
1016 2569 1043 2596 Si
1060 2569 1122 2606 quis
1144 2569 1210 2602 sitit,
1232 2568 1322 2595 veniat
1344 2567 1378 2594 ad
1400 2573 1442 2593 me
1468 2569 1495 2593 et
1515 2565 1589 2592 bibat
1600 2565 1633 2597 ⁰³,
1651 2573 1659 2589 ι
1677 2563 1767 2590 furore

983 2615 1184 2643 incredulitatis
1202 2614 1228 2641 iu
1242 2614 1340 2640 anima:
1357 2611 1484 2647 potentiis
1501 2609 1694 2646 praeoccupati,
1713 2613 1767 2635 trc-

983 2661 1113 2696 pidahant
1128 2660 1225 2687 timore
1238 2659 1283 2686 ubi
1299 2666 1354 2685 non
1370 2661 1429 2685 erat
1449 2657 1540 2687 timor,
1561 2660 1651 2690 polum
1669 2654 1766 2681 salutis

985 2704 1135 2740 aspernati,
1146 2703 1299 2732 nescientes
1310 2703 1336 2729 in
1351 2700 1669 2738 generatiouejustorum
1682 2697 1768 2724 Deum
