  <div class='ocr_page' id='page_1' title='image "/cluster/home/n/w/nwhite01/storage/ocr_20150623/44/njp.32101009003169/289.png"; bbox 0 0 1986 3080; ppageno 0'>
   <div class='ocr_carea' id='block_1_1' title="bbox 256 93 307 121">
    <p class='ocr_par' dir='ltr' id='par_1_1' title="bbox 256 93 307 121">
     <span class='ocr_line' id='line_1_1' title="bbox 256 93 307 121; baseline 0 0"><span class='ocrx_word' id='word_1_1' title='bbox 256 93 307 121; x_wconf 76' lang='grc' dir='ltr'>5ϋ7</span> 
     </span>
    </p>
   </div>
   <div class='ocr_carea' id='block_1_2' title="bbox 867 100 1247 130">
    <p class='ocr_par' dir='ltr' id='par_1_2' title="bbox 867 100 1247 130">
     <span class='ocr_line' id='line_1_2' title="bbox 867 100 1247 130; baseline 0.008 -3"><span class='ocrx_word' id='word_1_2' title='bbox 867 100 896 127; x_wconf 78' lang='lat' dir='ltr'><strong>S.</strong></span> <span class='ocrx_word' id='word_1_3' title='bbox 917 100 1079 128; x_wconf 69' lang='grc' dir='ltr'>οηεοοιυι</span> <span class='ocrx_word' id='word_1_4' title='bbox 1098 101 1247 130; x_wconf 77' lang='lat' dir='ltr'><strong>NYSSENI</strong></span> 
     </span>
    </p>
   </div>
   <div class='ocr_carea' id='block_1_3' title="bbox 1822 106 1876 134">
    <p class='ocr_par' dir='ltr' id='par_1_3' title="bbox 1822 106 1876 134">
     <span class='ocr_line' id='line_1_3' title="bbox 1822 106 1876 134; baseline 0.019 -1"><span class='ocrx_word' id='word_1_5' title='bbox 1822 106 1876 134; x_wconf 88' lang='lat'><strong>568</strong></span> 
     </span>
    </p>
   </div>
   <div class='ocr_carea' id='block_1_4' title="bbox 253 155 1034 200">
    <p class='ocr_par' dir='ltr' id='par_1_4' title="bbox 253 155 1034 196">
     <span class='ocr_line' id='line_1_4' title="bbox 253 155 1034 196; baseline 0.01 -16"><span class='ocrx_word' id='word_1_6' title='bbox 253 161 323 184; x_wconf 61' lang='lat' dir='ltr'><strong>esse,</strong></span> <span class='ocrx_word' id='word_1_7' title='bbox 341 155 386 189; x_wconf 86' lang='lat' dir='ltr'><strong>qui</strong></span> <span class='ocrx_word' id='word_1_8' title='bbox 404 155 449 182; x_wconf 86' lang='lat' dir='ltr'><strong>dat</strong></span> <span class='ocrx_word' id='word_1_9' title='bbox 472 163 504 183; x_wconf 81' lang='lat' dir='ltr'><strong>ex</strong></span> <span class='ocrx_word' id='word_1_10' title='bbox 531 156 597 184; x_wconf 90' lang='lat' dir='ltr'><strong>Sion</strong></span> <span class='ocrx_word' id='word_1_11' title='bbox 614 157 735 185; x_wconf 87' lang='lat' dir='ltr'><strong>salutare</strong></span> <span class='ocrx_word' id='word_1_12' title='bbox 753 157 853 192; x_wconf 75' lang='lat' dir='ltr'><strong>Israel;</strong></span> <span class='ocrx_word' id='word_1_13' title='bbox 876 161 978 196; x_wconf 85' lang='lat' dir='ltr'><strong>quique</strong></span> <span class='ocrx_word' id='word_1_14' title='bbox 993 168 1034 188; x_wconf 82' lang='lat' dir='ltr'><strong>ca-</strong></span> 
     </span>
    </p>
   </div>
   <div class='ocr_carea' id='block_1_5' title="bbox 1087 155 1874 200">
    <p class='ocr_par' dir='ltr' id='par_1_5' title="bbox 1087 162 1874 200">
     <span class='ocr_line' id='line_1_5' title="bbox 1087 162 1874 200; baseline 0.005 -12"><span class='ocrx_word' id='word_1_15' title='bbox 1087 162 1181 193; x_wconf 73' lang='grc' dir='ltr'>αὑτοῠ,</span> <span class='ocrx_word' id='word_1_16' title='bbox 1198 163 1253 189; x_wconf 78' lang='grc' dir='ltr'><strong>ἀπὸ</strong></span> <span class='ocrx_word' id='word_1_17' title='bbox 1266 162 1312 189; x_wconf 78' lang='grc' dir='ltr'>τοῦ</span> <span class='ocrx_word' id='word_1_18' title='bbox 1327 163 1451 198; x_wconf 85' lang='grc' dir='ltr'>πονηρῶς</span> <span class='ocrx_word' id='word_1_19' title='bbox 1463 163 1506 190; x_wconf 81' lang='grc' dir='ltr'>διὰ</span> <span class='ocrx_word' id='word_1_20' title='bbox 1525 164 1572 199; x_wconf 83' lang='grc' dir='ltr'><strong>τῆς</strong></span> <span class='ocrx_word' id='word_1_21' title='bbox 1588 164 1723 200; x_wconf 80' lang='grc' dir='ltr'>ἁμαρτίας</span> <span class='ocrx_word' id='word_1_22' title='bbox 1738 165 1812 200; x_wconf 70' lang='grc' dir='ltr'>ἡμᾶς</span> <span class='ocrx_word' id='word_1_23' title='bbox 1826 167 1874 192; x_wconf 77' lang='lat' dir='ltr'><strong>ai-</strong></span> 
     </span>
    </p>
   </div>
   <div class='ocr_carea' id='block_1_6' title="bbox 254 200 1036 240">
    <p class='ocr_par' dir='ltr' id='par_1_6' title="bbox 254 200 1036 240">
     <span class='ocr_line' id='line_1_6' title="bbox 254 200 1036 240; baseline 0.012 -16"><span class='ocrx_word' id='word_1_24' title='bbox 254 200 404 233; x_wconf 84' lang='lat' dir='ltr'><strong>ptivitatem</strong></span> <span class='ocrx_word' id='word_1_25' title='bbox 426 201 514 235; x_wconf 81' lang='lat' dir='ltr'><strong>plebis</strong></span> <span class='ocrx_word' id='word_1_26' title='bbox 527 209 594 233; x_wconf 68' lang='lat' dir='ltr'><strong>suae,</strong></span> <span class='ocrx_word' id='word_1_27' title='bbox 610 203 644 230; x_wconf 85' lang='lat' dir='ltr'><strong>ab</strong></span> <span class='ocrx_word' id='word_1_28' title='bbox 660 211 692 230; x_wconf 90' lang='lat' dir='ltr'><strong>eo</strong></span> <span class='ocrx_word' id='word_1_29' title='bbox 707 204 754 238; x_wconf 87' lang='lat' dir='ltr'><strong>qui</strong></span> <span class='ocrx_word' id='word_1_30' title='bbox 769 211 819 231; x_wconf 91' lang='lat' dir='ltr'><strong>nos</strong></span> <span class='ocrx_word' id='word_1_31' title='bbox 834 212 882 240; x_wconf 86' lang='lat' dir='ltr'><strong>per</strong></span> <span class='ocrx_word' id='word_1_32' title='bbox 896 210 1036 239; x_wconf 84' lang='lat' dir='ltr'><strong>peccatum</strong></span> 
     </span>
    </p>
   </div>
   <div class='ocr_carea' id='block_1_7' title="bbox 255 245 1036 286">
    <p class='ocr_par' dir='ltr' id='par_1_7' title="bbox 255 245 1036 286">
     <span class='ocr_line' id='line_1_7' title="bbox 255 245 1036 286; baseline 0.009 -15"><span class='ocrx_word' id='word_1_33' title='bbox 255 245 379 280; x_wconf 81' lang='lat' dir='ltr'><strong>improbe</strong></span> <span class='ocrx_word' id='word_1_34' title='bbox 394 246 422 273; x_wconf 89' lang='lat' dir='ltr'><strong>in</strong></span> <span class='ocrx_word' id='word_1_35' title='bbox 437 248 595 275; x_wconf 75' lang='lat' dir='ltr'><strong>servitutem</strong></span> <span class='ocrx_word' id='word_1_36' title='bbox 616 249 743 283; x_wconf 80' lang='lat' dir='ltr'><strong>conjecit,</strong></span> <span class='ocrx_word' id='word_1_37' title='bbox 762 257 858 277; x_wconf 90' lang='lat' dir='ltr'><strong>rursus</strong></span> <span class='ocrx_word' id='word_1_38' title='bbox 871 251 903 277; x_wconf 89' lang='lat' dir='ltr'><strong>ad</strong></span> <span class='ocrx_word' id='word_1_39' title='bbox 916 251 1036 286; x_wconf 87' lang='lat' dir='ltr'><strong>seipsum</strong></span> 
     </span>
    </p>
   </div>
   <div class='ocr_carea' id='block_1_8' title="bbox 253 291 1038 330">
    <p class='ocr_par' dir='ltr' id='par_1_8' title="bbox 253 291 1038 330">
     <span class='ocr_line' id='line_1_8' title="bbox 253 291 1038 330; baseline 0.009 -14"><span class='ocrx_word' id='word_1_40' title='bbox 253 291 399 324; x_wconf 72' lang='lat' dir='ltr'><strong>convertit,</strong></span> <span class='ocrx_word' id='word_1_41' title='bbox 413 293 523 327; x_wconf 82' lang='lat' dir='ltr'><strong>quando</strong></span> <span class='ocrx_word' id='word_1_42' title='bbox 545 301 626 321; x_wconf 89' lang='lat' dir='ltr'><strong>verus</strong></span> <span class='ocrx_word' id='word_1_43' title='bbox 639 293 758 322; x_wconf 85' lang='lat' dir='ltr'><strong>Israelita</strong></span> <span class='ocrx_word' id='word_1_44' title='bbox 777 299 804 322; x_wconf 90' lang='lat' dir='ltr'><strong>et</strong></span> <span class='ocrx_word' id='word_1_45' title='bbox 823 295 974 330; x_wconf 85' lang='lat' dir='ltr'><strong>spiritualis</strong></span> <span class='ocrx_word' id='word_1_46' title='bbox 991 296 1038 323; x_wconf 80' lang='lat' dir='ltr'><strong>Ja-</strong></span> 
     </span>
    </p>
   </div>
   <div class='ocr_carea' id='block_1_9' title="bbox 252 335 1037 376">
    <p class='ocr_par' dir='ltr' id='par_1_9' title="bbox 252 335 1037 376">
     <span class='ocr_line' id='line_1_9' title="bbox 252 335 1037 376; baseline 0.008 -14"><span class='ocrx_word' id='word_1_47' title='bbox 252 335 304 363; x_wconf 82' lang='lat' dir='ltr'><strong>cob</strong></span> <span class='ocrx_word' id='word_1_48' title='bbox 319 337 412 363; x_wconf 66' lang='lat' dir='ltr'><strong>lattitia</strong></span> <span class='ocrx_word' id='word_1_49' title='bbox 426 343 453 364; x_wconf 79' lang='lat' dir='ltr'><strong>et</strong></span> <span class='ocrx_word' id='word_1_50' title='bbox 472 339 656 366; x_wconf 82' lang='lat' dir='ltr'><strong>exsultatione</strong></span> <span class='ocrx_word' id='word_1_51' title='bbox 680 340 808 375; x_wconf 82' lang='lat' dir='ltr'><strong>repletur.</strong></span> <span class='ocrx_word' id='word_1_52' title='bbox 832 341 935 368; x_wconf 82' lang='lat' dir='ltr'><strong>Sensus</strong></span> <span class='ocrx_word' id='word_1_53' title='bbox 955 341 1037 376; x_wconf 81' lang='lat' dir='ltr'><strong>igitur</strong></span> 
     </span>
    </p>
   </div>
   <div class='ocr_carea' id='block_1_10' title="bbox 254 382 1037 422">
    <p class='ocr_par' dir='ltr' id='par_1_10' title="bbox 254 382 1037 422">
     <span class='ocr_line' id='line_1_10' title="bbox 254 382 1037 422; baseline 0.009 -14"><span class='ocrx_word' id='word_1_54' title='bbox 254 382 365 415; x_wconf 79' lang='lat' dir='ltr'><strong>psalmi,</strong></span> <span class='ocrx_word' id='word_1_55' title='bbox 393 388 525 418; x_wconf 78' lang='lat' dir='ltr'><strong>quantum</strong></span> <span class='ocrx_word' id='word_1_56' title='bbox 551 385 659 419; x_wconf 79' lang='lat' dir='ltr'><strong>quidem</strong></span> <span class='ocrx_word' id='word_1_57' title='bbox 684 386 847 421; x_wconf 77' lang='lat' dir='ltr'><strong>investigare</strong></span> <span class='ocrx_word' id='word_1_58' title='bbox 873 388 964 422; x_wconf 82' lang='lat' dir='ltr'><strong>potui,</strong></span> <span class='ocrx_word' id='word_1_59' title='bbox 990 395 1037 422; x_wconf 89' lang='lat' dir='ltr'><strong>per</strong></span> 
     </span>
    </p>
   </div>
   <div class='ocr_carea' id='block_1_11' title="bbox 253 427 1037 467">
    <p class='ocr_par' dir='ltr' id='par_1_11' title="bbox 253 427 1037 467">
     <span class='ocr_line' id='line_1_11' title="bbox 253 427 1037 467; baseline 0.01 -15"><span class='ocrx_word' id='word_1_60' title='bbox 253 427 311 461; x_wconf 82' lang='lat' dir='ltr'><strong>ipsa</strong></span> <span class='ocrx_word' id='word_1_61' title='bbox 332 428 428 462; x_wconf 77' lang='lat' dir='ltr'><strong>psalmi</strong></span> <span class='ocrx_word' id='word_1_62' title='bbox 445 430 537 462; x_wconf 82' lang='lat' dir='ltr'><strong>verba,</strong></span> <span class='ocrx_word' id='word_1_63' title='bbox 554 430 576 456; x_wconf 88' lang='lat' dir='ltr'><strong>is</strong></span> <span class='ocrx_word' id='word_1_64' title='bbox 593 435 645 463; x_wconf 84' lang='lat' dir='ltr'><strong>est,</strong></span> <span class='ocrx_word' id='word_1_65' title='bbox 666 439 745 465; x_wconf 85' lang='lat' dir='ltr'><strong>quem</strong></span> <span class='ocrx_word' id='word_1_66' title='bbox 766 432 832 463; x_wconf 78' lang='lat' dir='ltr'><strong>dixi,</strong></span> <span class='ocrx_word' id='word_1_67' title='bbox 849 441 966 467; x_wconf 86' lang='lat' dir='ltr'><strong>cumque</strong></span> <span class='ocrx_word' id='word_1_68' title='bbox 986 433 1037 460; x_wconf 87' lang='lat' dir='ltr'><strong>hoc</strong></span> 
     </span>
    </p>
   </div>
   <div class='ocr_carea' id='block_1_12' title="bbox 253 475 1037 513">
    <p class='ocr_par' dir='ltr' id='par_1_12' title="bbox 253 475 1037 513">
     <span class='ocr_line' id='line_1_12' title="bbox 253 475 1037 513; baseline 0.01 -15"><span class='ocrx_word' id='word_1_69' title='bbox 253 480 337 499; x_wconf 69' lang='lat' dir='ltr'><strong>sensu</strong></span> <span class='ocrx_word' id='word_1_70' title='bbox 354 475 482 501; x_wconf 82' lang='lat' dir='ltr'><strong>convenit</strong></span> <span class='ocrx_word' id='word_1_71' title='bbox 499 475 644 508; x_wconf 76' lang='lat' dir='ltr'><strong>inscriptio</strong></span> <span class='ocrx_word' id='word_1_72' title='bbox 658 477 765 511; x_wconf 84' lang='lat' dir='ltr'><strong>psalmi.</strong></span> <span class='ocrx_word' id='word_1_73' title='bbox 782 477 848 504; x_wconf 83' lang='lat' dir='ltr'><strong>Nam</strong></span> <span class='ocrx_word' id='word_1_74' title='bbox 868 479 963 513; x_wconf 79' lang='lat' dir='ltr'><strong>psalmi</strong></span> <span class='ocrx_word' id='word_1_75' title='bbox 977 486 1037 506; x_wconf 85' lang='lat' dir='ltr'><strong>ora-</strong></span> 
     </span>
    </p>
   </div>
   <div class='ocr_carea' id='block_1_13' title="bbox 254 517 1037 559">
    <p class='ocr_par' dir='ltr' id='par_1_13' title="bbox 254 517 1037 559">
     <span class='ocr_line' id='line_1_13' title="bbox 254 517 1037 559; baseline 0.013 -17"><span class='ocrx_word' id='word_1_76' title='bbox 254 517 355 545; x_wconf 88' lang='lat' dir='ltr'><strong>tionem</strong></span> <span class='ocrx_word' id='word_1_77' title='bbox 386 528 447 546; x_wconf 77' lang='lat' dir='ltr'><strong>csse</strong></span> <span class='ocrx_word' id='word_1_78' title='bbox 474 520 621 554; x_wconf 86' lang='lat' dir='ltr'><strong>epinicium</strong></span> <span class='ocrx_word' id='word_1_79' title='bbox 654 526 770 549; x_wconf 82' lang='lat' dir='ltr'><strong>testatur</strong></span> <span class='ocrx_word' id='word_1_80' title='bbox 799 524 957 558; x_wconf 84' lang='lat' dir='ltr'><strong>inscriptio,</strong></span> <span class='ocrx_word' id='word_1_81' title='bbox 990 532 1037 559; x_wconf 87' lang='lat' dir='ltr'><strong>per</strong></span> 
     </span>
    </p>
   </div>
   <div class='ocr_carea' id='block_1_14' title="bbox 253 562 1034 600">
    <p class='ocr_par' dir='ltr' id='par_1_14' title="bbox 253 562 1034 600">
     <span class='ocr_line' id='line_1_14' title="bbox 253 562 1034 600; baseline 0.01 -13"><span class='ocrx_word' id='word_1_82' title='bbox 253 562 366 588; x_wconf 82' lang='lat' dir='ltr'><strong>chorum</strong></span> <span class='ocrx_word' id='word_1_83' title='bbox 388 564 414 589; x_wconf 95' lang='lat' dir='ltr'><strong>in</strong></span> <span class='ocrx_word' id='word_1_84' title='bbox 442 564 582 591; x_wconf 81' lang='lat' dir='ltr'><strong>intellectu</strong></span> <span class='ocrx_word' id='word_1_85' title='bbox 611 567 805 600; x_wconf 89' lang='lat' dir='ltr'><strong>compositum.</strong></span> <span class='ocrx_word' id='word_1_86' title='bbox 847 577 855 593; x_wconf 73' lang='grc' dir='ltr'><strong>ε</strong></span> <span class='ocrx_word' id='word_1_87' title='bbox 874 567 900 594; x_wconf 91' lang='lat' dir='ltr'><strong>lu</strong></span> <span class='ocrx_word' id='word_1_88' title='bbox 927 570 1005 595; x_wconf 82' lang='lat' dir='ltr'><strong>liuent</strong></span> <span class='ocrx_word' id='word_1_89' title='bbox 1025 579 1034 594; x_wconf 73' lang='grc' dir='ltr'><strong>ι</strong></span> 
     </span>
    </p>
   </div>
   <div class='ocr_carea' id='block_1_15' title="bbox 253 608 1034 648">
    <p class='ocr_par' dir='ltr' id='par_1_15' title="bbox 253 608 1034 648">
     <span class='ocr_line' id='line_1_15' title="bbox 253 608 1034 648; baseline 0.009 -15"><span class='ocrx_word' id='word_1_90' title='bbox 253 608 335 640; x_wconf 69' lang='lat' dir='ltr'><strong>enim,</strong></span> <span class='ocrx_word' id='word_1_91' title='bbox 351 609 377 635; x_wconf 93' lang='lat' dir='ltr'><strong>in</strong></span> <span class='ocrx_word' id='word_1_92' title='bbox 389 609 448 643; x_wconf 68' lang='lat' dir='ltr'><strong>wit,</strong></span> <span class='ocrx_word' id='word_1_93' title='bbox 468 620 476 635; x_wconf 79' lang='grc' dir='ltr'><strong>ι</strong></span> <span class='ocrx_word' id='word_1_94' title='bbox 493 618 541 644; x_wconf 90' lang='lat' dir='ltr'><strong>pro</strong></span> <span class='ocrx_word' id='word_1_95' title='bbox 555 610 679 644; x_wconf 81' lang='lat' dir='ltr'><strong>Maeleth,</strong></span> <span class='ocrx_word' id='word_1_96' title='bbox 696 622 704 637; x_wconf 79' lang='grc' dir='ltr'><strong>ι</strong></span> <span class='ocrx_word' id='word_1_97' title='bbox 723 613 795 647; x_wconf 87' lang='lat' dir='ltr'><strong>quod</strong></span> <span class='ocrx_word' id='word_1_98' title='bbox 814 623 822 638; x_wconf 73' lang='grc' dir='ltr'><strong>ι</strong></span> <span class='ocrx_word' id='word_1_99' title='bbox 839 622 886 648; x_wconf 79' lang='lat' dir='ltr'><strong>per</strong></span> <span class='ocrx_word' id='word_1_100' title='bbox 896 614 1008 641; x_wconf 83' lang='lat' dir='ltr'><strong>chorum</strong></span> <span class='ocrx_word' id='word_1_101' title='bbox 1026 626 1034 640; x_wconf 79' lang='grc' dir='ltr'><strong>ι</strong></span> 
     </span>
    </p>
   </div>
   <div class='ocr_carea' id='block_1_16' title="bbox 254 655 1038 691">
    <p class='ocr_par' dir='ltr' id='par_1_16' title="bbox 254 655 1038 691">
     <span class='ocr_line' id='line_1_16' title="bbox 254 655 1038 691; baseline 0.009 -11"><span class='ocrx_word' id='word_1_102' title='bbox 254 655 428 689; x_wconf 84' lang='lat' dir='ltr'><strong>interpretari</strong></span> <span class='ocrx_word' id='word_1_103' title='bbox 448 656 520 683; x_wconf 90' lang='lat' dir='ltr'><strong>licet.</strong></span> <span class='ocrx_word' id='word_1_104' title='bbox 537 655 590 683; x_wconf 78' lang='lat' dir='ltr'><strong>Pro</strong></span> <span class='ocrx_word' id='word_1_105' title='bbox 612 657 657 684; x_wconf 92' lang='lat' dir='ltr'><strong>illo</strong></span> <span class='ocrx_word' id='word_1_106' title='bbox 677 667 686 683; x_wconf 72' lang='grc' dir='ltr'><strong>ι</strong></span> <span class='ocrx_word' id='word_1_107' title='bbox 704 658 730 684; x_wconf 93' lang='lat' dir='ltr'><strong>in</strong></span> <span class='ocrx_word' id='word_1_108' title='bbox 748 658 839 691; x_wconf 78' lang='lat' dir='ltr'><strong>tinem,</strong></span> <span class='ocrx_word' id='word_1_109' title='bbox 858 669 866 684; x_wconf 82' lang='grc' dir='ltr'><strong>ι</strong></span> <span class='ocrx_word' id='word_1_110' title='bbox 893 661 936 687; x_wconf 85' lang='lat' dir='ltr'><strong>alii</strong></span> <span class='ocrx_word' id='word_1_111' title='bbox 954 661 1038 687; x_wconf 76' lang='lat' dir='ltr'><strong>inter-</strong></span> 
     </span>
    </p>
   </div>
   <div class='ocr_carea' id='block_1_17' title="bbox 254 700 1038 738">
    <p class='ocr_par' dir='ltr' id='par_1_17' title="bbox 254 700 1038 738">
     <span class='ocr_line' id='line_1_17' title="bbox 254 700 1038 738; baseline 0.008 -12"><span class='ocrx_word' id='word_1_112' title='bbox 254 704 343 735; x_wconf 82' lang='lat' dir='ltr'><strong>pretes</strong></span> <span class='ocrx_word' id='word_1_113' title='bbox 363 700 538 728; x_wconf 88' lang='lat' dir='ltr'><strong>reddiderunt</strong></span> <span class='ocrx_word' id='word_1_114' title='bbox 555 712 562 728; x_wconf 69' lang='grc' dir='ltr'>ς</span> <span class='ocrx_word' id='word_1_115' title='bbox 578 711 587 727; x_wconf 76' lang='grc' dir='ltr'><strong>ι</strong></span> <span class='ocrx_word' id='word_1_116' title='bbox 606 703 763 737; x_wconf 85' lang='lat' dir='ltr'><strong>cpiuicium,</strong></span> <span class='ocrx_word' id='word_1_117' title='bbox 781 714 789 730; x_wconf 74' lang='grc' dir='ltr'><strong>ι</strong></span> <span class='ocrx_word' id='word_1_118' title='bbox 809 704 859 731; x_wconf 78' lang='lat' dir='ltr'><strong>hoc</strong></span> <span class='ocrx_word' id='word_1_119' title='bbox 881 710 933 738; x_wconf 80' lang='lat' dir='ltr'><strong>est,</strong></span> <span class='ocrx_word' id='word_1_120' title='bbox 953 715 961 730; x_wconf 77' lang='grc' dir='ltr'><strong>ι</strong></span> <span class='ocrx_word' id='word_1_121' title='bbox 978 714 1038 733; x_wconf 84' lang='lat' dir='ltr'><strong>car-</strong></span> 
     </span>
    </p>
   </div>
   <div class='ocr_carea' id='block_1_18' title="bbox 252 746 484 774">
    <p class='ocr_par' dir='ltr' id='par_1_18' title="bbox 252 746 484 774">
     <span class='ocr_line' id='line_1_18' title="bbox 252 746 484 774; baseline 0 -2"><span class='ocrx_word' id='word_1_122' title='bbox 252 754 314 773; x_wconf 89' lang='lat' dir='ltr'><strong>men</strong></span> <span class='ocrx_word' id='word_1_123' title='bbox 329 746 458 774; x_wconf 61' lang='lat' dir='ltr'><strong>V’iClOl‘itB.</strong></span> <span class='ocrx_word' id='word_1_124' title='bbox 475 757 484 772; x_wconf 74' lang='grc' dir='ltr'><strong>ι</strong></span> 
     </span>
    </p>
   </div>
   <div class='ocr_carea' id='block_1_19' title="bbox 286 791 1038 833">
    <p class='ocr_par' dir='ltr' id='par_1_19' title="bbox 286 791 1038 833">
     <span class='ocr_line' id='line_1_19' title="bbox 286 791 1038 833; baseline 0.009 -15"><span class='ocrx_word' id='word_1_125' title='bbox 286 791 394 820; x_wconf 79' lang='lat' dir='ltr'><strong>Rursus</strong></span> <span class='ocrx_word' id='word_1_126' title='bbox 422 793 548 820; x_wconf 79' lang='lat' dir='ltr'><strong>instituta</strong></span> <span class='ocrx_word' id='word_1_127' title='bbox 577 795 673 822; x_wconf 84' lang='lat' dir='ltr'><strong>ordine</strong></span> <span class='ocrx_word' id='word_1_128' title='bbox 695 803 793 823; x_wconf 88' lang='lat' dir='ltr'><strong>cursus</strong></span> <span class='ocrx_word' id='word_1_129' title='bbox 819 797 951 825; x_wconf 84' lang='lat' dir='ltr'><strong>orationis</strong></span> <span class='ocrx_word' id='word_1_130' title='bbox 976 806 1038 833; x_wconf 90' lang='lat' dir='ltr'><strong>pro-</strong></span> 
     </span>
    </p>
   </div>
   <div class='ocr_carea' id='block_1_20' title="bbox 1089 207 1873 246">
    <p class='ocr_par' dir='ltr' id='par_1_20' title="bbox 1089 207 1873 246">
     <span class='ocr_line' id='line_1_20' title="bbox 1089 207 1873 246; baseline 0.004 -12"><span class='ocrx_word' id='word_1_131' title='bbox 1089 207 1324 242; x_wconf 79' lang='grc' dir='ltr'>χμαλωτίσαντος,</span> <span class='ocrx_word' id='word_1_132' title='bbox 1340 209 1420 235; x_wconf 86' lang='grc' dir='ltr'>πάλιν</span> <span class='ocrx_word' id='word_1_133' title='bbox 1435 209 1503 244; x_wconf 80' lang='grc' dir='ltr'>πρὸς</span> <span class='ocrx_word' id='word_1_134' title='bbox 1521 210 1616 237; x_wconf 78' lang='grc' dir='ltr'>ἑαυτὸν</span> <span class='ocrx_word' id='word_1_135' title='bbox 1631 210 1811 246; x_wconf 73' lang='grc' dir='ltr'>ἐπιστρέφων.</span> <span class='ocrx_word' id='word_1_136' title='bbox 1828 211 1873 237; x_wconf 80' lang='grc' dir='ltr'>ὅτε</span> 
     </span>
    </p>
   </div>
   <div class='ocr_carea' id='block_1_21' title="bbox 1087 253 1874 292">
    <p class='ocr_par' dir='ltr' id='par_1_21' title="bbox 1087 253 1874 292">
     <span class='ocr_line' id='line_1_21' title="bbox 1087 253 1874 292; baseline 0.005 -14"><span class='ocrx_word' id='word_1_137' title='bbox 1087 253 1189 286; x_wconf 79' lang='grc' dir='ltr'>γίνεται</span> <span class='ocrx_word' id='word_1_138' title='bbox 1213 254 1241 279; x_wconf 78' lang='grc' dir='ltr'>ἐν</span> <span class='ocrx_word' id='word_1_139' title='bbox 1263 253 1415 289; x_wconf 79' lang='grc' dir='ltr'>εὐφροσύνῃ</span> <span class='ocrx_word' id='word_1_140' title='bbox 1436 255 1483 281; x_wconf 71' lang='grc' dir='ltr'>καὶ</span> <span class='ocrx_word' id='word_1_141' title='bbox 1507 255 1689 289; x_wconf 75' lang='grc' dir='ltr'>ἀγαλλιάματι</span> <span class='ocrx_word' id='word_1_142' title='bbox 1710 257 1724 282; x_wconf 85' lang='grc' dir='ltr'><strong>ὀ</strong></span> <span class='ocrx_word' id='word_1_143' title='bbox 1747 256 1874 292; x_wconf 74' lang='grc' dir='ltr'>ἀληθινὸς</span> 
     </span>
    </p>
   </div>
   <div class='ocr_carea' id='block_1_22' title="bbox 1088 298 1874 336">
    <p class='ocr_par' dir='ltr' id='par_1_22' title="bbox 1088 298 1874 336">
     <span class='ocr_line' id='line_1_22' title="bbox 1088 298 1874 336; baseline 0.005 -12"><span class='ocrx_word' id='word_1_144' title='bbox 1088 298 1274 334; x_wconf 82' lang='grc' dir='ltr'>Ἰσραηλίτης,</span> <span class='ocrx_word' id='word_1_145' title='bbox 1301 299 1348 326; x_wconf 72' lang='grc' dir='ltr'>καὶ</span> <span class='ocrx_word' id='word_1_146' title='bbox 1365 300 1548 334; x_wconf 79' lang='grc' dir='ltr'>πνευματικὸς</span> <span class='ocrx_word' id='word_1_147' title='bbox 1568 300 1674 328; x_wconf 70' lang='grc' dir='ltr'><strong>Ἰακώϐ.</strong></span> <span class='ocrx_word' id='word_1_148' title='bbox 1704 301 1735 328; x_wconf 87' lang='grc' dir='ltr'><strong>Ἦ</strong></span> <span class='ocrx_word' id='word_1_149' title='bbox 1761 303 1809 336; x_wconf 78' lang='grc' dir='ltr'><strong>μὲν</strong></span> <span class='ocrx_word' id='word_1_150' title='bbox 1827 300 1874 328; x_wconf 81' lang='grc' dir='ltr'>οὖν</span> 
     </span>
    </p>
   </div>
   <div class='ocr_carea' id='block_1_23' title="bbox 1086 343 1874 383">
    <p class='ocr_par' dir='ltr' id='par_1_23' title="bbox 1086 343 1874 383">
     <span class='ocr_line' id='line_1_23' title="bbox 1086 343 1874 383; baseline 0.006 -15"><span class='ocrx_word' id='word_1_151' title='bbox 1086 343 1188 369; x_wconf 77' lang='grc' dir='ltr'><strong>διάνοια</strong></span> <span class='ocrx_word' id='word_1_152' title='bbox 1201 345 1249 379; x_wconf 80' lang='grc' dir='ltr'>τῆς</span> <span class='ocrx_word' id='word_1_153' title='bbox 1261 344 1430 380; x_wconf 69' lang='grc' dir='ltr'>ψαλμῳδίας,</span> <span class='ocrx_word' id='word_1_154' title='bbox 1447 345 1537 377; x_wconf 80' lang='grc' dir='ltr'>καθὼς</span> <span class='ocrx_word' id='word_1_155' title='bbox 1551 345 1654 378; x_wconf 77' lang='grc' dir='ltr'>ἔξεστιν</span> <span class='ocrx_word' id='word_1_156' title='bbox 1670 346 1758 383; x_wconf 77' lang='grc' dir='ltr'>εὑρεῖν</span> <span class='ocrx_word' id='word_1_157' title='bbox 1769 347 1812 373; x_wconf 79' lang='grc' dir='ltr'>διὰ</span> <span class='ocrx_word' id='word_1_158' title='bbox 1827 348 1874 374; x_wconf 73' lang='grc' dir='ltr'>τὸν</span> 
     </span>
    </p>
   </div>
   <div class='ocr_carea' id='block_1_24' title="bbox 1087 389 1875 426">
    <p class='ocr_par' dir='ltr' id='par_1_24' title="bbox 1087 389 1875 426">
     <span class='ocr_line' id='line_1_24' title="bbox 1087 389 1875 426; baseline 0.005 -12"><span class='ocrx_word' id='word_1_159' title='bbox 1087 389 1215 423; x_wconf 83' lang='grc' dir='ltr'>προῖόντα</span> <span class='ocrx_word' id='word_1_160' title='bbox 1230 389 1282 416; x_wconf 87' lang='grc' dir='ltr'>τῶν</span> <span class='ocrx_word' id='word_1_161' title='bbox 1300 390 1397 421; x_wconf 74' lang='grc' dir='ltr'>λέξεων</span> <span class='ocrx_word' id='word_1_162' title='bbox 1409 391 1459 425; x_wconf 80' lang='grc' dir='ltr'>τῆς</span> <span class='ocrx_word' id='word_1_163' title='bbox 1469 390 1637 426; x_wconf 72' lang='grc' dir='ltr'>ψαλμῳδίας,</span> <span class='ocrx_word' id='word_1_164' title='bbox 1653 391 1775 426; x_wconf 79' lang='grc' dir='ltr'>τοιαύτη.</span> <span class='ocrx_word' id='word_1_165' title='bbox 1798 393 1830 418; x_wconf 83' lang='lat' dir='ltr'><strong>&#39;H</strong></span> <span class='ocrx_word' id='word_1_166' title='bbox 1845 392 1875 418; x_wconf 76' lang='grc' dir='ltr'>δὲ</span> 
     </span>
    </p>
   </div>
   <div class='ocr_carea' id='block_1_25' title="bbox 1087 435 1873 473">
    <p class='ocr_par' dir='ltr' id='par_1_25' title="bbox 1087 435 1873 473">
     <span class='ocr_line' id='line_1_25' title="bbox 1087 435 1873 473; baseline 0.005 -12"><span class='ocrx_word' id='word_1_167' title='bbox 1087 435 1226 470; x_wconf 66' lang='grc' dir='ltr'>ἐπιγραφὴ</span> <span class='ocrx_word' id='word_1_168' title='bbox 1252 435 1298 462; x_wconf 82' lang='grc' dir='ltr'>τοῦ</span> <span class='ocrx_word' id='word_1_169' title='bbox 1309 436 1418 471; x_wconf 61' lang='grc' dir='ltr'>ψαλμοῦ</span> <span class='ocrx_word' id='word_1_170' title='bbox 1434 437 1575 471; x_wconf 74' lang='grc' dir='ltr'>συμϐαίνει</span> <span class='ocrx_word' id='word_1_171' title='bbox 1591 438 1658 473; x_wconf 80' lang='grc' dir='ltr'>πρὸς</span> <span class='ocrx_word' id='word_1_172' title='bbox 1679 438 1728 472; x_wconf 82' lang='grc' dir='ltr'>τὴν</span> <span class='ocrx_word' id='word_1_173' title='bbox 1742 438 1873 465; x_wconf 76' lang='grc' dir='ltr'>διάνοιαν.</span> 
     </span>
    </p>
   </div>
   <div class='ocr_carea' id='block_1_26' title="bbox 1093 480 1874 520">
    <p class='ocr_par' dir='ltr' id='par_1_26' title="bbox 1093 480 1874 520">
     <span class='ocr_line' id='line_1_26' title="bbox 1093 480 1874 520; baseline 0.008 -14"><span class='ocrx_word' id='word_1_174' title='bbox 1093 481 1239 507; x_wconf 82' lang='grc' dir='ltr'>Ἐπινίκιον</span> <span class='ocrx_word' id='word_1_175' title='bbox 1252 481 1306 517; x_wconf 82' lang='grc' dir='ltr'><strong>γὰρ</strong></span> <span class='ocrx_word' id='word_1_176' title='bbox 1316 480 1385 508; x_wconf 75' lang='grc' dir='ltr'>εἶναι</span> <span class='ocrx_word' id='word_1_177' title='bbox 1397 483 1442 509; x_wconf 74' lang='grc' dir='ltr'><strong>τὸν</strong></span> <span class='ocrx_word' id='word_1_178' title='bbox 1455 483 1533 517; x_wconf 79' lang='grc' dir='ltr'>λόγον</span> <span class='ocrx_word' id='word_1_179' title='bbox 1546 485 1595 518; x_wconf 79' lang='grc' dir='ltr'>τῆς</span> <span class='ocrx_word' id='word_1_180' title='bbox 1607 484 1800 520; x_wconf 74' lang='grc' dir='ltr'>ψαλμῳδίας,ἡ</span> <span class='ocrx_word' id='word_1_181' title='bbox 1813 486 1874 512; x_wconf 77' lang='grc' dir='ltr'>ἐπι-</span> 
     </span>
    </p>
   </div>
   <div class='ocr_carea' id='block_1_27' title="bbox 1087 525 1872 563">
    <p class='ocr_par' dir='ltr' id='par_1_27' title="bbox 1087 525 1872 563">
     <span class='ocr_line' id='line_1_27' title="bbox 1087 525 1872 563; baseline 0.005 -12"><span class='ocrx_word' id='word_1_182' title='bbox 1087 525 1179 560; x_wconf 71' lang='grc' dir='ltr'>γραφὴ</span> <span class='ocrx_word' id='word_1_183' title='bbox 1204 527 1339 561; x_wconf 79' lang='grc' dir='ltr'><strong>σημαίνει,</strong></span> <span class='ocrx_word' id='word_1_184' title='bbox 1356 526 1399 553; x_wconf 68' lang='grc' dir='ltr'><strong>διὰ</strong></span> <span class='ocrx_word' id='word_1_185' title='bbox 1420 527 1528 562; x_wconf 73' lang='grc' dir='ltr'>χορείας</span> <span class='ocrx_word' id='word_1_186' title='bbox 1544 529 1572 553; x_wconf 82' lang='grc' dir='ltr'>ὲν</span> <span class='ocrx_word' id='word_1_187' title='bbox 1592 527 1697 554; x_wconf 75' lang='grc' dir='ltr'>συνέσει</span> <span class='ocrx_word' id='word_1_188' title='bbox 1712 529 1852 563; x_wconf 79' lang='grc' dir='ltr'>γινόμενον</span> <span class='ocrx_word' id='word_1_189' title='bbox 1865 538 1872 543; x_wconf 93' lang='grc'>·</span> 
     </span>
    </p>
   </div>
   <div class='ocr_carea' id='block_1_28' title="bbox 1087 572 1880 609">
    <p class='ocr_par' dir='ltr' id='par_1_28' title="bbox 1087 572 1880 609">
     <span class='ocr_line' id='line_1_28' title="bbox 1087 572 1880 609; baseline 0.004 -10"><span class='ocrx_word' id='word_1_190' title='bbox 1087 583 1096 600; x_wconf 80' lang='grc' dir='ltr'><strong>ι</strong></span> <span class='ocrx_word' id='word_1_191' title='bbox 1112 574 1158 605; x_wconf 85' lang='grc' dir='ltr'><strong>Εἰς</strong></span> <span class='ocrx_word' id='word_1_192' title='bbox 1172 573 1201 600; x_wconf 85' lang='grc' dir='ltr'>τὸ</span> <span class='ocrx_word' id='word_1_193' title='bbox 1213 572 1289 605; x_wconf 83' lang='grc' dir='ltr'><strong>τέλος</strong></span> <span class='ocrx_word' id='word_1_194' title='bbox 1304 583 1313 599; x_wconf 72' lang='grc' dir='ltr'><strong>ι</strong></span> <span class='ocrx_word' id='word_1_195' title='bbox 1328 573 1393 608; x_wconf 76' lang='grc' dir='ltr'><strong>γὰρ,</strong></span> <span class='ocrx_word' id='word_1_196' title='bbox 1407 574 1498 609; x_wconf 75' lang='grc' dir='ltr'>φησὶν,</span> <span class='ocrx_word' id='word_1_197' title='bbox 1514 583 1523 599; x_wconf 80' lang='grc' dir='ltr'><strong>ι</strong></span> <span class='ocrx_word' id='word_1_198' title='bbox 1544 574 1614 609; x_wconf 83' lang='grc' dir='ltr'>ὑπὲρ</span> <span class='ocrx_word' id='word_1_199' title='bbox 1627 574 1746 607; x_wconf 79' lang='grc' dir='ltr'>Μαελὲθ,</span> <span class='ocrx_word' id='word_1_200' title='bbox 1761 583 1770 600; x_wconf 75' lang='grc' dir='ltr'>ι</span> <span class='ocrx_word' id='word_1_201' title='bbox 1781 574 1795 600; x_wconf 81' lang='grc' dir='ltr'><strong>ὃ</strong></span> <span class='ocrx_word' id='word_1_202' title='bbox 1808 583 1819 601; x_wconf 75' lang='grc' dir='ltr'><strong>ι</strong></span> <span class='ocrx_word' id='word_1_203' title='bbox 1832 575 1880 603; x_wconf 80' lang='grc' dir='ltr'>διὰ</span> 
     </span>
    </p>
   </div>
   <div class='ocr_carea' id='block_1_29' title="bbox 1087 616 1878 653">
    <p class='ocr_par' dir='ltr' id='par_1_29' title="bbox 1087 616 1878 653">
     <span class='ocr_line' id='line_1_29' title="bbox 1087 616 1878 653; baseline 0.003 -10"><span class='ocrx_word' id='word_1_204' title='bbox 1087 617 1198 653; x_wconf 83' lang='grc' dir='ltr'>χορείας</span> <span class='ocrx_word' id='word_1_205' title='bbox 1213 626 1222 642; x_wconf 80' lang='grc' dir='ltr'><strong>ι</strong></span> <span class='ocrx_word' id='word_1_206' title='bbox 1241 616 1432 652; x_wconf 81' lang='grc' dir='ltr'>ἑρμηνεύεται.</span> <span class='ocrx_word' id='word_1_207' title='bbox 1448 617 1502 644; x_wconf 76' lang='grc' dir='ltr'><strong>Καὶ</strong></span> <span class='ocrx_word' id='word_1_208' title='bbox 1513 617 1574 644; x_wconf 76' lang='grc' dir='ltr'>ἀντὶ</span> <span class='ocrx_word' id='word_1_209' title='bbox 1587 617 1634 645; x_wconf 79' lang='grc' dir='ltr'>τοῦ</span> <span class='ocrx_word' id='word_1_210' title='bbox 1647 628 1655 643; x_wconf 88' lang='grc'><strong><em>‹</em></strong></span> <span class='ocrx_word' id='word_1_211' title='bbox 1671 618 1711 650; x_wconf 83' lang='grc' dir='ltr'><strong>είς</strong></span> <span class='ocrx_word' id='word_1_212' title='bbox 1723 617 1753 644; x_wconf 78' lang='grc' dir='ltr'><strong>τὸ</strong></span> <span class='ocrx_word' id='word_1_213' title='bbox 1765 617 1853 652; x_wconf 82' lang='grc' dir='ltr'><strong>τέλος,</strong></span> <span class='ocrx_word' id='word_1_214' title='bbox 1866 629 1878 645; x_wconf 69' lang='grc' dir='ltr'><strong>υ</strong></span> 
     </span>
    </p>
   </div>
   <div class='ocr_carea' id='block_1_30' title="bbox 1083 661 1817 698">
    <p class='ocr_par' dir='ltr' id='par_1_30' title="bbox 1083 661 1817 698">
     <span class='ocr_line' id='line_1_30' title="bbox 1083 661 1817 698; baseline 0.003 -10"><span class='ocrx_word' id='word_1_215' title='bbox 1083 663 1171 698; x_wconf 75' lang='grc' dir='ltr'>ἕτεροι</span> <span class='ocrx_word' id='word_1_216' title='bbox 1192 661 1249 689; x_wconf 83' lang='grc' dir='ltr'>τῶν</span> <span class='ocrx_word' id='word_1_217' title='bbox 1264 661 1406 697; x_wconf 80' lang='grc' dir='ltr'>ἑρμηνέων</span> <span class='ocrx_word' id='word_1_218' title='bbox 1423 672 1432 688; x_wconf 85' lang='grc'><strong>‹</strong></span> <span class='ocrx_word' id='word_1_219' title='bbox 1448 662 1582 690; x_wconf 78' lang='grc' dir='ltr'>ἐπινίκιον</span> <span class='ocrx_word' id='word_1_220' title='bbox 1602 673 1611 689; x_wconf 86' lang='grc'><strong>›</strong></span> <span class='ocrx_word' id='word_1_221' title='bbox 1629 662 1817 691; x_wconf 78' lang='grc' dir='ltr'>ἐκδεδώκασιν.</span> 
     </span>
    </p>
   </div>
   <div class='ocr_carea' id='block_1_31' title="bbox 1124 797 1876 832">
    <p class='ocr_par' dir='ltr' id='par_1_31' title="bbox 1124 797 1876 832">
     <span class='ocr_line' id='line_1_31' title="bbox 1124 797 1876 832; baseline -0.001 -7"><span class='ocrx_word' id='word_1_222' title='bbox 1124 799 1208 825; x_wconf 81' lang='grc' dir='ltr'>Πάλιν</span> <span class='ocrx_word' id='word_1_223' title='bbox 1222 798 1265 824; x_wconf 76' lang='grc' dir='ltr'><strong>διὰ</strong></span> <span class='ocrx_word' id='word_1_224' title='bbox 1281 798 1333 825; x_wconf 84' lang='grc' dir='ltr'><strong>τῶν</strong></span> <span class='ocrx_word' id='word_1_225' title='bbox 1358 798 1510 826; x_wconf 77' lang='grc' dir='ltr'>ἀκολούθων</span> <span class='ocrx_word' id='word_1_226' title='bbox 1529 798 1630 824; x_wconf 74' lang='grc' dir='ltr'><strong>τοοῖὼν</strong></span> <span class='ocrx_word' id='word_1_227' title='bbox 1643 799 1656 824; x_wconf 85' lang='grc' dir='ltr'>ὁ</span> <span class='ocrx_word' id='word_1_228' title='bbox 1669 797 1756 832; x_wconf 81' lang='grc' dir='ltr'>λόγος,</span> <span class='ocrx_word' id='word_1_229' title='bbox 1777 799 1876 825; x_wconf 48' lang='lat' dir='ltr'><strong>mra}-</strong></span> 
     </span>
    </p>
   </div>
   <div class='ocr_carea' id='block_1_32' title="bbox 251 834 1034 879">
    <p class='ocr_par' dir='ltr' id='par_1_32' title="bbox 251 841 1034 879">
     <span class='ocr_line' id='line_1_32' title="bbox 251 841 1034 879; baseline 0.009 -15"><span class='ocrx_word' id='word_1_230' title='bbox 251 845 381 871; x_wconf 80' lang='lat' dir='ltr'><strong>gressus,</strong></span> <span class='ocrx_word' id='word_1_231' title='bbox 404 843 587 867; x_wconf 76' lang='lat' dir='ltr'><strong>consentanea</strong></span> <span class='ocrx_word' id='word_1_232' title='bbox 616 841 826 875; x_wconf 81' lang='lat' dir='ltr'><strong>cogitationibus</strong></span> <span class='ocrx_word' id='word_1_233' title='bbox 856 851 960 875; x_wconf 87' lang='lat' dir='ltr'><strong>eorum,</strong></span> <span class='ocrx_word' id='word_1_234' title='bbox 991 845 1034 879; x_wconf 90' lang='lat' dir='ltr'><strong>qui</strong></span> 
     </span>
    </p>
   </div>
   <div class='ocr_carea' id='block_1_33' title="bbox 1087 834 1880 879">
    <p class='ocr_par' dir='ltr' id='par_1_33' title="bbox 1088 843 1880 879">
     <span class='ocr_line' id='line_1_33' title="bbox 1088 843 1880 879; baseline 0 -9"><span class='ocrx_word' id='word_1_235' title='bbox 1088 845 1174 879; x_wconf 79' lang='grc' dir='ltr'>λήλως</span> <span class='ocrx_word' id='word_1_236' title='bbox 1187 846 1242 876; x_wconf 78' lang='grc' dir='ltr'>τοῖς</span> <span class='ocrx_word' id='word_1_237' title='bbox 1255 844 1298 870; x_wconf 71' lang='grc' dir='ltr'>διὰ</span> <span class='ocrx_word' id='word_1_238' title='bbox 1309 844 1359 878; x_wconf 81' lang='grc' dir='ltr'>τῆς</span> <span class='ocrx_word' id='word_1_239' title='bbox 1373 843 1514 879; x_wconf 77' lang='grc' dir='ltr'><strong>προκοπῆς</strong></span> <span class='ocrx_word' id='word_1_240' title='bbox 1527 843 1718 879; x_wconf 73' lang='grc' dir='ltr'><strong>εὑρισκόμενος</strong></span> <span class='ocrx_word' id='word_1_241' title='bbox 1743 843 1880 878; x_wconf 74' lang='grc' dir='ltr'>νοήμασιν</span> 
     </span>
    </p>
   </div>
   <div class='ocr_carea' id='block_1_34' title="bbox 251 882 1036 922">
    <p class='ocr_par' dir='ltr' id='par_1_34' title="bbox 251 882 1036 922">
     <span class='ocr_line' id='line_1_34' title="bbox 251 882 1036 922; baseline 0.009 -13"><span class='ocrx_word' id='word_1_242' title='bbox 251 882 407 916; x_wconf 82' lang='lat' dir='ltr'><strong>proﬁciunt,</strong></span> <span class='ocrx_word' id='word_1_243' title='bbox 424 885 612 912; x_wconf 71' lang='lat' dir='ltr'><strong>accommodat</strong></span> <span class='ocrx_word' id='word_1_244' title='bbox 624 886 744 914; x_wconf 69' lang='lat' dir='ltr'><strong>historia:</strong></span> <span class='ocrx_word' id='word_1_245' title='bbox 755 888 899 922; x_wconf 67' lang='lat' dir='ltr'><strong>mnigtnata</strong></span> <span class='ocrx_word' id='word_1_246' title='bbox 914 894 940 915; x_wconf 87' lang='lat' dir='ltr'><strong>et</strong></span> <span class='ocrx_word' id='word_1_247' title='bbox 958 889 1036 916; x_wconf 86' lang='lat' dir='ltr'><strong>invo-</strong></span> 
     </span>
    </p>
   </div>
   <div class='ocr_carea' id='block_1_35' title="bbox 252 930 1037 969">
    <p class='ocr_par' dir='ltr' id='par_1_35' title="bbox 252 930 1037 969">
     <span class='ocr_line' id='line_1_35' title="bbox 252 930 1037 969; baseline 0.008 -14"><span class='ocrx_word' id='word_1_248' title='bbox 252 930 338 962; x_wconf 82' lang='lat' dir='ltr'><strong>lucra,</strong></span> <span class='ocrx_word' id='word_1_249' title='bbox 356 931 464 964; x_wconf 81' lang='lat' dir='ltr'><strong>quando</strong></span> <span class='ocrx_word' id='word_1_250' title='bbox 492 932 560 958; x_wconf 85' lang='lat' dir='ltr'><strong>nihil</strong></span> <span class='ocrx_word' id='word_1_251' title='bbox 585 932 718 960; x_wconf 84' lang='lat' dir='ltr'><strong>adversus</strong></span> <span class='ocrx_word' id='word_1_252' title='bbox 743 941 793 960; x_wconf 90' lang='lat' dir='ltr'><strong>nos</strong></span> <span class='ocrx_word' id='word_1_253' title='bbox 816 933 888 969; x_wconf 85' lang='lat' dir='ltr'><strong>Doeg</strong></span> <span class='ocrx_word' id='word_1_254' title='bbox 911 935 955 962; x_wconf 88' lang='lat' dir='ltr'><strong>ille</strong></span> <span class='ocrx_word' id='word_1_255' title='bbox 974 934 1037 961; x_wconf 72' lang='lat' dir='ltr'><strong>ltlu-</strong></span> 
     </span>
    </p>
   </div>
   <div class='ocr_carea' id='block_1_36' title="bbox 251 978 1035 1015">
    <p class='ocr_par' dir='ltr' id='par_1_36' title="bbox 251 978 1035 1015">
     <span class='ocr_line' id='line_1_36' title="bbox 251 978 1035 1015; baseline 0.006 -13"><span class='ocrx_word' id='word_1_256' title='bbox 251 984 335 1004; x_wconf 61' lang='lat' dir='ltr'><strong>mzaus</strong></span> <span class='ocrx_word' id='word_1_257' title='bbox 363 978 484 1010; x_wconf 87' lang='lat' dir='ltr'><strong>molitur,</strong></span> <span class='ocrx_word' id='word_1_258' title='bbox 504 978 531 1005; x_wconf 92' lang='lat' dir='ltr'><strong>in</strong></span> <span class='ocrx_word' id='word_1_259' title='bbox 563 979 654 1014; x_wconf 92' lang='lat' dir='ltr'><strong>seipso</strong></span> <span class='ocrx_word' id='word_1_260' title='bbox 678 979 831 1015; x_wconf 80' lang='lat' dir='ltr'><strong>ambiguam</strong></span> <span class='ocrx_word' id='word_1_261' title='bbox 852 980 936 1012; x_wconf 82' lang='lat' dir='ltr'><strong>illaut,</strong></span> <span class='ocrx_word' id='word_1_262' title='bbox 961 985 988 1008; x_wconf 82' lang='lat' dir='ltr'><strong>et</strong></span> <span class='ocrx_word' id='word_1_263' title='bbox 1009 981 1035 1007; x_wconf 92' lang='lat' dir='ltr'><strong>in</strong></span> 
     </span>
    </p>
   </div>
   <div class='ocr_carea' id='block_1_37' title="bbox 250 1022 1034 1060">
    <p class='ocr_par' dir='ltr' id='par_1_37' title="bbox 250 1022 1034 1060">
     <span class='ocr_line' id='line_1_37' title="bbox 250 1022 1034 1060; baseline 0.006 -12"><span class='ocrx_word' id='word_1_264' title='bbox 250 1022 350 1056; x_wconf 80' lang='lat' dir='ltr'><strong>duplici</strong></span> <span class='ocrx_word' id='word_1_265' title='bbox 364 1023 484 1049; x_wconf 85' lang='lat' dir='ltr'><strong>conﬁnio</strong></span> <span class='ocrx_word' id='word_1_266' title='bbox 495 1024 610 1058; x_wconf 84' lang='lat' dir='ltr'><strong>positam</strong></span> <span class='ocrx_word' id='word_1_267' title='bbox 623 1024 758 1051; x_wconf 91' lang='lat' dir='ltr'><strong>mulorum</strong></span> <span class='ocrx_word' id='word_1_268' title='bbox 772 1030 896 1052; x_wconf 88' lang='lat' dir='ltr'><strong>naturam</strong></span> <span class='ocrx_word' id='word_1_269' title='bbox 909 1033 1034 1060; x_wconf 88' lang='lat' dir='ltr'><strong>pascens.</strong></span> 
     </span>
    </p>
   </div>
   <div class='ocr_carea' id='block_1_38' title="bbox 252 1066 1036 1106">
    <p class='ocr_par' dir='ltr' id='par_1_38' title="bbox 252 1066 1036 1106">
     <span class='ocr_line' id='line_1_38' title="bbox 252 1066 1036 1106; baseline 0.008 -14"><span class='ocrx_word' id='word_1_270' title='bbox 252 1066 357 1093; x_wconf 77' lang='lat' dir='ltr'><strong>Dictum</strong></span> <span class='ocrx_word' id='word_1_271' title='bbox 383 1073 420 1094; x_wconf 79' lang='lat' dir='ltr'><strong>est</strong></span> <span class='ocrx_word' id='word_1_272' title='bbox 451 1072 541 1095; x_wconf 90' lang='lat' dir='ltr'><strong>autetn</strong></span> <span class='ocrx_word' id='word_1_273' title='bbox 566 1073 592 1096; x_wconf 88' lang='lat' dir='ltr'><strong>et</strong></span> <span class='ocrx_word' id='word_1_274' title='bbox 617 1076 711 1104; x_wconf 84' lang='lat' dir='ltr'><strong>supra,</strong></span> <span class='ocrx_word' id='word_1_275' title='bbox 742 1074 883 1105; x_wconf 85' lang='lat' dir='ltr'><strong>peccatum</strong></span> <span class='ocrx_word' id='word_1_276' title='bbox 909 1079 956 1106; x_wconf 86' lang='lat' dir='ltr'><strong>per</strong></span> <span class='ocrx_word' id='word_1_277' title='bbox 985 1072 1036 1099; x_wconf 88' lang='lat' dir='ltr'><strong>hoc</strong></span> 
     </span>
    </p>
   </div>
   <div class='ocr_carea' id='block_1_39' title="bbox 250 1113 1034 1152">
    <p class='ocr_par' dir='ltr' id='par_1_39' title="bbox 250 1113 1034 1152">
     <span class='ocr_line' id='line_1_39' title="bbox 250 1113 1034 1152; baseline 0.009 -14"><span class='ocrx_word' id='word_1_278' title='bbox 250 1113 351 1140; x_wconf 81' lang='lat' dir='ltr'><strong>animal</strong></span> <span class='ocrx_word' id='word_1_279' title='bbox 369 1114 516 1148; x_wconf 76' lang='lat' dir='ltr'><strong>significari</strong></span> <span class='ocrx_word' id='word_1_280' title='bbox 534 1126 540 1142; x_wconf 86' lang='lat'><strong>:</strong></span> <span class='ocrx_word' id='word_1_281' title='bbox 557 1116 786 1149; x_wconf 79' lang='lat' dir='ltr'><strong>quemadmodum</strong></span> <span class='ocrx_word' id='word_1_282' title='bbox 804 1117 877 1144; x_wconf 83' lang='lat' dir='ltr'><strong>cuitu</strong></span> <span class='ocrx_word' id='word_1_283' title='bbox 895 1122 1034 1152; x_wconf 81' lang='lat' dir='ltr'><strong>peccatum</strong></span> 
     </span>
    </p>
   </div>
   <div class='ocr_carea' id='block_1_40' title="bbox 251 1158 1036 1198">
    <p class='ocr_par' dir='ltr' id='par_1_40' title="bbox 251 1158 1036 1198">
     <span class='ocr_line' id='line_1_40' title="bbox 251 1158 1036 1198; baseline 0.009 -14"><span class='ocrx_word' id='word_1_284' title='bbox 251 1158 357 1186; x_wconf 74' lang='lat' dir='ltr'><strong>fruetus</strong></span> <span class='ocrx_word' id='word_1_285' title='bbox 371 1164 413 1187; x_wconf 79' lang='lat' dir='ltr'><strong>est</strong></span> <span class='ocrx_word' id='word_1_286' title='bbox 428 1160 491 1194; x_wconf 84' lang='lat' dir='ltr'><strong>ligni</strong></span> <span class='ocrx_word' id='word_1_287' title='bbox 511 1160 584 1188; x_wconf 89' lang='lat' dir='ltr'><strong>illius</strong></span> <span class='ocrx_word' id='word_1_288' title='bbox 599 1162 625 1187; x_wconf 94' lang='lat' dir='ltr'><strong>in</strong></span> <span class='ocrx_word' id='word_1_289' title='bbox 642 1166 787 1196; x_wconf 88' lang='lat' dir='ltr'><strong>utrutnqne</strong></span> <span class='ocrx_word' id='word_1_290' title='bbox 800 1163 909 1198; x_wconf 88' lang='lat' dir='ltr'><strong>penduli</strong></span> <span class='ocrx_word' id='word_1_291' title='bbox 922 1169 948 1190; x_wconf 88' lang='lat' dir='ltr'><strong>et</strong></span> <span class='ocrx_word' id='word_1_292' title='bbox 965 1164 1036 1191; x_wconf 84' lang='lat' dir='ltr'><strong>anci-</strong></span> 
     </span>
    </p>
   </div>
   <div class='ocr_carea' id='block_1_41' title="bbox 250 1203 1034 1242">
    <p class='ocr_par' dir='ltr' id='par_1_41' title="bbox 250 1203 1034 1242">
     <span class='ocr_line' id='line_1_41' title="bbox 250 1203 1034 1242; baseline 0.009 -13"><span class='ocrx_word' id='word_1_293' title='bbox 250 1203 313 1236; x_wconf 82' lang='lat' dir='ltr'><strong>pitis</strong></span> <span class='ocrx_word' id='word_1_294' title='bbox 326 1223 333 1234; x_wconf 89' lang='lat'><strong>,</strong></span> <span class='ocrx_word' id='word_1_295' title='bbox 356 1204 428 1238; x_wconf 90' lang='lat' dir='ltr'><strong>quod</strong></span> <span class='ocrx_word' id='word_1_296' title='bbox 451 1205 551 1232; x_wconf 81' lang='lat' dir='ltr'><strong>honuni</strong></span> <span class='ocrx_word' id='word_1_297' title='bbox 573 1210 601 1232; x_wconf 83' lang='lat' dir='ltr'><strong>et</strong></span> <span class='ocrx_word' id='word_1_298' title='bbox 621 1206 721 1233; x_wconf 85' lang='lat' dir='ltr'><strong>malum</strong></span> <span class='ocrx_word' id='word_1_299' title='bbox 746 1208 897 1242; x_wconf 83' lang='lat' dir='ltr'><strong>appellatur</strong></span> <span class='ocrx_word' id='word_1_300' title='bbox 913 1209 1034 1236; x_wconf 87' lang='lat' dir='ltr'><strong>:bonum</strong></span> 
     </span>
    </p>
   </div>
   <div class='ocr_carea' id='block_1_42' title="bbox 249 1247 1032 1286">
    <p class='ocr_par' dir='ltr' id='par_1_42' title="bbox 249 1247 1032 1286">
     <span class='ocr_line' id='line_1_42' title="bbox 249 1247 1032 1286; baseline 0.01 -14"><span class='ocrx_word' id='word_1_301' title='bbox 249 1247 378 1281; x_wconf 82' lang='lat' dir='ltr'><strong>quidem,</strong></span> <span class='ocrx_word' id='word_1_302' title='bbox 408 1249 479 1283; x_wconf 88' lang='lat' dir='ltr'><strong>quod</strong></span> <span class='ocrx_word' id='word_1_303' title='bbox 505 1254 577 1285; x_wconf 71' lang='lat' dir='ltr'><strong>tegat</strong></span> <span class='ocrx_word' id='word_1_304' title='bbox 609 1255 749 1283; x_wconf 79' lang='lat' dir='ltr'><strong>peccatum</strong></span> <span class='ocrx_word' id='word_1_305' title='bbox 775 1251 921 1286; x_wconf 72' lang='lat' dir='ltr'><strong>voluptatis</strong></span> <span class='ocrx_word' id='word_1_306' title='bbox 951 1261 1032 1285; x_wconf 83' lang='lat' dir='ltr'><strong>esca,</strong></span> 
     </span>
    </p>
   </div>
   <div class='ocr_carea' id='block_1_43' title="bbox 249 1295 1032 1331">
    <p class='ocr_par' dir='ltr' id='par_1_43' title="bbox 249 1295 1032 1331">
     <span class='ocr_line' id='line_1_43' title="bbox 249 1295 1032 1331; baseline 0.008 -12"><span class='ocrx_word' id='word_1_307' title='bbox 249 1301 329 1327; x_wconf 86' lang='lat' dir='ltr'><strong>quam</strong></span> <span class='ocrx_word' id='word_1_308' title='bbox 351 1295 475 1328; x_wconf 79' lang='lat' dir='ltr'><strong>corporis</strong></span> <span class='ocrx_word' id='word_1_309' title='bbox 491 1295 570 1321; x_wconf 82' lang='lat' dir='ltr'><strong>amici</strong></span> <span class='ocrx_word' id='word_1_310' title='bbox 586 1295 647 1322; x_wconf 88' lang='lat' dir='ltr'><strong>loco</strong></span> <span class='ocrx_word' id='word_1_311' title='bbox 665 1295 726 1322; x_wconf 86' lang='lat' dir='ltr'><strong>boni</strong></span> <span class='ocrx_word' id='word_1_312' title='bbox 740 1297 911 1331; x_wconf 85' lang='lat' dir='ltr'><strong>corripiunt;</strong></span> <span class='ocrx_word' id='word_1_313' title='bbox 933 1298 1032 1325; x_wconf 87' lang='lat' dir='ltr'><strong>malum</strong></span> 
     </span>
    </p>
   </div>
   <div class='ocr_carea' id='block_1_44' title="bbox 250 1332 1034 1377">
    <p class='ocr_par' dir='ltr' id='par_1_44' title="bbox 250 1332 1034 1377">
     <span class='ocr_line' id='line_1_44' title="bbox 250 1332 1034 1377; baseline 0.006 -12"><span class='ocrx_word' id='word_1_314' title='bbox 250 1347 324 1372; x_wconf 71' lang='lat' dir='ltr'><strong>vero,</strong></span> <span class='ocrx_word' id='word_1_315' title='bbox 347 1340 452 1374; x_wconf 86' lang='lat' dir='ltr'><strong>quiain</strong></span> <span class='ocrx_word' id='word_1_316' title='bbox 476 1348 598 1368; x_wconf 81' lang='lat' dir='ltr'><strong>amarunt</strong></span> <span class='ocrx_word' id='word_1_317' title='bbox 620 1346 697 1369; x_wconf 77' lang='lat' dir='ltr'><strong>cleat</strong></span> <span class='ocrx_word' id='word_1_318' title='bbox 713 1343 804 1374; x_wconf 85' lang='lat' dir='ltr'><strong>tiuetn,</strong></span> <span class='ocrx_word' id='word_1_319' title='bbox 822 1332 894 1377; x_wconf 77' lang='lat' dir='ltr'><strong>qtth</strong></span> <span class='ocrx_word' id='word_1_320' title='bbox 915 1351 989 1370; x_wconf 91' lang='lat' dir='ltr'><strong>nune</strong></span> <span class='ocrx_word' id='word_1_321' title='bbox 1005 1348 1034 1370; x_wconf 89' lang='lat' dir='ltr'><strong>ut</strong></span> 
     </span>
    </p>
   </div>
   <div class='ocr_carea' id='block_1_45' title="bbox 248 1385 1032 1423">
    <p class='ocr_par' dir='ltr' id='par_1_45' title="bbox 248 1385 1032 1423">
     <span class='ocr_line' id='line_1_45' title="bbox 248 1385 1032 1423; baseline 0.006 -12"><span class='ocrx_word' id='word_1_322' title='bbox 248 1385 349 1412; x_wconf 82' lang='lat' dir='ltr'><strong>bonum</strong></span> <span class='ocrx_word' id='word_1_323' title='bbox 375 1390 403 1413; x_wconf 89' lang='lat' dir='ltr'><strong>et</strong></span> <span class='ocrx_word' id='word_1_324' title='bbox 431 1387 575 1421; x_wconf 88' lang='lat' dir='ltr'><strong>pulchrum</strong></span> <span class='ocrx_word' id='word_1_325' title='bbox 601 1391 676 1415; x_wconf 88' lang='lat' dir='ltr'><strong>tanto</strong></span> <span class='ocrx_word' id='word_1_326' title='bbox 704 1388 795 1415; x_wconf 85' lang='lat' dir='ltr'><strong>studio</strong></span> <span class='ocrx_word' id='word_1_327' title='bbox 820 1389 951 1423; x_wconf 70' lang='lat' dir='ltr'><strong>qureritur</strong></span> <span class='ocrx_word' id='word_1_328' title='bbox 969 1397 975 1415; x_wconf 95' lang='lat'>:</span> <span class='ocrx_word' id='word_1_329' title='bbox 995 1389 1032 1416; x_wconf 88' lang='lat' dir='ltr'><strong>sic</strong></span> 
     </span>
    </p>
   </div>
   <div class='ocr_carea' id='block_1_46' title="bbox 248 1431 1033 1469">
    <p class='ocr_par' dir='ltr' id='par_1_46' title="bbox 248 1431 1033 1469">
     <span class='ocr_line' id='line_1_46' title="bbox 248 1431 1033 1469; baseline 0.006 -13"><span class='ocrx_word' id='word_1_330' title='bbox 248 1431 329 1457; x_wconf 86' lang='lat' dir='ltr'><strong>etiam</strong></span> <span class='ocrx_word' id='word_1_331' title='bbox 345 1431 437 1459; x_wconf 84' lang='lat' dir='ltr'><strong>videre</strong></span> <span class='ocrx_word' id='word_1_332' title='bbox 457 1433 520 1460; x_wconf 87' lang='lat' dir='ltr'><strong>licet</strong></span> <span class='ocrx_word' id='word_1_333' title='bbox 532 1433 675 1468; x_wconf 90' lang='lat' dir='ltr'><strong>utriusque</strong></span> <span class='ocrx_word' id='word_1_334' title='bbox 694 1438 808 1465; x_wconf 82' lang='lat' dir='ltr'><strong>naturae,</strong></span> <span class='ocrx_word' id='word_1_335' title='bbox 830 1435 891 1469; x_wconf 87' lang='lat' dir='ltr'><strong>equi</strong></span> <span class='ocrx_word' id='word_1_336' title='bbox 906 1434 1033 1462; x_wconf 73' lang='lat' dir='ltr'><strong>videlicet</strong></span> 
     </span>
    </p>
   </div>
   <div class='ocr_carea' id='block_1_47' title="bbox 248 1477 1033 1516">
    <p class='ocr_par' dir='ltr' id='par_1_47' title="bbox 248 1477 1033 1516">
     <span class='ocr_line' id='line_1_47' title="bbox 248 1477 1033 1516; baseline 0.005 -13"><span class='ocrx_word' id='word_1_337' title='bbox 248 1481 275 1504; x_wconf 89' lang='lat' dir='ltr'><strong>et</strong></span> <span class='ocrx_word' id='word_1_338' title='bbox 296 1477 377 1509; x_wconf 85' lang='lat' dir='ltr'><strong>asini,</strong></span> <span class='ocrx_word' id='word_1_339' title='bbox 397 1478 520 1513; x_wconf 73' lang='lat' dir='ltr'><strong>symbolo</strong></span> <span class='ocrx_word' id='word_1_340' title='bbox 543 1483 570 1506; x_wconf 91' lang='lat' dir='ltr'><strong>et</strong></span> <span class='ocrx_word' id='word_1_341' title='bbox 590 1484 670 1506; x_wconf 90' lang='lat' dir='ltr'><strong>notas</strong></span> <span class='ocrx_word' id='word_1_342' title='bbox 693 1480 721 1506; x_wconf 92' lang='lat' dir='ltr'><strong>in</strong></span> <span class='ocrx_word' id='word_1_343' title='bbox 745 1487 788 1513; x_wconf 94' lang='lat' dir='ltr'><strong>eo,</strong></span> <span class='ocrx_word' id='word_1_344' title='bbox 809 1480 843 1507; x_wconf 89' lang='lat' dir='ltr'><strong>de</strong></span> <span class='ocrx_word' id='word_1_345' title='bbox 858 1488 912 1515; x_wconf 84' lang='lat' dir='ltr'><strong>quo</strong></span> <span class='ocrx_word' id='word_1_346' title='bbox 937 1481 1033 1516; x_wconf 87' lang='lat' dir='ltr'><strong>loquor</strong></span> 
     </span>
    </p>
   </div>
   <div class='ocr_carea' id='block_1_48' title="bbox 249 1522 1036 1561">
    <p class='ocr_par' dir='ltr' id='par_1_48' title="bbox 249 1522 1036 1561">
     <span class='ocr_line' id='line_1_48' title="bbox 249 1522 1036 1561; baseline 0.008 -14"><span class='ocrx_word' id='word_1_347' title='bbox 249 1522 371 1554; x_wconf 82' lang='lat' dir='ltr'><strong>animali,</strong></span> <span class='ocrx_word' id='word_1_348' title='bbox 397 1527 427 1549; x_wconf 88' lang='lat' dir='ltr'><strong>ut</strong></span> <span class='ocrx_word' id='word_1_349' title='bbox 448 1523 560 1558; x_wconf 81' lang='lat' dir='ltr'><strong>perinde</strong></span> <span class='ocrx_word' id='word_1_350' title='bbox 586 1524 657 1552; x_wconf 87' lang='lat' dir='ltr'><strong>idem</strong></span> <span class='ocrx_word' id='word_1_351' title='bbox 682 1525 772 1552; x_wconf 87' lang='lat' dir='ltr'><strong>mulus</strong></span> <span class='ocrx_word' id='word_1_352' title='bbox 795 1526 830 1552; x_wconf 88' lang='lat' dir='ltr'><strong>sit</strong></span> <span class='ocrx_word' id='word_1_353' title='bbox 851 1530 878 1553; x_wconf 86' lang='lat' dir='ltr'><strong>et</strong></span> <span class='ocrx_word' id='word_1_354' title='bbox 898 1534 986 1561; x_wconf 88' lang='lat' dir='ltr'><strong>equus</strong></span> <span class='ocrx_word' id='word_1_355' title='bbox 1009 1531 1036 1554; x_wconf 88' lang='lat' dir='ltr'><strong>ct</strong></span> 
     </span>
    </p>
   </div>
   <div class='ocr_carea' id='block_1_49' title="bbox 250 1567 1035 1606">
    <p class='ocr_par' dir='ltr' id='par_1_49' title="bbox 250 1567 1035 1606">
     <span class='ocr_line' id='line_1_49' title="bbox 250 1567 1035 1606; baseline 0.006 -12"><span class='ocrx_word' id='word_1_356' title='bbox 250 1567 356 1599; x_wconf 80' lang='lat' dir='ltr'><strong>asinus,</strong></span> <span class='ocrx_word' id='word_1_357' title='bbox 372 1576 426 1595; x_wconf 88' lang='lat' dir='ltr'><strong>non</strong></span> <span class='ocrx_word' id='word_1_358' title='bbox 448 1569 557 1604; x_wconf 86' lang='lat' dir='ltr'><strong>quidem</strong></span> <span class='ocrx_word' id='word_1_359' title='bbox 574 1570 682 1597; x_wconf 89' lang='lat' dir='ltr'><strong>divisim</strong></span> <span class='ocrx_word' id='word_1_360' title='bbox 705 1574 860 1606; x_wconf 89' lang='lat' dir='ltr'><strong>utrumque,</strong></span> <span class='ocrx_word' id='word_1_361' title='bbox 875 1571 922 1599; x_wconf 81' lang='lat' dir='ltr'><strong>sed</strong></span> <span class='ocrx_word' id='word_1_362' title='bbox 944 1571 1035 1602; x_wconf 82' lang='lat' dir='ltr'><strong>simul.</strong></span> 
     </span>
    </p>
   </div>
   <div class='ocr_carea' id='block_1_50' title="bbox 249 1614 1036 1652">
    <p class='ocr_par' dir='ltr' id='par_1_50' title="bbox 249 1614 1036 1652">
     <span class='ocr_line' id='line_1_50' title="bbox 249 1614 1036 1652; baseline 0.006 -12"><span class='ocrx_word' id='word_1_363' title='bbox 249 1614 277 1640; x_wconf 92' lang='lat' dir='ltr'><strong>in</strong></span> <span class='ocrx_word' id='word_1_364' title='bbox 295 1621 378 1641; x_wconf 87' lang='lat' dir='ltr'><strong>unam</strong></span> <span class='ocrx_word' id='word_1_365' title='bbox 402 1614 505 1649; x_wconf 87' lang='lat' dir='ltr'><strong>duplici</strong></span> <span class='ocrx_word' id='word_1_366' title='bbox 528 1616 688 1643; x_wconf 90' lang='lat' dir='ltr'><strong>animalium</strong></span> <span class='ocrx_word' id='word_1_367' title='bbox 705 1620 802 1644; x_wconf 85' lang='lat' dir='ltr'><strong>natura</strong></span> <span class='ocrx_word' id='word_1_368' title='bbox 824 1617 858 1644; x_wconf 90' lang='lat' dir='ltr'><strong>ad</strong></span> <span class='ocrx_word' id='word_1_369' title='bbox 875 1617 938 1644; x_wconf 87' lang='lat' dir='ltr'><strong>novi</strong></span> <span class='ocrx_word' id='word_1_370' title='bbox 954 1617 1036 1652; x_wconf 87' lang='lat' dir='ltr'><strong>hujus</strong></span> 
     </span>
    </p>
   </div>
   <div class='ocr_carea' id='block_1_51' title="bbox 249 1660 1034 1691">
    <p class='ocr_par' dir='ltr' id='par_1_51' title="bbox 249 1660 1034 1691">
     <span class='ocr_line' id='line_1_51' title="bbox 249 1660 1034 1691; baseline 0.005 -5"><span class='ocrx_word' id='word_1_371' title='bbox 249 1660 375 1688; x_wconf 76' lang='lat' dir='ltr'><strong>animalis</strong></span> <span class='ocrx_word' id='word_1_372' title='bbox 409 1661 633 1689; x_wconf 88' lang='lat' dir='ltr'><strong>constitutionem</strong></span> <span class='ocrx_word' id='word_1_373' title='bbox 669 1663 811 1690; x_wconf 84' lang='lat' dir='ltr'><strong>commista</strong></span> <span class='ocrx_word' id='word_1_374' title='bbox 847 1666 874 1690; x_wconf 87' lang='lat' dir='ltr'><strong>et</strong></span> <span class='ocrx_word' id='word_1_375' title='bbox 910 1663 1034 1691; x_wconf 78' lang='lat' dir='ltr'><strong>confusa.</strong></span> 
     </span>
    </p>
   </div>
   <div class='ocr_carea' id='block_1_52' title="bbox 249 1704 1037 1743">
    <p class='ocr_par' dir='ltr' id='par_1_52' title="bbox 249 1704 1037 1743">
     <span class='ocr_line' id='line_1_52' title="bbox 249 1704 1037 1743; baseline 0.004 -12"><span class='ocrx_word' id='word_1_376' title='bbox 249 1704 364 1737; x_wconf 83' lang='lat' dir='ltr'><strong>Quando</strong></span> <span class='ocrx_word' id='word_1_377' title='bbox 379 1706 463 1740; x_wconf 80' lang='lat' dir='ltr'><strong>igitur</strong></span> <span class='ocrx_word' id='word_1_378' title='bbox 482 1707 634 1742; x_wconf 84' lang='lat' dir='ltr'><strong>alienigena</strong></span> <span class='ocrx_word' id='word_1_379' title='bbox 656 1707 711 1740; x_wconf 89' lang='lat' dir='ltr'><strong>ille,</strong></span> <span class='ocrx_word' id='word_1_380' title='bbox 735 1707 767 1734; x_wconf 88' lang='lat' dir='ltr'><strong>de</strong></span> <span class='ocrx_word' id='word_1_381' title='bbox 784 1715 839 1743; x_wconf 89' lang='lat' dir='ltr'><strong>quo</strong></span> <span class='ocrx_word' id='word_1_382' title='bbox 857 1708 974 1743; x_wconf 80' lang='lat' dir='ltr'><strong>agimus,</strong></span> <span class='ocrx_word' id='word_1_383' title='bbox 994 1713 1037 1743; x_wconf 89' lang='lat' dir='ltr'><strong>ty-</strong></span> 
     </span>
    </p>
   </div>
   <div class='ocr_carea' id='block_1_53' title="bbox 249 1753 1037 1787">
    <p class='ocr_par' dir='ltr' id='par_1_53' title="bbox 249 1753 1037 1787">
     <span class='ocr_line' id='line_1_53' title="bbox 249 1753 1037 1787; baseline 0.005 -9"><span class='ocrx_word' id='word_1_384' title='bbox 249 1759 336 1778; x_wconf 85' lang='lat' dir='ltr'><strong>ranno</strong></span> <span class='ocrx_word' id='word_1_385' title='bbox 374 1757 494 1780; x_wconf 87' lang='lat' dir='ltr'><strong>nostram</strong></span> <span class='ocrx_word' id='word_1_386' title='bbox 532 1753 603 1787; x_wconf 80' lang='lat' dir='ltr'><strong>apud</strong></span> <span class='ocrx_word' id='word_1_387' title='bbox 638 1754 807 1781; x_wconf 86' lang='lat' dir='ltr'><strong>sacerdotem</strong></span> <span class='ocrx_word' id='word_1_388' title='bbox 844 1755 1037 1782; x_wconf 88' lang='lat' dir='ltr'><strong>commoratio-</strong></span> 
     </span>
    </p>
   </div>
   <div class='ocr_carea' id='block_1_54' title="bbox 248 1799 1035 1833">
    <p class='ocr_par' dir='ltr' id='par_1_54' title="bbox 248 1799 1035 1833">
     <span class='ocr_line' id='line_1_54' title="bbox 248 1799 1035 1833; baseline 0.005 -9"><span class='ocrx_word' id='word_1_389' title='bbox 248 1805 310 1825; x_wconf 91' lang='lat' dir='ltr'><strong>nem</strong></span> <span class='ocrx_word' id='word_1_390' title='bbox 332 1802 359 1825; x_wconf 89' lang='lat' dir='ltr'><strong>et</strong></span> <span class='ocrx_word' id='word_1_391' title='bbox 375 1799 611 1826; x_wconf 89' lang='lat' dir='ltr'><strong>conversationem</strong></span> <span class='ocrx_word' id='word_1_392' title='bbox 636 1799 749 1831; x_wconf 83' lang='lat' dir='ltr'><strong>indicat,</strong></span> <span class='ocrx_word' id='word_1_393' title='bbox 766 1800 866 1828; x_wconf 90' lang='lat' dir='ltr'><strong>deinde</strong></span> <span class='ocrx_word' id='word_1_394' title='bbox 889 1808 940 1828; x_wconf 89' lang='lat' dir='ltr'><strong>nos</strong></span> <span class='ocrx_word' id='word_1_395' title='bbox 961 1809 1035 1833; x_wconf 91' lang='lat' dir='ltr'><strong>eum,</strong></span> 
     </span>
    </p>
   </div>
   <div class='ocr_carea' id='block_1_55' title="bbox 247 1843 1035 1881">
    <p class='ocr_par' dir='ltr' id='par_1_55' title="bbox 247 1843 1035 1881">
     <span class='ocr_line' id='line_1_55' title="bbox 247 1843 1035 1881; baseline 0.006 -13"><span class='ocrx_word' id='word_1_396' title='bbox 247 1843 296 1877; x_wconf 86' lang='lat' dir='ltr'><strong>qui</strong></span> <span class='ocrx_word' id='word_1_397' title='bbox 312 1843 339 1870; x_wconf 93' lang='lat' dir='ltr'><strong>in</strong></span> <span class='ocrx_word' id='word_1_398' title='bbox 355 1843 459 1869; x_wconf 86' lang='lat' dir='ltr'><strong>malitia</strong></span> <span class='ocrx_word' id='word_1_399' title='bbox 473 1844 617 1878; x_wconf 78' lang='lat' dir='ltr'><strong>gloriatur,</strong></span> <span class='ocrx_word' id='word_1_400' title='bbox 634 1849 660 1871; x_wconf 86' lang='lat' dir='ltr'><strong>et</strong></span> <span class='ocrx_word' id='word_1_401' title='bbox 682 1846 709 1871; x_wconf 94' lang='lat' dir='ltr'><strong>in</strong></span> <span class='ocrx_word' id='word_1_402' title='bbox 725 1845 870 1880; x_wconf 81' lang='lat' dir='ltr'><strong>iniquitate</strong></span> <span class='ocrx_word' id='word_1_403' title='bbox 886 1846 1035 1881; x_wconf 90' lang='lat' dir='ltr'><strong>potentiam</strong></span> 
     </span>
    </p>
   </div>
   <div class='ocr_carea' id='block_1_56' title="bbox 247 1889 1036 1927">
    <p class='ocr_par' dir='ltr' id='par_1_56' title="bbox 247 1889 1036 1927">
     <span class='ocr_line' id='line_1_56' title="bbox 247 1889 1036 1927; baseline 0.004 -11"><span class='ocrx_word' id='word_1_404' title='bbox 247 1892 275 1916; x_wconf 89' lang='lat' dir='ltr'><strong>et</strong></span> <span class='ocrx_word' id='word_1_405' title='bbox 288 1889 360 1916; x_wconf 84' lang='lat' dir='ltr'><strong>vires</strong></span> <span class='ocrx_word' id='word_1_406' title='bbox 376 1897 440 1917; x_wconf 87' lang='lat' dir='ltr'><strong>suas</strong></span> <span class='ocrx_word' id='word_1_407' title='bbox 455 1890 583 1922; x_wconf 91' lang='lat' dir='ltr'><strong>collocat,</strong></span> <span class='ocrx_word' id='word_1_408' title='bbox 601 1890 693 1917; x_wconf 85' lang='lat' dir='ltr'><strong>divina</strong></span> <span class='ocrx_word' id='word_1_409' title='bbox 708 1899 759 1926; x_wconf 89' lang='lat' dir='ltr'><strong>ope</strong></span> <span class='ocrx_word' id='word_1_410' title='bbox 771 1892 992 1927; x_wconf 85' lang='lat' dir='ltr'><strong>superaverimus</strong></span> <span class='ocrx_word' id='word_1_411' title='bbox 1008 1895 1036 1920; x_wconf 88' lang='lat' dir='ltr'><strong>et</strong></span> 
     </span>
    </p>
   </div>
   <div class='ocr_carea' id='block_1_57' title="bbox 248 1935 1036 1972">
    <p class='ocr_par' dir='ltr' id='par_1_57' title="bbox 248 1935 1036 1972">
     <span class='ocr_line' id='line_1_57' title="bbox 248 1935 1036 1972; baseline 0.003 -10"><span class='ocrx_word' id='word_1_412' title='bbox 248 1942 281 1962; x_wconf 83' lang='lat' dir='ltr'><strong>ex</strong></span> <span class='ocrx_word' id='word_1_413' title='bbox 310 1935 497 1964; x_wconf 84' lang='lat' dir='ltr'><strong>dominatione</strong></span> <span class='ocrx_word' id='word_1_414' title='bbox 521 1936 770 1969; x_wconf 78' lang='lat' dir='ltr'><strong>deturhaverimus,</strong></span> <span class='ocrx_word' id='word_1_415' title='bbox 801 1936 979 1972; x_wconf 78' lang='lat' dir='ltr'><strong>t&#39;unditusque</strong></span> <span class='ocrx_word' id='word_1_416' title='bbox 1002 1945 1036 1964; x_wconf 80' lang='lat' dir='ltr'><strong>ex</strong></span> 
     </span>
    </p>
   </div>
   <div class='ocr_carea' id='block_1_58' title="bbox 249 1982 1036 2014">
    <p class='ocr_par' dir='ltr' id='par_1_58' title="bbox 249 1982 1036 2014">
     <span class='ocr_line' id='line_1_58' title="bbox 249 1982 1036 2014; baseline 0.001 -6"><span class='ocrx_word' id='word_1_417' title='bbox 249 1985 321 2008; x_wconf 85' lang='lat' dir='ltr'><strong>terra</strong></span> <span class='ocrx_word' id='word_1_418' title='bbox 338 1982 486 2008; x_wconf 87' lang='lat' dir='ltr'><strong>viventium</strong></span> <span class='ocrx_word' id='word_1_419' title='bbox 512 1983 704 2014; x_wconf 69' lang='lat' dir='ltr'><strong>evulserimus,</strong></span> <span class='ocrx_word' id='word_1_420' title='bbox 728 1982 792 2009; x_wconf 85' lang='lat' dir='ltr'><strong>facti</strong></span> <span class='ocrx_word' id='word_1_421' title='bbox 814 1983 895 2014; x_wconf 91' lang='lat' dir='ltr'><strong>oliva,</strong></span> <span class='ocrx_word' id='word_1_422' title='bbox 912 1983 1036 2009; x_wconf 84' lang='lat' dir='ltr'><strong>multitu-</strong></span> 
     </span>
    </p>
   </div>
   <div class='ocr_carea' id='block_1_59' title="bbox 248 2026 1034 2063">
    <p class='ocr_par' dir='ltr' id='par_1_59' title="bbox 248 2026 1034 2063">
     <span class='ocr_line' id='line_1_59' title="bbox 248 2026 1034 2063; baseline 0.003 -10"><span class='ocrx_word' id='word_1_423' title='bbox 248 2027 312 2054; x_wconf 88' lang='lat' dir='ltr'><strong>dine</strong></span> <span class='ocrx_word' id='word_1_424' title='bbox 327 2026 464 2054; x_wconf 85' lang='lat' dir='ltr'><strong>fructuum</strong></span> <span class='ocrx_word' id='word_1_425' title='bbox 479 2027 538 2054; x_wconf 79' lang='lat' dir='ltr'><strong>laeta</strong></span> <span class='ocrx_word' id='word_1_426' title='bbox 555 2033 579 2055; x_wconf 87' lang='lat' dir='ltr'><strong>et</strong></span> <span class='ocrx_word' id='word_1_427' title='bbox 594 2033 703 2060; x_wconf 87' lang='lat' dir='ltr'><strong>onusta,</strong></span> <span class='ocrx_word' id='word_1_428' title='bbox 718 2033 744 2055; x_wconf 90' lang='lat' dir='ltr'><strong>et</strong></span> <span class='ocrx_word' id='word_1_429' title='bbox 760 2035 807 2063; x_wconf 89' lang='lat' dir='ltr'><strong>per</strong></span> <span class='ocrx_word' id='word_1_430' title='bbox 818 2036 892 2063; x_wconf 89' lang='lat' dir='ltr'><strong>spem</strong></span> <span class='ocrx_word' id='word_1_431' title='bbox 908 2028 935 2055; x_wconf 90' lang='lat' dir='ltr'><strong>in</strong></span> <span class='ocrx_word' id='word_1_432' title='bbox 952 2028 1034 2055; x_wconf 88' lang='lat' dir='ltr'><strong>Deum</strong></span> 
     </span>
    </p>
   </div>
   <div class='ocr_carea' id='block_1_60' title="bbox 246 2073 1034 2104">
    <p class='ocr_par' dir='ltr' id='par_1_60' title="bbox 246 2073 1034 2104">
     <span class='ocr_line' id='line_1_60' title="bbox 246 2073 1034 2104; baseline 0 -4"><span class='ocrx_word' id='word_1_433' title='bbox 246 2074 431 2104; x_wconf 63' lang='lat' dir='ltr'><strong>corroborati,</strong></span> <span class='ocrx_word' id='word_1_434' title='bbox 456 2078 520 2100; x_wconf 90' lang='lat' dir='ltr'><strong>tunc</strong></span> <span class='ocrx_word' id='word_1_435' title='bbox 538 2073 740 2101; x_wconf 82' lang='lat' dir='ltr'><strong>celebrabimus</strong></span> <span class='ocrx_word' id='word_1_436' title='bbox 761 2074 788 2100; x_wconf 93' lang='lat' dir='ltr'><strong>in</strong></span> <span class='ocrx_word' id='word_1_437' title='bbox 806 2073 914 2101; x_wconf 88' lang='lat' dir='ltr'><strong>choreis</strong></span> <span class='ocrx_word' id='word_1_438' title='bbox 936 2073 1034 2101; x_wconf 85' lang='lat' dir='ltr'><strong>adver-</strong></span> 
     </span>
    </p>
   </div>
   <div class='ocr_carea' id='block_1_61' title="bbox 246 2120 1033 2156">
    <p class='ocr_par' dir='ltr' id='par_1_61' title="bbox 246 2120 1033 2156">
     <span class='ocr_line' id='line_1_61' title="bbox 246 2120 1033 2156; baseline 0 -8"><span class='ocrx_word' id='word_1_439' title='bbox 246 2127 295 2148; x_wconf 91' lang='lat' dir='ltr'><strong>sus</strong></span> <span class='ocrx_word' id='word_1_440' title='bbox 319 2120 456 2147; x_wconf 84' lang='lat' dir='ltr'><strong>devictum</strong></span> <span class='ocrx_word' id='word_1_441' title='bbox 476 2128 491 2147; x_wconf 90' lang='lat' dir='ltr'><strong>a</strong></span> <span class='ocrx_word' id='word_1_442' title='bbox 508 2121 589 2148; x_wconf 86' lang='lat' dir='ltr'><strong>nobis</strong></span> <span class='ocrx_word' id='word_1_443' title='bbox 612 2120 717 2148; x_wconf 87' lang='lat' dir='ltr'><strong>hostem</strong></span> <span class='ocrx_word' id='word_1_444' title='bbox 742 2121 869 2156; x_wconf 77' lang='lat' dir='ltr'><strong>epinicia,</strong></span> <span class='ocrx_word' id='word_1_445' title='bbox 891 2126 955 2148; x_wconf 88' lang='lat' dir='ltr'><strong>tune</strong></span> <span class='ocrx_word' id='word_1_446' title='bbox 979 2129 1033 2148; x_wconf 81' lang='lat' dir='ltr'><strong>me-</strong></span> 
     </span>
    </p>
   </div>
   <div class='ocr_carea' id='block_1_62' title="bbox 1089 887 1875 925">
    <p class='ocr_par' dir='ltr' id='par_1_62' title="bbox 1089 887 1875 925">
     <span class='ocr_line' id='line_1_62' title="bbox 1089 887 1875 925; baseline -0.005 -8"><span class='ocrx_word' id='word_1_447' title='bbox 1089 890 1238 925; x_wconf 71' lang='grc' dir='ltr'><strong>ἐφαρμόζει</strong></span> <span class='ocrx_word' id='word_1_448' title='bbox 1251 890 1285 916; x_wconf 78' lang='grc' dir='ltr'>τὰ</span> <span class='ocrx_word' id='word_1_449' title='bbox 1298 890 1346 925; x_wconf 85' lang='grc' dir='ltr'>τῆς</span> <span class='ocrx_word' id='word_1_450' title='bbox 1361 889 1480 924; x_wconf 76' lang='grc' dir='ltr'>ἱστορίας</span> <span class='ocrx_word' id='word_1_451' title='bbox 1493 889 1650 924; x_wconf 72' lang='grc' dir='ltr'>αἰνίγματα,</span> <span class='ocrx_word' id='word_1_452' title='bbox 1662 888 1724 915; x_wconf 74' lang='grc' dir='ltr'>ὅταν</span> <span class='ocrx_word' id='word_1_453' title='bbox 1735 887 1875 922; x_wconf 72' lang='grc' dir='ltr'>ἄπρακτος</span> 
     </span>
    </p>
   </div>
   <div class='ocr_carea' id='block_1_63' title="bbox 1087 932 1878 972">
    <p class='ocr_par' dir='ltr' id='par_1_63' title="bbox 1087 932 1878 972">
     <span class='ocr_line' id='line_1_63' title="bbox 1087 932 1878 972; baseline -0.004 -10"><span class='ocrx_word' id='word_1_454' title='bbox 1087 936 1199 972; x_wconf 80' lang='grc' dir='ltr'>γένηται</span> <span class='ocrx_word' id='word_1_455' title='bbox 1213 936 1272 962; x_wconf 79' lang='grc' dir='ltr'>καθ’</span> <span class='ocrx_word' id='word_1_456' title='bbox 1288 932 1366 971; x_wconf 76' lang='grc' dir='ltr'>ἡμῶν</span> <span class='ocrx_word' id='word_1_457' title='bbox 1379 937 1393 962; x_wconf 86' lang='grc' dir='ltr'><strong>ὁ</strong></span> <span class='ocrx_word' id='word_1_458' title='bbox 1408 935 1486 970; x_wconf 83' lang='grc' dir='ltr'>Δωὴκ</span> <span class='ocrx_word' id='word_1_459' title='bbox 1500 937 1602 967; x_wconf 78' lang='grc' dir='ltr'>ἐκεῖνος</span> <span class='ocrx_word' id='word_1_460' title='bbox 1616 936 1630 961; x_wconf 83' lang='grc' dir='ltr'>ὁ</span> <span class='ocrx_word' id='word_1_461' title='bbox 1650 935 1807 970; x_wconf 80' lang='grc' dir='ltr'>Ἰδουμαῖος,</span> <span class='ocrx_word' id='word_1_462' title='bbox 1825 934 1878 969; x_wconf 74' lang='grc' dir='ltr'><strong>τὴν</strong></span> 
     </span>
    </p>
   </div>
   <div class='ocr_carea' id='block_1_64' title="bbox 1087 980 1875 1017">
    <p class='ocr_par' dir='ltr' id='par_1_64' title="bbox 1087 980 1875 1017">
     <span class='ocr_line' id='line_1_64' title="bbox 1087 980 1875 1017; baseline -0.004 -9"><span class='ocrx_word' id='word_1_463' title='bbox 1087 982 1357 1017; x_wconf 76' lang='grc' dir='ltr'>ὲπαμφοτερίζουσαν</span> <span class='ocrx_word' id='word_1_464' title='bbox 1372 981 1426 1008; x_wconf 85' lang='grc' dir='ltr'><strong>τῶν</strong></span> <span class='ocrx_word' id='word_1_465' title='bbox 1449 981 1567 1016; x_wconf 62' lang='grc' dir='ltr'>ἡμιόπων</span> <span class='ocrx_word' id='word_1_466' title='bbox 1589 981 1668 1015; x_wconf 75' lang='grc' dir='ltr'>φύσιν</span> <span class='ocrx_word' id='word_1_467' title='bbox 1685 981 1713 1006; x_wconf 77' lang='grc' dir='ltr'>ἐν</span> <span class='ocrx_word' id='word_1_468' title='bbox 1730 980 1817 1014; x_wconf 78' lang='grc' dir='ltr'>ἐαυτῷ</span> <span class='ocrx_word' id='word_1_469' title='bbox 1833 988 1875 1005; x_wconf 78' lang='grc' dir='ltr'>νο-</span> 
     </span>
    </p>
   </div>
   <div class='ocr_carea' id='block_1_65' title="bbox 1088 1025 1874 1063">
    <p class='ocr_par' dir='ltr' id='par_1_65' title="bbox 1088 1025 1874 1063">
     <span class='ocr_line' id='line_1_65' title="bbox 1088 1025 1874 1063; baseline -0.003 -10"><span class='ocrx_word' id='word_1_470' title='bbox 1088 1027 1187 1062; x_wconf 79' lang='grc' dir='ltr'>μεύων.</span> <span class='ocrx_word' id='word_1_471' title='bbox 1214 1027 1326 1063; x_wconf 75' lang='grc' dir='ltr'><strong>Εἴρηται</strong></span> <span class='ocrx_word' id='word_1_472' title='bbox 1349 1026 1376 1052; x_wconf 76' lang='grc' dir='ltr'><strong>δὲ</strong></span> <span class='ocrx_word' id='word_1_473' title='bbox 1397 1025 1475 1052; x_wconf 76' lang='grc' dir='ltr'>τοῦτο</span> <span class='ocrx_word' id='word_1_474' title='bbox 1497 1026 1542 1052; x_wconf 81' lang='grc' dir='ltr'><strong>καὶ</strong></span> <span class='ocrx_word' id='word_1_475' title='bbox 1566 1027 1594 1052; x_wconf 80' lang='grc' dir='ltr'>ὲν</span> <span class='ocrx_word' id='word_1_476' title='bbox 1616 1026 1768 1060; x_wconf 74' lang='grc' dir='ltr'>φθάσασιν,</span> <span class='ocrx_word' id='word_1_477' title='bbox 1793 1025 1833 1051; x_wconf 81' lang='grc' dir='ltr'>ὅτι</span> <span class='ocrx_word' id='word_1_478' title='bbox 1857 1027 1874 1059; x_wconf 89' lang='grc' dir='ltr'><strong>ἡ</strong></span> 
     </span>
    </p>
   </div>
   <div class='ocr_carea' id='block_1_66' title="bbox 1086 1070 1877 1114">
    <p class='ocr_par' dir='ltr' id='par_1_66' title="bbox 1086 1070 1877 1114">
     <span class='ocr_line' id='line_1_66' title="bbox 1086 1070 1877 1114; baseline -0.003 -16"><span class='ocrx_word' id='word_1_479' title='bbox 1086 1071 1208 1107; x_wconf 82' lang='grc' dir='ltr'>ἁμαρτία</span> <span class='ocrx_word' id='word_1_480' title='bbox 1222 1071 1267 1098; x_wconf 75' lang='grc' dir='ltr'>διὰ</span> <span class='ocrx_word' id='word_1_481' title='bbox 1289 1071 1336 1097; x_wconf 76' lang='grc' dir='ltr'>τοῦ</span> <span class='ocrx_word' id='word_1_482' title='bbox 1354 1071 1422 1103; x_wconf 81' lang='grc' dir='ltr'>ζὼου</span> <span class='ocrx_word' id='word_1_483' title='bbox 1439 1071 1533 1097; x_wconf 82' lang='grc' dir='ltr'>τούτου</span> <span class='ocrx_word' id='word_1_484' title='bbox 1559 1070 1729 1114; x_wconf 66' lang='grc' dir='ltr'>σημαίνεται.</span> <span class='ocrx_word' id='word_1_485' title='bbox 1761 1071 1804 1101; x_wconf 81' lang='grc' dir='ltr'>Ὠς</span> <span class='ocrx_word' id='word_1_486' title='bbox 1821 1071 1877 1104; x_wconf 82' lang='grc' dir='ltr'>γὰρ</span> 
     </span>
    </p>
   </div>
   <div class='ocr_carea' id='block_1_67' title="bbox 1086 1115 1874 1153">
    <p class='ocr_par' dir='ltr' id='par_1_67' title="bbox 1086 1115 1874 1153">
     <span class='ocr_line' id='line_1_67' title="bbox 1086 1115 1874 1153; baseline -0.004 -9"><span class='ocrx_word' id='word_1_487' title='bbox 1086 1119 1155 1153; x_wconf 82' lang='grc' dir='ltr'>αὑτὴ</span> <span class='ocrx_word' id='word_1_488' title='bbox 1174 1117 1437 1152; x_wconf 74' lang='grc' dir='ltr'>ἐπαμφοτερίζοντος</span> <span class='ocrx_word' id='word_1_489' title='bbox 1453 1117 1557 1143; x_wconf 79' lang='grc' dir='ltr'>ἐκείνου</span> <span class='ocrx_word' id='word_1_490' title='bbox 1579 1116 1625 1142; x_wconf 79' lang='grc' dir='ltr'>τοῦ</span> <span class='ocrx_word' id='word_1_491' title='bbox 1640 1115 1717 1148; x_wconf 75' lang='grc' dir='ltr'>ξύλου</span> <span class='ocrx_word' id='word_1_492' title='bbox 1732 1116 1789 1142; x_wconf 71' lang='grc' dir='ltr'>ἐστὶ</span> <span class='ocrx_word' id='word_1_493' title='bbox 1806 1124 1874 1151; x_wconf 74' lang='grc' dir='ltr'>καρ-</span> 
     </span>
    </p>
   </div>
   <div class='ocr_carea' id='block_1_68' title="bbox 1085 1161 1874 1197">
    <p class='ocr_par' dir='ltr' id='par_1_68' title="bbox 1085 1161 1874 1197">
     <span class='ocr_line' id='line_1_68' title="bbox 1085 1161 1874 1197; baseline -0.003 -8"><span class='ocrx_word' id='word_1_494' title='bbox 1085 1164 1147 1195; x_wconf 67' lang='grc' dir='ltr'>πὸς,</span> <span class='ocrx_word' id='word_1_495' title='bbox 1161 1163 1190 1189; x_wconf 83' lang='grc' dir='ltr'>ὃν</span> <span class='ocrx_word' id='word_1_496' title='bbox 1207 1162 1288 1190; x_wconf 75' lang='grc' dir='ltr'>καλὸν</span> <span class='ocrx_word' id='word_1_497' title='bbox 1307 1163 1353 1189; x_wconf 69' lang='grc' dir='ltr'>καὶ</span> <span class='ocrx_word' id='word_1_498' title='bbox 1370 1162 1486 1197; x_wconf 74' lang='grc' dir='ltr'>πονηρὸν</span> <span class='ocrx_word' id='word_1_499' title='bbox 1501 1161 1627 1197; x_wconf 74' lang='grc' dir='ltr'>ὀνομάζει</span> <span class='ocrx_word' id='word_1_500' title='bbox 1646 1163 1660 1188; x_wconf 86' lang='grc' dir='ltr'>ὁ</span> <span class='ocrx_word' id='word_1_501' title='bbox 1673 1162 1760 1196; x_wconf 65' lang='grc' dir='ltr'>λόγος,</span> <span class='ocrx_word' id='word_1_502' title='bbox 1779 1161 1874 1192; x_wconf 65' lang='grc' dir='ltr'>καλὸν,</span> 
     </span>
    </p>
   </div>
   <div class='ocr_carea' id='block_1_69' title="bbox 1086 1206 1875 1242">
    <p class='ocr_par' dir='ltr' id='par_1_69' title="bbox 1086 1206 1875 1242">
     <span class='ocr_line' id='line_1_69' title="bbox 1086 1206 1875 1242; baseline -0.006 -6"><span class='ocrx_word' id='word_1_503' title='bbox 1086 1211 1132 1236; x_wconf 83' lang='grc' dir='ltr'><strong>καὶ</strong></span> <span class='ocrx_word' id='word_1_504' title='bbox 1145 1209 1189 1235; x_wconf 78' lang='grc' dir='ltr'>διὰ</span> <span class='ocrx_word' id='word_1_505' title='bbox 1205 1209 1235 1235; x_wconf 74' lang='grc' dir='ltr'>τὸ</span> <span class='ocrx_word' id='word_1_506' title='bbox 1251 1207 1418 1242; x_wconf 67' lang='grc' dir='ltr'>κεκαλύφοαι</span> <span class='ocrx_word' id='word_1_507' title='bbox 1436 1207 1485 1242; x_wconf 86' lang='grc' dir='ltr'>τὴν</span> <span class='ocrx_word' id='word_1_508' title='bbox 1501 1207 1638 1242; x_wconf 74' lang='grc' dir='ltr'>ἁμαρτίαν</span> <span class='ocrx_word' id='word_1_509' title='bbox 1657 1206 1694 1241; x_wconf 83' lang='grc' dir='ltr'>τῷ</span> <span class='ocrx_word' id='word_1_510' title='bbox 1711 1206 1760 1241; x_wconf 71' lang='grc' dir='ltr'>τῆς</span> <span class='ocrx_word' id='word_1_511' title='bbox 1777 1206 1875 1241; x_wconf 79' lang='grc' dir='ltr'>ἡδονῆς</span> 
     </span>
    </p>
   </div>
   <div class='ocr_carea' id='block_1_70' title="bbox 1084 1253 1877 1290">
    <p class='ocr_par' dir='ltr' id='par_1_70' title="bbox 1084 1253 1877 1290">
     <span class='ocr_line' id='line_1_70' title="bbox 1084 1253 1877 1290; baseline -0.004 -8"><span class='ocrx_word' id='word_1_512' title='bbox 1084 1255 1246 1290; x_wconf 80' lang='grc' dir='ltr'>δελεάσματι</span> <span class='ocrx_word' id='word_1_513' title='bbox 1260 1275 1267 1286; x_wconf 95' lang='grc'>,</span> <span class='ocrx_word' id='word_1_514' title='bbox 1287 1255 1321 1290; x_wconf 78' lang='grc' dir='ltr'>ἣν</span> <span class='ocrx_word' id='word_1_515' title='bbox 1335 1255 1395 1281; x_wconf 66' lang='grc' dir='ltr'>ἀντὶ</span> <span class='ocrx_word' id='word_1_516' title='bbox 1417 1253 1499 1281; x_wconf 76' lang='grc' dir='ltr'>καλοῦ</span> <span class='ocrx_word' id='word_1_517' title='bbox 1526 1254 1701 1289; x_wconf 75' lang='grc' dir='ltr'>μετέρχονται</span> <span class='ocrx_word' id='word_1_518' title='bbox 1717 1253 1742 1279; x_wconf 81' lang='grc' dir='ltr'>οἱ</span> <span class='ocrx_word' id='word_1_519' title='bbox 1758 1253 1805 1279; x_wconf 74' lang='grc' dir='ltr'>τοῦ</span> <span class='ocrx_word' id='word_1_520' title='bbox 1824 1253 1877 1279; x_wconf 78' lang='grc' dir='ltr'><strong>σώ-</strong></span> 
     </span>
    </p>
   </div>
   <div class='ocr_carea' id='block_1_71' title="bbox 1087 1299 1878 1337">
    <p class='ocr_par' dir='ltr' id='par_1_71' title="bbox 1087 1299 1878 1337">
     <span class='ocr_line' id='line_1_71' title="bbox 1087 1299 1878 1337; baseline -0.003 -9"><span class='ocrx_word' id='word_1_521' title='bbox 1087 1310 1172 1337; x_wconf 80' lang='grc' dir='ltr'>ματος</span> <span class='ocrx_word' id='word_1_522' title='bbox 1187 1301 1271 1335; x_wconf 64' lang='grc' dir='ltr'>φίλοι·</span> <span class='ocrx_word' id='word_1_523' title='bbox 1286 1299 1403 1335; x_wconf 72' lang='grc' dir='ltr'>πονηρὸν</span> <span class='ocrx_word' id='word_1_524' title='bbox 1420 1299 1446 1326; x_wconf 79' lang='grc' dir='ltr'>δὲ</span> <span class='ocrx_word' id='word_1_525' title='bbox 1463 1299 1554 1330; x_wconf 85' lang='grc' dir='ltr'>πάλιν,</span> <span class='ocrx_word' id='word_1_526' title='bbox 1570 1299 1610 1325; x_wconf 80' lang='grc' dir='ltr'><strong>ὅτι</strong></span> <span class='ocrx_word' id='word_1_527' title='bbox 1622 1301 1662 1331; x_wconf 79' lang='grc' dir='ltr'><strong>εἰς</strong></span> <span class='ocrx_word' id='word_1_528' title='bbox 1683 1299 1777 1334; x_wconf 73' lang='grc' dir='ltr'>πικρὸν</span> <span class='ocrx_word' id='word_1_529' title='bbox 1795 1307 1878 1326; x_wconf 62' lang='grc' dir='ltr'>κατα.</span> 
     </span>
    </p>
   </div>
   <div class='ocr_carea' id='block_1_72' title="bbox 1084 1344 1876 1383">
    <p class='ocr_par' dir='ltr' id='par_1_72' title="bbox 1084 1344 1876 1383">
     <span class='ocr_line' id='line_1_72' title="bbox 1084 1344 1876 1383; baseline -0.005 -9"><span class='ocrx_word' id='word_1_530' title='bbox 1084 1348 1161 1383; x_wconf 78' lang='grc' dir='ltr'>λήγει</span> <span class='ocrx_word' id='word_1_531' title='bbox 1175 1347 1271 1382; x_wconf 80' lang='grc' dir='ltr'>πέρας,</span> <span class='ocrx_word' id='word_1_532' title='bbox 1287 1345 1317 1372; x_wconf 80' lang='grc' dir='ltr'>τὸ</span> <span class='ocrx_word' id='word_1_533' title='bbox 1327 1345 1374 1372; x_wconf 78' lang='grc' dir='ltr'>νῦν</span> <span class='ocrx_word' id='word_1_534' title='bbox 1391 1345 1428 1376; x_wconf 81' lang='grc' dir='ltr'>ὡς</span> <span class='ocrx_word' id='word_1_535' title='bbox 1442 1345 1523 1372; x_wconf 83' lang='grc' dir='ltr'>καλὸν</span> <span class='ocrx_word' id='word_1_536' title='bbox 1540 1345 1771 1380; x_wconf 55' lang='grc' dir='ltr'>σπουδαζόμενον</span> <span class='ocrx_word' id='word_1_537' title='bbox 1788 1344 1876 1376; x_wconf 72' lang='grc' dir='ltr'>οὕτως</span> 
     </span>
    </p>
   </div>
   <div class='ocr_carea' id='block_1_73' title="bbox 1085 1389 1878 1426">
    <p class='ocr_par' dir='ltr' id='par_1_73' title="bbox 1085 1389 1878 1426">
     <span class='ocr_line' id='line_1_73' title="bbox 1085 1389 1878 1426; baseline -0.006 -7"><span class='ocrx_word' id='word_1_538' title='bbox 1085 1393 1157 1420; x_wconf 70' lang='grc' dir='ltr'>ἔστιν</span> <span class='ocrx_word' id='word_1_539' title='bbox 1175 1392 1308 1426; x_wconf 80' lang='grc' dir='ltr'>ἑκατέρας</span> <span class='ocrx_word' id='word_1_540' title='bbox 1324 1390 1441 1425; x_wconf 84' lang='grc' dir='ltr'>φύσεως,</span> <span class='ocrx_word' id='word_1_541' title='bbox 1457 1389 1543 1416; x_wconf 83' lang='grc' dir='ltr'>ἵππου</span> <span class='ocrx_word' id='word_1_542' title='bbox 1556 1398 1585 1415; x_wconf 84' lang='grc' dir='ltr'><strong>τε</strong></span> <span class='ocrx_word' id='word_1_543' title='bbox 1602 1390 1649 1416; x_wconf 82' lang='grc' dir='ltr'>καὶ</span> <span class='ocrx_word' id='word_1_544' title='bbox 1660 1389 1732 1422; x_wconf 74' lang='grc' dir='ltr'>ὄνου,</span> <span class='ocrx_word' id='word_1_545' title='bbox 1753 1389 1788 1416; x_wconf 66' lang='grc' dir='ltr'>τὰ</span> <span class='ocrx_word' id='word_1_546' title='bbox 1807 1390 1878 1424; x_wconf 77' lang='grc' dir='ltr'>σύμ-</span> 
     </span>
    </p>
   </div>
   <div class='ocr_carea' id='block_1_74' title="bbox 1084 1432 1876 1473">
    <p class='ocr_par' dir='ltr' id='par_1_74' title="bbox 1084 1432 1876 1473">
     <span class='ocr_line' id='line_1_74' title="bbox 1084 1432 1876 1473; baseline -0.005 -9"><span class='ocrx_word' id='word_1_547' title='bbox 1084 1438 1149 1464; x_wconf 75' lang='grc' dir='ltr'>ϐολα</span> <span class='ocrx_word' id='word_1_548' title='bbox 1171 1438 1235 1473; x_wconf 74' lang='grc' dir='ltr'>περὶ</span> <span class='ocrx_word' id='word_1_549' title='bbox 1252 1436 1282 1463; x_wconf 82' lang='grc' dir='ltr'><strong>τὸ</strong></span> <span class='ocrx_word' id='word_1_550' title='bbox 1300 1435 1477 1471; x_wconf 78' lang='grc' dir='ltr'>ὑποκείμενον</span> <span class='ocrx_word' id='word_1_551' title='bbox 1492 1435 1561 1467; x_wconf 82' lang='grc' dir='ltr'>ζῶον</span> <span class='ocrx_word' id='word_1_552' title='bbox 1577 1435 1656 1461; x_wconf 85' lang='grc' dir='ltr'>ἰδεῖν·</span> <span class='ocrx_word' id='word_1_553' title='bbox 1681 1435 1717 1466; x_wconf 80' lang='grc' dir='ltr'>ὡς</span> <span class='ocrx_word' id='word_1_554' title='bbox 1739 1432 1808 1461; x_wconf 77' lang='grc' dir='ltr'>εἶναι</span> <span class='ocrx_word' id='word_1_555' title='bbox 1825 1434 1876 1469; x_wconf 74' lang='grc' dir='ltr'><strong>τὴν</strong></span> 
     </span>
    </p>
   </div>
   <div class='ocr_carea' id='block_1_75' title="bbox 1086 1480 1876 1519">
    <p class='ocr_par' dir='ltr' id='par_1_75' title="bbox 1086 1480 1876 1519">
     <span class='ocr_line' id='line_1_75' title="bbox 1086 1480 1876 1519; baseline -0.005 -9"><span class='ocrx_word' id='word_1_556' title='bbox 1086 1484 1195 1519; x_wconf 79' lang='grc' dir='ltr'>ἡμίονον</span> <span class='ocrx_word' id='word_1_557' title='bbox 1214 1483 1244 1509; x_wconf 87' lang='grc' dir='ltr'><strong>τδ</strong></span> <span class='ocrx_word' id='word_1_558' title='bbox 1261 1482 1325 1509; x_wconf 78' lang='grc' dir='ltr'>αὐτὸ</span> <span class='ocrx_word' id='word_1_559' title='bbox 1341 1482 1388 1508; x_wconf 80' lang='grc' dir='ltr'>καὶ</span> <span class='ocrx_word' id='word_1_560' title='bbox 1406 1481 1490 1508; x_wconf 82' lang='grc' dir='ltr'>ἵππον</span> <span class='ocrx_word' id='word_1_561' title='bbox 1518 1481 1563 1507; x_wconf 68' lang='grc' dir='ltr'>καὶ</span> <span class='ocrx_word' id='word_1_562' title='bbox 1578 1481 1647 1512; x_wconf 81' lang='grc' dir='ltr'>ὄνον,</span> <span class='ocrx_word' id='word_1_563' title='bbox 1662 1481 1692 1507; x_wconf 76' lang='grc' dir='ltr'>οὐ</span> <span class='ocrx_word' id='word_1_564' title='bbox 1706 1480 1876 1516; x_wconf 76' lang='grc' dir='ltr'>διῃρημένως</span> 
     </span>
    </p>
   </div>
   <div class='ocr_carea' id='block_1_76' title="bbox 1089 1526 1877 1565">
    <p class='ocr_par' dir='ltr' id='par_1_76' title="bbox 1089 1526 1877 1565">
     <span class='ocr_line' id='line_1_76' title="bbox 1089 1526 1877 1565; baseline -0.005 -9"><span class='ocrx_word' id='word_1_565' title='bbox 1089 1530 1226 1565; x_wconf 80' lang='grc' dir='ltr'>ἑκάτερον,</span> <span class='ocrx_word' id='word_1_566' title='bbox 1248 1529 1305 1556; x_wconf 82' lang='grc' dir='ltr'>ἀλλ’</span> <span class='ocrx_word' id='word_1_567' title='bbox 1323 1529 1351 1554; x_wconf 85' lang='grc' dir='ltr'>ὲν</span> <span class='ocrx_word' id='word_1_568' title='bbox 1366 1528 1405 1554; x_wconf 78' lang='grc' dir='ltr'><strong>ἑνὶ</strong></span> <span class='ocrx_word' id='word_1_569' title='bbox 1421 1527 1454 1555; x_wconf 70' lang='grc' dir='ltr'><strong>τὰ</strong></span> <span class='ocrx_word' id='word_1_570' title='bbox 1471 1528 1527 1560; x_wconf 74' lang='grc' dir='ltr'>δύο,</span> <span class='ocrx_word' id='word_1_571' title='bbox 1546 1528 1595 1563; x_wconf 74' lang='grc' dir='ltr'>τῆς</span> <span class='ocrx_word' id='word_1_572' title='bbox 1615 1527 1711 1562; x_wconf 82' lang='grc' dir='ltr'>διπλῆς</span> <span class='ocrx_word' id='word_1_573' title='bbox 1728 1527 1781 1553; x_wconf 82' lang='grc' dir='ltr'><strong>τῶν</strong></span> <span class='ocrx_word' id='word_1_574' title='bbox 1799 1526 1877 1558; x_wconf 80' lang='grc' dir='ltr'>ζώων</span> 
     </span>
    </p>
   </div>
   <div class='ocr_carea' id='block_1_77' title="bbox 1088 1572 1876 1609">
    <p class='ocr_par' dir='ltr' id='par_1_77' title="bbox 1088 1572 1876 1609">
     <span class='ocr_line' id='line_1_77' title="bbox 1088 1572 1876 1609; baseline -0.005 -8"><span class='ocrx_word' id='word_1_575' title='bbox 1088 1575 1194 1609; x_wconf 72' lang='grc' dir='ltr'>φύσεως</span> <span class='ocrx_word' id='word_1_576' title='bbox 1215 1574 1284 1609; x_wconf 73' lang='grc' dir='ltr'>πρὸς</span> <span class='ocrx_word' id='word_1_577' title='bbox 1302 1573 1351 1609; x_wconf 80' lang='grc' dir='ltr'><strong>τὴν</strong></span> <span class='ocrx_word' id='word_1_578' title='bbox 1375 1573 1421 1600; x_wconf 80' lang='grc' dir='ltr'>τοῦ</span> <span class='ocrx_word' id='word_1_579' title='bbox 1448 1573 1517 1606; x_wconf 82' lang='grc' dir='ltr'>ζώου</span> <span class='ocrx_word' id='word_1_580' title='bbox 1542 1572 1712 1608; x_wconf 78' lang='grc' dir='ltr'>ἀπεργασίαν</span> <span class='ocrx_word' id='word_1_581' title='bbox 1737 1580 1876 1607; x_wconf 72' lang='grc' dir='ltr'>κατακρα-</span> 
     </span>
    </p>
   </div>
   <div class='ocr_carea' id='block_1_78' title="bbox 1087 1618 1877 1655">
    <p class='ocr_par' dir='ltr' id='par_1_78' title="bbox 1087 1618 1877 1655">
     <span class='ocr_line' id='line_1_78' title="bbox 1087 1618 1877 1655; baseline -0.004 -9"><span class='ocrx_word' id='word_1_582' title='bbox 1087 1620 1190 1655; x_wconf 81' lang='grc' dir='ltr'>θείσης.</span> <span class='ocrx_word' id='word_1_583' title='bbox 1213 1621 1298 1646; x_wconf 81' lang='grc' dir='ltr'>Ὅταν</span> <span class='ocrx_word' id='word_1_584' title='bbox 1315 1619 1405 1645; x_wconf 78' lang='grc' dir='ltr'>τοίνυν</span> <span class='ocrx_word' id='word_1_585' title='bbox 1434 1619 1553 1654; x_wconf 82' lang='grc' dir='ltr'>μηνυτὴς</span> <span class='ocrx_word' id='word_1_586' title='bbox 1569 1619 1680 1654; x_wconf 81' lang='grc' dir='ltr'>γένηται</span> <span class='ocrx_word' id='word_1_587' title='bbox 1698 1618 1736 1654; x_wconf 79' lang='grc' dir='ltr'>τῷ</span> <span class='ocrx_word' id='word_1_588' title='bbox 1751 1619 1877 1654; x_wconf 76' lang='grc' dir='ltr'>τυράννῳ</span> 
     </span>
    </p>
   </div>
   <div class='ocr_carea' id='block_1_79' title="bbox 1086 1661 1876 1700">
    <p class='ocr_par' dir='ltr' id='par_1_79' title="bbox 1086 1661 1876 1700">
     <span class='ocr_line' id='line_1_79' title="bbox 1086 1661 1876 1700; baseline -0.006 -9"><span class='ocrx_word' id='word_1_589' title='bbox 1086 1666 1134 1700; x_wconf 80' lang='grc' dir='ltr'>τῆς</span> <span class='ocrx_word' id='word_1_590' title='bbox 1155 1664 1229 1700; x_wconf 81' lang='grc' dir='ltr'><strong>παρά</strong></span> <span class='ocrx_word' id='word_1_591' title='bbox 1260 1663 1299 1699; x_wconf 85' lang='grc' dir='ltr'>τῷ</span> <span class='ocrx_word' id='word_1_592' title='bbox 1327 1665 1394 1699; x_wconf 80' lang='grc' dir='ltr'>ἱερεῖ</span> <span class='ocrx_word' id='word_1_593' title='bbox 1419 1664 1559 1698; x_wconf 80' lang='grc' dir='ltr'><strong>διαγωγῆς</strong></span> <span class='ocrx_word' id='word_1_594' title='bbox 1582 1663 1659 1698; x_wconf 81' lang='grc' dir='ltr'>ἡμῶν</span> <span class='ocrx_word' id='word_1_595' title='bbox 1687 1664 1701 1689; x_wconf 85' lang='grc' dir='ltr'><strong>ό</strong></span> <span class='ocrx_word' id='word_1_596' title='bbox 1728 1661 1876 1696; x_wconf 73' lang='grc' dir='ltr'>ἀλλόφυλος</span> 
     </span>
    </p>
   </div>
   <div class='ocr_carea' id='block_1_80' title="bbox 1087 1707 1876 1744">
    <p class='ocr_par' dir='ltr' id='par_1_80' title="bbox 1087 1707 1876 1744">
     <span class='ocr_line' id='line_1_80' title="bbox 1087 1707 1876 1744; baseline -0.004 -7"><span class='ocrx_word' id='word_1_597' title='bbox 1087 1711 1200 1743; x_wconf 78' lang='grc' dir='ltr'>ἐκεῖνος,</span> <span class='ocrx_word' id='word_1_598' title='bbox 1216 1711 1244 1737; x_wconf 82' lang='grc' dir='ltr'>ὃν</span> <span class='ocrx_word' id='word_1_599' title='bbox 1261 1710 1423 1744; x_wconf 78' lang='grc' dir='ltr'>ὲνοήσαμεν.</span> <span class='ocrx_word' id='word_1_600' title='bbox 1439 1707 1498 1736; x_wconf 80' lang='grc' dir='ltr'>εἶτα</span> <span class='ocrx_word' id='word_1_601' title='bbox 1512 1710 1592 1743; x_wconf 80' lang='grc' dir='ltr'>ἡμεῖς</span> <span class='ocrx_word' id='word_1_602' title='bbox 1609 1708 1653 1735; x_wconf 69' lang='grc' dir='ltr'><strong>τὸν</strong></span> <span class='ocrx_word' id='word_1_603' title='bbox 1668 1709 1696 1735; x_wconf 82' lang='grc' dir='ltr'>ὲν</span> <span class='ocrx_word' id='word_1_604' title='bbox 1711 1708 1792 1744; x_wconf 72' lang='grc' dir='ltr'>κακίᾳ</span> <span class='ocrx_word' id='word_1_605' title='bbox 1807 1716 1876 1734; x_wconf 69' lang='grc' dir='ltr'>καυ-</span> 
     </span>
    </p>
   </div>
   <div class='ocr_carea' id='block_1_81' title="bbox 1087 1754 1874 1791">
    <p class='ocr_par' dir='ltr' id='par_1_81' title="bbox 1087 1754 1874 1791">
     <span class='ocr_line' id='line_1_81' title="bbox 1087 1754 1874 1791; baseline -0.005 -9"><span class='ocrx_word' id='word_1_606' title='bbox 1087 1757 1227 1791; x_wconf 85' lang='grc' dir='ltr'>χώμενον,</span> <span class='ocrx_word' id='word_1_607' title='bbox 1251 1756 1299 1782; x_wconf 73' lang='grc' dir='ltr'>καὶ</span> <span class='ocrx_word' id='word_1_608' title='bbox 1318 1757 1347 1782; x_wconf 78' lang='grc' dir='ltr'>ὲν</span> <span class='ocrx_word' id='word_1_609' title='bbox 1371 1756 1471 1790; x_wconf 79' lang='grc' dir='ltr'>ἀνομίᾳ</span> <span class='ocrx_word' id='word_1_610' title='bbox 1495 1755 1663 1789; x_wconf 74' lang='grc' dir='ltr'>κεκτημένον</span> <span class='ocrx_word' id='word_1_611' title='bbox 1685 1754 1733 1788; x_wconf 78' lang='grc' dir='ltr'>τὴν</span> <span class='ocrx_word' id='word_1_612' title='bbox 1747 1754 1874 1787; x_wconf 77' lang='grc' dir='ltr'>δύναμιν,</span> 
     </span>
    </p>
   </div>
   <div class='ocr_carea' id='block_1_82' title="bbox 1086 1797 1875 1837">
    <p class='ocr_par' dir='ltr' id='par_1_82' title="bbox 1086 1797 1875 1837">
     <span class='ocr_line' id='line_1_82' title="bbox 1086 1797 1875 1837; baseline -0.006 -9"><span class='ocrx_word' id='word_1_613' title='bbox 1086 1802 1130 1828; x_wconf 70' lang='grc' dir='ltr'>διὰ</span> <span class='ocrx_word' id='word_1_614' title='bbox 1147 1801 1196 1837; x_wconf 85' lang='grc' dir='ltr'>τῆς</span> <span class='ocrx_word' id='word_1_615' title='bbox 1220 1801 1294 1832; x_wconf 79' lang='grc' dir='ltr'>θείας</span> <span class='ocrx_word' id='word_1_616' title='bbox 1317 1800 1473 1835; x_wconf 82' lang='grc' dir='ltr'>συμμαχίας</span> <span class='ocrx_word' id='word_1_617' title='bbox 1496 1799 1654 1834; x_wconf 63' lang='grc' dir='ltr'>καθέλωμεν</span> <span class='ocrx_word' id='word_1_618' title='bbox 1678 1807 1707 1824; x_wconf 85' lang='grc' dir='ltr'><strong>τε</strong></span> <span class='ocrx_word' id='word_1_619' title='bbox 1730 1799 1779 1832; x_wconf 77' lang='grc' dir='ltr'>τῆς</span> <span class='ocrx_word' id='word_1_620' title='bbox 1794 1797 1875 1824; x_wconf 76' lang='grc' dir='ltr'>δυνα-</span> 
     </span>
    </p>
   </div>
   <div class='ocr_carea' id='block_1_83' title="bbox 1087 1840 1875 1880">
    <p class='ocr_par' dir='ltr' id='par_1_83' title="bbox 1087 1840 1875 1880">
     <span class='ocr_line' id='line_1_83' title="bbox 1087 1840 1875 1880; baseline -0.009 -7"><span class='ocrx_word' id='word_1_621' title='bbox 1087 1847 1188 1877; x_wconf 81' lang='grc' dir='ltr'>στείας,</span> <span class='ocrx_word' id='word_1_622' title='bbox 1204 1846 1251 1872; x_wconf 72' lang='grc' dir='ltr'><strong>καὶ</strong></span> <span class='ocrx_word' id='word_1_623' title='bbox 1266 1844 1450 1880; x_wconf 82' lang='grc' dir='ltr'>προθέλυμνον</span> <span class='ocrx_word' id='word_1_624' title='bbox 1467 1843 1547 1870; x_wconf 80' lang='grc' dir='ltr'>αὑτὸν</span> <span class='ocrx_word' id='word_1_625' title='bbox 1562 1844 1593 1869; x_wconf 87' lang='grc' dir='ltr'>ὲκ</span> <span class='ocrx_word' id='word_1_626' title='bbox 1607 1842 1656 1877; x_wconf 84' lang='grc' dir='ltr'>τῆς</span> <span class='ocrx_word' id='word_1_627' title='bbox 1675 1841 1726 1876; x_wconf 84' lang='grc' dir='ltr'><strong>γῆς</strong></span> <span class='ocrx_word' id='word_1_628' title='bbox 1739 1841 1792 1867; x_wconf 80' lang='grc' dir='ltr'><strong>τῶν</strong></span> <span class='ocrx_word' id='word_1_629' title='bbox 1808 1840 1875 1873; x_wconf 74' lang='grc' dir='ltr'><strong>ζών-</strong></span> 
     </span>
    </p>
   </div>
   <div class='ocr_carea' id='block_1_84' title="bbox 1086 1885 1875 1927">
    <p class='ocr_par' dir='ltr' id='par_1_84' title="bbox 1086 1885 1875 1927">
     <span class='ocr_line' id='line_1_84' title="bbox 1086 1885 1875 1927; baseline -0.01 -9"><span class='ocrx_word' id='word_1_630' title='bbox 1086 1900 1141 1918; x_wconf 86' lang='grc' dir='ltr'><strong>των</strong></span> <span class='ocrx_word' id='word_1_631' title='bbox 1158 1889 1400 1927; x_wconf 76' lang='grc' dir='ltr'>ἀναρρνζώσωμεν,</span> <span class='ocrx_word' id='word_1_632' title='bbox 1417 1888 1496 1916; x_wconf 78' lang='grc' dir='ltr'>ἐλαία</span> <span class='ocrx_word' id='word_1_633' title='bbox 1507 1887 1648 1923; x_wconf 75' lang='grc' dir='ltr'>γενόμενοι</span> <span class='ocrx_word' id='word_1_634' title='bbox 1662 1886 1701 1922; x_wconf 80' lang='grc' dir='ltr'><strong>τῷ</strong></span> <span class='ocrx_word' id='word_1_635' title='bbox 1712 1885 1807 1921; x_wconf 78' lang='grc' dir='ltr'>πλήθει</span> <span class='ocrx_word' id='word_1_636' title='bbox 1819 1885 1875 1911; x_wconf 79' lang='grc' dir='ltr'><strong>τῶν</strong></span> 
     </span>
    </p>
   </div>
   <div class='ocr_carea' id='block_1_85' title="bbox 1086 1932 1876 1975">
    <p class='ocr_par' dir='ltr' id='par_1_85' title="bbox 1086 1932 1876 1975">
     <span class='ocr_line' id='line_1_85' title="bbox 1086 1932 1876 1975; baseline -0.011 -9"><span class='ocrx_word' id='word_1_637' title='bbox 1086 1939 1199 1975; x_wconf 81' lang='grc' dir='ltr'>καρπῶν</span> <span class='ocrx_word' id='word_1_638' title='bbox 1214 1937 1385 1972; x_wconf 77' lang='grc' dir='ltr'>ἀγαλλομένη</span> <span class='ocrx_word' id='word_1_639' title='bbox 1403 1936 1450 1962; x_wconf 74' lang='grc' dir='ltr'>καὶ</span> <span class='ocrx_word' id='word_1_640' title='bbox 1474 1934 1612 1970; x_wconf 78' lang='grc' dir='ltr'>βρίθουσα,</span> <span class='ocrx_word' id='word_1_641' title='bbox 1635 1933 1682 1960; x_wconf 75' lang='grc' dir='ltr'><strong>καὶ</strong></span> <span class='ocrx_word' id='word_1_642' title='bbox 1703 1933 1746 1959; x_wconf 79' lang='grc' dir='ltr'>διὰ</span> <span class='ocrx_word' id='word_1_643' title='bbox 1770 1932 1819 1966; x_wconf 88' lang='grc' dir='ltr'>τῆς</span> <span class='ocrx_word' id='word_1_644' title='bbox 1834 1932 1876 1962; x_wconf 83' lang='grc' dir='ltr'><strong>είς</strong></span> 
     </span>
    </p>
   </div>
   <div class='ocr_carea' id='block_1_86' title="bbox 1086 1977 1874 2018">
    <p class='ocr_par' dir='ltr' id='par_1_86' title="bbox 1086 1977 1874 2018">
     <span class='ocr_line' id='line_1_86' title="bbox 1086 1977 1874 2018; baseline -0.011 -6"><span class='ocrx_word' id='word_1_645' title='bbox 1086 1987 1152 2012; x_wconf 78' lang='grc' dir='ltr'>Θεὸν</span> <span class='ocrx_word' id='word_1_646' title='bbox 1172 1984 1278 2015; x_wconf 76' lang='grc' dir='ltr'>ἐλπίδος</span> <span class='ocrx_word' id='word_1_647' title='bbox 1303 1982 1506 2018; x_wconf 83' lang='grc' dir='ltr'>δυναμωοέντες</span> <span class='ocrx_word' id='word_1_648' title='bbox 1535 1981 1710 2016; x_wconf 80' lang='grc' dir='ltr'>χορεύσωμεν</span> <span class='ocrx_word' id='word_1_649' title='bbox 1734 1978 1804 2005; x_wconf 71' lang='grc' dir='ltr'>κατὰ</span> <span class='ocrx_word' id='word_1_650' title='bbox 1826 1977 1874 2003; x_wconf 72' lang='grc' dir='ltr'>τοῦ</span> 
     </span>
    </p>
   </div>
   <div class='ocr_carea' id='block_1_87' title="bbox 1085 2024 1875 2068">
    <p class='ocr_par' dir='ltr' id='par_1_87' title="bbox 1085 2024 1875 2068">
     <span class='ocr_line' id='line_1_87' title="bbox 1085 2024 1875 2068; baseline -0.014 -9"><span class='ocrx_word' id='word_1_651' title='bbox 1085 2031 1249 2068; x_wconf 74' lang='grc' dir='ltr'><strong>ἡττηθέντος</strong></span> <span class='ocrx_word' id='word_1_652' title='bbox 1267 2029 1301 2056; x_wconf 80' lang='grc' dir='ltr'>τὰ</span> <span class='ocrx_word' id='word_1_653' title='bbox 1318 2029 1452 2056; x_wconf 79' lang='grc' dir='ltr'>ὲπινίκια’</span> <span class='ocrx_word' id='word_1_654' title='bbox 1471 2027 1531 2054; x_wconf 79' lang='grc' dir='ltr'>τότε</span> <span class='ocrx_word' id='word_1_655' title='bbox 1549 2026 1620 2052; x_wconf 83' lang='grc' dir='ltr'><strong>κατά</strong></span> <span class='ocrx_word' id='word_1_656' title='bbox 1638 2026 1717 2060; x_wconf 77' lang='grc' dir='ltr'>λόγον</span> <span class='ocrx_word' id='word_1_657' title='bbox 1731 2026 1786 2056; x_wconf 82' lang='grc' dir='ltr'>τοῖς</span> <span class='ocrx_word' id='word_1_658' title='bbox 1802 2024 1875 2059; x_wconf 67' lang='grc' dir='ltr'>ὑψη-</span> 
     </span>
    </p>
   </div>
   <div class='ocr_carea' id='block_1_88' title="bbox 1085 2069 1875 2112">
    <p class='ocr_par' dir='ltr' id='par_1_88' title="bbox 1085 2069 1875 2112">
     <span class='ocr_line' id='line_1_88' title="bbox 1085 2069 1875 2112; baseline -0.01 -9"><span class='ocrx_word' id='word_1_659' title='bbox 1085 2077 1205 2112; x_wconf 80' lang='grc' dir='ltr'>λοτέροις</span> <span class='ocrx_word' id='word_1_660' title='bbox 1238 2073 1459 2110; x_wconf 80' lang='grc' dir='ltr'>προσϐαίνομεν,</span> <span class='ocrx_word' id='word_1_661' title='bbox 1486 2073 1571 2104; x_wconf 71' lang='grc' dir='ltr'>ὅντως</span> <span class='ocrx_word' id='word_1_662' title='bbox 1600 2071 1670 2098; x_wconf 80' lang='grc' dir='ltr'>κατὰ</span> <span class='ocrx_word' id='word_1_663' title='bbox 1698 2071 1747 2106; x_wconf 84' lang='grc' dir='ltr'><strong>τὴν</strong></span> <span class='ocrx_word' id='word_1_664' title='bbox 1773 2070 1802 2096; x_wconf 86' lang='grc' dir='ltr'><strong>ὲν</strong></span> <span class='ocrx_word' id='word_1_665' title='bbox 1834 2069 1875 2104; x_wconf 79' lang='grc' dir='ltr'><strong>τῷ</strong></span> 
     </span>
    </p>
   </div>
   <div class='ocr_carea' id='block_1_89' title="bbox 1089 2115 1878 2158">
    <p class='ocr_par' dir='ltr' id='par_1_89' title="bbox 1089 2115 1878 2158">
     <span class='ocr_line' id='line_1_89' title="bbox 1089 2115 1878 2158; baseline -0.01 -9"><span class='ocrx_word' id='word_1_666' title='bbox 1089 2123 1210 2158; x_wconf 80' lang='grc' dir='ltr'>Ἀσματι</span> <span class='ocrx_word' id='word_1_667' title='bbox 1223 2121 1323 2156; x_wconf 82' lang='grc' dir='ltr'>φωνὴν,</span> <span class='ocrx_word' id='word_1_668' title='bbox 1337 2129 1345 2146; x_wconf 83' lang='lat' dir='ltr'><strong>t</strong></span> <span class='ocrx_word' id='word_1_669' title='bbox 1360 2119 1601 2156; x_wconf 75' lang='grc' dir='ltr'>ὕρηδιαπηδῶντες</span> <span class='ocrx_word' id='word_1_670' title='bbox 1615 2118 1661 2146; x_wconf 78' lang='grc' dir='ltr'><strong>καὶ</strong></span> <span class='ocrx_word' id='word_1_671' title='bbox 1677 2117 1779 2153; x_wconf 80' lang='grc' dir='ltr'>βουνοῖς</span> <span class='ocrx_word' id='word_1_672' title='bbox 1791 2115 1878 2150; x_wconf 67' lang='grc' dir='ltr'>ἐφαλ-</span> 
     </span>
    </p>
   </div>
   <div class='ocr_carea' id='block_1_90' title="bbox 248 2166 1229 2204">
    <p class='ocr_par' dir='ltr' id='par_1_90' title="bbox 248 2166 1229 2204">
     <span class='ocr_line' id='line_1_90' title="bbox 248 2166 1229 2204; baseline 0.001 -11"><span class='ocrx_word' id='word_1_673' title='bbox 248 2167 302 2193; x_wconf 89' lang='lat' dir='ltr'><strong>rito</strong></span> <span class='ocrx_word' id='word_1_674' title='bbox 316 2166 430 2202; x_wconf 80' lang='lat' dir='ltr'><strong>gradum</strong></span> <span class='ocrx_word' id='word_1_675' title='bbox 447 2167 479 2194; x_wconf 89' lang='lat' dir='ltr'><strong>ad</strong></span> <span class='ocrx_word' id='word_1_676' title='bbox 493 2167 589 2194; x_wconf 86' lang='lat' dir='ltr'><strong>altiora</strong></span> <span class='ocrx_word' id='word_1_677' title='bbox 604 2166 747 2199; x_wconf 84' lang='lat' dir='ltr'><strong>faciemus,</strong></span> <span class='ocrx_word' id='word_1_678' title='bbox 762 2174 834 2200; x_wconf 84' lang='lat' dir='ltr'><strong>vere,</strong></span> <span class='ocrx_word' id='word_1_679' title='bbox 850 2171 880 2194; x_wconf 93' lang='lat' dir='ltr'><strong>ut</strong></span> <span class='ocrx_word' id='word_1_680' title='bbox 897 2166 924 2193; x_wconf 95' lang='lat' dir='ltr'><strong>in</strong></span> <span class='ocrx_word' id='word_1_681' title='bbox 939 2167 1032 2194; x_wconf 87' lang='lat' dir='ltr'><strong>Canti-</strong></span> <span class='ocrx_word' id='word_1_682' title='bbox 1049 2171 1070 2198; x_wconf 81' lang='grc' dir='ltr'>υ</span> <span class='ocrx_word' id='word_1_683' title='bbox 1085 2169 1200 2204; x_wconf 82' lang='grc' dir='ltr'>λόμενοι.</span> <span class='ocrx_word' id='word_1_684' title='bbox 1219 2177 1229 2194; x_wconf 78' lang='grc'>›</span> 
     </span>
    </p>
   </div>
   <div class='ocr_carea' id='block_1_91' title="bbox 246 2213 1035 2245">
    <p class='ocr_par' dir='ltr' id='par_1_91' title="bbox 246 2213 1035 2245">
     <span class='ocr_line' id='line_1_91' title="bbox 246 2213 1035 2245; baseline 0.004 -6"><span class='ocrx_word' id='word_1_685' title='bbox 246 2214 286 2240; x_wconf 86' lang='lat' dir='ltr'><strong>cis</strong></span> <span class='ocrx_word' id='word_1_686' title='bbox 302 2213 415 2245; x_wconf 88' lang='lat' dir='ltr'><strong>dicitur,</strong></span> <span class='ocrx_word' id='word_1_687' title='bbox 436 2222 445 2239; x_wconf 76' lang='grc' dir='ltr'>ί</span> <span class='ocrx_word' id='word_1_688' title='bbox 466 2213 597 2241; x_wconf 84' lang='lat' dir='ltr'><strong>salientes</strong></span> <span class='ocrx_word' id='word_1_689' title='bbox 614 2213 640 2240; x_wconf 92' lang='lat' dir='ltr'><strong>in</strong></span> <span class='ocrx_word' id='word_1_690' title='bbox 667 2213 806 2242; x_wconf 86' lang='lat' dir='ltr'><strong>montibus</strong></span> <span class='ocrx_word' id='word_1_691' title='bbox 834 2217 861 2241; x_wconf 88' lang='lat' dir='ltr'><strong>et</strong></span> <span class='ocrx_word' id='word_1_692' title='bbox 879 2214 1035 2242; x_wconf 82' lang='lat' dir='ltr'><strong>transilien-</strong></span> 
     </span>
    </p>
   </div>
   <div class='ocr_carea' id='block_1_92' title="bbox 245 2260 458 2287">
    <p class='ocr_par' dir='ltr' id='par_1_92' title="bbox 245 2260 458 2287">
     <span class='ocr_line' id='line_1_92' title="bbox 245 2260 458 2287; baseline -0.005 -1"><span class='ocrx_word' id='word_1_693' title='bbox 245 2263 286 2286; x_wconf 88' lang='lat' dir='ltr'><strong>tes</strong></span> <span class='ocrx_word' id='word_1_694' title='bbox 302 2260 386 2287; x_wconf 88' lang='lat' dir='ltr'><strong>colles</strong></span> <span class='ocrx_word' id='word_1_695' title='bbox 396 2260 429 2286; x_wconf 64' lang='grc' dir='ltr'><strong>νδ.</strong></span> <span class='ocrx_word' id='word_1_696' title='bbox 449 2269 458 2285; x_wconf 75' lang='grc' dir='ltr'><strong>ι</strong></span> 
     </span>
    </p>
   </div>
   <div class='ocr_carea' id='block_1_93' title="bbox 279 2305 1031 2341">
    <p class='ocr_par' dir='ltr' id='par_1_93' title="bbox 279 2305 1031 2341">
     <span class='ocr_line' id='line_1_93' title="bbox 279 2305 1031 2341; baseline 0 -9"><span class='ocrx_word' id='word_1_697' title='bbox 279 2305 412 2338; x_wconf 85' lang='lat' dir='ltr'><strong>Quisnam</strong></span> <span class='ocrx_word' id='word_1_698' title='bbox 430 2306 513 2340; x_wconf 79' lang='lat' dir='ltr'><strong>igitur</strong></span> <span class='ocrx_word' id='word_1_699' title='bbox 528 2306 579 2333; x_wconf 90' lang='lat' dir='ltr'><strong>iste</strong></span> <span class='ocrx_word' id='word_1_700' title='bbox 597 2314 675 2333; x_wconf 89' lang='lat' dir='ltr'><strong>mons</strong></span> <span class='ocrx_word' id='word_1_701' title='bbox 692 2310 743 2339; x_wconf 89' lang='lat' dir='ltr'><strong>est,</strong></span> <span class='ocrx_word' id='word_1_702' title='bbox 766 2307 798 2334; x_wconf 89' lang='lat' dir='ltr'><strong>ad</strong></span> <span class='ocrx_word' id='word_1_703' title='bbox 816 2314 895 2341; x_wconf 88' lang='lat' dir='ltr'><strong>quem</strong></span> <span class='ocrx_word' id='word_1_704' title='bbox 912 2314 984 2334; x_wconf 91' lang='lat' dir='ltr'><strong>nunc</strong></span> <span class='ocrx_word' id='word_1_705' title='bbox 999 2314 1031 2333; x_wconf 71' lang='lat' dir='ltr'><strong>ex</strong></span> 
     </span>
    </p>
   </div>
   <div class='ocr_carea' id='block_1_94' title="bbox 244 2352 1033 2386">
    <p class='ocr_par' dir='ltr' id='par_1_94' title="bbox 244 2352 1033 2386">
     <span class='ocr_line' id='line_1_94' title="bbox 244 2352 1033 2386; baseline 0.003 -9"><span class='ocrx_word' id='word_1_706' title='bbox 244 2352 346 2386; x_wconf 86' lang='lat' dir='ltr'><strong>prioris</strong></span> <span class='ocrx_word' id='word_1_707' title='bbox 376 2352 487 2383; x_wconf 81' lang='lat' dir='ltr'><strong>montis,</strong></span> <span class='ocrx_word' id='word_1_708' title='bbox 513 2352 592 2386; x_wconf 89' lang='lat' dir='ltr'><strong>quasi</strong></span> <span class='ocrx_word' id='word_1_709' title='bbox 615 2353 783 2383; x_wconf 81' lang='lat' dir='ltr'><strong>notionibus,</strong></span> <span class='ocrx_word' id='word_1_710' title='bbox 806 2353 922 2380; x_wconf 85' lang='lat' dir='ltr'><strong>resultat</strong></span> <span class='ocrx_word' id='word_1_711' title='bbox 942 2353 1033 2380; x_wconf 79' lang='lat' dir='ltr'><strong>denuo</strong></span> 
     </span>
    </p>
   </div>
   <div class='ocr_carea' id='block_1_95' title="bbox 245 2398 1032 2433">
    <p class='ocr_par' dir='ltr' id='par_1_95' title="bbox 245 2398 1032 2433">
     <span class='ocr_line' id='line_1_95' title="bbox 245 2398 1032 2433; baseline -0.001 -9"><span class='ocrx_word' id='word_1_712' title='bbox 245 2398 301 2424; x_wconf 85' lang='lat' dir='ltr'><strong>alia</strong></span> <span class='ocrx_word' id='word_1_713' title='bbox 314 2398 440 2429; x_wconf 87' lang='lat' dir='ltr'><strong>victoria,</strong></span> <span class='ocrx_word' id='word_1_714' title='bbox 457 2402 484 2424; x_wconf 88' lang='lat' dir='ltr'><strong>et</strong></span> <span class='ocrx_word' id='word_1_715' title='bbox 499 2398 545 2424; x_wconf 84' lang='lat' dir='ltr'><strong>alii</strong></span> <span class='ocrx_word' id='word_1_716' title='bbox 557 2398 650 2432; x_wconf 84' lang='lat' dir='ltr'><strong>hymni</strong></span> <span class='ocrx_word' id='word_1_717' title='bbox 668 2406 750 2433; x_wconf 84' lang='lat' dir='ltr'><strong>super</strong></span> <span class='ocrx_word' id='word_1_718' title='bbox 762 2399 875 2425; x_wconf 85' lang='lat' dir='ltr'><strong>victoria</strong></span> <span class='ocrx_word' id='word_1_719' title='bbox 890 2406 939 2433; x_wconf 87' lang='lat' dir='ltr'><strong>per</strong></span> <span class='ocrx_word' id='word_1_720' title='bbox 952 2398 1032 2425; x_wconf 87' lang='lat' dir='ltr'><strong>intel-</strong></span> 
     </span>
    </p>
   </div>
   <div class='ocr_carea' id='block_1_96' title="bbox 244 2442 1030 2479">
    <p class='ocr_par' dir='ltr' id='par_1_96' title="bbox 244 2442 1030 2479">
     <span class='ocr_line' id='line_1_96' title="bbox 244 2442 1030 2479; baseline 0 -9"><span class='ocrx_word' id='word_1_721' title='bbox 244 2443 382 2479; x_wconf 78' lang='lat' dir='ltr'><strong>ligentiam</strong></span> <span class='ocrx_word' id='word_1_722' title='bbox 398 2442 493 2470; x_wconf 84' lang='lat' dir='ltr'><strong>Davidi</strong></span> <span class='ocrx_word' id='word_1_723' title='bbox 505 2442 645 2470; x_wconf 81' lang='lat' dir='ltr'><strong>confecti?</strong></span> <span class='ocrx_word' id='word_1_724' title='bbox 661 2443 711 2476; x_wconf 83' lang='lat' dir='ltr'><strong>Qui</strong></span> <span class='ocrx_word' id='word_1_725' title='bbox 722 2444 777 2478; x_wconf 87' lang='lat' dir='ltr'><strong>jam</strong></span> <span class='ocrx_word' id='word_1_726' title='bbox 795 2444 894 2472; x_wconf 80' lang='lat' dir='ltr'><strong>bellum</strong></span> <span class='ocrx_word' id='word_1_727' title='bbox 912 2449 1030 2476; x_wconf 82' lang='lat' dir='ltr'><strong>mevent,</strong></span> 
     </span>
    </p>
   </div>
   <div class='ocr_carea' id='block_1_97' title="bbox 222 2488 1032 2524">
    <p class='ocr_par' dir='ltr' id='par_1_97' title="bbox 222 2488 1032 2524">
     <span class='ocr_line' id='line_1_97' title="bbox 222 2488 1032 2524; baseline -0.001 -9"><span class='ocrx_word' id='word_1_728' title='bbox 222 2520 228 2523; x_wconf 82' lang='lat'><strong><em>_</em></strong></span> <span class='ocrx_word' id='word_1_729' title='bbox 244 2497 300 2515; x_wconf 85' lang='lat' dir='ltr'><strong>non</strong></span> <span class='ocrx_word' id='word_1_730' title='bbox 327 2493 391 2515; x_wconf 87' lang='lat' dir='ltr'><strong>sunt</strong></span> <span class='ocrx_word' id='word_1_731' title='bbox 414 2488 532 2523; x_wconf 85' lang='lat' dir='ltr'><strong>amplius</strong></span> <span class='ocrx_word' id='word_1_732' title='bbox 555 2488 589 2515; x_wconf 86' lang='lat' dir='ltr'><strong>de</strong></span> <span class='ocrx_word' id='word_1_733' title='bbox 614 2496 695 2524; x_wconf 77' lang='lat' dir='ltr'><strong>grege</strong></span> <span class='ocrx_word' id='word_1_734' title='bbox 717 2490 863 2521; x_wconf 90' lang='lat' dir='ltr'><strong>mulorum,</strong></span> <span class='ocrx_word' id='word_1_735' title='bbox 885 2488 933 2516; x_wconf 88' lang='lat' dir='ltr'><strong>sed</strong></span> <span class='ocrx_word' id='word_1_736' title='bbox 957 2488 1032 2514; x_wconf 90' lang='lat' dir='ltr'><strong>natio</strong></span> 
     </span>
    </p>
   </div>
   <div class='ocr_carea' id='block_1_98' title="bbox 243 2533 1032 2568">
    <p class='ocr_par' dir='ltr' id='par_1_98' title="bbox 243 2533 1032 2568">
     <span class='ocr_line' id='line_1_98' title="bbox 243 2533 1032 2568; baseline 0.001 -9"><span class='ocrx_word' id='word_1_737' title='bbox 243 2533 438 2568; x_wconf 68' lang='lat' dir='ltr'><strong>Ziphaaorum,</strong></span> <span class='ocrx_word' id='word_1_738' title='bbox 474 2533 520 2568; x_wconf 91' lang='lat' dir='ltr'><strong>qui</strong></span> <span class='ocrx_word' id='word_1_739' title='bbox 547 2533 688 2568; x_wconf 77' lang='lat' dir='ltr'><strong>angustias</strong></span> <span class='ocrx_word' id='word_1_740' title='bbox 711 2534 813 2561; x_wconf 80' lang='lat' dir='ltr'><strong>arentis</strong></span> <span class='ocrx_word' id='word_1_741' title='bbox 838 2538 866 2561; x_wconf 89' lang='lat' dir='ltr'><strong>et</strong></span> <span class='ocrx_word' id='word_1_742' title='bbox 894 2533 1032 2560; x_wconf 91' lang='lat' dir='ltr'><strong>siticulosi</strong></span> 
     </span>
    </p>
   </div>
   <div class='ocr_carea' id='block_1_99' title="bbox 243 2578 1031 2614">
    <p class='ocr_par' dir='ltr' id='par_1_99' title="bbox 243 2578 1031 2614">
     <span class='ocr_line' id='line_1_99' title="bbox 243 2578 1031 2614; baseline 0 -9"><span class='ocrx_word' id='word_1_743' title='bbox 243 2579 377 2606; x_wconf 86' lang='lat' dir='ltr'><strong>transitus</strong></span> <span class='ocrx_word' id='word_1_744' title='bbox 398 2578 534 2611; x_wconf 88' lang='lat' dir='ltr'><strong>obsident,</strong></span> <span class='ocrx_word' id='word_1_745' title='bbox 551 2583 578 2606; x_wconf 91' lang='lat' dir='ltr'><strong>et</strong></span> <span class='ocrx_word' id='word_1_746' title='bbox 599 2578 711 2613; x_wconf 87' lang='lat' dir='ltr'><strong>quando</strong></span> <span class='ocrx_word' id='word_1_747' title='bbox 732 2582 871 2614; x_wconf 88' lang='lat' dir='ltr'><strong>nequeunt</strong></span> <span class='ocrx_word' id='word_1_748' title='bbox 887 2578 1031 2613; x_wconf 79' lang='lat' dir='ltr'><strong>prohibere</strong></span> 
     </span>
    </p>
   </div>
   <div class='ocr_carea' id='block_1_100' title="bbox 243 2623 1031 2658">
    <p class='ocr_par' dir='ltr' id='par_1_100' title="bbox 243 2623 1031 2658">
     <span class='ocr_line' id='line_1_100' title="bbox 243 2623 1031 2658; baseline 0 -8"><span class='ocrx_word' id='word_1_749' title='bbox 243 2627 368 2651; x_wconf 89' lang='lat' dir='ltr'><strong>nostrum</strong></span> <span class='ocrx_word' id='word_1_750' title='bbox 385 2631 432 2658; x_wconf 87' lang='lat' dir='ltr'><strong>per</strong></span> <span class='ocrx_word' id='word_1_751' title='bbox 447 2623 589 2658; x_wconf 82' lang='lat' dir='ltr'><strong>angustias</strong></span> <span class='ocrx_word' id='word_1_752' title='bbox 609 2624 670 2650; x_wconf 83' lang='lat' dir='ltr'><strong>illas</strong></span> <span class='ocrx_word' id='word_1_753' title='bbox 686 2624 746 2655; x_wconf 90' lang='lat' dir='ltr'><strong>iter,</strong></span> <span class='ocrx_word' id='word_1_754' title='bbox 762 2623 852 2651; x_wconf 88' lang='lat' dir='ltr'><strong>tristes</strong></span> <span class='ocrx_word' id='word_1_755' title='bbox 868 2624 902 2650; x_wconf 83' lang='lat' dir='ltr'><strong>ob</strong></span> <span class='ocrx_word' id='word_1_756' title='bbox 916 2623 1031 2650; x_wconf 88' lang='lat' dir='ltr'><strong>salutem</strong></span> 
     </span>
    </p>
   </div>
   <div class='ocr_carea' id='block_1_101' title="bbox 243 2667 1032 2704">
    <p class='ocr_par' dir='ltr' id='par_1_101' title="bbox 243 2667 1032 2704">
     <span class='ocr_line' id='line_1_101' title="bbox 243 2667 1032 2704; baseline -0.003 -8"><span class='ocrx_word' id='word_1_757' title='bbox 243 2674 379 2701; x_wconf 83' lang='lat' dir='ltr'><strong>nostram,</strong></span> <span class='ocrx_word' id='word_1_758' title='bbox 399 2676 600 2704; x_wconf 84' lang='lat' dir='ltr'><strong>prosperosque</strong></span> <span class='ocrx_word' id='word_1_759' title='bbox 620 2676 767 2696; x_wconf 86' lang='lat' dir='ltr'><strong>successus</strong></span> <span class='ocrx_word' id='word_1_760' title='bbox 793 2667 922 2695; x_wconf 81' lang='lat' dir='ltr'><strong>evadunt.</strong></span> <span class='ocrx_word' id='word_1_761' title='bbox 940 2668 1032 2703; x_wconf 83' lang='lat' dir='ltr'><strong>Inquit</strong></span> 
     </span>
    </p>
   </div>
   <div class='ocr_carea' id='block_1_102' title="bbox 244 2713 1031 2746">
    <p class='ocr_par' dir='ltr' id='par_1_102' title="bbox 244 2713 1031 2746">
     <span class='ocr_line' id='line_1_102' title="bbox 244 2713 1031 2746; baseline -0.001 -4"><span class='ocrx_word' id='word_1_762' title='bbox 244 2717 317 2742; x_wconf 76' lang='lat' dir='ltr'><strong>enim</strong></span> <span class='ocrx_word' id='word_1_763' title='bbox 335 2725 341 2742; x_wconf 94' lang='lat'><strong>:</strong></span> <span class='ocrx_word' id='word_1_764' title='bbox 361 2725 370 2741; x_wconf 71' lang='grc' dir='ltr'><strong>ι</strong></span> <span class='ocrx_word' id='word_1_765' title='bbox 387 2714 416 2742; x_wconf 91' lang='lat' dir='ltr'><strong>In</strong></span> <span class='ocrx_word' id='word_1_766' title='bbox 433 2715 513 2742; x_wconf 86' lang='lat' dir='ltr'><strong>linem</strong></span> <span class='ocrx_word' id='word_1_767' title='bbox 539 2715 693 2742; x_wconf 81' lang='lat' dir='ltr'><strong>intellectus</strong></span> <span class='ocrx_word' id='word_1_768' title='bbox 708 2714 736 2741; x_wconf 91' lang='lat' dir='ltr'><strong>in</strong></span> <span class='ocrx_word' id='word_1_769' title='bbox 755 2713 924 2742; x_wconf 85' lang='lat' dir='ltr'><strong>carminibus</strong></span> <span class='ocrx_word' id='word_1_770' title='bbox 936 2713 1031 2746; x_wconf 73' lang='lat' dir='ltr'><strong>David,</strong></span> 
     </span>
    </p>
   </div>
   <div class='ocr_carea' id='block_1_103' title="bbox 281 2805 539 2838">
    <p class='ocr_par' dir='ltr' id='par_1_103' title="bbox 281 2805 539 2838">
     <span class='ocr_line' id='line_1_103' title="bbox 281 2805 539 2838; baseline -0.008 -6"><span class='ocrx_word' id='word_1_771' title='bbox 281 2807 302 2822; x_wconf 50' lang='grc' dir='ltr'><strong>’κ</strong></span> <span class='ocrx_word' id='word_1_772' title='bbox 325 2805 430 2833; x_wconf 75' lang='lat' dir='ltr'><strong>Cantic.</strong></span> <span class='ocrx_word' id='word_1_773' title='bbox 457 2812 487 2838; x_wconf 88' lang='lat' dir='ltr'><strong>n,</strong></span> <span class='ocrx_word' id='word_1_774' title='bbox 513 2805 539 2831; x_wconf 79' lang='grc'>8.</span> 
     </span>
    </p>
   </div>
   <div class='ocr_carea' id='block_1_104' title="bbox 1121 2296 1876 2336">
    <p class='ocr_par' dir='ltr' id='par_1_104' title="bbox 1121 2296 1876 2336">
     <span class='ocr_line' id='line_1_104' title="bbox 1121 2296 1876 2336; baseline -0.012 -4"><span class='ocrx_word' id='word_1_775' title='bbox 1121 2306 1153 2332; x_wconf 90' lang='grc' dir='ltr'><strong>Τί</strong></span> <span class='ocrx_word' id='word_1_776' title='bbox 1166 2303 1212 2332; x_wconf 80' lang='grc' dir='ltr'><strong>οὖν</strong></span> <span class='ocrx_word' id='word_1_777' title='bbox 1231 2305 1288 2330; x_wconf 81' lang='grc' dir='ltr'>ἐστι.</span> <span class='ocrx_word' id='word_1_778' title='bbox 1314 2302 1394 2330; x_wconf 81' lang='grc' dir='ltr'>τοῦτο</span> <span class='ocrx_word' id='word_1_779' title='bbox 1413 2301 1444 2328; x_wconf 78' lang='grc' dir='ltr'>τὸ</span> <span class='ocrx_word' id='word_1_780' title='bbox 1460 2301 1522 2336; x_wconf 75' lang='grc' dir='ltr'>ὅρος</span> <span class='ocrx_word' id='word_1_781' title='bbox 1537 2301 1579 2335; x_wconf 80' lang='grc' dir='ltr'><strong>ἐφ’</strong></span> <span class='ocrx_word' id='word_1_782' title='bbox 1598 2296 1635 2326; x_wconf 81' lang='grc' dir='ltr'>ὦν</span> <span class='ocrx_word' id='word_1_783' title='bbox 1651 2299 1697 2326; x_wconf 83' lang='grc' dir='ltr'>νῦν</span> <span class='ocrx_word' id='word_1_784' title='bbox 1713 2299 1727 2324; x_wconf 84' lang='grc' dir='ltr'><strong><em>ὁ</em></strong></span> <span class='ocrx_word' id='word_1_785' title='bbox 1745 2297 1823 2332; x_wconf 73' lang='grc' dir='ltr'>λόγος</span> <span class='ocrx_word' id='word_1_786' title='bbox 1841 2297 1876 2324; x_wconf 84' lang='grc' dir='ltr'>ὲκ</span> 
     </span>
    </p>
   </div>
   <div class='ocr_carea' id='block_1_105' title="bbox 1084 2343 1874 2386">
    <p class='ocr_par' dir='ltr' id='par_1_105' title="bbox 1084 2343 1874 2386">
     <span class='ocr_line' id='line_1_105' title="bbox 1084 2343 1874 2386; baseline -0.011 -9"><span class='ocrx_word' id='word_1_787' title='bbox 1084 2351 1131 2378; x_wconf 78' lang='grc' dir='ltr'><strong>τοῦ</strong></span> <span class='ocrx_word' id='word_1_788' title='bbox 1145 2349 1277 2386; x_wconf 79' lang='grc' dir='ltr'>προτέρου</span> <span class='ocrx_word' id='word_1_789' title='bbox 1296 2348 1375 2384; x_wconf 78' lang='grc' dir='ltr'>ὅρους</span> <span class='ocrx_word' id='word_1_790' title='bbox 1390 2346 1442 2374; x_wconf 85' lang='grc' dir='ltr'><strong>τῶν</strong></span> <span class='ocrx_word' id='word_1_791' title='bbox 1465 2346 1607 2382; x_wconf 81' lang='grc' dir='ltr'>νοημάτων</span> <span class='ocrx_word' id='word_1_792' title='bbox 1630 2343 1789 2380; x_wconf 79' lang='grc' dir='ltr'>μεθάλλεται</span> <span class='ocrx_word' id='word_1_793' title='bbox 1805 2343 1874 2377; x_wconf 71' lang='grc' dir='ltr'>ἄλλη</span> 
     </span>
    </p>
   </div>
   <div class='ocr_carea' id='block_1_106' title="bbox 1087 2389 1876 2431">
    <p class='ocr_par' dir='ltr' id='par_1_106' title="bbox 1087 2389 1876 2431">
     <span class='ocr_line' id='line_1_106' title="bbox 1087 2389 1876 2431; baseline -0.01 -8"><span class='ocrx_word' id='word_1_794' title='bbox 1087 2396 1149 2431; x_wconf 85' lang='grc' dir='ltr'>νίκη</span> <span class='ocrx_word' id='word_1_795' title='bbox 1170 2395 1264 2427; x_wconf 85' lang='grc' dir='ltr'>πάλιν,</span> <span class='ocrx_word' id='word_1_796' title='bbox 1281 2394 1326 2420; x_wconf 69' lang='grc' dir='ltr'><strong>καὶ</strong></span> <span class='ocrx_word' id='word_1_797' title='bbox 1345 2393 1418 2420; x_wconf 74' lang='grc' dir='ltr'>ἄλλοι</span> <span class='ocrx_word' id='word_1_798' title='bbox 1443 2392 1489 2419; x_wconf 74' lang='grc' dir='ltr'>ἐπὶ</span> <span class='ocrx_word' id='word_1_799' title='bbox 1514 2393 1547 2427; x_wconf 82' lang='grc' dir='ltr'>τῇ</span> <span class='ocrx_word' id='word_1_800' title='bbox 1575 2391 1638 2426; x_wconf 90' lang='grc' dir='ltr'>νίκῃ</span> <span class='ocrx_word' id='word_1_801' title='bbox 1655 2390 1733 2425; x_wconf 79' lang='grc' dir='ltr'>ὕμνοι</span> <span class='ocrx_word' id='word_1_802' title='bbox 1745 2389 1788 2415; x_wconf 76' lang='grc' dir='ltr'><strong>διὰ</strong></span> <span class='ocrx_word' id='word_1_803' title='bbox 1811 2398 1876 2416; x_wconf 89' lang='grc' dir='ltr'>συν-</span> 
     </span>
    </p>
   </div>
   <div class='ocr_carea' id='block_1_107' title="bbox 1085 2434 1876 2473">
    <p class='ocr_par' dir='ltr' id='par_1_107' title="bbox 1085 2434 1876 2473">
     <span class='ocr_line' id='line_1_107' title="bbox 1085 2434 1876 2473; baseline -0.011 -5"><span class='ocrx_word' id='word_1_804' title='bbox 1085 2442 1170 2472; x_wconf 77' lang='grc' dir='ltr'>έσεως</span> <span class='ocrx_word' id='word_1_805' title='bbox 1187 2439 1225 2473; x_wconf 73' lang='grc' dir='ltr'>τῷ</span> <span class='ocrx_word' id='word_1_806' title='bbox 1236 2439 1318 2466; x_wconf 70' lang='grc' dir='ltr'>Δασὶδ</span> <span class='ocrx_word' id='word_1_807' title='bbox 1335 2437 1564 2473; x_wconf 74' lang='grc' dir='ltr'>κατορθούμενοις</span> <span class='ocrx_word' id='word_1_808' title='bbox 1580 2436 1604 2462; x_wconf 83' lang='grc' dir='ltr'><strong>οἱ</strong></span> <span class='ocrx_word' id='word_1_809' title='bbox 1616 2436 1644 2462; x_wconf 81' lang='grc' dir='ltr'>δὲ</span> <span class='ocrx_word' id='word_1_810' title='bbox 1657 2434 1792 2466; x_wconf 82' lang='grc' dir='ltr'>κινοῦντες</span> <span class='ocrx_word' id='word_1_811' title='bbox 1809 2434 1876 2466; x_wconf 69' lang='grc' dir='ltr'>τοὺς</span> 
     </span>
    </p>
   </div>
   <div class='ocr_carea' id='block_1_108' title="bbox 1085 2480 1875 2521">
    <p class='ocr_par' dir='ltr' id='par_1_108' title="bbox 1085 2480 1875 2521">
     <span class='ocr_line' id='line_1_108' title="bbox 1085 2480 1875 2521; baseline -0.011 -7"><span class='ocrx_word' id='word_1_812' title='bbox 1085 2487 1193 2521; x_wconf 84' lang='grc' dir='ltr'>ἀγῶνάς</span> <span class='ocrx_word' id='word_1_813' title='bbox 1213 2486 1281 2512; x_wconf 87' lang='grc' dir='ltr'>εἰσιν</span> <span class='ocrx_word' id='word_1_814' title='bbox 1302 2484 1392 2511; x_wconf 80' lang='grc' dir='ltr'>οὐκέτι</span> <span class='ocrx_word' id='word_1_815' title='bbox 1408 2483 1526 2519; x_wconf 87' lang='grc' dir='ltr'>ἡμιόνων</span> <span class='ocrx_word' id='word_1_816' title='bbox 1543 2481 1627 2517; x_wconf 80' lang='grc' dir='ltr'>ἀγέλη</span> <span class='ocrx_word' id='word_1_817' title='bbox 1637 2502 1645 2513; x_wconf 82' lang='lat'><strong>,</strong></span> <span class='ocrx_word' id='word_1_818' title='bbox 1661 2480 1728 2507; x_wconf 82' lang='grc' dir='ltr'>ἀλλὰ</span> <span class='ocrx_word' id='word_1_819' title='bbox 1744 2480 1875 2515; x_wconf 68' lang='grc' dir='ltr'>Ζηφαίων</span> 
     </span>
    </p>
   </div>
   <div class='ocr_carea' id='block_1_109' title="bbox 1084 2526 1874 2564">
    <p class='ocr_par' dir='ltr' id='par_1_109' title="bbox 1084 2526 1874 2564">
     <span class='ocr_line' id='line_1_109' title="bbox 1084 2526 1874 2564; baseline -0.009 -5"><span class='ocrx_word' id='word_1_820' title='bbox 1084 2533 1171 2564; x_wconf 82' lang='grc' dir='ltr'>ἔθνος.</span> <span class='ocrx_word' id='word_1_821' title='bbox 1198 2532 1229 2558; x_wconf 86' lang='grc' dir='ltr'>Οί</span> <span class='ocrx_word' id='word_1_822' title='bbox 1254 2531 1311 2561; x_wconf 83' lang='grc' dir='ltr'>τοῖς</span> <span class='ocrx_word' id='word_1_823' title='bbox 1337 2529 1440 2559; x_wconf 83' lang='grc' dir='ltr'>στενοῖς</span> <span class='ocrx_word' id='word_1_824' title='bbox 1459 2528 1509 2563; x_wconf 81' lang='grc' dir='ltr'>τῆς</span> <span class='ocrx_word' id='word_1_825' title='bbox 1534 2526 1694 2562; x_wconf 78' lang='grc' dir='ltr'>αὐχμώδους</span> <span class='ocrx_word' id='word_1_826' title='bbox 1720 2526 1874 2557; x_wconf 71' lang='grc' dir='ltr'>διαϐάσεως</span> 
     </span>
    </p>
   </div>
   <div class='ocr_carea' id='block_1_110' title="bbox 1085 2570 1875 2614">
    <p class='ocr_par' dir='ltr' id='par_1_110' title="bbox 1085 2570 1875 2614">
     <span class='ocr_line' id='line_1_110' title="bbox 1085 2570 1875 2614; baseline -0.013 -9"><span class='ocrx_word' id='word_1_827' title='bbox 1085 2577 1297 2614; x_wconf 78' lang='grc' dir='ltr'>προκαθήμενοι,</span> <span class='ocrx_word' id='word_1_828' title='bbox 1316 2575 1379 2601; x_wconf 83' lang='grc' dir='ltr'>ὅταν</span> <span class='ocrx_word' id='word_1_829' title='bbox 1393 2574 1512 2601; x_wconf 81' lang='grc' dir='ltr'>κωλῦσαι</span> <span class='ocrx_word' id='word_1_830' title='bbox 1527 2573 1576 2608; x_wconf 83' lang='grc' dir='ltr'><strong>τὴν</strong></span> <span class='ocrx_word' id='word_1_831' title='bbox 1595 2572 1640 2599; x_wconf 86' lang='grc' dir='ltr'><strong>διά</strong></span> <span class='ocrx_word' id='word_1_832' title='bbox 1658 2571 1705 2598; x_wconf 87' lang='grc' dir='ltr'>τοῦ</span> <span class='ocrx_word' id='word_1_833' title='bbox 1720 2570 1813 2597; x_wconf 86' lang='grc' dir='ltr'>στενοῦ</span> <span class='ocrx_word' id='word_1_834' title='bbox 1827 2579 1875 2597; x_wconf 85' lang='grc' dir='ltr'>πο-</span> 
     </span>
    </p>
   </div>
   <div class='ocr_carea' id='block_1_111' title="bbox 1085 2616 1873 2660">
    <p class='ocr_par' dir='ltr' id='par_1_111' title="bbox 1085 2616 1873 2660">
     <span class='ocr_line' id='line_1_111' title="bbox 1085 2616 1873 2660; baseline -0.011 -9"><span class='ocrx_word' id='word_1_835' title='bbox 1085 2625 1160 2660; x_wconf 76' lang='grc' dir='ltr'>ρείαν</span> <span class='ocrx_word' id='word_1_836' title='bbox 1171 2623 1250 2659; x_wconf 85' lang='grc' dir='ltr'>ἡμῶν</span> <span class='ocrx_word' id='word_1_837' title='bbox 1262 2622 1473 2656; x_wconf 77' lang='grc' dir='ltr'>ἀδυνατήσωσιν,</span> <span class='ocrx_word' id='word_1_838' title='bbox 1490 2619 1535 2645; x_wconf 76' lang='grc' dir='ltr'><strong>τὸν</strong></span> <span class='ocrx_word' id='word_1_839' title='bbox 1551 2618 1596 2644; x_wconf 75' lang='grc' dir='ltr'><strong>ἐπὶ</strong></span> <span class='ocrx_word' id='word_1_840' title='bbox 1607 2619 1639 2652; x_wconf 85' lang='grc' dir='ltr'>τῇ</span> <span class='ocrx_word' id='word_1_841' title='bbox 1656 2617 1777 2652; x_wconf 78' lang='grc' dir='ltr'>σωτηρίᾳ</span> <span class='ocrx_word' id='word_1_842' title='bbox 1791 2616 1873 2650; x_wconf 83' lang='grc' dir='ltr'>ἡμῶν</span> 
     </span>
    </p>
   </div>
   <div class='ocr_carea' id='block_1_112' title="bbox 1083 2661 1872 2705">
    <p class='ocr_par' dir='ltr' id='par_1_112' title="bbox 1083 2661 1872 2705">
     <span class='ocr_line' id='line_1_112' title="bbox 1083 2661 1872 2705; baseline -0.013 -8"><span class='ocrx_word' id='word_1_843' title='bbox 1083 2670 1264 2705; x_wconf 81' lang='grc' dir='ltr'>λυπούμενον-</span> <span class='ocrx_word' id='word_1_844' title='bbox 1281 2667 1342 2698; x_wconf 72' lang='grc' dir='ltr'><strong>«Εἰς</strong></span> <span class='ocrx_word' id='word_1_845' title='bbox 1353 2666 1383 2693; x_wconf 75' lang='grc' dir='ltr'>τὸ</span> <span class='ocrx_word' id='word_1_846' title='bbox 1399 2665 1474 2696; x_wconf 75' lang='grc' dir='ltr'>τέλος</span> <span class='ocrx_word' id='word_1_847' title='bbox 1488 2674 1497 2689; x_wconf 72' lang='grc' dir='ltr'><strong>ι</strong></span> <span class='ocrx_word' id='word_1_848' title='bbox 1519 2664 1588 2700; x_wconf 75' lang='grc' dir='ltr'><strong>γὰρ,</strong></span> <span class='ocrx_word' id='word_1_849' title='bbox 1603 2663 1695 2699; x_wconf 73' lang='grc' dir='ltr'>φησὶν,</span> <span class='ocrx_word' id='word_1_850' title='bbox 1716 2671 1725 2688; x_wconf 73' lang='grc' dir='ltr'><strong>ε</strong></span> <span class='ocrx_word' id='word_1_851' title='bbox 1738 2661 1872 2693; x_wconf 60' lang='grc' dir='ltr'>συνέσῃ-λς</span> 
     </span>
    </p>
   </div>
   <div class='ocr_carea' id='block_1_113' title="bbox 1084 2706 1873 2751">
    <p class='ocr_par' dir='ltr' id='par_1_113' title="bbox 1084 2706 1873 2751">
     <span class='ocr_line' id='line_1_113' title="bbox 1084 2706 1873 2751; baseline -0.006 -8"><span class='ocrx_word' id='word_1_852' title='bbox 1084 2718 1112 2743; x_wconf 85' lang='grc' dir='ltr'><strong>ὲν</strong></span> <span class='ocrx_word' id='word_1_853' title='bbox 1125 2716 1218 2751; x_wconf 75' lang='grc' dir='ltr'>ὕμνοις</span> <span class='ocrx_word' id='word_1_854' title='bbox 1231 2713 1270 2749; x_wconf 86' lang='grc' dir='ltr'>τῷ</span> <span class='ocrx_word' id='word_1_855' title='bbox 1283 2712 1374 2739; x_wconf 73' lang='grc' dir='ltr'>Δαϐὶδ.</span> <span class='ocrx_word' id='word_1_856' title='bbox 1391 2713 1419 2738; x_wconf 74' lang='grc' dir='ltr'><strong>ἐν</strong></span> <span class='ocrx_word' id='word_1_857' title='bbox 1434 2710 1471 2746; x_wconf 76' lang='grc' dir='ltr'><strong>τῷ</strong></span> <span class='ocrx_word' id='word_1_858' title='bbox 1485 2709 1571 2737; x_wconf 81' lang='grc' dir='ltr'>ὲλθεῖν</span> <span class='ocrx_word' id='word_1_859' title='bbox 1584 2709 1646 2740; x_wconf 75' lang='grc' dir='ltr'>τοὺς</span> <span class='ocrx_word' id='word_1_860' title='bbox 1654 2707 1789 2743; x_wconf 73' lang='grc' dir='ltr'>Ζηφαῖους</span> <span class='ocrx_word' id='word_1_861' title='bbox 1800 2726 1807 2739; x_wconf 71' lang='grc'><strong>1</strong></span> <span class='ocrx_word' id='word_1_862' title='bbox 1822 2706 1873 2734; x_wconf 64' lang='grc' dir='ltr'>καλ</span> 
     </span>
    </p>
   </div>
  </div>
