1986 3080
129 99 182 128 5ὃ9

831 112 864 139 ΙΝ
886 111 1054 140 PSALMOS.

1695 116 1746 144 570

125 161 212 187 εἰπεῖν
225 160 263 195 τῷ
277 162 445 194 Σαοὺλ,Ίδοῦ
458 163 540 191 Δαὸἳδ
556 156 708 200 κέκρυπται
725 166 790 201 παρ’
805 167 880 201 ἡμῖν.

961 171 1023 191 cum
1039 163 1177 192 venissent
1192 164 1304 200 Ziphaei,
1328 171 1354 194 et
1372 166 1506 194 dixissent
1520 167 1554 195 ad
1571 168 1635 196 Saul
1655 179 1661 196 :
1677 170 1746 198 Ecce

122 205 237 238 Πάντως
251 207 279 234 δὲ
297 209 311 234 ὁ
330 207 379 243 τὴν
404 208 523 244 ἱστορίαν
537 210 586 236 οὐκ
599 210 718 245 ἀγνοῶν,
734 209 803 238 οἶδεν
818 211 908 238 στενὸν

121 252 171 278 καὶ
182 252 311 287 αὑχμώδη
325 253 406 279 τόπον
420 255 450 280 ὲν
465 254 504 290 τῷ
516 255 592 290 μέρει
607 256 693 291 τούτῳ
706 256 909 292 μνημονευόμε-

121 304 178 323 νον.
193 298 242 323 Διά
255 297 284 324 δὲ
299 297 350 332 τῆς
364 299 589 335 ἀπεστενωμένης
605 301 690 327 διόδου
704 321 711 334 ,
727 301 776 336 τὴν
792 302 908 335 εὐαγγε-

120 341 201 377 λικὴν
217 343 266 377 τῆς
294 343 432 378 βασιλείας
445 344 504 371 ὁδὸν
529 346 696 380 ἐνοήσαμεν,
724 346 757 382 ἢν
774 346 906 373 κωλύουσι

122 388 173 422 μὲν
183 389 206 414 oi
222 389 346 424 Ζηφαῖοι,
359 390 431 416 τοῦτ’
444 390 527 423 ἐστιν,
542 391 572 418 τὺ
587 392 736 426 ἀλλόφυλον
747 392 800 418 τῶν
814 392 907 427 δαιμό-

120 442 174 460 νων
188 433 278 466 ἕθνος,
299 435 322 461 οἱ
334 435 468 471 ὑπηρέται
481 436 529 472 τῆς
545 437 734 473 ἀντικειμένης
748 437 887 473 δυνάμεως
897 446 903 452 ·
937 468 940 469 ν

119 479 292 515 εὑρίσκουσιν
306 481 334 507 δέ
351 482 374 507 οἱ
389 482 473 516 ὀλίγοι
490 483 513 509 οἱ
524 483 572 517 τὴν
589 482 717 509 πλατεῖαν
737 484 906 518 ἀποστρεφό-

121 533 206 560 μενοι.
226 526 301 560 Ἔχει
317 526 344 552 δὲ
359 527 375 561 ή
400 527 473 560 λέξις
488 527 537 563 τῆς
562 527 679 563 ἱστορίας
701 528 787 560 οὕτως
798 537 804 543 ·
827 537 837 554 1
848 529 904 556 Οὐκ

120 571 177 597 ἰδοὺ
202 571 284 598 Δαϐὶδ
302 572 455 606 κέκρυπται
471 573 500 599 ἐν
515 573 629 608 Μασερὰ
647 575 712 609 παρ’
725 575 790 609 ἡμῖν
804 575 832 600 ἐν
847 575 904 606 τοῖς

119 617 223 645 στενοῖς
236 617 266 642 ἐν
279 615 318 651 τῷ
332 616 431 651 βουνῷ;
446 627 454 643 ι
479 617 586 653 ἀληθῶς
607 617 661 653 γὰρ
679 619 712 653 τῇ
726 620 804 654 στενῇ
817 618 901 653 ταύτῃ

117 661 142 686 οἱ
159 660 230 686 κατά
255 661 320 687 Θεὸν
341 662 440 694 ζῶντες
457 663 716 698 ἐναποκρύπτονται.
731 664 855 690 Δείκνυσι
874 664 902 690 δέ

117 706 220 741 ταύτην
245 708 307 741 ἡμῖν
321 707 370 742 τὴν
393 707 478 743 ὀδὺνὴ
495 708 582 744 Καινὴ
596 709 715 745 Διαθήκη
727 729 734 741 ,
748 709 780 736 δι’
796 707 830 745 ἧς
845 710 901 737 ἔστι

117 752 186 786 πρὸς
197 753 246 787 τὴν
260 753 414 788 ἀκροτάτην
427 754 473 780 τοῦ
489 754 568 788 ὅρους
581 755 702 790 κορυφὴν
717 754 838 782 ἀνελθεῖν
850 776 856 787 ,
867 757 901 790 ἢν

117 798 212 832 βουνὸν
226 798 352 832 ὀνομάζει
364 800 378 824 ὁ
389 799 467 832 λόγος
478 799 526 834 τῆς
547 799 674 834 ἱστορίας.
692 800 776 826 Ὅταν
790 798 836 826 οὖν
851 800 900 835 τὴν

962 209 1047 236 David
1067 210 1246 238 absconditus
1261 215 1302 238 est
1320 211 1391 246 apud
1415 220 1466 239 nos
1479 212 1512 239 ”.
1529 222 1538 239 ι
1555 213 1673 241 Omnino
1697 222 1746 242 au-

962 258 1015 282 tem
1037 256 1060 282 is
1075 256 1122 290 qui
1136 255 1258 283 historiae
1277 256 1389 291 ignarus
1407 265 1461 284 non
1485 262 1536 290 est,
1561 259 1644 292 probe
1660 260 1743 291 videt,

961 308 1010 336 per
1036 305 1181 337 angustum
1208 306 1235 329 et
1260 306 1380 329 arentem
1407 303 1507 335 locum.
1538 304 1617 338 cujus
1645 304 1689 332 hic
1713 305 1742 332 ﬁt

960 347 1074 378 mentio,
1101 351 1129 374 et
1151 355 1198 382 per
1224 348 1369 375 transitum
1398 348 1465 375 adeo
1494 349 1527 375 ad
1545 350 1740 383 penetrandum

959 391 1105 423 diﬁicilem,
1130 392 1313 426 evangelicam
1333 391 1405 419 illam
1423 393 1498 427 regni
1522 393 1642 421 caelestis
1659 394 1741 422 semi-

959 440 1013 463 tam
1037 436 1239 471 intelligendam
1263 444 1340 469 esse,
1367 445 1420 472 qua
1436 446 1486 464 nos
1504 439 1613 473 quidem
1638 438 1740 473 Ziphaei

958 482 1115 517 prohibent,
1139 483 1191 509 hoc
1219 486 1271 514 est,
1296 483 1447 518 alienigena
1473 483 1625 511 daemonum
1653 485 1739 518 natio,

957 527 1076 555 ministri
1092 528 1257 556 adversaria;
1269 529 1420 564 potestatis.
1441 529 1584 557 lnvcniunt
1598 539 1662 558 vero
1678 539 1738 558 eam

957 574 1037 608 pauci
1060 574 1108 605 illi,
1129 575 1175 609 qui
1197 575 1279 601 latam
1296 574 1366 602 viam
1388 579 1557 603 aversantur.
1580 575 1626 603 Sic
1648 580 1737 604 autem

956 617 1078 645 historiae
1101 626 1161 646 sese
1190 619 1262 646 illius
1290 620 1410 647 narratio
1435 621 1468 648 ad
1492 622 1603 648 verbum
1628 622 1735 650 habet:

958 671 967 687 ι
981 662 1078 690 Nonne
1087 670 1151 691 ecce
1162 663 1246 691 David
1259 665 1435 693 absconditus
1452 670 1493 693 est
1506 667 1534 693 in
1548 667 1652 695 Masera
1664 668 1736 702 apud

956 715 1006 734 nos
1021 709 1049 734 in
1067 709 1211 743 angustiis.
1227 709 1254 736 in
1272 710 1359 738 colle?
1373 720 1383 736 ι
1402 719 1464 739 vere
1484 712 1556 739 enim
1577 713 1603 739 in
1620 717 1735 748 angusta

955 751 1006 779 hac
1024 753 1068 780 via
1093 754 1308 787 abscondantur,
1333 757 1379 791 qni
1404 758 1485 784 vitam
1509 757 1563 784 Deo
1588 763 1735 785 consenta-

954 805 1033 825 neam
1056 799 1170 826 ducunt.
1196 799 1272 828 lianc
1296 802 1366 827 viam
1388 803 1506 830 ostendit
1530 803 1609 830 nobis
1629 803 1733 831 Novum

117 842 214 877 στενὴν
224 843 331 878 ἐκείνην
346 843 404 870 ὁδὸν
420 844 621 878 ἀνεμποδίστως
641 844 829 880 παρέλθωμεν,
846 846 896 881 Ζη-

951 843 1166 877 Testamentum,
1182 846 1261 880 cujus
1274 847 1405 874 benclicio
1416 847 1449 874 ad
1464 855 1620 883 supremum
1633 850 1733 876 montis

115 890 192 922 φαῖσι
209 889 248 924 τῷ
262 889 385 924 τυράννῳ
402 889 451 924 τὴν
468 890 602 925 σωτηρίαν
616 889 693 925 ἡμῶν
710 890 899 926 καταμηνύου-

117 944 169 961 σιν.
192 935 286 970 Ἡμεῖς
310 935 339 961 δὲ
362 935 401 969 τῷ
417 936 528 970 ὀνόματι
545 935 592 962 τοῦ
609 935 757 967 σεσωκότος
768 956 775 968 ,
790 936 839 970 τὴν
853 936 897 962 δυ‹

115 981 242 1007 ναστείαν
254 980 303 1015 τῆς
316 981 356 1012 εἰς
367 981 398 1006 τὸ
418 980 498 1007 καλὸν
512 981 627 1016 κρίτεως
644 981 720 1016 ὴμῶν
739 981 899 1015 ἀνατίθεμεν

115 1027 251 1060 λέγοντες·
268 1037 274 1052 ι
286 1026 316 1053 '0
329 1026 405 1058 Θεὸς,
416 1027 445 1053 ἐν
458 1026 496 1061 τῷ
513 1026 623 1061 ὀνόματί
634 1035 682 1053 σου
694 1026 780 1054 σῶσόν
792 1036 835 1062 με,
852 1027 898 1054 καὶ

113 1073 144 1098 ὲν
156 1073 189 1107 τῇ
206 1071 318 1107 δυνάμει
332 1080 377 1097 σου
394 1073 496 1108 κρινεῖς
511 1080 570 1107 με.)
588 1072 624 1098 Τὸ
635 1071 689 1108 γὰρ
701 1072 855 1108 γενόμενον,
861 1072 899 1105 ὡς

115 1118 348 1152 προσδοκώμενον,
362 1118 415 1144 ὑπὸ
428 1117 475 1144 τοῦ
488 1118 566 1153 λόγου
576 1119 813 1154 διεσχημάτισται,
829 1119 898 1146 οὕτω

112 1163 163 1197 τῆς
178 1164 288 1200 Γραφῆς
299 1164 347 1198 τῆς
362 1164 431 1190 κατὰ
446 1164 490 1190 τὸν
504 1165 598 1200 χρόνον
609 1165 750 1200 ἀκριϐείας
763 1165 899 1201 ὑπερορώ-

115 1217 174 1243 σης.
191 1209 245 1235 Καὶ
259 1208 314 1244 γὰρ
331 1209 361 1236 τὸ
374 1209 501 1244 ἐσόμενον
515 1211 531 1245 ἡ
548 1210 699 1246 προφητεία
717 1210 846 1242 πολλάκις
859 1211 896 1243 ὡς

114 1255 279 1291 παρῳχηκὺς
294 1255 441 1290 διηγήσατο
455 1276 462 1286 ,
478 1257 524 1282 καὶ
539 1256 569 1283 τὸ
589 1257 713 1290 γεγονὸς,
728 1257 765 1288 ὡς
784 1256 897 1292 προσδο-

113 1301 245 1336 κώμενον.
254 1301 297 1333 Ὠς
313 1301 359 1328 καὶ
374 1303 403 1329 ἐν
418 1298 502 1338 ταύτῃ
516 1304 549 1338 τῇ
560 1302 701 1338 ψαλμῳδίᾳ
718 1303 789 1330 κατὰ
801 1303 831 1329 τὸ
845 1302 896 1329 πέ-

113 1356 164 1383 ρας
182 1347 257 1376 ἰδεῖν.
277 1349 314 1374 Οὺ
327 1347 381 1383 γὰρ
402 1346 494 1380 εἶπεν,
517 1349 556 1375 ὅτι
578 1358 587 1374 ι
599 1350 628 1375 ἐν
646 1350 702 1380 τοῖς
717 1349 822 1385 ἐχθροῖς
844 1358 895 1384 μου

113 1393 243 1427 ἐπόψεται
254 1402 261 1408 ·
275 1402 284 1418 ι
299 1393 356 1420 ἀλλ’
375 1403 384 1420 ι
397 1394 501 1420 ἐπεῖδεν
515 1395 529 1420 ὁ
541 1394 678 1430 ὀφθαλμός
693 1402 754 1430 μου,
767 1403 777 1421 ι
799 1395 834 1421 δι’
857 1392 895 1423 ὦν

112 1438 198 1465 ταῦτα
213 1438 383 1474 μανθάνομεν
393 1459 399 1470 ,
414 1440 454 1466 ὅτι
467 1439 506 1474 τῷ
524 1439 583 1475 Θεῷ
602 1439 664 1466 οὔτε
680 1449 706 1466 τι
720 1439 892 1476 παρῴχηκεν,

111 1484 169 1510 ἀλλ’
187 1485 216 1511 ἐν
228 1484 266 1520 τῷ
285 1485 410 1511 ἐνεστῶτι
423 1485 458 1512 τὰ
475 1485 563 1512 πάντα
579 1485 661 1513 ἐστίν.
680 1486 760 1512 Ὥστε
781 1485 832 1512 κᾶν
845 1485 892 1512 τοῦ

113 1517 306 1565 παρῳχηκδτος
317 1551 324 1560 ,
340 1530 386 1556 καὶ
403 1530 448 1556 τοῦ
463 1530 601 1565 μέλλοντος
618 1531 681 1565 περὶ
697 1530 745 1565 τῆς
761 1530 835 1562 θείας
847 1530 893 1556 δυ-
906 1517 927 1546 c

111 1575 218 1609 ναμεως
232 1574 349 1609 ἔμφασίν
362 1583 420 1601 τινα
431 1574 480 1611 ἔχῃ
490 1575 524 1601 τὰ
537 1576 646 1610 ῥήματα
656 1596 663 1606 ,
683 1574 731 1601 τοῦ
747 1575 893 1606 ἐνεστῶτος

110 1622 160 1646 οὐκ
174 1620 284 1654 ἐξῆλθεν
309 1621 326 1655 ἡ
342 1619 440 1646 ἔννοια.
454 1620 535 1654 Λέγει
545 1621 633 1647 τοίνυν
646 1621 712 1656 πρὸς
734 1620 779 1647 τὸν
797 1620 863 1647 Θεὸν
879 1621 893 1647 ὁ

110 1667 159 1700 τῆς
178 1665 336 1700 αὐχμώδους
351 1674 380 1692 τε
397 1665 444 1692 καὶ
461 1666 556 1701 στενῆς
569 1665 682 1697 ἐπιϐὰς,
698 1666 744 1693 καὶ
761 1666 893 1700 φυγαδεύ-

111 1720 160 1743 σας
180 1712 210 1738 τὺ
225 1712 279 1738 τῶν
300 1712 426 1747 Ζηφαίων
446 1712 637 1748 συγκρότημα,
653 1713 695 1739 ὅτι
722 1712 766 1739 Ἐν
791 1712 831 1747 τῷ
854 1712 892 1748 σῷ

109 1757 223 1792 ὀνόματι
232 1757 342 1791 γέγονεν
355 1758 419 1792 ἡμῖν
433 1758 449 1793 ή
462 1757 593 1793 σωτηρία,
609 1759 655 1784 καὶ
665 1758 693 1783 ἐν
703 1759 735 1793 τῇ
750 1758 892 1794 δυναστείᾳ

111 1811 158 1829 σου
187 1804 203 1838 ὴ
219 1804 246 1829 ἐν
256 1802 295 1838 τῷ
310 1802 385 1837 καλῷ
398 1803 487 1838 κρίσις
501 1803 550 1837 τὴν
565 1803 640 1837 ἰσχὺν
653 1803 719 1837 ἔχει,
729 1804 779 1833 καὶ
793 1805 832 1835 είς
848 1804 892 1829 ἀεὶ

108 1848 197 1876 ταῦτα
207 1850 360 1884 γενήσεται.
374 1849 427 1875 Καὶ
443 1848 637 1884 προσκαλεῖται
651 1848 720 1883 ὑπὲρ
731 1848 832 1874 τούτων
842 1847 892 1883 τὴν

109 1894 183 1921 θείαν
198 1894 280 1928 ἀκοὴν
288 1894 354 1929 πρὸς
361 1894 409 1929 τὴν
417 1893 466 1928 τῆς
475 1893 646 1928 εὐχαριστίας
657 1893 795 1928 ἀκρόασιν,
804 1893 891 1928 λέγων

109 1941 162 1967 τῶν
175 1940 321 1975 ἀλλοτρίων
344 1940 393 1975 τὴν
411 1939 611 1971 ἐπανάστασιν,
624 1940 670 1966 καὶ
686 1939 739 1966 τῶν
761 1939 790 1966 ὲν
807 1939 891 1976 κακίᾳ

109 1986 247 2021 κραταιῶν
286 1986 336 2021 τὴν
362 1987 412 2021 τῆς
437 1986 526 2021 ψυχῆς
549 1985 629 2012 αὐτοῦ
652 1985 782 2021 ζήτησιν,
803 1982 840 2012 ὧν
859 1986 889 2012 οὐ

110 2031 270 2065 προηγεῖται
284 2030 349 2061 Θεὸς
358 2051 364 2062 ,
383 2030 439 2056 ἀλλ’
452 2031 466 2056 ὁ
482 2032 514 2057 ἐκ
533 2030 579 2057 τοῦ
600 2030 721 2055 ἐναντίου
735 2029 888 2064 νοούμενος.

110 2075 160 2102 Διὰ
175 2075 253 2102 τοῦτο
278 2073 333 2108 γάρ
349 2080 448 2107 φησιν·
469 2072 583 2100 Ἐκεῖνοι
605 2073 654 2109 μὲν
673 2084 682 2100 ι
701 2075 731 2100 οὔ
745 2074 889 2109 προέθεντο

108 2121 154 2147 τὸν
166 2121 229 2147 Θεὺν
245 2119 358 2146 ἐνώπιον
372 2118 477 2145 αὐτῶν·
488 2128 497 2144 ι
514 2119 575 2154 ἐμοὶ
587 2119 614 2146 δὲ
635 2120 649 2146 ὁ
668 2119 733 2151 Θεὸς
746 2119 852 2155 βοηθεῖ,
874 2121 889 2147 ό

109 2166 319 2201 ἐπαναστρέφων
337 2164 372 2191 τὰ
398 2164 470 2190 κακὰ
490 2165 546 2196 τοῖς
568 2165 618 2200 τῆς
642 2165 740 2196 κακίας
754 2166 887 2201 εὑρεταῖς,
903 2178 926 2207 D

109 2217 118 2232 ι
133 2208 179 2234 καὶ
193 2209 235 2236 διὰ
249 2208 432 2245 manem;
439 2209 608 2245 ἐξαφανίζων
620 2220 629 2237 ι
640 2210 723 2242 ἅπαν,
733 2211 794 2237 ὅσον
814 2211 887 2238 ἐστὶν

105 2255 154 2289 τῆς
173 2254 299 2290 ἀληθείας
314 2255 420 2290 ἐχθρὸν,
432 2256 479 2282 καὶ
494 2255 650 2290 ἀλλόφυλον.
663 2255 732 2290 Ἐγὼ
743 2255 780 2287 δέ,
795 2256 886 2291 φησὶν,

105 2297 127 2334 ᾧ
141 2300 244 2336 ἐσώθην
257 2301 368 2336 ὀνόματι
380 2320 388 2332 ,
400 2301 487 2336 τούτῳ
499 2301 688 2337 εὐχαριστήσω
702 2321 709 2334 ,
725 2303 766 2329 ὅτι
787 2302 888 2336 ἀγαθὸν

105 2347 121 2380 ἡ
136 2345 302 2382 εὐχαριστία.
317 2347 374 2380 Ἐφ’
385 2344 425 2378 οἷς
440 2346 492 2378 ἔξω
508 2355 537 2373 τε
548 2347 602 2373 τῶν
615 2347 730 2381 θλίψεων
743 2347 885 2382 ἐγενόμην,

104 2392 150 2418 καὶ
165 2391 210 2418 τὸν
221 2391 374 2426 ἀφανισμὸν
400 2391 453 2418 τῶν
464 2392 567 2427 ἐχθρῶν
587 2393 642 2423 τοῖς
656 2392 803 2426 ὀφθαλμοῖς
820 2401 886 2418 κατ-

103 2436 212 2471 ενόησα.
233 2437 293 2463 Ἐπὶ
315 2436 392 2463 τοῦτο
405 2436 458 2471 γὰρ
472 2438 486 2463 ὁ
509 2437 675 2472 προῳητικδς
690 2436 826 2471 ὀφθαλμὸς
842 2437 887 2463 εὑ-

103 2481 262 2516 φραίνεται,
280 2481 342 2507 ὅταν
370 2481 468 2515 μηκέτι
493 2481 574 2516 μηδὲν
597 2482 629 2507 ὲκ
647 2481 693 2507 τοῦ
708 2481 829 2508 ἐναντίου
854 2482 887 2516 τῇ

101 2527 186 2560 ἁρετῇ
199 2527 341 2561 θεωρεῖται
352 2534 359 2541 ⁸
371 2526 420 2560 τῆς
431 2526 486 2560 γὰρ
505 2526 602 2557 κακίας
616 2526 811 2562 ἐξαιρεθείσης,
828 2527 888 2561 ἥτις

101 2570 170 2604 πρὸς
192 2571 241 2606 τὴν
257 2571 356 2606 ἀρετὴν
372 2572 411 2602 είς
435 2571 533 2606 ἐχθροῦ
555 2571 631 2604 τάξιν
654 2571 885 2603 ἀντικαθίσταται,

100 2616 191 2642 οὐκέτι
207 2616 237 2642 τὸ
263 2615 315 2642 τῶν
336 2616 441 2651 ἐχθρῶν
458 2616 683 2652 ὑπολειφθήσεται
707 2617 791 2651 ὄνομα
802 2625 808 2631 ·
826 2617 883 2648 πῶς

100 2661 155 2697 γάρ
165 2669 205 2693 τις
219 2661 314 2696 ἐχθρὸς
325 2661 363 2688 ἔτι
373 2661 546 2696 κληθήσεται,
555 2662 652 2696 μηκέτι
663 2663 713 2698 τῆς
723 2662 821 2698 ἔχθρας
831 2663 882 2694 ζώ-

135 2812 159 2830 ”
173 2812 244 2840 Γέλαι.
261 2821 319 2847 Lm,
334 2814 365 2847 i;
388 2808 481 2849 ich.
499 2816 626 2848 “111,19.

952 889 1082 916 verticem
1101 890 1245 924 pervenire
1276 899 1440 926 possumus,
1462 900 1542 927 quem
1569 894 1665 921 collem
1690 894 1733 920 hi-

950 934 1043 961 storia:
1064 938 1207 962 contextus
1234 937 1368 964 nominat.
1387 938 1501 970 Quando
1527 939 1608 974 igitur
1630 939 1733 974 absque

950 977 1144 1012 impedimento
1172 985 1316 1015 angustam
1346 981 1418 1008 illam
1442 983 1514 1008 viam
1542 984 1733 1018 pertransieri-

950 1032 1021 1056 mus,
1040 1024 1141 1059 Ziphaai
1161 1026 1275 1053 salutem
1291 1031 1414 1054 nostram
1431 1031 1457 1055 et
1473 1029 1681 1064 prosperitatum
1698 1029 1744 1056 ad;

948 1073 1094 1105 tyrannum
1117 1069 1262 1104 deferunt;
1279 1079 1329 1100 nos
1352 1079 1440 1100 autem
1464 1074 1568 1100 nomini
1591 1074 1661 1109 ejus,
1683 1077 1730 1109 qni

948 1122 999 1141 nos
1014 1115 1138 1149 salvavit,
1157 1120 1317 1151 potestatem
1342 1122 1415 1145 recte
1440 1118 1474 1146 de
1496 1119 1575 1146 nobis
1588 1119 1728 1154 jndieandi

947 1159 1106 1193 deferimus,
1131 1161 1273 1189 dicentes:
1292 1171 1301 1188 ι
1322 1163 1402 1194 Deus.
1430 1163 1458 1190 in
1483 1165 1593 1191 nomine
1613 1169 1659 1191 tuo
1674 1166 1729 1192 sal-

948 1213 1010 1233 vum
1035 1214 1079 1234 me
1099 1206 1152 1239 fac,
1178 1212 1205 1235 et
1230 1208 1257 1234 in
1281 1209 1381 1236 virtute
1402 1215 1447 1236 tua
1459 1210 1563 1244 judica.
1583 1220 1593 1236 ›
1619 1210 1686 1237 Nam
1702 1211 1728 1238 id

946 1252 1018 1286 quod
1038 1252 1137 1279 factum
1160 1253 1216 1288 jam
1236 1258 1305 1287 erat,
1334 1256 1458 1283 oratione
1482 1257 1518 1283 ita
1542 1261 1726 1291 rcprmscntat.

946 1298 1023 1332 quasi
1050 1299 1138 1326 adhuc
1160 1299 1281 1327 futurum
1305 1306 1387 1329 esset.
1402 1302 1447 1329 Sic
1469 1303 1541 1330 enim
1562 1304 1630 1331 solet
1654 1303 1727 1330 Scri-

946 1347 1028 1377 ptura
1051 1349 1207 1372 accuratam
1230 1350 1360 1381 temporis
1384 1349 1516 1376 rationem
1542 1350 1620 1384 quasi
1645 1351 1729 1385 negli-

945 1395 1019 1422 gere.
1041 1387 1108 1416 Nam
1130 1390 1220 1417 divina
1242 1393 1354 1418 oracula
1381 1393 1406 1420 id
1426 1394 1499 1428 quod
1527 1393 1648 1421 futurum
1672 1398 1725 1426 est,

945 1441 1017 1468 saepe
1030 1439 1056 1462 ut
1073 1436 1242 1470 praeteritum
1258 1437 1390 1469 referunt,
1406 1442 1432 1465 et
1450 1439 1475 1465 id
1498 1438 1570 1474 quod
1585 1439 1639 1473 jam
1655 1447 1726 1474 pra:-

945 1480 1030 1512 teriit,
1045 1485 1074 1508 ut
1091 1481 1212 1509 futurum
1229 1491 1236 1510 :
1250 1483 1476 1517 quemadmodum
1492 1487 1519 1511 et
1535 1484 1562 1510 in
1579 1484 1630 1511 line
1644 1484 1725 1518 hujus

944 1526 1041 1561 psalmi
1057 1527 1149 1554 videre
1171 1528 1254 1555 licet:
1270 1535 1324 1555 non
1339 1529 1410 1556 enim
1433 1529 1520 1556 dixit:
1540 1538 1549 1554 ι
1565 1528 1652 1563 Super
1672 1529 1725 1555 ini—

943 1572 1030 1600 micos
1053 1580 1128 1600 meos
1152 1573 1301 1608 despiciet;
1317 1583 1326 1599 ι
1357 1574 1414 1604 sed,
1445 1584 1453 1599 ι
1476 1574 1601 1609 Despexit
1629 1575 1725 1601 oculus

944 1626 1031 1646 mens.
1050 1628 1059 1644 ι
1081 1619 1185 1652 Quibus
1209 1620 1349 1650 docemur,
1374 1619 1428 1647 Deo
1448 1620 1515 1647 nihil
1537 1620 1656 1647 futurum
1678 1624 1724 1647 aut

943 1665 1109 1699 praeteritum
1121 1673 1193 1696 esse,
1212 1666 1259 1693 sed
1273 1666 1363 1693 omnia
1384 1667 1526 1701 praesentia
1545 1665 1650 1693 adesse.
1669 1666 1723 1692 Ita-

942 1719 995 1746 que
1014 1710 1072 1738 sive
1092 1709 1232 1744 prateriti,
1251 1710 1309 1737 sive
1329 1710 1411 1736 futuri
1428 1711 1482 1736 vim
1502 1714 1528 1737 et
1545 1711 1723 1745 signiﬁcatio-

943 1764 1006 1784 uem
1031 1755 1150 1783 habeant
1174 1756 1255 1783 verba
1278 1755 1312 1782 de
1334 1755 1426 1782 divina
1451 1759 1585 1789 potestate
1605 1756 1720 1789 prolata.

942 1803 1050 1829 animus
1064 1806 1154 1829 tamen
1176 1801 1248 1828 haud
1265 1800 1403 1835 egreditur
1416 1805 1493 1827 extra
1513 1800 1654 1834 praesentis
1670 1805 1724 1826 ter-

941 1848 1040 1874 minos.
1062 1847 1107 1873 Ait
1122 1847 1203 1884 igitur
1222 1847 1255 1873 ad
1277 1846 1360 1872 Deum
1386 1845 1440 1875 ille.
1468 1846 1513 1880 qui
1531 1852 1578 1880 per
1600 1849 1719 1872 arentem

940 1898 968 1920 et
987 1898 1130 1927 angustam
1151 1892 1275 1920 semitam
1302 1891 1398 1924 evasit,
1417 1890 1642 1926 Zipbaeorumque
1661 1896 1720 1917 tur-

939 1937 1001 1965 bam
1021 1942 1048 1966 et
1064 1938 1207 1965 coitionem
1235 1937 1339 1972 iugavit
1360 1945 1366 1963 :
1388 1937 1418 1963 in
1441 1936 1550 1963 nomine
1573 1941 1619 1963 tuo
1646 1936 1720 1964 salus

940 1983 1020 2011 nobis
1034 1984 1120 2015 venit,
1136 1987 1163 2010 et
1181 1983 1208 2010 in
1229 1983 1328 2010 virtute
1347 1987 1392 2010 tua
1406 1982 1540 2017 judicium
1557 1982 1591 2009 de
1608 1983 1678 2009 bono
1692 1986 1720 2009 et

939 2033 1015 2056 recto
1029 2029 1112 2056 robur
1131 2029 1220 2061 habet,
1240 2029 1266 2055 id
1282 2028 1354 2063 quod
1370 2035 1476 2062 semper
1492 2027 1597 2055 eveniet
1612 2036 1618 2054 :
1633 2032 1657 2054 ct
1672 2035 1720 2061 per

939 2074 991 2101 hoc
1009 2074 1121 2101 advocat
1136 2073 1181 2101 Dei
1197 2074 1269 2101 velut
1283 2081 1373 2105 aures,
1389 2078 1418 2100 ut
1433 2074 1580 2108 gratiarum
1597 2074 1719 2100 actiones

939 2119 1060 2150 audiant,
1072 2127 1236 2147 enmneraus
1246 2119 1382 2154 quomodo
1394 2119 1473 2146 alieni
1489 2119 1619 2146 adversus
1629 2119 1716 2153 ipsum

939 2164 1149 2196 insurrexerint,
1173 2168 1199 2191 et
1225 2163 1362 2198 quomodo
1388 2163 1475 2191 fortes
1500 2167 1526 2190 et
1547 2167 1670 2198 potentes
1691 2163 1719 2190 iu

939 2211 1041 2237 malitia
1055 2209 1172 2237 animam
1189 2209 1248 2244 ejus
1264 2209 1448 2244 quasiverint,
1464 2209 1562 2244 quibus
1579 2208 1650 2236 Deus
1665 2215 1718 2235 non

938 2256 1013 2290 pra-it
1037 2255 1104 2287 dux,
1130 2255 1178 2282 sed
1204 2255 1227 2282 is
1252 2255 1297 2289 qui
1317 2254 1372 2282 Deo
1391 2255 1546 2282 contrarius
1569 2259 1620 2281 est.
1636 2253 1677 2282 0b
1693 2253 1718 2281 id

938 2300 1005 2327 dicit
1022 2309 1028 2327 :
1045 2299 1084 2326 llli
1104 2309 1113 2325 ι
1129 2307 1183 2327 non
1205 2304 1406 2334 proposuerunt
1427 2299 1510 2327 Deum
1527 2303 1590 2327 ante
1604 2307 1720 2335 conspe-

938 2350 1012 2373 ctum
1033 2353 1124 2378 suum,
1140 2356 1149 2372 ›
1167 2353 1210 2373 me
1230 2353 1294 2373 vero
1318 2345 1390 2373 Deus
1413 2345 1533 2380 adjuvat,
1558 2350 1719 2373 convertens

937 2391 1008 2417 mala
1030 2390 1063 2417 ad
1080 2391 1155 2426 ipsos
1178 2391 1289 2418 malitia:
1309 2395 1436 2419 auctores
1454 2395 1511 2423 :et,
1529 2401 1538 2417 ι
1556 2391 1584 2418 ln
1605 2391 1718 2418 veritate

934 2443 985 2463 sua
1000 2436 1137 2471 disperdet
1154 2446 1162 2462 ι
1179 2444 1258 2464 omne
1283 2437 1349 2464 illud
1363 2437 1435 2472 quod
1449 2437 1555 2464 veritati
1577 2436 1718 2464 inimicum

936 2486 978 2510 est
996 2487 1023 2509 et
1044 2486 1215 2510 extraneum.
1245 2481 1300 2517 Ego
1324 2485 1414 2509 autem
1437 2481 1550 2514 nomini,
1566 2481 1663 2515 inquit,
1690 2481 1717 2507 in

935 2535 990 2562 quo
1005 2529 1126 2555 salvatus
1138 2536 1209 2560 sum,
1221 2529 1324 2563 gratias
1338 2535 1425 2563 agam,
1439 2528 1567 2562 quoniam
1586 2528 1657 2554 bona
1675 2531 1718 2554 est

936 2574 1085 2608 gratiarum
1111 2574 1193 2606 actio,
1225 2575 1288 2609 quia
1317 2581 1453 2601 aerumnas
1476 2577 1502 2601 et
1527 2573 1717 2601 tribulatione!

936 2620 1021 2652 evasi,
1038 2620 1182 2654 oculisque
1203 2620 1271 2647 meis
1284 2619 1455 2646 inimicorum
1476 2626 1596 2646 meorum
1615 2618 1718 2652 disper-

935 2663 1065 2691 ditionem
1083 2664 1149 2691 vidi.
1164 2663 1225 2692 Ideo
1236 2664 1308 2691 enim
1322 2663 1462 2698 Propheta:
1480 2662 1577 2690 oculus
1587 2662 1716 2694 exsultat,
1760 2683 1764 2688 .
