1986 3080
281 99 330 128 571

880 102 908 129 S.
920 101 1082 129 CREGORII
1103 101 1250 129 NYSSENI

1844 106 1858 132 ἶ)
1862 107 1891 132 7'2

280 156 354 191 quod
384 156 453 184 nihil
485 158 602 193 amplius
633 159 725 186 virtuti
757 159 912 194 oppositum
943 165 1061 187 cernat:

1128 168 1178 194 ης,
1200 160 1232 194 ἢν
1250 159 1436 195 ἀπέκτεινενή
1453 160 1566 196 εἰρήνη,
1583 159 1673 191 καθώς
1691 168 1772 194 φησιν
1787 161 1800 186 ὁ
1817 161 1891 188 ’Λπό-

281 202 386 229 sublata
409 202 481 229 enim
500 204 613 237 malitia,
631 212 691 240 qua:
708 204 811 232 inimici
831 204 891 232 loco
907 207 934 231 et
952 204 1062 231 nomine

1116 205 1206 236 στολος
1213 211 1220 234 ;

281 248 374 274 virtuti
392 249 562 280 adversatur.
580 259 634 278 non
668 252 786 286 amplius
821 252 992 287 relinquetur
1020 251 1195 280 inimicorum
1222 259 1322 280 nomen
1357 256 1385 279 et
1410 253 1551 281 memoria.
1577 252 1720 286 Quomodo
1745 253 1814 279 enim
1837 254 1892 287 quis

281 294 408 322 inimicus
431 298 621 331 appellaretur,
647 305 701 326 non
739 299 856 334 amplius
894 299 1074 335 gliscentibus
1103 305 1130 327 et
1164 300 1317 328 virentibus
1339 299 1509 333 inimicitiis,
1535 307 1604 335 quas
1624 299 1762 326 interemit
1780 307 1844 334 par,
1869 307 1893 328 ut

282 340 320 367 ait
339 341 504 376 Apostolus?

317 388 448 417 Cat-terum
464 395 493 418 ut
509 398 569 427 apte
592 397 619 420 et
643 394 734 422 debito
749 395 845 423 ordine
871 403 977 428 sensus,
995 402 1064 431 quos

281 434 415 464 hactenus
431 439 619 472 exposuimus,
633 441 725 468 verbis
743 442 840 475 psalmi
854 443 1064 470 accommoden-

284 484 339 513 tur,
355 482 441 516 ipsam
457 483 489 510 ad
507 485 618 512 verbum
637 486 702 521 lege,
720 494 780 521 quat
804 488 899 514 ordine
914 491 955 515 est
983 489 1064 522 quin-

284 527 441 561 quagesima
467 529 557 561 tertia,
595 531 783 565 psalmodiam,
813 533 923 567 quando
949 533 1065 568 Ziphteis

286 573 411 606 superior
428 573 550 605 eﬁ'ectus.
565 577 820 612 contemplatusque
843 578 952 605 malitiae
976 578 1066 606 omni-

285 618 395 645 modum
416 619 566 654 interitum,
585 629 679 649 rursus
694 623 720 649 in
740 623 876 650 intellectu
891 625 1001 658 superni
1019 631 1066 651 au-

285 663 344 689 xilii
361 664 538 696 constitutus.
554 665 607 693 Deo
626 666 754 702 hymnum
781 669 939 703 epinicium.
963 674 989 696 et
1004 677 1067 696 car-

286 715 348 736 men
362 709 502 738 victoriale
520 711 646 739 decantat
661 724 667 740 :
692 714 732 741 sic
762 716 834 742 enim
851 715 952 742 habent
970 716 1068 743 inscri-

286 755 388 789 ptionis
405 757 485 783 verba
500 767 506 784 ε
530 767 539 783 ι
559 758 586 786 In
604 759 682 787 tinent
695 761 721 787 in
735 762 902 789 carminibus
915 763 1067 790 intellectus

288 799 382 827 David.
406 811 415 828 ›
433 801 519 830 Porro
536 805 607 832 sicut
623 806 648 832 in
664 807 867 838 certaminibus,
879 816 939 843 quae
954 816 1068 842 corpore

1156 394 1201 426 Ὠς
1212 394 1234 420 δ’
1247 393 1279 421 ἂν
1296 392 1448 424 ἀκολούθως
1460 393 1646 428 ἐφαρμοσθείη
1662 393 1697 420 τὰ
1713 393 1828 429 ρηθέντα
1843 395 1895 430 νοή-

1117 448 1189 475 ματα
1202 441 1258 471 τοῖς
1272 440 1374 474 ῥήμασι
1395 438 1445 472 τῆς
1457 438 1627 474 ψαλμῳδίας,
1643 439 1728 474 αὐτὴν
1745 439 1790 466 ἐπὶ
1804 440 1896 471 λέξεως

1116 484 1251 519 ἀνάγνωθι
1278 483 1327 519 τὴν
1349 483 1519 518 ψαλμῳδίαν,
1542 484 1591 519 τὴν
1610 485 1639 510 ἐν
1663 483 1702 519 τῷ
1730 486 1895 520 πεντηκοστῷ

1116 530 1199 565 τρίτῳ
1207 529 1277 556 κατά
1286 528 1316 555 τὸ
1326 529 1471 556 ἀκόλουθον
1479 530 1656 565 τεταγμένην,
1666 530 1709 556 ὅτε
1715 530 1769 556 τῶν
1777 531 1896 566 Ζηφαὶων

1120 573 1168 608 ήδη
1186 574 1317 608 κρείττων
1330 573 1485 608 γενόμενος,
1498 572 1596 600 ἐπιδὼν
1606 574 1653 610 τὴν
1666 576 1715 610 τῆς
1729 575 1824 606 κακίας
1837 584 1898 601 παν-

1119 618 1260 653 ωλεθρίαν,
1285 618 1366 645 πάλιν
1390 619 1419 645 ἐν
1437 618 1542 646 συνέσει
1563 619 1614 654 τῆς
1639 619 1740 646 ἀνωθεν
1770 622 1898 652 καταστὰς

1121 663 1288 698 συμμαχίας,
1307 662 1390 698 ὕμνον
1402 664 1534 699 προσάγει
1551 664 1588 699 τῷ
1599 664 1658 699 Θεῴ
1673 665 1812 692 ἐπινίκιον.
1828 666 1898 693 Οὕτω

1121 708 1175 743 γὰρ
1189 709 1202 735 ὁ
1218 709 1266 744 τῆς
1284 709 1440 745 ἐπιγραφῆς
1458 710 1578 744 περιέχει
1597 710 1673 744 λόγος
1683 719 1689 726 ·
1702 721 1711 736 ι
1728 712 1775 742 Εἰς
1787 712 1815 738 τὸ
1830 713 1899 743 τέλος

1121 754 1149 780 ὲν
1165 753 1259 788 ὕμνοις
1279 755 1411 786 συνέσεως
1423 755 1462 790 τῷ
1477 755 1566 782 Δαϐίδ.
1586 765 1594 782 ι
1609 756 1713 792 ’Ὠσπερ
1725 757 1833 784 δὲκατά
1843 758 1900 790 τοὺς

1123 800 1292 834 σωματικοὺς
1316 800 1433 834 ἀγῶνας,
1457 801 1487 827 οὐ
1514 803 1569 833 τοῖς
1593 802 1684 833 αὐτοῖς
1703 803 1856 836 ἀντιπάλοις
1878 805 1900 830 οἱ

288 845 477 883 perﬁciuntur,
488 856 542 875 non
556 851 768 884 congrediuntur
782 853 886 887 pugiles
899 861 960 880 cum
973 854 1067 881 iisdem

1128 845 1233 879 ὶθληταὶ
1256 845 1469 881 παραμένουσιν,
1486 843 1524 873 ὧν
1539 847 1571 874 ἂν
1594 849 1622 874 ὲν
1645 848 1750 883 νεότητι
1771 849 1841 876 κατὰ
1855 849 1901 884 τὴν

289 890 464 925 adversariis,
479 902 548 928 quos
575 894 725 928 jurentutis
757 901 878 931 tempore
902 899 1068 930 devicerant,

289 935 336 963 sed
351 941 431 963 aucto
446 939 551 972 robore,
571 940 727 976 viribusque
751 943 927 976 conﬁrmatis,
953 944 1071 979 majores

289 983 316 1007 et
335 981 479 1010 validiores
495 985 682 1018 antagonistas
698 986 749 1013 sibi
764 987 934 1021 deposcunt;
953 988 1008 1016 illis
1024 988 1072 1016 de-

289 1025 380 1058 victis,
415 1035 477 1054 cum
508 1029 744 1058 excellentioribus
771 1032 860 1060 adhuc
888 1033 914 1060 in
933 1034 1071 1068 pulverem

289 1070 470 1105 descendunt,
483 1082 590 1110 semper
606 1076 702 1103 virium
724 1077 890 1105 incremento
908 1079 1072 1107 convenien-

289 1120 332 1144 ter
348 1125 409 1144 cum
427 1119 631 1149 robustioribus
662 1122 826 1150 adversariis
842 1131 952 1151 manum
976 1132 1072 1153 conse-

291 1167 383 1191 rentes
397 1173 403 1190 :
420 1166 478 1198 pari
497 1167 586 1200 modo,
602 1167 648 1202 qui
664 1171 729 1195 tota
745 1170 827 1196 tantis
844 1170 968 1198 hostibus
987 1172 1074 1198 victo-

292 1209 346 1237 rias
360 1212 517 1245 reportavit,
534 1213 695 1242 illustriores
709 1215 799 1242 adhuc
817 1217 946 1244 victorias
969 1218 1003 1244 ab
1020 1218 1073 1245 illis

291 1255 384 1288 refert,
401 1264 564 1292 congressus
582 1266 643 1286 cum
670 1261 877 1293 celebrioribus,
908 1263 1074 1298 majorisque

291 1301 412 1328 nominis
425 1305 451 1329 et
469 1303 547 1330 famae
571 1306 760 1338 antagonistis,
778 1310 805 1333 et
827 1307 863 1334 ob
881 1308 906 1335 id
925 1310 1074 1343 agonothe-

292 1349 347 1371 tam
363 1345 397 1373 ad
430 1347 593 1374 audiendum
625 1349 749 1380 advocat,
764 1358 826 1377 cum
851 1352 907 1379 ait:
925 1362 934 1378 ι
959 1354 1072 1386 Exaudi,

294 1389 375 1422 Deus,
391 1391 541 1418 orationem
557 1400 656 1425 meam,
672 1397 699 1420 et
718 1401 752 1421 ne
769 1395 928 1430 despexeris
943 1397 1074 1432 depreca-

294 1435 395 1463 tionem
411 1444 498 1465 meam
517 1438 561 1465 9':
582 1448 592 1464 ι
607 1445 752 1475 rogatque,
774 1445 804 1468 ut
821 1442 855 1468 ad
874 1451 991 1478 pugnam
1011 1445 1074 1472 ani-

294 1489 369 1507 nmm
385 1481 525 1510 advertat:
543 1493 551 1509 ι
575 1484 697 1517 Intende,
716 1495 726 1512 ι
756 1487 854 1522 inquit,
875 1499 884 1514 ι
903 1490 968 1516 mihi
984 1494 1012 1517 et
1028 1499 1075 1518 ex-

295 1527 357 1554 audi
376 1535 427 1560 me,
450 1537 460 1554 »
475 1533 662 1565 monstratque
677 1533 856 1560 certaminum
875 1543 986 1563 suorum
1003 1537 1077 1564 Iaho-

296 1579 351 1604 res,
371 1580 505 1601 enarrans
522 1575 660 1602 tristitiam
676 1582 702 1604 et
721 1579 957 1608 conturbationem
969 1601 976 1613 ,
992 1585 1018 1609 ct
1034 1590 1079 1609 vo-

297 1625 356 1645 cem
384 1618 503 1651 inimici,
534 1625 561 1648 et
590 1621 792 1651 tribulationem
823 1627 983 1660 peccatoris.
1013 1627 1079 1661 Qua:

297 1663 388 1690 omnia
404 1665 522 1692 ostendit
533 1667 690 1695 certaminis
706 1670 813 1703 praesidi
828 1671 900 1699 velut
912 1673 1079 1707 palaestricas

297 1709 430 1744 quasdam
442 1710 570 1739 victorias
584 1713 616 1739 ab
634 1713 800 1742 adversariis
816 1716 926 1750 relatas,
937 1721 964 1745 et
974 1719 1008 1745 ad
1023 1719 1080 1747 haec

298 1754 379 1782 etiam
393 1756 629 1785 conturbationem
642 1759 743 1789 cordis.
753 1765 780 1788 et
789 1760 960 1790 formidinem
972 1765 1079 1800 mortis,

297 1806 325 1829 et
337 1802 474 1834 timorem,
486 1807 514 1830 et
527 1808 683 1837 tremorem,
697 1810 723 1832 et
743 1807 869 1836 tenebras
885 1809 967 1836 vitam
994 1811 1080 1845 ipsius

299 1847 418 1881 undique
431 1849 587 1883 complean
600 1859 608 1883 ;
623 1851 723 1885 quibus
737 1853 866 1881 omnibus
892 1863 976 1882 unum
995 1857 1023 1884 id
1039 1865 1081 1885 re—

298 1892 380 1919 medii
394 1893 508 1925 invenit,
520 1901 574 1928 Quo
589 1903 621 1922 ex
635 1896 716 1924 rebus
730 1901 784 1924 tam
798 1899 906 1926 atl'liclis
920 1907 1079 1936 emergeret,

299 1943 329 1964 ut
342 1938 466 1971 pernices
483 1939 615 1967 columba:
629 1941 687 1969 alas
702 1948 864 1976 assumeret,
882 1950 909 1972 et
940 1946 967 1973 in
996 1947 1079 1975 altum

299 1989 360 2009 sese
375 1982 492 2014 tolleret,
515 1987 542 2010 et
565 1985 592 2011 in
622 1992 654 2012 eo
683 1986 742 2014 loco
772 1989 890 2016 volatutu
923 1991 1033 2020 sisteret
1049 2001 1082 2021 ac

299 2026 516 2061 conquiesceret,
529 2029 605 2063 quia
626 2031 705 2058 malis
727 2033 853 2061 omnibus
875 2043 1000 2068 securus,
1020 2045 1082 2072 per-

300 2075 382 2106 petuo
396 2071 576 2100 divinioribus
594 2073 674 2102 rebus
685 2076 861 2105 circumﬂuit.
878 2078 968 2114 Inquit
982 2082 1056 2109 enim
1073 2092 1080 2110 :

303 2126 313 2142 ε
334 2116 421 2145 Mansi
436 2117 464 2144 in
485 2118 643 2151 solitudine.
672 2129 682 2146 ι
710 2125 738 2149 ιιι
763 2122 799 2149 ibi
815 2131 830 2150 a
860 2126 1083 2159 pusillanimitate

1122 889 1289 925 παλαίστραν
1305 891 1488 925 κρατήσωσιν,
1509 891 1565 918 ἀλλ’
1579 892 1740 928 αὐξηθείσης
1755 894 1846 924 αὐτοῖς
1857 894 1901 928 τῆς

1121 936 1270 971 δυνάμεως,
1291 937 1358 972 πρὸς
1373 937 1497 972 μείζονάς
1513 946 1542 964 τε
1559 938 1606 964 καὶ
1634 939 1824 974 ἰσχυροτέρους
1843 940 1901 966 ἀντ-

1122 981 1274 1016 αγωνιστὰς
1283 981 1452 1014 ἁποδύονται,
1464 982 1514 1009 κᾶν
1522 983 1633 1009 ἐκείνων
1643 985 1827 1019 κρατήσωσιν,
1839 984 1902 1011 κατά

1122 1027 1176 1054 τῶν
1195 1027 1380 1063 ὑπερεχόντων
1398 1029 1558 1062 κονίζονται,
1578 1030 1692 1056 πάντοτε
1711 1032 1742 1066 τῇ
1766 1031 1902 1066 προσθήκῃ

1121 1075 1172 1109 τῆς
1190 1074 1329 1109 δυνάμεως
1352 1074 1525 1110 καταλλήλως
1543 1075 1609 1110 πρὸς
1628 1077 1690 1108 τοὺς
1709 1076 1902 1112 δυνατωτέρους

1123 1120 1176 1147 τῶν
1192 1120 1344 1147 ἀντιπάλων
1364 1121 1574 1156 ἀγωνιζόμενοι·
1596 1122 1669 1149 κατὰ
1689 1122 1734 1148 τὸν
1755 1122 1836 1148 αὑτδν
1850 1123 1904 1158 τρό-

1123 1175 1183 1198 πον,
1200 1167 1247 1193 καὶ
1257 1167 1270 1192 ὁ
1283 1166 1326 1193 διὰ
1340 1166 1473 1194 τοσούτων
1484 1169 1542 1199 ταῖς
1554 1167 1623 1194 κατά
1636 1167 1689 1194 τῶν
1706 1167 1812 1203 ἐχθρῶν
1823 1168 1904 1198 νίκαις

1123 1213 1331 1248 ἐγγυμνασθεὶς,
1348 1213 1548 1248 ὲπισημοτέρας
1563 1213 1613 1244 τὰς
1623 1212 1700 1245 νίκας
1711 1213 1817 1240 ἑαυτῶν
1828 1214 1902 1244 ποιεῖ,

1125 1258 1192 1293 πρὸς
1207 1259 1269 1289 τοὺς
1284 1258 1498 1293 ὲπισημοτέρους
1514 1266 1543 1284 τε
1567 1258 1614 1284 καὶ
1632 1259 1756 1292 μείζονας
1779 1259 1833 1285 τῶν
1849 1259 1905 1284 ἀνι-

1124 1303 1281 1337 αγωνιπῶν
1292 1303 1522 1338 συμπλεκόμενος,
1539 1304 1592 1329 Καὶ
1607 1303 1735 1330 ὂιάτοῦτο
1747 1303 1905 1339 προσκαλεῖ·
1937 1306 1939 1308 ’

1124 1357 1169 1376 ται
1182 1349 1232 1385 τὴν
1245 1349 1329 1385 ἀκοὴν
1343 1349 1389 1375 τοῦ
1403 1349 1580 1382 ἀγωνοθέτου,
1595 1349 1693 1383 λέγων·
1706 1359 1714 1375 ι
1727 1349 1878 1381 Ἐνώτισον,
1888 1345 1909 1374 ὦ

1125 1395 1201 1429 Θεὸς,
1211 1396 1259 1430 τὴν
1273 1396 1426 1431 προσευχήν
1440 1404 1503 1430 μου.
1513 1396 1560 1422 καὶ
1573 1395 1609 1430 μὴ
1623 1395 1750 1431 ὐπερίδῃς
1760 1395 1810 1431 τὴν
1824 1394 1907 1429 δέησὲν

1128 1450 1188 1476 μου.
1204 1450 1214 1466 ι
1234 1441 1289 1468 Καὶ
1310 1442 1451 1476 προσέχειν
1466 1441 1547 1468 αὑτοῦ
1565 1443 1596 1476 τῇ
1619 1440 1729 1475 ἀθλήσει
1748 1440 1908 1476 παρακαλεῖ.

1129 1498 1137 1512 ε
1155 1486 1274 1522 Πρόσχες
1295 1495 1350 1522 μοι⁷
1379 1497 1389 1513 ι
1414 1487 1511 1522 λέγων,
1533 1496 1542 1512 ι
1567 1487 1614 1514 καὶ
1638 1487 1797 1514 εἰσάκουσον
1821 1495 1879 1522 μου.
1899 1495 1908 1510 ι

1128 1532 1182 1559 Καὶ
1193 1532 1363 1560 ὑποδείκνυσι
1377 1532 1421 1559 διὰ
1438 1533 1485 1559 τοῦ
1501 1533 1579 1566 λόγου
1598 1532 1651 1559 τῶν
1666 1532 1779 1566 ἀγώνων
1794 1533 1855 1563 τοὺς
1868 1531 1910 1558 πό-

1128 1587 1199 1610 νους.
1214 1577 1300 1614 λύπην
1334 1579 1381 1605 καὶ
1396 1578 1560 1613 ἀδολεσχίαν,
1587 1579 1633 1605 καὶ
1653 1578 1775 1614 ταραχὴν
1795 1577 1910 1613 καρδίας,

1129 1626 1175 1652 καὶ
1191 1626 1281 1660 φωνὴν
1298 1625 1406 1660 ἐχθροῦ,
1425 1626 1472 1652 καὶ
1489 1625 1576 1659 θλίψιν
1593 1624 1754 1660 ἁμαρτωλοῦ
1772 1624 1911 1660 διηγούμε-

1129 1679 1183 1702 νος,
1195 1668 1249 1697 οἶόν
1263 1678 1323 1696 τινα
1338 1671 1502 1706 κρατήματα
1518 1671 1701 1706 παλαιστριγά
1717 1671 1912 1704 καταγινόμενα

1130 1716 1204 1751 παρὰ
1218 1715 1271 1742 τῶν
1286 1716 1542 1751 ἀνταγωνιζομένων
1557 1716 1631 1751 αὑτῴ
1645 1716 1682 1751 τῷ
1695 1716 1850 1751 ἀγωνοθέτῃ
1863 1717 1914 1742 ἑπι-

1129 1759 1311 1795 δεικνύμενος.
1326 1760 1380 1787 Καὶ
1399 1760 1438 1786 ἔτι
1456 1760 1524 1795 πρὸς
1539 1760 1643 1792 τούτοις
1658 1759 1770 1795 καρδίας
1787 1759 1912 1795 ταραχὴν,

1131 1805 1177 1830 καὶ
1190 1804 1289 1831 δειλίαν
1305 1804 1431 1836 θανάτου,
1447 1805 1494 1831 καὶ
1511 1805 1601 1840 φόϐον,
1618 1806 1665 1832 καὶ
1684 1805 1797 1840 τρόμον.
1817 1805 1862 1831 καὶ
1874 1805 1913 1835 ζύ-

1131 1859 1180 1885 φον
1201 1850 1248 1885 τὴν
1264 1849 1336 1885 ζωὴν
1359 1850 1441 1877 αὑτοῦ
1458 1851 1547 1877 πᾶσαν
1569 1850 1737 1882 διαλαϐόντα,
1753 1847 1792 1876 ὧν
1813 1851 1913 1876 πάντων

1133 1894 1196 1929 μίαν
1213 1894 1333 1920 ἐπίνοιαν
1356 1894 1454 1929 εὕρατο
1471 1895 1538 1929 πρὸς
1560 1894 1590 1920 τὸ
1604 1895 1726 1930 κρεῖττόν
1745 1903 1774 1921 τε
1792 1896 1838 1922 καὶ
1852 1894 1913 1921 ἀνώ-

1131 1948 1209 1976 τερον
1224 1940 1273 1974 τῆς
1285 1939 1417 1974 τοσαύτης
1429 1939 1542 1974 συνοχῆς
1556 1939 1733 1973 γενέσθαι,τὸ
1748 1939 1913 1975 πτερωθῆναι

1132 1985 1213 2012 αὑτὸν
1233 1986 1289 2016 τοῖς
1306 1985 1356 2020 τῆς
1374 1985 1537 2020 περιστερᾶς
1559 1984 1737 2020 ὠκυπτέροις,
1753 1986 1801 2011 καὶ⁸
1822 1985 1914 2020 μετάρ-

1133 2039 1189 2057 σιον
1203 2031 1346 2066 γενόμενον
1359 2031 1416 2057 ἐκεῖ
1431 2031 1533 2058 παῦσαι
1553 2032 1602 2066 τὴν
1618 2033 1715 2066 πτῆσιν
1727 2032 1755 2058 ὲν
1773 2032 1868 2066 ἐκείνῳ
1880 2030 1914 2066 τῷ

1132 2075 1216 2110 τόπῳ,
1231 2074 1259 2106 ὃς
1275 2074 1328 2101 τῶν
1344 2075 1435 2102 κακῶν
1448 2076 1556 2102 πάντων
1570 2075 1670 2110 ἔρημος
1686 2074 1732 2107 ὢν,
1751 2074 1836 2110 θαλής
1849 2076 1914 2100 ἐστιν

1132 2122 1189 2153 τοῖς
1211 2121 1365 2156 θειοτέροις.
1383 2130 1392 2146 ι
1407 2119 1548 2151 Αὺλισθεὶς
1569 2129 1578 2145 ι
1604 2121 1668 2155 γὰρ,
1694 2121 1786 2154 φησὶν,
1805 2130 1814 2146 ι
1834 2121 1861 2146 ἐν
1884 2119 1913 2153 τῇ

300 2163 415 2198 spiritus
431 2171 491 2198 qum
506 2164 532 2191 in
548 2169 632 2198 terra,
649 2170 676 2194 et
699 2174 714 2194 a
731 2169 859 2202 procellis
888 2174 1076 2208 tentationum,

1135 2167 1229 2202 ἐρήμῳ
1247 2177 1255 2192 ι
1271 2167 1324 2194 ἀπὸ
1337 2167 1386 2202 τῆς
1400 2167 1474 2193 κάτω
1487 2165 1669 2200 ὁλιγοψυχίας,
1681 2167 1727 2192 καὶ
1739 2166 1792 2192 ἀπὸ
1805 2166 1853 2201 τῆς
1866 2165 1913 2192 τῶν

300 2208 350 2237 Dei
361 2217 422 2245 ope,
436 2218 570 2244 servarer,
583 2212 628 2240 ubi
642 2215 780 2242 evanescit
791 2216 880 2244 ontnis
890 2218 1002 2246 malitia.
1016 2219 1084 2247 Nam

302 2257 481 2291 praecipitatio
509 2258 536 2284 in
557 2266 642 2292 mare,
659 2260 832 2289 abolitionem
858 2268 884 2290 et
902 2265 1084 2295 interitionem

302 2301 446 2335 signiﬁcat.
464 2301 533 2334 Quia
558 2310 639 2330 otnne
663 2304 740 2336 illud,
768 2306 841 2340 quod
873 2307 899 2334 in
920 2308 1084 2342 profundum

302 2345 478 2381 demergitur,
509 2350 658 2380 evanescit,
679 2354 705 2376 et
718 2357 752 2378 ex
768 2357 916 2386 conspectu
943 2354 1084 2382 hominum

302 2391 441 2425 eripitur;
457 2392 615 2420 submersio
632 2394 714 2429 igitur
727 2400 754 2423 et
767 2398 900 2431 pernicies
914 2401 1027 2433 peccati,
1043 2403 1086 2427 est

302 2436 446 2464 dissolutio
467 2439 655 2467 concretiouis
670 2442 785 2475 peccati.
803 2442 950 2478 Propterea
966 2445 1043 2477 dicit,
1069 2453 1084 2473 a

302 2482 358 2510 Deo
374 2483 538 2518 praecipitari
552 2485 682 2512 malitiam
697 2486 725 2514 in
744 2495 829 2519 mare,
844 2496 905 2516 eum
923 2489 1021 2517 dividit
1036 2491 1086 2518 lin-

302 2535 370 2563 guas
395 2536 490 2556 eorum
513 2530 560 2564 qui
590 2530 618 2558 in
648 2531 719 2559 malo
745 2534 914 2568 conspirant.
932 2535 991 2562 Alia
1019 2536 1083 2564 item

303 2574 396 2601 omnia
408 2581 469 2609 quae
484 2575 512 2602 in
525 2576 621 2604 ordine
638 2578 759 2612 psalmus
779 2580 911 2612 continet,
930 2585 959 2607 ut
975 2586 1017 2608 est
1036 2581 1084 2609 de-
1105 2580 1110 2583 ”

303 2619 416 2654 scriptio
431 2621 551 2649 civitatis
567 2622 695 2650 habitatas
710 2631 725 2650 a
741 2625 821 2652 malis
836 2629 863 2652 et
879 2626 970 2660 pravis
985 2627 1084 2655 studiis

303 2668 331 2692 et
344 2665 487 2699 institutis,
503 2667 598 2694 eodem
615 2669 762 2703 pertinent.
783 2669 878 2698 Refert
904 2671 977 2698 enim
997 2673 1084 2701 malos

305 2709 387 2744 hujus
397 2710 517 2739 civitatis
533 2712 646 2746 incolas,
662 2713 834 2749 iniquitatem
852 2716 966 2750 scilicet,
982 2722 1083 2746 etcon-

344 2789 368 2805 ’θ
391 2789 462 2818 Psal.
484 2799 537 2824 uv,
552 2791 579 2818 2.

1135 2211 1296 2247 πειρασμῶν
1315 2211 1480 2244 καταιγίδος,
1497 2211 1554 2236 ἐκεῖ
1579 2210 1773 2245 προσδέξασθαι
1795 2210 1840 2237 τοῦ
1854 2209 1914 2237 θεοῦ

1135 2257 1182 2292 τὴν
1199 2257 1344 2292 σωτηρίαν,
1360 2257 1425 2284 ὅπου
1441 2256 1599 2290 ἀφανίζεται
1612 2257 1629 2292 ἡ
1645 2257 1738 2283 κακία.
1759 2257 1787 2283 '0
1802 2257 1855 2292 γὰρ
1871 2266 1914 2283 κα-

1134 2303 1316 2338 ταποντισμδς
1338 2304 1383 2330 τὸν
1397 2303 1549 2337 ἀφανισμὸν
1560 2303 1706 2338 ἐρμηνεύει
1718 2311 1725 2318 '
1740 2303 1806 2329 διότι
1827 2305 1878 2330 πᾶν
1890 2303 1915 2329 τὸ

1135 2350 1164 2376 ὲν
1175 2349 1248 2385 βυθῷ
1264 2350 1382 2383 γεγονὸς,
1395 2348 1563 2383 ἀφανίζεται.
1576 2349 1712 2384 Βυθισμὸς
1725 2347 1772 2376 οὗν
1786 2350 1916 2385 ἁμαρτίας

1136 2397 1193 2422 ἐστὶ
1212 2395 1259 2422 καὶ
1273 2395 1404 2428 ἀπώλεια,
1421 2396 1438 2430 ἡ
1448 2395 1496 2421 τοῦ
1511 2395 1677 2426 συνεστῶτος
1689 2396 1737 2430 τῆς
1751 2396 1850 2427 κακίας
1862 2396 1916 2422 διά-

1136 2441 1221 2472 λυσις.
1238 2441 1287 2468 Διὰ
1311 2441 1389 2468 τοῦτό
1412 2450 1478 2477 φησι
1502 2440 1746 2473 καταποντίζεσθαι
1774 2442 1849 2477 napi
1873 2441 1915 2468 τοῦ

1136 2487 1203 2514 Θεοῦ
1218 2488 1247 2514 τὸ
1270 2488 1353 2514 κακὸν
1375 2489 1404 2514 ἐν
1420 2487 1458 2523 τῷ
1479 2487 1709 2522 καταδιαιρείσθαι
1733 2488 1782 2520 τὰς
1799 2489 1917 2522 γλώσσας

1137 2533 1191 2559 τῶν
1205 2533 1252 2559 ἐπὶ
1269 2533 1345 2568 κακῴ
1368 2533 1601 2569 συμφρονούντων.
1619 2533 1671 2559 Καὶ
1690 2534 1739 2560 ὅσα
1759 2534 1857 2568 ἑφεξῆς
1874 2542 1917 2561 πε-

1141 2579 1224 2614 ριέχει
1231 2580 1248 2614 ἡ
1256 2579 1467 2614 τῆςψαλμῳδίας
1475 2579 1575 2614 ταύτης
1584 2579 1698 2612 διάνοια,
1708 2579 1756 2615 τὴν
1763 2580 1811 2614 τῆς
1819 2580 1916 2610 πόλεως

1140 2625 1310 2661 ὑπογραφὴν,
1320 2626 1368 2660 τὴν
1378 2625 1488 2651 ὐπὺτῶν
1499 2633 1565 2659 πονη
1571 2623 1623 2659 ρῶν
1631 2625 1850 2660 ἐπιτηδευμάτων
1858 2633 1916 2651 συν-

1140 2671 1306 2706 ῳκισμένην,
1317 2670 1405 2697 πάντα
1415 2670 1483 2706 πρὸς
1495 2670 1525 2696 τὸ
1532 2669 1597 2696 αὐτὸ
1609 2669 1797 2703 βλὲπεμΛέγει
1809 2669 1862 2704 γὰρ
1873 2668 1917 2695 καὶ

1137 2716 1331 2752 ἁπαριθμεῖται
1351 2717 1412 2748 τοὺς
1425 2716 1525 2747 κακοὺς
1543 2716 1592 2750 τῆς
1607 2714 1708 2748 πόλεως
1724 2715 1823 2750 ταύτης
1845 2714 1915 2748 οἰκή-
