1986 3080
70 99 131 128 575

788 101 819 129 IN
840 102 1007 131 PSALMOS.

1653 100 1706 128 διδ

70 167 174 195 τορας,
193 158 306 194 ἀνομίαν
328 158 414 193 λέγων
433 159 479 186 καὶ
501 158 604 194 ἀντιλογ
612 159 653 186 ίαν
674 160 703 186 ἐν
724 161 757 195 τῇ
792 160 865 188 πόλει

922 161 1123 192 tradictionem,
1140 167 1201 196 qua:
1219 163 1302 187 noctu
1314 159 1433 188 civitatis
1460 167 1553 187 muros
1582 158 1705 186 circum-

69 205 121 232 διὰ
142 204 239 235 νυκτὸς
266 203 466 239 περιπολούσας
487 205 518 231 τὸ
534 205 632 240 τεῖχος,
649 204 696 231 καὶ
716 205 796 231 πάλιν
809 205 869 231 ἀνο-

73 251 157 286 μίαν,
174 251 222 277 καὶ
236 250 329 281 κόπον,
349 250 396 276 καὶ
418 249 525 277 ἀδικίαν
543 250 762 285 ἀνατρεφομένας
783 250 811 276 ὲν
830 250 869 286 τῷ

73 296 157 331 μέσῳ
170 295 217 322 τοῦ
233 295 335 326 ἄστεος.
356 295 479 322 Δείκνυσι
498 295 526 322 δὲ
546 296 592 322 καὶ
608 296 654 322 τὸν
670 296 753 323 κακὸν
772 296 867 331 δῆμον,

71 339 123 366 τὸν
137 339 188 370 τὰς
200 339 329 369 πλατείας
346 339 433 373 αὐτῆς
451 339 605 374 πληροῦντα
616 348 623 355 ·
637 339 777 375 ὀνομάζων
790 341 868 368 τόκον

72 384 125 411 καὶ
149 385 243 410 δόλον·
260 385 305 410 καὶ
328 384 430 411 τούτων
448 385 503 411 τῶν
527 385 680 420 εἰρημένων
705 386 812 413 πάντων
838 387 868 413 τὺ

73 429 242 465 βαρύτατον,
260 430 309 464 τὴν
321 430 465 465 ὑπόκρισιν
479 427 548 457 εἶναι
567 430 651 465 λέγει,
664 431 680 466 ἢ
696 430 727 458 τὺ
743 431 867 466 ίσόψυχόν

72 483 105 500 τε
126 475 174 500 καὶ
190 474 358 510 ἀγαπητικδν
381 475 548 510 ὑποδυομένη
571 476 674 510 σχῆμα,
690 475 805 511 κρύπτει
822 477 867 504 τὸν

72 520 154 546 δόλον
175 521 214 555 τῷ
234 520 344 556 χρηστῷ
361 521 581 556 προκαλύμματι.
601 522 650 548 Διά
676 522 755 549 τοῦτο
777 523 866 556 ἀξίους

73 567 132 593 τῶν
148 565 274 593 τοιούτων
289 566 400 593 ὲνοίκων
417 568 430 593 ὁ
446 566 549 599 δίκαιος
562 568 657 602 κριτὴς
668 569 730 600 τοὺς
742 568 867 601 ἐποίκους

74 612 229 646 ἐκπέμπει.
246 611 339 638 Βούλει
356 611 450 647 μαθεῖν
466 612 500 639 τὰ
515 613 570 639 τῶν
587 614 715 640 ὲποικίων
731 614 865 649 όνόματας

77 667 88 683 ι
109 657 240 689 Ἐλοέτω,
258 666 266 682 ι
279 658 371 692 φησὶν,
390 666 399 682 ι
418 656 531 689 θάνατος
544 659 586 684 ἐπ’
598 659 705 691 αὐτοὺς,
717 659 763 685 καὶ
781 668 865 686 κατα-

75 702 206 737 ϐήτωσαν
217 702 255 734 είς
270 702 333 738 ᾇδου
349 702 457 734 ζῶντες.
475 713 484 729 ι
497 704 551 730 Καὶ
562 704 649 730 πάντα
661 705 724 740 περὶ
735 705 823 731 αὐτῶν
833 705 866 731 τὰ

76 747 231 782 σκυθρωπά
241 747 283 773 διὰ
292 746 337 773 τοῦ
353 747 432 781 λόγου
446 748 619 782 παραδείξας,
631 750 727 783 ἐπάγει
740 750 789 784 τὴν
799 750 865 784 γλυη

75 793 156 818 κεῖαν
164 792 271 827 ἐκείνην
281 792 380 827 φωνὴν,
395 793 423 819 ὲν
463 794 509 819 καὶ
520 792 642 828 νενίκηκε
651 794 699 828 τὴν
708 794 783 820 πόλιν
791 794 865 830 αὐτῷ

922 209 1008 239 eunt;
1028 213 1125 233 rursus
1139 205 1321 240 iniquitatem,
1344 208 1371 232 et
1387 205 1518 236 laborem,
1543 208 1570 232 et
1597 204 1705 238 injusti-

922 252 986 278 tiam
1003 252 1150 278 enutritam
1168 251 1195 277 in
1210 250 1299 277 medio
1314 250 1431 277 civitatis
1445 259 1450 276 :
1470 250 1589 277 ostendit
1604 255 1631 276 et
1654 250 1705 277 im-

922 294 1038 329 probum
1059 294 1187 329 populum
1210 295 1255 328 qui
1273 294 1378 329 plateas
1395 294 1455 328 ejus
1481 294 1608 329 complet,
1623 302 1704 329 quem

923 341 1046 367 nominat
1060 347 1171 367 usuram
1204 344 1231 366 et
1259 339 1362 373 dolum,
1379 348 1426 368 seu
1441 339 1574 370 fraudem,
1592 345 1618 366 et
1644 346 1705 374 qua":

921 386 1044 413 omnium
1067 386 1228 421 gravissima
1249 387 1333 420 pestis
1360 391 1412 418 est,
1444 386 1621 421 hypocrisim,
1647 392 1706 420 quae

923 431 1005 458 animi
1022 432 1230 458 consensionem
1259 435 1285 458 et
1301 430 1474 458 dilectionem
1504 430 1596 457 habitu
1617 430 1704 456 simu-

922 478 992 508 laus,
1012 477 1133 503 fraudem
1148 468 1262 512 pulchro
1279 480 1434 511 legumento
1455 476 1543 503 velat:
1560 479 1704 510 propterea

922 523 1020 558 dignos
1032 523 1186 557 hnjusmodi
1205 523 1301 550 incolis
1318 523 1401 549 mittit
1415 523 1507 556 justus
1526 521 1608 556 judex
1627 520 1705 546 adve-

921 577 979 596 nas.
998 568 1044 595 Vis
1061 569 1131 595 scire
1145 575 1269 603 quaenam
1289 568 1345 595 sint
1366 569 1461 594 horum
1477 571 1642 595 advenarum
1658 575 1705 593 no-

921 615 1015 641 mina?
1028 623 1037 639 ι
1061 613 1156 641 Veniat
1172 622 1246 641 mors
1263 621 1345 648 super
1360 614 1432 643 illos,
1453 616 1479 640 et
1496 613 1662 640 descendant
1677 612 1704 639 in

921 660 1057 687 infernum
1069 660 1221 687 viventes.)
1230 660 1354 694 Cumque
1364 659 1454 686 omnia
1469 660 1557 686 tristia
1570 663 1596 686 et
1608 666 1704 693 aspera

920 705 988 740 ipsis
1001 708 1130 733 eventura
1146 704 1372 736 demonstrasset,
1398 704 1489 732 emisit
1506 704 1612 731 dulcem
1630 704 1703 730 illam

919 758 1030 782 vocem,
1048 757 1101 785 qua
1118 753 1145 777 et
1164 750 1299 777 civitatem
1315 749 1389 777 illam
1406 757 1467 777 cum
1489 753 1545 776 tota
1566 757 1615 776 sua
1634 749 1704 776 mul-

919 795 1035 823 titudine
1049 796 1133 822 vicit:
1152 804 1160 821 ι
1179 795 1235 830 Ego
1250 798 1340 822 autem
1362 796 1390 822 in
1409 799 1435 822 te
1452 796 1578 830 sperabo.
1597 804 1606 821 ι
1634 794 1703 822 Tur-

75 838 255 873 πληρώματι,
270 838 392 872 λέγων’(
415 839 486 872 Ἐγὼ
504 839 532 865 δὲ
549 839 634 865 ὲλπιῶ
654 840 699 866 ἐπὶ
716 839 756 866 σέ,
772 850 781 865 ι
796 841 865 875 Πλή-

918 841 979 868 bam
1006 847 1070 867 vero
1097 841 1215 868 civitatis
1247 841 1371 867 nominat
1392 841 1466 867 viros
1493 841 1655 876 sanguinum
1676 847 1703 867 et

76 892 160 920 ρωμα
179 884 207 910 δὲ
222 883 295 918 λέγει
310 885 358 920 τῆς
373 884 474 915 πόλεως
492 885 603 920 ταύτης,
617 885 715 920 ἄνδρας
729 886 864 920 αἱμάτων,

75 929 123 955 καὶ
140 928 300 964 δολιότητος,
314 930 376 960 τοὺς
389 929 463 956 οὐδὲν
475 927 542 962 εἶδος
558 931 677 965 πονηρᾶς
689 931 795 965 ἡμέρας
806 932 867 966 ἡμι-

77 975 218 1006 σεύοντας,
233 975 293 1002 οὐδὲ
305 975 387 1010 ἀτελῆ
404 976 452 1011 τὴν
471 977 601 1012 πονηρίαν
617 976 866 1012 ἐπιδεικνυμένους,

76 1019 136 1046 ἀλλ’
172 1021 201 1046 ἐν
219 1020 258 1055 τῷ
274 1019 351 1055 κακῷ
365 1021 395 1047 τὸ
407 1021 507 1047 τέλειον
521 1021 640 1056 ἔχοντας,
655 1019 690 1047 ὧν
703 1022 809 1049 πάντων
828 1031 867 1049 νι-

76 1065 165 1100 κητὴς
183 1065 285 1100 γίνεται
305 1067 336 1101 τῇ
357 1067 406 1101 μιᾷ
418 1065 503 1102 ταύτῃ
516 1067 602 1100 φωνῇ,
619 1062 649 1092 οὗ
670 1066 719 1100 τὴν
738 1066 805 1100 πρὸς
820 1067 866 1092 τὸν

76 1111 144 1137 Θεὸν
162 1111 329 1146 καταμηνύει
347 1111 476 1144 διάθεσιν,
498 1111 583 1145 λέγων
597 1119 603 1126 ·
620 1121 628 1136 ι
655 1111 725 1145 Ἐγὼ
738 1112 766 1138 δὲ
781 1111 866 1138 ἐλπιῶ

76 1156 124 1183 ἐπὶ
142 1157 181 1183 σέ.
205 1166 214 1182 ι

338 1202 535 1228 ΚΕΦΑΛΔΙΟΝ
556 1203 603 1228 1Δ’.

112 1245 224 1277 Τούτοις
239 1246 358 1273 ἐπελοὼν
377 1248 433 1278 τοῖς
444 1247 576 1282 νοήμασιν
595 1248 609 1273 ό
621 1247 773 1281 φιλόπονος,
787 1247 866 1278 αὐτὸς

77 1291 226 1326 ἀναγνώτω
245 1293 279 1318 τὰ
302 1292 467 1319 θεόπνευστα
487 1293 536 1327 τῆς
560 1292 718 1327 ψαλμῳδίας
745 1292 864 1327 ῥήματα,

77 1338 115 1369 ὡς
128 1339 160 1365 ἂν
174 1339 211 1374 μὴ
225 1339 256 1366 δι’
272 1340 348 1374 ἡμῶν
361 1339 437 1375 ὄχλος
449 1340 634 1375 ἔπεισαχῦείη,
648 1340 685 1374 τῷ
697 1340 785 1366 πάντα
795 1340 865 1366 κατὰ

77 1383 150 1415 λέξιν
178 1383 343 1419 ὲκτιοεμὲνῳ
370 1385 415 1410 καὶ
442 1385 588 1420 μηκύνοντι
611 1386 661 1420 τὴν
689 1386 732 1420 ἐφ’
758 1386 865 1420 ἑκάστῳ

77 1430 193 1465 νοήματι
219 1429 342 1465 θεωρίαν.
362 1431 466 1466 Ὥσπερ
483 1431 512 1457 δὲ
535 1433 559 1458 οἱ
584 1431 632 1467 τὴν
654 1432 780 1467 ἀνωφερῆ
818 1432 865 1458 καὶ

77 1475 258 1510 δυσπόρευτον
285 1475 342 1502 ὁδὸν
368 1477 498 1508 ἀνιόντες,
521 1478 584 1503 ὅταν
611 1477 711 1512 μεταξὺ
731 1478 864 1513 καθέδρας

77 1519 150 1551 τινὸς
166 1521 340 1555 ἐπιτυχόντες
358 1521 388 1547 τὸ
400 1521 466 1548 πολύ
482 1530 510 1547 τε
522 1522 569 1547 καὶ
584 1522 707 1548 σύντονον
717 1522 763 1548 τοῦ
779 1522 863 1548 κόπου

79 1566 279 1598 ἀναπαύσωσιν,
301 1567 380 1593 πάλιν
396 1567 447 1602 τῆς
469 1567 609 1602 δυνάμεως
626 1568 716 1599 αὐτοῖς
739 1568 864 1603 ἀναρρω-

79 1611 199 1646 σθείο-ης,
217 1612 285 1647 πρὸς
299 1613 346 1648 τὴν
359 1613 449 1639 ἄνοδον
463 1613 516 1639 τῶν
531 1614 736 1648 ὑπερκειμένων
755 1614 864 1643 ἑαυτοὺς

80 1658 282 1692 ὲπεγείρουσίν·
310 1658 395 1689 οὕτως
419 1658 464 1684 καὶ
480 1659 494 1685 ὁ
519 1659 568 1694 τῆς
587 1659 686 1693 ἀρετῆς
714 1659 862 1694 ὁδοιπόρος,

79 1699 110 1729 οὗ
123 1702 155 1729 τὰ
166 1703 321 1738 διαδήματα
335 1705 406 1730 νῖκαι
418 1704 487 1730 κατὰ
500 1703 554 1731 τῶν
567 1704 721 1731 ἀντιπάλων
736 1705 813 1736 εἰσὶν,
827 1705 863 1736 ὡς

80 1749 98 1783 ἡ
114 1749 250 1784 ἐπιγραφὴ
263 1748 309 1774 τοῦ
327 1748 507 1784 παρελθόντος
527 1749 703 1784 μαρτύρεται,
718 1752 751 1784 τῇ
767 1758 865 1785 κατορ-

81 1794 162 1821 θώσει
177 1796 210 1829 τῇ
224 1796 285 1830 νίκῃ
298 1795 392 1821 ἑαυτὸν
405 1794 532 1826 τονώσας,
546 1795 626 1822 πάλιν
639 1795 706 1831 πρὸς
719 1796 767 1831 τὴν
785 1796 865 1831 ὑπερ-

80 1841 211 1876 κειμένην
227 1841 401 1867 συντείνεται.
423 1841 552 1877 Μεγάλης
566 1841 620 1877 γὰρ
635 1841 719 1876 οὔσης
742 1841 787 1868 καὶ
798 1842 864 1868 ταύ-

80 1895 130 1920 της
141 1886 190 1920 τῆς
203 1886 331 1919 ἀγωνίας,
339 1884 372 1921 ἦς
382 1887 411 1912 ὲν
424 1886 463 1921 τῷ
472 1886 682 1921 μνημονευθέντι
695 1886 793 1921 ψαλμῷ
804 1895 865 1912 κατ-

81 1933 239 1969 εκράτησεν,
261 1932 359 1966 λύπης,
388 1932 434 1958 καὶ
461 1932 635 1967 ἀδολεσχίας,
660 1933 709 1959 καὶ
731 1932 863 1968 ταραχῆς,

81 1977 179 2013 ἔχθρας
191 1986 220 2004 τε
235 1978 280 2004 καὶ
296 1977 382 2012 ἀκοῆς
393 1985 400 1991 ⁸
417 1976 495 2004 τοῦτο
514 1978 568 2012 γάρ
584 1979 657 2004 ἐστιν
672 1977 775 2013 ήφωνὴ
788 1979 803 2014 ἡ
817 1979 863 2004 τοῦ

81 2023 176 2059 ἐχθροῦ
186 2033 193 2038 ·
204 2025 250 2049 καὶ
261 2023 310 2058 τῆς
322 2025 353 2050 ἐκ
369 2023 421 2049 τῶν
436 2023 604 2059 ἁμαρτωλῶν
619 2023 745 2058 ϐλίψεως,
759 2024 864 2058 καὶτῆς

80 2070 134 2096 τῶν
157 2068 338 2104 ὲγκοτούντων
362 2068 455 2104 ὀργῆς,
477 2069 509 2096 δι’
526 2066 562 2096 ὧν
577 2069 679 2103 γίνεται
705 2070 810 2104 ταραχή
834 2077 864 2095 τε

80 2115 206 2148 διανοίας,
215 2116 261 2142 καὶ
269 2115 352 2141 δειλία
361 2115 485 2147 Θανάτου,
493 2115 540 2141 καὶ
547 2115 637 2149 φόϐος,
644 2115 689 2141 καὶ
699 2115 808 2150 τρόμος,
819 2115 865 2141 καὶ

83 2162 191 2194 σκότος,
210 2162 256 2189 κα)⁸
274 2161 309 2188 τὰ
328 2161 448 2188 τοιαῦτα.
466 2161 496 2187 '0
514 2161 601 2188 τοίνυν
620 2161 748 2188 τοιούτων
769 2170 798 2187 τε
819 2162 865 2188 καὶ

81 2207 211 2234 τοσούτων
229 2206 369 2242 ὑπερσχὼν
382 2206 545 2239 ἀντιπάλων,
562 2207 591 2233 ἐν
609 2206 648 2242 τῷ
660 2206 752 2242 πτερῷ
764 2207 813 2241 τῆς
827 2207 865 2239 ὠς

83 2252 243 2287 περιστερᾶς
257 2251 431 2285 ἐπιφανείσης
442 2250 481 2286 τῷ
495 2251 554 2286 βίῳ,
567 2251 614 2277 καὶ
627 2251 796 2286 μεταναστὰς
811 2251 865 2278 ἀπὸ

82 2297 135 2324 τῶν
149 2298 176 2323 ἐν
190 2298 223 2332 τῇ
240 2296 324 2332 κακίᾳ.
341 2296 554 2331 ὑλομανούντων,
574 2296 620 2323 ἐπὶ
632 2297 681 2331 τὴν
698 2297 800 2332 ἔρημον
816 2296 866 2332 τῆς

83 2343 212 2377 πονηρίας
225 2342 279 2368 τῶν
292 2343 418 2375 ζιζανίων
437 2342 564 2378 βλάστης,
582 2342 611 2369 ὲν
627 2339 649 2376 ᾧ
668 2342 771 2376 γίνεται
785 2343 802 2378 ὴ
818 2351 866 2369 κα-

83 2388 223 2420 τάπαυσις,
249 2387 288 2422 τῷ
313 2388 389 2414 πόλιν
412 2387 477 2423 ὅλην
503 2387 556 2414 τῶν
577 2387 771 2422 ἀντικειμένων
792 2387 866 2423 αύτῷ

84 2433 242 2468 πληρώματι
262 2434 317 2459 τῶν
333 2434 512 2460 ἐποικούντων
531 2433 649 2468 νικῆσαι,
664 2430 698 2469 ἦς
715 2434 865 2469 οἰκήτορες,

84 2480 189 2515 ἀνομία,
203 2479 250 2507 καὶ
261 2479 353 2511 κόπος,
364 2481 410 2506 καὶ
424 2479 571 2514 ἀντιλογία,
587 2479 666 2511 τόκος
681 2487 721 2511 τε,
732 2480 779 2505 καὶ⁸
793 2479 868 2511 δόλος

85 2526 130 2552 καὶ
146 2525 268 2559 θᾶνατος,
289 2526 336 2552 καὶ
353 2525 425 2560 ζωῆς
446 2526 485 2556 εἰς
503 2525 568 2561 ᾅδου
583 2525 733 2557 κατάὃασις
745 2532 751 2539 ·
777 2525 823 2551 καὶ
837 2525 867 2551 τὸ

69 2572 190 2598 -πὰντων
216 2572 344 2598 κάκιστον
370 2571 457 2605 γένος,
486 2571 539 2597 τῶν
564 2571 608 2597 ἀεὶ
634 2571 830 2597 κατοικούντων
849 2571 866 2606 ἡ

85 2617 235 2652 ὑπόκρισις,
253 2618 316 2653 ὴτῇ
332 2616 441 2649 ἐνδείξει
459 2617 509 2652 τῆς
522 2616 673 2652 όμοψυχίας
693 2617 742 2652 τὴν
761 2617 870 2644 ἐπιϐου-

85 2662 131 2698 λὴν
144 2663 300 2698 ὲνεργοῦσα.
312 2663 368 2694 Ἦς
383 2663 513 2698 κρείττων
526 2663 628 2696 γίνεται
643 2664 657 2689 ὁ
675 2664 756 2689 παντὶ
769 2663 807 2698 τῷ
820 2663 869 2697 τῆς

88 2707 150 2740 ιδίας
167 2708 238 2743 ζωῆς
249 2710 338 2744 χρόνῳ
351 2709 577 2744 συμπαρατείνων
591 2708 639 2744 τὴν
651 2710 690 2740 είς
697 2709 727 2735 τὺ
735 2708 811 2736 Θεῖον
825 2717 868 2734 πε-

87 2754 218 2788 ποίθησιν.
236 2753 369 2789 Ἑσπέραν
380 2754 433 2789 γὰρ
445 2754 491 2780 καὶ
504 2755 621 2789 πρωῖαν,
635 2754 681 2780 καὶ
697 2754 867 2789 μεσημϐρίαν

87 2799 177 2830 εἰπὼν,
194 2799 253 2826 ὅλον
279 2799 475 2835 περιλαμϐάνει
495 2799 524 2826 τὸ
540 2800 690 2835 ἡμερήσιον
718 2799 824 2835 μέτρον,
840 2800 867 2825 ἓν

917 885 1081 918 dolositatis,
1092 885 1138 920 qui
1156 885 1256 912 nullam
1272 885 1389 920 speciem
1403 885 1468 912 mali
1479 885 1532 912 diei
1548 885 1701 918 dimidiam,

916 939 1005 966 neque
1031 931 1216 966 imperfectam
1240 931 1371 958 malitiam
1395 939 1456 958 esse
1479 930 1590 963 sinunt,
1606 931 1653 958 sed
1675 932 1701 957 in

917 977 1020 1003 malitia
1036 983 1277 1003 omnes-numeros
1292 976 1393 1003 habent
1411 986 1418 1003 :
1440 984 1555 1011 quorum
1579 976 1701 1002 omnium

915 1021 1002 1048 victor
1020 1021 1048 1048 ﬁt
1062 1029 1116 1047 una
1132 1021 1176 1047 illa
1192 1029 1269 1053 voce,
1285 1028 1338 1056 qua
1355 1028 1433 1048 suam
1454 1028 1516 1056 erga
1534 1020 1617 1047 Deum
1635 1020 1702 1047 alle-

916 1066 1032 1093 ctionem
1051 1066 1151 1101 prodit,
1171 1073 1232 1093 cum
1253 1065 1292 1093 ait
1308 1075 1314 1093 :
1339 1075 1348 1092 ι
1368 1065 1424 1101 Ego
1442 1070 1532 1092 autem
1553 1066 1580 1092 in
1599 1070 1624 1092 te
1642 1073 1702 1100 spe-

916 1111 992 1139 rabo.
1014 1120 1023 1136 ι

1212 1203 1326 1231 CAPUT
1340 1202 1411 1230 XIV.

951 1248 1093 1276 Prazdictis
1107 1248 1235 1276 sensibus
1255 1249 1397 1279 insistens,
1415 1248 1571 1284 quicunque
1604 1248 1700 1274 harum

916 1301 1007 1322 rerum
1019 1295 1161 1322 studiosus
1177 1299 1229 1326 est,
1253 1295 1312 1330 ipse
1331 1303 1382 1322 suo
1394 1294 1485 1322 studio
1509 1294 1642 1322 divinitus
1660 1294 1702 1320 in-

916 1341 1018 1376 spirata
1036 1341 1194 1375 psalmodia:
1212 1340 1293 1375 hujus
1323 1341 1405 1368 verba
1434 1345 1595 1375 percurrat:
1627 1348 1662 1367 ne
1685 1348 1701 1366 a

915 1386 995 1414 nobis
1023 1385 1150 1413 confusio
1170 1387 1262 1421 potius
1285 1386 1488 1419 introducatur,
1507 1386 1529 1414 si
1559 1386 1649 1413 omnia
1667 1386 1699 1412 ad

915 1432 1028 1459 verbum
1055 1439 1207 1467 exponam,
1240 1432 1509 1467 disputationemque
1539 1431 1567 1458 in
1605 1433 1701 1466 quovis

916 1484 998 1503 sensu
1018 1476 1125 1511 longius
1153 1476 1321 1511 protraham.
1349 1476 1584 1508 Quemadmodum
1612 1481 1700 1503 autem

916 1522 966 1552 illi.
981 1521 1027 1557 qui
1043 1522 1178 1550 dillicilem
1195 1528 1221 1550 et
1243 1523 1409 1558 praecipitem
1443 1523 1514 1550 viam
1537 1523 1700 1554 ascendunt,

914 1569 936 1596 si
953 1569 1055 1596 interea
1074 1570 1166 1596 sedem
1180 1569 1298 1603 aliquam
1325 1570 1471 1604 reperiant,
1499 1569 1700 1596 contentionem

915 1614 988 1641 illam
1011 1614 1112 1642 laboris
1127 1615 1279 1647 remittunt,
1298 1619 1328 1641 ut
1341 1615 1490 1649 resumptis
1519 1618 1546 1641 et
1564 1615 1701 1648 reparatis

914 1661 1018 1688 viribus
1033 1661 1139 1695 seipsos
1155 1660 1189 1687 ad
1207 1660 1361 1695 superanda
1379 1661 1496 1688 celsiora
1518 1667 1579 1694 qua;
1597 1664 1701 1688 restant

915 1705 1021 1741 fastigia
1038 1706 1158 1733 excitent
1180 1714 1186 1732 :
1205 1705 1244 1733 sic
1268 1710 1296 1733 et
1321 1706 1428 1733 virtutis
1458 1709 1589 1738 sectator,
1620 1703 1709 1740 cujus'

914 1752 1090 1779 ascensiones
1111 1755 1176 1778 sunt
1191 1751 1312 1780 victoria:
1328 1751 1362 1778 ab
1392 1751 1557 1778 adversariis
1589 1752 1699 1782 relatae.

915 1796 1143 1832 quemadmodum
1159 1796 1300 1831 inscriptio
1312 1794 1490 1831 praecedentis
1502 1796 1598 1830 psalmi
1618 1800 1702 1823 testa-

915 1847 969 1875 tur,
984 1843 1130 1877 adeptione
1149 1843 1274 1869 victoria:
1301 1843 1421 1877 seipsum
1442 1842 1621 1874 conﬁrmans,
1639 1850 1700 1868 rur-

915 1896 975 1916 sum
992 1888 1026 1915 ad
1040 1889 1163 1916 altiorem
1178 1892 1205 1915 et
1221 1888 1422 1923 prmclariorem
1433 1887 1595 1922 accingitur.
1605 1887 1700 1922 Magna

915 1933 1024 1968 quidem
1039 1934 1113 1960 lucta
1127 1933 1154 1960 in
1169 1933 1333 1967 praecedenti
1351 1932 1457 1967 psalmo
1477 1931 1613 1967 descripta
1637 1937 1678 1959 est
1692 1953 1699 1961 .

914 1987 947 2006 ex
965 1986 1018 2014 qua
1031 1978 1119 2005 victor
1136 1979 1203 2006 abiit
1215 1988 1224 2005 -:
1241 1978 1324 2011 lucta,
1341 1979 1463 2013 inquam,
1480 1978 1609 2009 tristium,
1625 1985 1700 2005 exer-

916 2025 1065 2056 citationis,
1083 2024 1313 2056 conturbatioais,
1343 2024 1548 2051 inimicitiarum
1579 2028 1606 2050 et
1623 2024 1699 2049 andi-

914 2071 997 2098 tionis
1011 2079 1017 2098 :
1032 2070 1072 2098 sic
1083 2070 1156 2097 enim
1181 2077 1275 2097 vocem
1293 2069 1397 2097 inimici
1415 2070 1599 2106 interpretor:
1612 2072 1638 2095 et
1652 2069 1700 2095 tri-

914 2117 1064 2145 bulationis
1082 2124 1097 2143 a
1113 2116 1303 2151 peccatoribus
1314 2115 1452 2151 profecta,
1463 2121 1490 2142 et
1501 2115 1547 2142 ira:
1562 2114 1701 2149 indignan-

882 2175 903 2201 ι)
917 2163 995 2195 tium,
1014 2162 1115 2198 quibus
1141 2163 1316 2189 concitantur
1332 2161 1450 2188 turbatio
1466 2161 1569 2191 cordis,
1593 2164 1620 2186 et
1647 2160 1701 2186 for-

917 2208 991 2235 mido
1009 2209 1117 2239 mortis,
1134 2212 1162 2235 et
1185 2209 1278 2240 timor,
1306 2211 1332 2234 et
1347 2210 1460 2239 tremor,
1478 2208 1502 2233 et
1523 2205 1653 2236 tenebrae,
1674 2210 1701 2232 et

916 2254 1027 2280 similia.
1042 2253 1094 2286 Qui
1108 2254 1191 2289 igitur
1206 2257 1246 2279 tot
1263 2260 1295 2280 ac
1319 2256 1410 2280 tantos
1435 2251 1573 2286 superavit
1596 2251 1701 2281 hostes.

917 2299 1014 2334 pennis
1033 2299 1094 2333 ejus
1110 2298 1270 2333 assumptis,
1286 2298 1332 2333 qui
1345 2298 1373 2324 in
1386 2298 1477 2333 specie
1493 2298 1626 2326 columbae
1640 2298 1701 2325 vita:

917 2349 1017 2371 nostra:
1033 2344 1168 2378 apparuit,
1187 2344 1210 2371 is
1226 2343 1354 2371 transfert
1370 2351 1431 2370 sese
1442 2343 1477 2370 ab
1491 2343 1526 2370 iis
1550 2343 1596 2377 qui
1622 2343 1702 2370 mali-

917 2390 962 2416 tiae
976 2389 1068 2416 studio
1084 2389 1254 2421 inserviunt,
1269 2389 1297 2416 in
1319 2388 1494 2416 solitudinem
1522 2395 1636 2415 vacuam
1668 2388 1703 2415 ah

917 2434 991 2462 omni
1019 2434 1133 2467 malitia,
1151 2438 1178 2461 et
1198 2434 1353 2470 pernicioso
1381 2434 1550 2461 zizaniorum
1571 2434 1702 2469 germine,

922 2481 968 2508 ubi
991 2481 1098 2516 requies
1117 2480 1279 2515 acquiritur,
1298 2481 1404 2507 devicta
1421 2481 1477 2515 jam
1495 2484 1551 2507 tota
1574 2480 1704 2507 adversa-

918 2528 1022 2555 riorum
1038 2527 1149 2555 civitate
1169 2535 1232 2554 cum
1247 2527 1321 2554 omni
1339 2526 1489 2553 incolarum
1506 2526 1598 2559 turba,
1623 2526 1704 2559 cujus

919 2573 1015 2601 incola:
1047 2577 1112 2600 sunt
1139 2573 1270 2607 iniquitas
1292 2576 1319 2600 et
1348 2572 1435 2603 labor,
1459 2577 1486 2599 et
1507 2571 1702 2601 contradictio.

920 2626 1014 2651 usura,
1026 2623 1052 2646 et
1066 2619 1156 2649 dolus,
1174 2623 1202 2645 et
1215 2626 1301 2650 mors,
1321 2622 1348 2645 et
1364 2617 1516 2644 viventium
1546 2617 1580 2643 ad
1601 2615 1705 2643 inferos

919 2665 1079 2697 descensus,
1104 2669 1130 2691 et
1146 2663 1219 2699 quod
1239 2664 1361 2691 omnium
1378 2664 1512 2690 malorum
1532 2662 1705 2690 teterrimum

919 2718 1004 2744 genus
1033 2713 1091 2741 est,
1120 2709 1271 2736 incolarum
1300 2713 1429 2743 perpetua
1446 2708 1616 2744 hypocrisis,
1643 2713 1704 2741 qua:

918 2755 1006 2790 specie
1024 2754 1178 2782 concordia:
1192 2758 1218 2781 ct
1234 2753 1433 2786 nnanimitatis,
1448 2753 1565 2781 insidias
1579 2751 1702 2783 molitur,

923 2809 975 2836 qua
993 2800 1118 2835 superior
1134 2799 1222 2828 evadit
1241 2801 1296 2832 ille,
1315 2800 1360 2834 qui
1376 2800 1460 2827 totius
1487 2799 1550 2825 vita:
1574 2805 1630 2826 stne
1655 2798 1703 2826 dc-
