1986 3080
313 103 366 131 5'15

932 110 960 138 S.
973 111 1136 139 CREGORII
1155 110 1302 139 NYSSENI

1877 113 1926 142 576

312 172 394 191 cursu
409 172 484 198 spent
501 168 528 191 ct
544 164 671 194 ﬁduciam
688 173 722 194 ex
738 166 792 195 Deo
814 175 977 203 suspensam
1003 169 1091 197 habet.

1144 167 1264 204 (ξι-ταῦτα
1275 170 1358 204 λέγει,
1369 166 1405 197 ὧν
1414 171 1428 196 ο
1438 171 1503 202 Θεὸς
1517 171 1663 199 ἐπακούειν
1673 171 1796 207 ἀνέχεται
1807 179 1814 186 ”
1822 171 1928 206 λυτρού-

312 209 458 244 \'espcram
477 211 548 238 enim
563 216 590 239 et
610 219 699 244 mane,
721 217 748 240 et
765 214 906 241 meridiem
933 215 1093 247 nominans,

311 259 398 282 totum
412 255 540 283 diurnum
569 265 680 285 cursum
712 259 928 293 comprehendit,
962 267 1016 294 quo
1031 261 1094 287 talia

314 304 418 332 narrat,
433 309 494 335 quae
510 301 582 328 Deus
593 302 722 329 exaudire
747 304 877 336 sustinet,
906 304 1042 332 redimens
1067 305 1094 332 in

314 353 379 379 pace
395 346 478 372 vitam
495 347 584 380 abiis,
604 348 650 381 qui
670 347 722 382 ipsi
739 355 836 383 magno
860 356 975 375 numero
997 357 1096 384 appro-

313 391 455 424 pinquant,
472 399 541 426 quos
563 402 572 417 ι
594 393 668 420 viros
697 393 859 428 sanguinum
878 403 888 419 ι
918 393 1050 425 nominat,
1068 398 1095 422 et

315 446 323 460 ‹
344 436 453 463 dolosos
469 442 496 463 et
510 437 537 463 in
553 438 655 464 malitia
671 441 888 465 consummatos.
907 447 917 464 ι
930 437 997 464 Cum
1013 439 1095 474 igitur

313 480 410 508 ﬁducia
432 481 458 508 in
479 481 561 508 Deum
578 486 617 509 tot
634 490 666 509 ac
688 486 780 510 tantos
792 483 887 510 hostes
914 483 1093 516 debellasset,

313 534 409 554 rursus
424 527 501 561 quasi
515 527 645 554 oblivioni
663 528 803 562 prioribus
818 528 958 556 laboribus
975 529 1093 561 traditis,

313 571 339 597 in
354 571 497 599 validiores
515 572 740 606 robustioresque
755 572 943 607 antagouistas
964 573 1092 608 insurgit.

312 616 381 644 Vide
396 617 478 649 cnim,
494 625 562 652 quos
579 617 630 644 sibi
649 617 757 644 labores
772 625 820 652 per
834 619 982 645 certamina
997 626 1095 654 propo-

313 667 376 689 nat:
397 672 405 687 I
421 662 474 689 Pro
487 663 598 697 populo,
616 672 624 687 ι
637 663 767 697 inquit",
785 672 794 688 ι
813 663 887 697 quia
901 664 1005 691 sanctis
1017 664 1095 699 longe

313 708 401 734 iactus
421 712 472 734 est.
490 717 499 733 ι
523 708 643 742 Populus
665 709 716 736 iste
730 713 773 736 est
799 712 854 735 tota
871 709 1009 736 hominum
1025 710 1095 736 mul-

311 754 411 784 titudo,
425 760 507 787 quam
528 754 664 788 separatio
687 760 702 779 a
723 754 825 780 sanctis
843 753 978 781 mandatis
993 754 1094 788 ingenti

311 798 427 832 quodam
443 802 470 826 et
488 799 594 825 inﬁnito
616 799 759 826 intervallo
773 805 787 824 a
805 798 861 825 Deo
875 799 1003 833 sejunxit.
1016 798 1094 826 Hunc

310 851 375 878 ergo
390 844 518 878 populum
534 849 645 871 revocat
659 851 706 878 per
721 844 863 871 victoriam
880 844 913 870 ab
936 844 1094 872 adversario
1110 834 1130 861 Β

282 911 289 915 .
310 890 432 921 relatam,
449 890 590 924 proposita
609 890 634 916 in
658 890 798 924 praemium
824 891 1005 917 certaminum
1035 891 1092 926 ipsa

311 934 479 968 perditorum
495 935 592 968 salute,
607 935 686 968 cuius
699 935 787 970 gratia
800 936 827 962 in
843 935 971 962 columna
985 943 1094 970 quoque

310 980 434 1006 insrribit
449 981 607 1014 praeclarum
633 981 684 1007 hoc
702 980 818 1011 facinus,
837 980 974 1015 scriptura
991 980 1093 1008 indele-

310 1025 367 1056 ΙιὶΙί,
387 1026 503 1052 durante
518 1026 544 1052 in
565 1033 645 1052 omne
669 1033 755 1052 aevum
773 1033 864 1053 rerum
881 1030 1017 1060 gestarum
1038 1034 1092 1054 nte-

309 1072 404 1097 moria.
422 1070 526 1106 Obtigit
541 1072 624 1106 igitur
641 1070 735 1098 Davidi
760 1071 876 1098 victoria
893 1072 920 1098 in
941 1072 1023 1104 tituli,
1043 1079 1092 1100 seu

308 1117 441 1143 columna-3
468 1117 655 1151 inscriptione,
678 1125 687 1142 ί
716 1115 841 1149 Quando,
862 1126 872 1142 ι
896 1117 996 1152 inquit,
1024 1127 1034 1143 ι
1053 1122 1092 1145 tc-

308 1167 427 1189 nucrunt
446 1169 508 1189 eum
537 1162 674 1197 Allophyli
694 1163 721 1189 in
746 1161 826 1190 Geth.
850 1172 860 1188 )
890 1162 929 1190 Ne
952 1170 1017 1190 vero
1041 1171 1091 1191 nos

309 1211 451 1242 praetereat
468 1215 568 1235 sensus
584 1207 742 1242 subjectus,
760 1212 786 1234 et
805 1207 884 1242 quasi
909 1208 1031 1236 intextus
1050 1209 1091 1236 hi-
1110 1221 1115 1224 ο

308 1255 400 1281 storias
414 1253 574 1284 involucris,
594 1253 667 1280 facto
683 1253 774 1280 verbis
803 1254 976 1288 compendio,
996 1255 1090 1289 paucis

308 1299 526 1326 commemorabo
541 1298 683 1325 historiam
695 1299 728 1324 νο.
745 1298 847 1325 Invidia
860 1299 993 1327 adversus
1011 1299 1090 1326 Davi-

308 1345 369 1371 ticm
388 1344 524 1371 invaserat
538 1344 711 1379 tyrannicutn
728 1343 836 1371 Saulem
850 1345 885 1372 ob
901 1345 1039 1372 victoriam
1056 1346 1090 1373 de

309 1393 444 1424 prostrato
454 1388 562 1416 Goliath
580 1393 758 1424 reportatam,
776 1391 905 1425 quodque
918 1391 1032 1418 victoria
1044 1392 1089 1418 illa

308 1443 356 1469 per
374 1435 484 1468 choros,
496 1435 616 1462 omnittm
634 1435 777 1470 applausu,
793 1436 986 1463 celebraretur.
1000 1437 1089 1469 Quare

309 1481 373 1507 Saul
393 1481 468 1507 omni
484 1480 585 1511 studio,
610 1480 678 1508 clam
693 1484 721 1508 et
734 1481 833 1515 palam,
852 1482 991 1509 interitum
1009 1483 1032 1509 ei
1049 1482 1089 1509 εί·-
1103 1493 1126 1525 C

307 1526 379 1552 ferre
392 1526 611 1557 machinabatur,
626 1534 698 1553 nunc
713 1527 822 1561 quidem
842 1529 949 1555 occulte
977 1529 1090 1556 structis

308 1570 426 1601 i::sidiis,
443 1577 540 1597 rursus
563 1575 655 1605 aperte
673 1572 755 1600 armis
785 1572 813 1598 in
843 1572 918 1598 illum
944 1573 1088 1607 correptis,

307 1615 476 1649 subditisque
494 1620 588 1642 contra
608 1617 682 1642 illum
699 1617 856 1645 concitatis.
870 1618 906 1644 At
921 1626 983 1645 cum
1005 1620 1089 1647 variis

307 1660 454 1694 multisque
470 1660 557 1687 modis
575 1661 659 1688 David
675 1668 689 1687 a
712 1662 793 1689 Saule
807 1663 962 1697 exagitatus
980 1669 1007 1691 et
1029 1668 1089 1692 ten-

308 1709 380 1732 tatus
393 1709 475 1737 esset,
497 1706 607 1733 tandem
633 1707 665 1733 ad
686 1707 810 1735 Gethasos
831 1709 979 1743 profectus,
1005 1718 1087 1737 unam

306 1758 339 1776 ex
353 1750 510 1778 civitatibus
531 1752 745 1786 alienigenarum
770 1753 915 1785 incolebat,
945 1759 1042 1789 sponte
1063 1756 1089 1783 ei

308 1794 333 1820 id
346 1794 399 1822 illis
414 1795 638 1829 concedentibus,
654 1797 680 1823 in
694 1804 747 1831 qua
763 1805 816 1824 una
831 1805 892 1824 cum
910 1799 992 1826 sociis
1006 1799 1088 1834 dege-

307 1840 363 1871 bat,
382 1841 488 1868 duabus
511 1841 625 1875 junctus
651 1843 778 1877 legitimis
805 1843 948 1876 uxoribus,
971 1852 1087 1878 quarunt

306 1884 415 1919 quidem
433 1885 478 1912 illa
494 1885 625 1914 lsraelitis
640 1891 709 1918 erat,
725 1887 770 1914 illa
784 1895 848 1915 vero
860 1889 979 1923 potentis
993 1891 1087 1925 cujus-

305 1931 366 1957 dam
381 1931 409 1958 in
425 1931 550 1959 Carmelo
565 1933 665 1967 conjux
699 1932 798 1966 fuerat,
818 1941 874 1968 quo
887 1940 1006 1969 mortuo,
1036 1937 1089 1964 Da—

305 1977 361 2003 vidi
377 1981 517 2012 nupserat.
537 1978 599 2005 llaec
614 1979 736 2006 historiae
750 1979 836 2007 series
849 1980 981 2009 continet.

340 2023 416 2055 Quod
432 2024 513 2058 igitur
541 2024 668 2051 detentus
694 2029 736 2052 est
751 2024 821 2059 apud
851 2025 1028 2061 alienigenas,
1059 2027 1087 2055 id

305 2075 358 2094 nou
372 2072 414 2096 est
431 2073 601 2103 argumento,
617 2069 704 2104 ipsum
728 2070 762 2097 ab
781 2070 953 2104 improbitate
967 2079 1085 2107 occupa-

307 2117 361 2139 ttun
379 2118 406 2140 et
418 2113 555 2140 detentum
570 2114 675 2147 fuisse;
691 2122 744 2142 non
760 2115 832 2143 enim
853 2117 906 2143 tale
924 2118 990 2152 quid
1012 2119 1085 2145 acci-

1147 225 1226 252 μενος
1238 216 1281 243 διὰ
1294 216 1407 252 εἰρήνης
1419 217 1468 252 τὴν
1479 217 1551 253 ζωὴν
1566 218 1620 245 ἀπὸ
1633 218 1687 245 τῶν
1699 217 1771 244 οὕτω
1787 225 1928 253 προσεγγί-

1146 262 1246 294 ζόντων
1261 261 1336 297 αὐτῷ
1354 263 1383 289 ἐν
1399 263 1489 298 πολλῷ
1510 263 1549 298 τῷ
1567 265 1729 299 συστήματι,
1746 263 1793 295 οὒς
1809 273 1818 290 t
1836 263 1928 298 ἄνδρας

1146 308 1270 343 αῑμάτων
1290 319 1298 334 ι
1315 308 1455 344 ὀνομάζει,
1469 309 1517 336 καὶ
1536 318 1544 335 t
1565 310 1729 344 δολιότητος,
1746 309 1792 336 καὶ
1811 309 1838 336 ἐν
1852 309 1929 344 κακίᾳ

1144 354 1276 386 τελείους.
1289 364 1298 380 ι
1310 354 1452 382 Τοσούτων
1462 355 1605 381 τοίνυνκαὶ
1612 354 1739 381 τοιούτων
1747 355 1790 382 διὰ
1802 355 1847 381 τοῦ
1858 355 1925 381 ἐλπί-

1145 395 1200 427 ζειν
1218 397 1264 423 ἐπὶ
1278 397 1322 423 τὴν
1337 397 1404 423 Θεὸν
1418 397 1637 431 κατακρατήσας,
1655 396 1745 428 πάλιν,
1758 395 1849 431 ὥσπερ
1867 395 1923 422 τινὰ

1144 441 1229 476 λήθην
1252 441 1307 468 τῶν
1332 441 1514 475 δεικνυμένων
1539 441 1721 476 ποιησάμενος
1750 441 1847 470 πόνων,
1871 442 1923 472 τοῖς

1146 486 1328 522 ἰσχυροτέροις
1346 495 1376 512 τε
1391 487 1437 512 καὶ
1450 486 1569 521 μείζοσιν
1583 486 1636 512 τῶν
1657 484 1860 519 ἀνταγωνιστῶν
1882 485 1924 510 ἑπ-

1144 531 1289 566 εγείρεται.
1312 531 1376 558 Ἰδοὺ
1393 531 1446 566 γὰρ
1464 529 1518 558 οἷον
1532 531 1611 557 πόνον
1624 530 1711 565 ἐαυτῷ
1725 530 1768 556 διὰ
1790 529 1844 556 τῶν
1858 528 1925 562 ἀγώ-

1144 584 1197 603 νων
1212 575 1403 611 προστίθησιν·
1424 587 1432 601 ι
1449 575 1537 609 ’Υπὲρ
1546 575 1590 601 τοῦ
1611 575 1689 605 λαοῦ,
1712 584 1720 600 ι
1746 575 1837 609 φησὶν,
1853 584 1862 600 ι
1880 573 1924 600 τοῦ

1143 621 1197 647 ἀπὸ
1211 621 1265 647 τῶν
1280 621 1364 655 ἁγίων
1384 621 1628 656 μεμακρυμμένου,
1651 629 1661 646 ι
1686 619 1714 647 '0
1726 620 1754 646 δὲ
1768 620 1830 651 λαὸς
1841 615 1923 651 οὗτος,

1144 664 1217 691 ἅπαν
1237 665 1310 694 ἐστὶν
1332 665 1361 691 τὸ
1375 665 1544 700 ἀνθρώπινον
1568 665 1714 700 πλήρωμα,
1729 665 1796 700 ὅπερ
1810 665 1823 691 ὸ
1848 672 1925 700 χωρι-

1145 709 1212 743 σμὸς
1226 708 1280 735 τῶν
1298 709 1382 743 ἁγίων
1404 709 1516 736 ἐντολῶν
1533 709 1620 744 πολλῷ
1633 718 1686 735 τινι
1705 709 1752 736 καὶ
1771 709 1874 744 ἀπείρῳ
1888 709 1925 744 τῷ

1146 754 1246 789 μεταξὺ
1260 755 1422 790 διαστήματι
1434 755 1481 782 τοῦ
1491 755 1558 781 Θεοῦ
1571 755 1737 790 διετείχισεν.
1754 755 1852 782 Τοῦτον
1863 756 1925 782 ἁνα-

1145 800 1266 826 καλεῖται
1279 800 1323 827 διὰ
1340 801 1390 835 τῆς
1404 801 1471 836 πρὸς
1486 801 1532 827 τὸν
1550 801 1693 827 ἀντίπαλον
1713 801 1801 835 νίκης,
1814 800 1924 827 ἔπαθλον

1144 845 1198 871 τῶν
1217 845 1329 879 ἀγώνων
1347 845 1395 881 τὴν
1414 846 1467 873 τῶν
1482 846 1656 873 ἀπολωλότων
1681 846 1814 880 σωτηρίαν
1839 846 1925 872 ποιού-

1146 899 1234 925 μενος,
1248 887 1279 917 οὗ
1298 891 1376 926 χάριν
1388 891 1434 917 καὶ
1447 891 1661 926 ὲνστηλιτεύεται
1679 892 1707 918 τὸ
1724 892 1883 927 κατόρθωμα
1897 894 1924 918 ἐν

1144 934 1327 969 ἁνεξαλείπτῳ
1350 937 1441 970 γραφῇ
1467 935 1670 971 διαιωνιζούσης
1697 937 1751 962 τῶν
1780 938 1926 971 γεγονότων

1143 980 1192 1015 τῆς
1209 981 1327 1015 μνήμης.
1344 981 1449 1007 Γίνεται
1463 979 1509 1008 οὖν
1523 982 1540 1016 ὴ
1556 981 1615 1016 νίκη
1630 981 1669 1017 τῷ
1683 982 1764 1008 Δαϐιὸ
1779 984 1818 1014 είς
1834 983 1925 1016 στηλο-

1144 1026 1272 1060 γραφίαν,
1292 1034 1300 1050 t
1318 1025 1445 1059 ’οπότε,ι
1468 1028 1561 1062 φησὶν,
1581 1037 1590 1052 ι
1617 1027 1771 1063 ἐκράτησαν
1796 1028 1874 1054 αὑτὸν
1900 1029 1923 1056 οἱ

1150 1071 1302 1105 Ἀλλόφυλοι
1316 1073 1344 1097 ἐν
1359 1072 1419 1099 reo.
1440 1083 1450 1098 ι
1473 1073 1516 1104 Ὠς
1531 1073 1553 1099 δ’
1570 1073 1602 1100 ἂν
1617 1074 1654 1108 μὴ
1674 1073 1839 1110 παραδράμῃ
1855 1076 1924 1109 ἡμᾶς

1142 1117 1160 1151 ἡ
1174 1116 1217 1143 διὰ
1231 1117 1284 1143 τῶν
1303 1118 1470 1152 αἰνιγμάτων
1484 1118 1533 1152 τῆς
1553 1118 1671 1154 ἱστορίας
1692 1119 1856 1155 ὑφαινομένη
1870 1120 1924 1146 διά-

1142 1171 1201 1190 νοια
1223 1164 1261 1198 τῷ
1284 1163 1363 1199 λόγῳ,
1385 1164 1538 1198 συντέμνων
1559 1164 1591 1190 δι¹
1615 1164 1704 1198 ὀλίγου
1725 1165 1924 1200 ἐπιδραμοῦμαι

1142 1209 1191 1242 τὴν
1207 1209 1335 1244 ἱστορίαν.
1355 1209 1452 1240 ΦΘόνος
1468 1209 1574 1243 ἑνεφύει
1589 1210 1658 1236 κατά
1670 1209 1716 1236 τοῦ
1732 1210 1812 1236 Δαϐὶδ
1827 1210 1864 1245 τῷ
1879 1219 1924 1236 τυ-

1143 1254 1259 1288 ραννικῴ
1275 1254 1361 1280 Σαοὺλ
1381 1255 1426 1280 ἐπὶ
1442 1255 1474 1290 τῇ
1492 1255 1553 1290 νίκῃ
1570 1255 1616 1281 τοῦ
1632 1254 1736 1287 Γολιὰο,
1753 1255 1782 1282 ὲν
1799 1257 1831 1290 τῇ
1844 1256 1926 1290 εὐφη-

1144 1299 1193 1334 μίᾳ
1208 1299 1262 1326 τῶν
1284 1299 1327 1326 διὰ
1352 1300 1459 1334 χορείας
1484 1301 1702 1336 φαιδρυνομένων
1727 1303 1760 1336 τῇ
1785 1301 1861 1336 νίκῃ·
1879 1301 1926 1327 καὶ

1142 1346 1244 1377 πάσαις
1264 1346 1396 1378 ἐπινοίαις
1410 1346 1495 1381 λάθρα
1511 1355 1540 1373 τε
1559 1347 1604 1373 καὶ
1619 1347 1651 1373 ἐκ
1668 1346 1714 1372 τοῦ
1730 1346 1861 1381 προδήλου
1882 1346 1925 1372 τὸν

1142 1392 1201 1416 κατ’
1218 1391 1299 1418 αὑτοῦ
1313 1391 1391 1426 φόνον
1413 1393 1427 1418 ὁ
1444 1392 1531 1418 Σαοὺλ
1553 1391 1709 1427 ἐξηρτύετο.
1725 1391 1782 1418 Νῦν
1799 1391 1845 1427 μὲν
1860 1391 1926 1427 κρύ-

1142 1435 1208 1470 ϐδην
1221 1435 1270 1467 τὰς
1292 1435 1435 1468 ἐπιϐουλὰς
1459 1437 1632 1469 συσκευάζων
1644 1445 1650 1451 ·
1672 1434 1749 1467 αὖθις
1765 1436 1793 1462 δὲ
1818 1435 1861 1462 διὰ
1876 1435 1923 1462 τοῦ

1142 1481 1274 1515 προδήλου
1289 1481 1342 1508 τῶν
1362 1481 1451 1508 ὃπλων
1468 1482 1628 1516 ἁπτόμενος,
1649 1482 1694 1509 καὶ
1716 1481 1852 1516 συγκικῶν
1865 1482 1925 1508 κατ’

1144 1525 1226 1552 αὐτοῦ
1241 1525 1272 1551 τὸ
1285 1525 1412 1561 ὑπήκοον.
1426 1526 1529 1561 Πολλῆς
1543 1527 1571 1552 δὲ
1585 1526 1712 1557 πολλάκις
1727 1526 1926 1561 προσαχθείσης

1143 1571 1240 1606 πείρας
1261 1571 1336 1606 παρὰ
1354 1571 1400 1597 τοῦ
1420 1572 1505 1599 Σαοὺλ
1519 1572 1557 1607 τῷ
1579 1572 1670 1603 Δαεὶδ,
1687 1572 1761 1603 τέλος
1781 1571 1856 1607 παρὰ
1869 1572 1926 1602 τοῖς

1143 1617 1264 1647 Γεθαίοις
1289 1617 1441 1652 γενόμενος,
1459 1618 1535 1644 πόλιν
1562 1618 1667 1653 ᾤκησεν
1692 1618 1745 1644 τῶν
1771 1617 1927 1651 ἀλλοφύλων

1144 1660 1218 1695 μίαν,
1239 1660 1367 1692 ἑκουσίως
1391 1662 1648 1697 παραχωρησάντων
1671 1662 1758 1697 αὐτῷ,
1777 1664 1806 1688 ἐν
1823 1659 1840 1699 ᾗ
1857 1662 1927 1697 μετὰ

1142 1707 1195 1733 τῶν
1210 1707 1398 1734 συνασπιστῶν
1410 1706 1454 1743 ἦν,
1467 1707 1513 1734 δύο
1527 1708 1651 1743 νομίμοις
1664 1709 1769 1742 γυναιξὶ
1782 1709 1926 1741 συνοικῶν,

1142 1747 1179 1777 ὧν
1196 1752 1213 1786 ὴ
1229 1752 1277 1786 μὲν
1290 1750 1324 1788 ἦν
1344 1752 1513 1787 Ἰσραηλίτις,
1531 1754 1547 1788 ή
1562 1753 1590 1780 δὲ
1605 1753 1658 1779 τῶν
1670 1754 1739 1780 κατὰ
1754 1754 1798 1780 τὸν
1815 1755 1928 1790 Κάρμι-

1141 1797 1186 1823 λόν
1200 1806 1272 1830 τινος
1293 1798 1505 1824 δυναστευόντων
1519 1799 1648 1834 γενομένη
1663 1799 1741 1834 γυνὴ,
1761 1800 1829 1834 μετὰ
1844 1799 1928 1826 θάνα-

1141 1851 1186 1868 τον
1201 1843 1304 1870 ἐκείνου
1327 1844 1365 1879 τῷ
1383 1844 1463 1871 ama
1480 1846 1670 1880 συνοικήσασα.
1692 1843 1782 1872 Ταῦτα
1805 1846 1928 1880 περιέχει

1143 1888 1159 1923 ἡ
1173 1889 1286 1924 ἱστορία.

1175 2023 1212 2049 Τὸ
1227 2023 1315 2049 τοίνυν
1336 2024 1521 2058 κεκρατῆσθαι
1537 2024 1618 2051 αὐτὸν
1635 2025 1664 2051 ὲν
1680 2026 1735 2057 τοῖς
1755 2025 1928 2059 ἀλλοφύλοις,

1139 2069 1170 2094 οὐ
1186 2069 1235 2104 τὴν
1250 2069 1296 2095 ἐπὶ
1308 2069 1385 2104 κακῷ
1396 2070 1544 2105 γενομένην
1558 2070 1687 2105 σύλληψιν
1703 2071 1764 2106 περὶ
1779 2070 1860 2097 αὐτοῦ
1871 2071 1930 2098 δια-

1140 2115 1281 2150 σημαίνει·
1297 2115 1327 2141 οὐ
1351 2114 1404 2150 γὰρ
1421 2115 1508 2147 οὕτως
1522 2116 1646 2150 ἐγένετο·
1664 2116 1731 2143 ἀλλὰ
1747 2117 1795 2151 τὴν
1814 2117 1929 2151 ἀγαπη-

304 2158 413 2190 dil;sed
434 2158 537 2186 indicat
560 2160 665 2193 plenam
681 2161 826 2195 quamdam
852 2169 944 2189 amore
963 2163 1087 2191 lmmani—

1142 2160 1217 2196 τικὴν
1230 2161 1425 2197 φιλοφροσύνην
1436 2170 1465 2188 τε
1480 2161 1527 2188 καὶ
1539 2162 1666 2190 διάθεσιν.
1685 2163 1735 2189 Τὸν
1749 2162 1801 2198 γὰρ
1822 2163 1854 2188 ἐκ
1876 2164 1929 2198 τῆς

303 2208 385 2231 ῑιιιειη
402 2209 429 2231 et
443 2204 623 2237 aﬁ‘ectionenr,
640 2213 693 2240 qua
713 2206 868 2241 alienigena!
887 2215 950 2235 eum
965 2209 1084 2244 complc-

303 2250 459 2277 ctebantur.
477 2250 544 2277 Nam
568 2259 648 2285 quem
672 2259 704 2279 ex
720 2252 841 2286 paternis
862 2253 973 2281 sedibus
999 2254 1086 2288 ejece-

305 2299 379 2327 runt,
395 2296 466 2322 hunc
479 2295 583 2323 Gethaai
598 2297 655 2324 suis
671 2297 697 2323 in
716 2296 826 2324 sedibus
846 2298 991 2326 collocant.
1015 2299 1086 2332 Quid

304 2341 384 2374 igitur
399 2341 451 2368 iste
467 2341 562 2372 David,
579 2341 651 2368 ﬁlius
662 2341 749 2374 Jesse,
764 2342 844 2370 homo
859 2351 891 2370 ex
907 2344 1064 2373 hominibus
1077 2365 1085 2377 ,

302 2385 370 2412 adeo
387 2386 503 2420 propriis
515 2386 710 2414 certaminibus
731 2386 830 2418 eﬁ‘eeit,
849 2391 878 2414 ut
893 2392 976 2415 totam
1003 2396 1085 2417 natu-

302 2438 359 2457 ram
375 2431 529 2462 humanam,
555 2432 771 2466 transgressione
798 2432 953 2460 divinorum
971 2435 1084 2462 manda-

303 2481 402 2508 torum,
418 2483 433 2502 a
450 2475 504 2504 Deo
524 2477 632 2512 longius
659 2477 794 2508 abactam,
821 2485 975 2512 revocasse,
1003 2481 1083 2516 eique

301 2521 372 2548 tituli
388 2529 435 2549 seu
451 2523 584 2550 columnae
600 2523 738 2557 inscriptas
753 2524 894 2558 aenigmata
923 2526 1081 2560 nuntiasse,

302 2566 443 2601 praedicari
459 2568 567 2602 possit?
583 2567 790 2604 lnscriptioncm
809 2577 874 2596 vero
892 2571 1035 2604 columnm,
1058 2573 1082 2600 si

299 2613 363 2646 quis
375 2612 508 2641 divinitus
523 2613 684 2649 inspiratam
709 2613 879 2649 Scripturam
895 2617 1026 2650 nominet,
1057 2620 1080 2646 is

300 2658 412 2685 minimc
425 2658 600 2687 aberraverit.
618 2660 660 2687 An
680 2660 751 2688 forte
763 2668 796 2688 ex
813 2661 870 2695 ipsa
888 2662 1008 2692 historiae
1021 2673 1081 2692 nar-

299 2703 407 2731 ratione
431 2704 526 2739 liquet,
543 2706 624 2733 talem
645 2710 806 2741 tantumquc
820 2708 913 2739 fuisse,
927 2710 983 2744 ‘qui
1005 2715 1081 2738 extra

353 2792 373 2810 ’⁷
391 2791 465 2820 Psal.
479 2799 522 2824 LV,
544 2792 568 2820 l.
607 2793 653 2819 νισι
673 2792 738 2829 Reg.
756 2802 810 2827 nt,
837 2795 879 2822 12.

1138 2205 1267 2241 πατρῴας
1290 2207 1342 2242 γῆς
1362 2207 1538 2242 ἐλαυνόμενον
1558 2208 1582 2233 οἰ
1607 2207 1711 2234 Γεθαῖοι
1738 2209 1803 2244 παρ’
1817 2209 1930 2240 ἑαυτοῖς

1139 2252 1348 2284 κατοικίζουσιν.
1362 2253 1394 2280 Τί
1417 2252 1461 2280 οὖν
1474 2254 1528 2289 ἄρα
1542 2251 1617 2285 οὗτος
1635 2255 1648 2281 ὁ
1661 2254 1707 2280 τοῦ
1728 2253 1810 2281 ’ῐεσσὲ
1830 2255 1928 2286 Δαὸὶδ,

1138 2300 1153 2326 ὀ
1169 2299 1198 2331 ἐξ
1214 2299 1363 2335 ἀνθρώπων
1375 2299 1526 2335 ἄνθρωπος,
1539 2299 1663 2326 τοσοῦτον
1678 2301 1732 2332 τοῖς
1747 2300 1819 2332 ίδίοις
1834 2301 1930 2332 ἄθλοις

1140 2345 1330 2380 κατώρθωσεν,
1353 2345 1391 2376 ὡς
1407 2345 1496 2371 πᾶσαν
1517 2344 1566 2380 τὴν
1587 2344 1759 2380 ἀνθρωπίνην
1784 2346 1864 2380 φύσιν
1882 2347 1929 2374 διὰ

1137 2391 1187 2426 τῆς
1209 2391 1263 2417 τῶν
1280 2391 1364 2424 ἁγίων
1382 2390 1495 2417 ὲντολῶν
1520 2390 1701 2425 παραϐάσεως
1723 2392 1930 2427 μακρυνθεῖσαν

1138 2437 1191 2463 ἀπὸ
1206 2437 1253 2463 τοῦ
1264 2436 1340 2469 Θεοῦ,
1357 2436 1438 2462 πάλιν
1456 2436 1685 2469 ἀνακαλέσασθαι,
1703 2437 1822 2472 κάκείνῳ
1839 2438 1930 2473 μηνύ-

1140 2491 1184 2509 aut
1197 2483 1232 2509 τὰ
1247 2482 1297 2517 τῆς
1318 2481 1516 2516 στηλογραφίας
1535 2482 1696 2517 αἰνίγματα;
1720 2482 1930 2517 στηλογραςρίαν

1138 2528 1166 2555 δέ
1181 2537 1223 2559 τις
1235 2528 1283 2562 τὴν
1300 2527 1475 2553 θεόπνευστον
1486 2526 1596 2562 Γραφὴν
1609 2527 1746 2561 ὀνομάζων
1760 2527 1809 2561 οὐχ
1830 2527 1930 2562 ἁμαρ-

1135 2575 1255 2610 τήσεται.
1272 2573 1308 2600 Ἢ
1331 2572 1408 2608 δῆλόν
1428 2573 1485 2598 ἐστι
1510 2572 1554 2598 διὰ
1574 2571 1623 2606 τῆς
1651 2573 1720 2598 κατὰ
1736 2571 1783 2607 τὴν
1800 2573 1930 2607 ἱστορίαν

1136 2619 1327 2654 συμφράσεως,
1347 2617 1387 2644 ὅτι
1399 2616 1524 2648 τοσοῦτός
1538 2618 1610 2643 ἐστιν
1626 2618 1640 2642 ὸ
1652 2617 1703 2648 ἔξω
1716 2617 1768 2643 τῶν
1784 2617 1833 2651 τῆς
1853 2618 1926 2644 ἰου-
1949 2657 1951 2659 ι

1135 2665 1211 2695 δαίας
1229 2664 1298 2698 ὅρων
1313 2663 1465 2698 γενόμενος,
1481 2663 1527 2689 καὶ
1547 2662 1621 2688 πόλιν
1641 2662 1669 2687 ἐν
1689 2662 1845 2696 ἀλλοφύλοις
1855 2662 1926 2689 ἐαυ-

1135 2710 1173 2746 τῷ
1193 2709 1356 2742 συνοικίσας,
1377 2710 1424 2736 καὶ
1443 2707 1527 2744 διπλῷ
1549 2707 1801 2743 συναναπαυόμενος
1824 2708 1927 2745 γάμῳ,
