1986 3080
43 120 89 148 577

729 120 762 147 IN
781 120 946 149 PSALlllos.

1609 119 1661 146 578

43 182 86 216 τὴν
104 181 149 216 μὲν
163 180 208 207 τοῦ
229 179 426 216 Ὶσραηλιτικοῢ
440 178 544 214 γένους,
560 179 608 214 τὴν
626 179 654 206 δὲ
670 179 701 205 ἐκ
715 179 768 205 τῶν
785 179 817 206 ἀλ

878 179 979 206 Judazm
990 178 1058 206 ﬁnes
1084 179 1179 214 pulsus
1193 183 1263 211 erat,
1281 179 1381 215 quique
1397 179 1467 208 inter
1491 180 1658 216 alienigenis

42 227 155 259 λοῳὺλων
179 226 218 261 τῷ
237 225 351 260 θαλάμῳ
372 225 599 260 παραδεξάμενος.
619 224 699 250 Ὥστε
721 224 745 250 εί
770 224 822 260 χρὴ

41 272 84 298 τὸν
108 272 168 307 περὶ
195 270 291 298 τούτου
316 271 393 304 λόγον
419 270 588 306 τρανώτερον
616 269 820 304 ἁπογυμνῶσαι,

42 313 113 348 οὗτος
127 316 228 348 ἐκεῖνός
243 317 316 343 ἐστιν
340 317 354 342 6
367 316 480 351 νικητής
497 324 526 341 τε
546 314 612 350 ὁμοῦ
630 315 678 341 καὶ
696 315 819 349 νυμφίος.

42 362 78 388 Δι’
91 359 125 389 ὧν
139 362 187 396 μὲν
210 361 263 397 γὰρ
279 362 483 395 κατηγωνίσατο
501 360 545 386 τὸν
567 360 598 386 16
617 361 715 395 κράτος
728 359 822 394 ἔχοντα

42 408 85 435 τοῦ
99 408 221 440 θανάτου,
237 408 251 433 6
263 407 375 438 δυνατὸς
389 408 417 433 ὲν
433 406 553 441 πολέμῳ,
570 405 616 431 τὸν
633 404 744 440 ἄπειρον
761 404 822 431 τοῦ-

41 462 83 479 ⁴ιον
95 453 164 483 λαὸν,
184 453 229 479 τὸν
244 453 272 478 ἐν
287 452 325 486 τῷ
336 451 386 486 ᾄδῃ
401 450 594 486 κρατούμενον,
611 450 650 480 εἰς
666 449 821 484 ἐλευθερίαν

42 498 161 531 ἐξείλετο.
177 497 230 524 Τοῦ
252 497 279 523 δὲ
304 496 470 532 Ἰσραηλίτου
491 495 554 522 λαοῦ
571 494 661 529 φθόνῳ
678 495 723 521 καὶ
742 494 820 530 ζηλο-

40 545 119 579 τυπίᾳ
133 544 200 579 πρὸς
217 543 261 570 τὸν
281 543 341 569 κατ’
358 542 440 569 αὐτοῦ
461 542 539 576 φόνον
558 542 738 576 ὁρμήσαντος,
754 550 820 576 κρα-

39 591 120 615 τεῖται
135 588 166 614 δι’
177 588 282 620 εὐνοίας
296 587 371 624 παρὰ
384 587 438 614 τῶν
452 587 618 622 ἀλλοφύλων,
633 587 679 613 καὶ
695 587 771 613 πόλιν
791 587 820 612 ὲν

40 636 126 666 αὐτοῖς
145 634 312 669 συνίστησιν,
329 633 378 669 τὴν
397 633 560 668 Ἐκκλησίαν
583 632 665 666 λέγω,
679 632 708 658 ἐν
754 640 820 667 κρα-

39 681 108 707 τύνει
132 681 179 715 τὴν
202 680 298 707 ἑαυτοῦ
325 680 498 714 βασιλείαν,ὁ
520 678 603 706 εἰπὼν
621 680 677 710 τοῖς
702 679 754 705 ὑπὸ
773 678 819 705 τοῦ

40 727 120 755 Σαοὺλ
133 728 317 761 τεταγμένοις,
332 727 383 756 ὃτι,
398 735 406 751 ι
418 725 580 760 ’Λρθήσεται
594 724 639 758 ἀφ’
652 724 728 759 ὑμῶν
741 726 757 759 ἡ
773 724 820 759 βα-

39 773 131 806 σιλεία,
149 774 195 800 καὶ
214 772 355 808 δοθήσεται
372 771 442 797 ἔθνει
468 770 585 797 ποιοῦντι
612 770 674 801 τοὺς
699 769 820 804 καρποὺς

38 818 126 852 αὐτῆς.
141 828 150 843 ι
162 818 207 844 Ἐν
217 816 302 852 ταύτῃ
315 816 399 847 πόλει,
414 816 471 841 ἐστὶ
486 815 534 850 μέν
543 823 567 841 τι
580 814 626 841 καὶ
638 814 685 849 τῆς
694 813 821 848 Ἰσραηλιο

877 225 976 251 iterum
990 223 1080 251 sedem
1098 224 1166 256 ﬁxit,
1179 223 1281 258 duplici
1294 231 1343 259 per
1353 225 1554 252 matrimonium
1563 225 1657 259 juncta

876 277 971 302 uxore,
989 270 1073 297 altera
1092 269 1200 305 quidem
1217 269 1359 297 Israelitici
1375 271 1493 305 generis,
1521 271 1606 298 altera
1623 278 1656 297 ex

875 315 1035 350 alienigenis
1051 315 1078 342 in
1094 315 1243 342 thalamum
1268 315 1423 341 advocata?
1441 315 1533 350 Itaque
1556 315 1579 342 si
1595 323 1657 342 ora-

874 361 978 389 tionem
992 361 1026 389 de
1041 361 1084 389 his
1101 361 1209 396 planius
1222 366 1249 388 et
1261 360 1417 388 distinctius
1435 361 1576 388 instituere
1590 361 1657 388 veli-

874 414 947 438 mus,
968 406 1013 433 hic
1028 407 1153 434 videlicet
1170 407 1215 434 ille
1231 410 1272 434 est
1288 407 1374 433 victor
1390 406 1470 440 simul
1487 409 1513 432 ct
1528 413 1655 440 sponsus,

874 453 921 487 qui
942 457 1039 487 potens
1055 453 1082 479 in
1098 453 1179 484 bello,
1199 452 1361 487 validasque
1387 452 1492 479 viribus
1523 451 1657 478 debellato

873 498 931 530 illo,
948 497 995 532 qui
1011 498 1105 525 mortis
1120 498 1267 533 potentiam
1290 498 1458 532 possidebat,
1483 497 1656 524 innumerum

873 543 950 570 illum
970 543 1098 578 populum
1119 551 1198 578 quem
1217 543 1298 570 inferi
1315 543 1452 576 tenebant,
1465 543 1492 569 in
1504 542 1655 569 libertatem

873 587 1010 615 asseruit:
1040 595 1102 614 cum
1131 592 1220 615 autem
1239 588 1355 622 populus
1374 587 1539 615 lsraeliticus
1555 586 1656 613 invidia

873 637 899 660 et
913 633 1084 660 aemulatione
1103 633 1235 660 incitatus
1252 638 1336 665 esset,
1356 633 1485 666 recipitur
1500 639 1596 666 magna
1609 631 1657 658 bc-

873 678 1031 704 nevolentia
1053 678 1087 704 ab
1104 678 1274 712 alienigenis,
1291 677 1466 705 eteivitatem
1497 676 1567 712 apud
1595 676 1655 704 illos

874 723 976 755 condit,
995 722 1154 753 Ecclesium.
1169 725 1296 758 inquam,
1314 723 1340 750 in
1363 729 1415 757 qua
1444 726 1517 749 tenet
1542 729 1654 756 regnum

873 772 900 795 et
919 769 1063 802 imperium
1080 776 1158 796 suum
1180 769 1225 795 ille
1262 769 1308 803 qui
1327 768 1444 795 subditis
1461 768 1552 794 Saulis
1566 767 1630 794 dixit
1646 775 1653 794 :

876 821 885 837 ε
901 810 1047 840 Auferetur
1061 820 1077 840 a
1100 813 1178 840 vobis
1194 820 1318 848 regnum,
1346 815 1374 840 et
1388 811 1497 839 dabitur
1513 811 1586 845 genti
1615 810 1655 837 fe-

36 865 112 899 τικῆς
128 863 273 897 εὐγενείας,
292 862 361 889 κατὰ
380 861 432 896 τὴν
452 861 622 897 προσητικὴν
637 859 818 894 ἀναφώνησιν,

871 858 941 884 renti
955 857 1059 885 fructus
1073 857 1132 891 ejus
1143 857 1176 885 ὀ.
1192 866 1202 884 ι
1217 857 1246 885 1η
1261 859 1312 886 ista
1323 858 1434 886 civitate
1451 856 1553 891 aliquid
1571 856 1652 883 ctiam

37 907 52 940 ἥ
67 915 154 941 φησιν,
171 907 211 932 ὅτι
228 915 236 930 ι
252 906 298 931 Ἐν
311 905 469 940 ἐκκλησίαις
484 905 617 938 εὐλογεῖτε
628 904 672 930 16v
685 904 750 930 Θεὸν
767 903 819 930 Κύ-

37 960 92 986 ριον
115 952 147 977 ὲκ
167 951 260 986 πηγῶν
283 951 400 986 Ἰσραήλ.
422 959 431 976 ι
449 951 481 977 Ol
495 950 548 986 γὰρ
572 949 755 985 κατάρξαντες
771 949 818 976 τοῦ

36 995 112 1029 λόγου
127 996 174 1030 τῆς
190 995 317 1026 πίστεως,
334 996 358 1021 οὶ
380 995 498 1029 κήρυκες
520 995 568 1029 τῆς
583 994 720 1028 ἀληθείας,
741 994 764 1020 cl
776 993 820 1020 θε-

37 1041 164 1075 μελιωταὶ
174 1042 222 1076 τῆς
237 1040 408 1075 Ἐκκλησίας,
424 1041 448 1065 οἱ
465 1040 593 1074 μαθηταὶ,
603 1039 682 1073 λέγω,
693 1039 740 1066 καὶ
755 1039 819 1066 ἁπό-

35 1087 130 1118 στολοι,
150 1088 182 1113 ἐκ
197 1086 292 1122 πηγῶν
308 1085 377 1121 ἦσαν
398 1085 444 1112 τοῦ
467 1086 584 1121 Ἰσραήλ.
602 1096 611 1111 ‹
631 1087 787 1121 Ἄρχοντες,
806 1095 815 1111 ι

33 1132 124 1166 φησὶν,
136 1141 145 1157 ›
156 1131 250 1164 Ἰούδα,
264 1132 396 1166 ἡγεμόνες
409 1131 656 1170 αὐτῶντἊρχον-τες
668 1131 817 1164 Ζαΰουλὼν,

19 1170 161 1209 ’ἄρχοντες
177 1175 343 1210 Νεφθαλείμ.
362 1185 371 1200 ι
386 1175 435 1201 Διὰ
452 1176 572 1210 σημείων
593 1175 672 1202 τινῶν
688 1176 733 1202 καὶ
750 1184 818 1210 συμ-

34 1220 120 1246 ϐόλων
143 1221 322 1255 προσημαίνει
338 1221 354 1256 ἡ
372 1215 522 1256 προφητεία
542 1221 576 1247 τὰ
590 1221 636 1247 τοῦ
652 1222 747 1256 γένους
764 1221 819 1247 τῶν

34 1266 163 1302 μαθητῶν
180 1266 320 1301 ἰδιώματα.
330 1267 373 1293 Ἑν
383 1265 423 1298 οἷς
435 1269 491 1293 ἐστι
507 1268 553 1294 καὶ
566 1268 580 1293 6
593 1268 724 1303 νεώτερος
736 1276 744 1292 t
759 1268 818 1294 Βεν-

34 1313 109 1347 ιαμὶν
135 1312 178 1338 διὰ
195 1312 244 1347 τῆς
260 1313 413 1344 ἐκστάσεως
429 1322 438 1338 ι
454 1313 607 1344 παιδευθεὶς
621 1313 654 1339 τὰ
669 1312 816 1348 μυστήρια,

33 1359 79 1384 καὶ
104 1359 136 1384 ὲκ
154 1358 308 1393 σπέρματος
335 1358 469 1394 Ἀϐραὰμ,
494 1358 540 1385 καὶ
568 1358 653 1393 φυλῆς
678 1358 815 1393 Βενιαμὶν,

31 1403 137 1435 Παῦλος
149 1404 163 1429 6
178 1403 249 1435 θεῖος
263 1403 420 1435 ἀπόστολος.

873 902 1028 930 Israelitica:
1041 903 1164 930 civitatis
1180 903 1301 937 reperire
1322 903 1395 934 licet,
1411 902 1490 937 juxta
1515 901 1653 936 propheti-

871 956 932 975 catn
954 949 1026 975 illam
1041 957 1146 981 vocem,
1161 957 1222 984 qua:
1235 950 1273 976 ait
1293 958 1300 976 :
1320 959 1329 975 ι
1349 948 1377 975 In
1396 948 1520 976 eccleSiis
1544 946 1654 974 benedi-

872 994 924 1021 cite
935 993 1020 1022 Deum
1038 994 1181 1022 Dominum
1196 995 1230 1022 de
1245 995 1366 1022 fontibus
1378 994 1459 1022 Israel
1471 994 1496 1026 ¹;
1510 1005 1518 1020 ³
1534 1002 1595 1021 nam
1607 993 1653 1028 qui

872 1040 950 1066 initio
970 1040 1029 1067 ﬁdei
1048 1040 1202 1067 doctrinam
1220 1040 1400 1072 tradiderunt,
1419 1047 1557 1075 praecones
1582 1039 1652 1066 veri-

872 1086 948 1117 tatis,
978 1086 1106 1113 Ecclesite
1122 1085 1291 1116 fundatorcs.
1318 1086 1458 1121 discipuli.
1479 1086 1606 1120 inquam,
1624 1089 1651 1112 et

872 1131 999 1166 apostoli,
1015 1130 1215 1158 descenderunt
1229 1139 1261 1158 ex
1290 1130 1411 1158 fontibus
1433 1130 1526 1157 Israel.
1547 1139 1555 1155 ι
1575 1128 1653 1156 Prin-

872 1176 956 1210 cipes,
973 1185 982 1202 ›
1001 1177 1100 1211 inquit,
1122 1186 1131 1201 ι
1147 1175 1228 1209 Juda,
1246 1176 1384 1211 principes
1395 1183 1500 1206 eorum.
1515 1175 1653 1211 principes

872 1222 1005 1255 Zabulou,
1017 1227 1045 1249 et
1064 1222 1201 1257 principes
1221 1222 1402 1257 Nephthalim.
1421 1232 1430 1250 ›
1445 1221 1497 1250 Ubi
1515 1230 1562 1257 per
1575 1223 1653 1256 signa

871 1267 994 1303 quaedam
1010 1271 1037 1295 et
1052 1268 1174 1303 sytnbola
1190 1268 1324 1303 Propheta
1346 1268 1511 1299 vaticinans,
1532 1267 1651 1302 generis.

872 1321 907 1340 ex
923 1321 978 1348 quo
993 1314 1046 1341 orti
1075 1317 1154 1341 erant
1185 1314 1323 1349 discipuli,
1345 1314 1526 1348 proprietates
1542 1312 1654 1339 demon-

872 1363 950 1386 strat.
967 1359 1038 1386 Inter
1058 1367 1126 1394 quos
1151 1359 1286 1394 reperitur
1318 1358 1410 1385 itidem
1433 1357 1654 1385 adolescentulus

871 1405 918 1432 ille
943 1415 952 1431 ι
986 1405 1138 1439 Benjamin,
1169 1405 1198 1431 in
1215 1404 1317 1432 mentis
1340 1411 1453 1431 excessu
1485 1412 1494 1428 ι
1525 1402 1654 1437 mysteria

870 1451 1053 1483 edoctus;ex
1081 1450 1185 1478 semine
1212 1450 1361 1483 Abraham,
1393 1449 1465 1476 tribu
1493 1447 1653 1482 Beniamin,

871 1496 972 1524 Paulus
987 1496 1095 1524 divinus
1107 1496 1150 1523 ille
1164 1496 1314 1530 apostolus.

65 1537 151 1573 Πλὴν,
167 1538 191 1563 εἰ
206 1537 252 1564 καὶ
263 1538 296 1572 τῇ
322 1536 493 1572 Ἰσραηλίτιδι
508 1539 641 1564 συνοικεῖν
657 1539 670 1565 ὁ
690 1538 817 1573 βασιλεὺς

903 1541 1037 1569 Caeterum
1055 1541 1119 1568 licet
1137 1528 1197 1567 cum
1215 1539 1366 1567 Israelitica
1383 1545 1493 1574 quoque
1510 1545 1555 1565 rex
1574 1536 1653 1564 babi-

31 1585 190 1619 ἱστορεῖται,
203 1583 259 1610 am
273 1584 411 1618 ἀγαπᾶται
429 1583 520 1611 πλεῖον
537 1585 553 1618 ἡ
573 1583 709 1618 Ἀϐιγαία,
724 1582 740 1621 ᾗ
756 1593 818 1611 συν-

30 1630 97 1665 ῴκει
116 1630 147 1656 τὸ
170 1630 300 1665 πρότερον
326 1631 340 1656 ὁ
359 1630 517 1665 Καρμήλιος
533 1630 644 1662 Νάϐαλ,
670 1631 684 1657 6
709 1631 818 1662 κυνικὸς

30 1677 157 1711 ἐπίκλην,
174 1676 188 1702 6
204 1677 306 1711 τραχὺς
321 1677 423 1707 ἐκεῖνος
437 1677 483 1702 καὶ
498 1676 596 1711 ὕρείος,
613 1677 627 1702 6
643 1676 678 1702 τὰ
694 1676 818 1711 πρόϐατα

29 1722 142 1757 κείρων.
155 1719 191 1748 0'6
200 1720 401 1756 διαφθαρέντος,
416 1722 533 1747 συνοικεῖ
542 1720 580 1755 τῷ
592 1720 696 1755 βασιλεί
710 1723 726 1756 ἡ
737 1723 816 1756 γυνὴ,

29 1768 79 1794 καὶ
101 1767 232 1802 βασιλέων
250 1767 353 1800 γίνεται
372 1766 472 1801 μήτηρ.
495 1766 527 1792 'H
548 1766 596 1800 μὲν
615 1764 661 1792 οὖν
678 1767 818 1803 ἐπιγραφὴ

29 1815 81 1848 τῆς
100 1813 260 1848 ψαλμῳδίας
303 1812 421 1839 τοσαῦτα
450 1811 571 1848 περιέχει
595 1813 750 1848 μυστήρια.
770 1813 819 1848 τὴν

30 1861 103 1895 ὑπὲρ
124 1859 171 1886 τοῦ
196 1858 260 1886 λαοῦ
284 1858 331 1884 τοῦ
356 1857 557 1892 μακρυνθέντος
580 1857 634 1884 ἀπὸ
664 1858 715 1886 τῶν
735 1859 819 1893 ἁγίων

30 1905 214 1940 σημαίνουσα,
232 1905 279 1931 καὶ
299 1903 348 1938 τὴν
365 1903 411 1928 ἐπὶ
426 1904 482 1934 τοῖς
501 1903 712 1938 κατορθώμασιν
748 1904 818 1940 ὑπὲρ

28 1951 84 1977 τῶν
100 1949 258 1983 ἀλλοφύλων
273 1949 382 1984 στήλην,
397 1949 456 1984 ἥτις
471 1948 514 1975 διὰ
528 1948 581 1975 τῶν
595 1950 623 1975 ὲν
638 1949 706 1984 αὐτῇ
727 1958 817 1986 γραμ-

31 1996 138 2030 μάτων,
163 1995 218 2025 τοῑς
239 1993 288 2029 μὲν
313 1994 367 2020 ἀπὸ
383 1994 431 2028 τῆς
455 1994 581 2025 ἀπιστίας
601 1993 655 2020 τῶν
676 1994 817 2026 Ἰουδαίων,

30 2041 134 2072 Ενειδος
158 2040 286 2074 ἕστηκεν,
311 2039 367 2071 τοῖς
387 2039 415 2066 δὲ
437 2039 481 2066 διὰ
505 2040 622 2072 πίστεως
646 2039 817 2074 σωζομένοις,

29 2087 127 2122 sema
142 2086 210 2121 πρὸς
230 2085 260 2112 16
277 2085 378 2118 ἀγαθὸν
396 2085 442 2110 καὶ
461 2085 622 2120 ὑπόδειγμα.
639 2085 713 2111 Λὺτὰ
728 2085 756 2111 δὲ
770 2085 818 2120 τῆς

30 2132 191 2167 ψαλμῳδίας
203 2132 237 2158 τὰ
253 2132 362 2167 ῥήματα
379 2131 478 2166 μᾶλλον
493 2138 550 2162 πως
561 2131 634 2157 δοκεῖ
646 2131 676 2158 οὐ
692 2131 817 2158 τοσοῦτον

31 2179 101 2214 πρὸς
117 2177 162 2203 τὸν
176 2177 344 2210 ἁναφανέντα
358 2176 468 2210 βασιλέα
484 2175 601 2210 βλέπειν,
613 2176 673 2202 ὅσον
687 2176 756 2210 πρὸς
768 2176 817 2202 αὺ-

28 2224 76 2249 τὸν
92 2223 137 2248 16v
153 2222 235 2248 Aa6‘t6
251 2222 296 2248 τὸν
311 2221 381 2248 κατὰ
401 2221 451 2256 τῆς
472 2221 570 2252 κακίας
586 2221 747 2255 ἀγωνιστὴν,
770 2221 817 2247 καὶ

27 2268 79 2302 τῆς
94 2267 196 2302 ἀρετῆς
209 2267 337 2301 ἐργάτην.
356 2267 412 2292 Οὐκ
428 2265 460 2292 ἂν
476 2265 504 2292 δέ
518 2274 558 2297 τις
573 2266 684 2302 ἀπᾴδειν
700 2266 770 2292 εῖποι
783 2265 818 2292 τὰ

27 2313 79 2347 τῆς
99 2311 259 2346 ψαλμῳδίας
273 2312 417 2346 νοήματα,
440 2310 507 2346 πρὸς
527 2309 560 2336 τὰ
578 2311 627 2345 τῆς
644 2310 756 2346 Γραφῆς
776 2311 819 2336 αἱ-

27 2360 163 2394 νίγματα.
194 2358 222 2385 Ὀ
246 2358 299 2393 γὰρ
323 2357 391 2393 πρὸς
410 2357 459 2393 τὴν
483 2357 619 2391 θεολογίαν
635 2356 752 2392 ἀληθῶς,
770 2357 818 2384 καὶ

27 2406 90 2433 καθ’
107 2405 138 2431 ὃν
153 2404 192 2430 δεῖ
204 2404 301 2440 τρόπον
317 2403 432 2438 βλέπων,
448 2403 592 2438 σύμφωνον
603 2402 738 2434 ἀποδείξει
750 2403 818 2430 πάν-

26 2460 83 2483 τως
100 2450 148 2477 τὸν
170 2450 227 2485 βίον
239 2451 272 2485 τῇ
287 2449 387 2477 πίστει.
403 2448 488 2476 Τοῦτο
508 2449 536 2476 δὲ
550 2450 600 2476 οὐκ
615 2449 716 2480 ἄλλως,
738 2449 762 2475 εἰ
780 2449 817 2484 μὴ

27 2496 78 2531 τῆς
105 2495 241 2531 σαρκικῆς
267 2494 474 2526 ἐπαναστάσεως
497 2494 540 2520 διὰ
566 2494 621 2520 τῶν
645 2493 695 2527 τῆς
718 2493 818 2528 ἀρετῆς

26 2541 254 2576 ἐπιτηδευμάτων
265 2541 480 2575 καταπεσούσης.
498 2540 609 2575 Ἀρετῆς
619 2540 647 2566 δὲ
661 2536 819 2574 κεφάλαιον,

26 2589 43 2623 ὴ
70 2587 120 2613 τοῦ
143 2586 210 2613 Θεοῦ
237 2587 395 2622 συμμαχία,
410 2584 443 2621 ἧς
460 2585 580 2618 ἀξιοῦται
602 2586 616 2611 ὁ
641 2585 711 2612 θεῖον
729 2585 818 2612 ἔλαιον

25 2632 122 2668 ἑαυτῷ
135 2632 181 2659 διὰ
195 2632 244 2667 τῆς
265 2632 337 2667 ζωῆς
359 2631 551 2666 οἰκειούμενος.
570 2631 674 2666 ’Ὠσπερ
696 2631 723 2657 δὲ
739 2630 818 2662 εἴτις

25 2678 132 2714 λῃστοῦ
166 2687 236 2709 τινος
262 2677 420 2709 ἐπελθόντος
442 2677 458 2713 ἢ
488 2676 665 2712 ἀνδροφόνου,
694 2676 765 2703 κατὰ
788 2676 818 2703 τὸ

25 2724 141 2760 ἁθρόον,
153 2723 308 2750 ὲπικαλοϊτο
316 2722 370 2749 τῶν
383 2722 467 2757 φίλων
480 2722 555 2754 τινὰς
566 2723 605 2754 εἰς
619 2722 756 2757 βοήθειαν,
768 2723 818 2749 οὐκ

63 2814 90 2831 ⁹⁹
114 2811 209 2840 Matth.
229 2819 286 2846 ut,
305 2812 350 2840 45.
389 2812 396 2828 ¹
415 2811 487 2839 Psal.
504 2819 587 2844 van,
612 2811 658 2840 27.

869 1591 929 1615 tare
955 1591 1197 1618 commemoretur,
1225 1590 1344 1612 attamen
1376 1585 1515 1611 ardentius
1546 1587 1653 1610 amatur

868 1633 988 1668 Abigail,
1015 1640 1096 1667 quam
1117 1631 1194 1666 prius
1212 1638 1323 1657 uxorem
1341 1630 1474 1657 habuerat
1500 1629 1653 1656 Carmelius

869 1679 914 1706 ille
925 1678 1022 1710 Nabal,
1035 1677 1156 1713 Cynicus
1170 1676 1387 1711 cognominatus,
1406 1683 1486 1710 asper
1501 1674 1557 1706 ille,
1573 1682 1652 1700 mon-

868 1725 943 1752 tibus
953 1727 1092 1754 assuetus,
1106 1720 1220 1750 tendere
1233 1722 1331 1750 solitus
1345 1729 1419 1749 oves.
1435 1722 1495 1753 Quo
1511 1721 1651 1752 defuncto,

867 1771 992 1805 jungitur
1021 1770 1066 1797 illa
1099 1769 1198 1796 mulier
1227 1769 1329 1803 nuptiis
1355 1768 1437 1803 regis,
1466 1767 1549 1802 ﬁtque
1566 1771 1652 1793 mater

869 1822 973 1849 regum.
1007 1814 1093 1849 Igitur
1126 1813 1270 1848 inscriptio
1299 1812 1398 1847 psalmi
1433 1812 1497 1838 talia
1529 1811 1652 1838 continet

870 1861 1010 1895 mysteria,
1027 1860 1151 1887 indicans
1166 1858 1292 1886 videlicet
1309 1858 1417 1885 titulum
1429 1865 1477 1885 seu
1496 1857 1650 1883 columnam

871 1914 919 1941 pro
935 1906 1036 1940 populo
1055 1913 1071 1932 a
1089 1905 1193 1933 sanctis
1209 1905 1346 1939 elongato,
1367 1907 1394 1931 et
1409 1903 1516 1938 egregia
1541 1903 1586 1929 illa
1601 1910 1652 1937 pro

869 1951 1031 1986 alienigenis
1047 1951 1169 1978 facinora
1183 1959 1189 1983 ;
1208 1958 1270 1985 quae
1285 1958 1333 1985 per
1346 1950 1452 1977 litteras
1475 1949 1526 1977 sibi
1554 1949 1651 1976 inscri-

870 2000 939 2031 ptas,
955 1996 1056 2024 Judmis
1071 1997 1179 2031 quidem
1203 1996 1237 2023 ob
1250 1995 1390 2031 perﬁdiam
1420 1995 1446 2021 in
1475 1994 1649 2029 opprobriqu

869 2047 961 2069 erecta
978 2046 1040 2070 est:
1057 2043 1110 2070 illis
1126 2050 1200 2073 vero,
1217 2042 1262 2077 qui
1281 2049 1328 2076 per
1345 2040 1424 2068 ﬁdem
1454 2041 1604 2071 salvantur,
1623 2040 1649 2066 in

868 2089 965 2116 ducem
989 2093 1017 2115 ct
1041 2089 1193 2124 exemplum
1211 2088 1244 2115 ad
1260 2095 1368 2114 omnem
1391 2087 1571 2115 honestatem.
1590 2087 1650 2121 Ipsa

869 2139 958 2162 autem
984 2134 1082 2169 psalmi
1100 2134 1182 2162 verba
1212 2141 1267 2161 non
1289 2136 1344 2159 tam
1369 2132 1507 2167 respicere
1525 2132 1651 2158 videntur

869 2187 958 2214 regem
983 2179 1071 2210 illum,
1088 2179 1135 2213 qui
1164 2186 1225 2206 sese
1249 2178 1328 2205 nobis
1343 2185 1359 2204 e
1384 2177 1454 2204 cwlo
1481 2176 1650 2203 descendens

869 2225 1010 2261 patefecit,
1027 2233 1109 2260 quant
1129 2224 1217 2259 ipsum
1245 2223 1384 2254 Davidem,
1402 2222 1491 2249 omnis
1520 2221 1653 2255 improbi-

870 2270 934 2297 tatis
950 2269 1156 2300 debellatorem,
1176 2267 1338 2302 virtutisque
1365 2270 1538 2293 scctatorem.
1557 2265 1650 2300 Neque

869 2321 934 2341 vero
954 2313 1052 2340 dixerit
1080 2312 1142 2347 quis
1157 2310 1318 2338 sententiam
1345 2309 1443 2344 psalmi
1459 2317 1473 2336 a
1503 2308 1651 2343 Scriptura:

869 2359 1021 2395 aenigmatis
1037 2358 1218 2392 obscurisque
1242 2355 1370 2384 sensibus
1387 2355 1552 2389 discrepare.
1583 2353 1651 2380 Nam

870 2405 916 2440 qui
934 2412 996 2432 vere
1023 2407 1050 2430 et
1076 2411 1109 2430 eo
1133 2410 1186 2437 quo
1216 2402 1294 2429 decet
1312 2401 1404 2433 modo,
1418 2400 1451 2427 ad
1476 2400 1650 2435 theologiam,

871 2457 1017 2485 rerumque
1038 2449 1189 2476 caelestium
1202 2448 1385 2483 cognitionem
1398 2447 1492 2475 oculos
1503 2447 1650 2478 convertit,

871 2496 918 2523 ille
927 2496 1010 2522 vitam
1024 2502 1086 2522 eum
1103 2495 1154 2522 ﬁde
1169 2494 1342 2521 conformat:
1355 2492 1426 2528 quod
1443 2492 1522 2519 aliter
1539 2499 1592 2518 non
1612 2493 1649 2521 lit,

871 2550 953 2577 quam
969 2542 993 2569 si
1009 2541 1135 2569 carnales
1155 2540 1339 2576 appetitiones
1365 2539 1457 2566 studio
1480 2539 1610 2565 virtutqu
1627 2542 1653 2564 ct

871 2586 1065 2615 exercitatione
1087 2586 1312 2620 comprimantur,
1331 2588 1358 2612 et
1372 2584 1543 2611 eilomentur.
1560 2582 1649 2616 Caput

871 2639 936 2659 vero
947 2631 1057 2659 virtutis
1077 2634 1119 2658 est
1135 2630 1181 2658 Dei
1197 2629 1349 2657 subsidium
1371 2633 1399 2656 et
1421 2628 1563 2659 auxilium,
1579 2625 1651 2660 quod

871 2677 895 2704 ei
914 2677 1038 2712 obtingit,
1054 2676 1100 2711 qui
1124 2675 1243 2703 divinam
1266 2674 1482 2702 misericordiam
1508 2680 1555 2707 per
1569 2672 1652 2698 vitam

872 2722 923 2750 sibi
938 2722 1078 2750 conciliat.
1093 2720 1328 2755 Quemadmodum
1342 2724 1432 2748 autem
1447 2719 1551 2746 latrone
1562 2721 1588 2746 et
1604 2717 1653 2744 ho-
