1986 3080
309 100 360 127 ΞίῚε)

922 99 949 126 S.
966 98 1126 126 GREGORH
1137 99 1284 128 NYSSENI

1875 99 1925 127 580

306 161 405 188 micida
417 160 543 195 quopiam
557 166 588 185 ex
606 158 756 194 improviso
765 158 896 189 irruente,
907 159 1015 185 invocat
1026 158 1087 193 quis

1141 157 1228 193 ἀρκῶν
1243 158 1330 194 ἐαυτῷ
1347 158 1413 194 πρὶς
1427 159 1475 194 τὴν
1492 159 1544 186 τῶν
1559 160 1688 187 κινδύνων
1705 160 1863 196 ἁποψυγήνθ
1878 161 1922 186 οὖ-

305 206 420 237 amieos,
438 209 466 231 ut
481 204 621 239 suppetias
639 203 739 235 ferant,
757 211 810 230 non
831 208 977 232 contentus
998 204 1090 238 seipso

305 252 339 279 ad
365 251 478 286 periculi
507 250 580 277 illius
597 251 686 285 fugam
703 257 709 274 :
725 250 761 276 ita
779 254 806 277 et
832 250 876 276 hic
897 250 924 276 in
941 250 1090 277 certamine

306 298 495 328 constitutus,
529 301 640 331 propter
673 296 881 330 impressionem
914 295 948 322 ab
980 295 1090 322 homine

304 343 416 374 factam,
434 344 583 378 (hominem
608 343 765 371 nominans.-
788 346 893 368 natura:
913 345 1014 382 nostra:
1029 348 1090 375 per-

306 389 475 416 turbationes
499 394 525 416 et
541 388 699 416 aﬂecliones
723 388 827 415 indicat
849 396 916 414 voce
935 387 1089 419 collectiva)

305 435 413 461 introeat
440 442 590 470 supernum
610 434 754 465 auxilium,
782 433 939 461 conculcari
969 441 1030 460 sese
1056 433 1090 459 ab

304 481 415 508 inimico
431 481 536 511 dicens,
553 480 715 515 fatigariquc
730 484 756 507 et
767 480 904 511 tribulari,
921 486 1010 514 pugna
1024 486 1090 505 con-

304 526 395 552 tinuos
411 526 469 553 dies
486 526 612 552 durante.

338 571 431 605 Neque
446 571 518 597 enim
539 577 621 596 unum
637 570 770 597 duntaxat
786 569 975 597 adversarium
994 577 1088 597 secum

303 615 465 650 conﬂigendi
484 622 567 642 causa
584 615 725 649 congredi,
753 615 799 642 sed
818 615 931 641 unicum
950 615 1089 642 hominem

304 662 390 688 instar
403 660 586 687 multitudinis
601 660 720 686 hostium
735 667 808 686 esse.
819 660 864 686 Ait
874 659 966 686 cnim:
984 668 993 684 ι
1014 659 1089 686 Con-

303 706 480 733 culeaveruut
496 713 538 732 me
566 705 671 732 inimici
698 705 751 731 mei
769 709 826 731 tota
842 705 896 735 die,
918 713 927 730 ›
946 704 1040 732 missis
1055 705 1089 731 ab

302 754 356 779 alto
367 753 475 787 jaculis,
488 759 520 778 eo
533 752 604 785 quod
618 751 772 785 superiores
784 752 839 778 sint
853 758 904 783 me.
914 750 961 785 Qui
977 751 1089 777 concul-

303 806 360 825 ror.
372 797 463 832 Neque
476 797 500 824 id
514 797 585 831 quod
602 797 712 827 accidit,
725 797 758 823 de
769 796 813 823 die
826 796 853 822 iit
866 801 891 823 et
903 796 964 823 luce
975 796 1065 830 palam
1080 805 1086 822 :

303 852 356 870 non
371 844 443 871 enim
471 843 635 873 timuissem,
661 842 683 868 si
699 842 790 876 palam
809 849 915 869 mecum
944 842 1086 876 congressi

303 895 405 917 t‘t‘Scnt.
433 889 474 915 Ob
504 889 529 915 id
558 888 655 914 addit:
687 897 697 913 ι
718 887 755 915 De
774 888 818 915 die
846 895 900 914 non
931 887 1054 919 timebo;
1074 896 1084 913 ι

303 934 385 960 tacite
402 934 546 960 insinuans
563 933 590 959 in
609 932 728 959 tenebris
752 939 781 959 se
801 932 834 959 ab
853 932 979 959 hostibus
996 936 1087 959 exter-

302 979 403 1011 retleri,
422 983 448 1006 et
465 978 611 1005 formidine
638 978 757 1012 porcelli.
779 977 831 1004 Sed
860 977 922 1004 talis
938 977 1010 1004 diem
1030 978 1088 1012 ipse

302 1025 354 1053 sibi
380 1029 518 1060 proereat,
546 1024 685 1058 sperando
710 1027 738 1050 tn
764 1024 862 1055 lucem,
889 1030 942 1057 qua
968 1024 1087 1050 tenebrae

302 1070 482 1105 dispellantur
496 1079 502 1096 :
523 1078 533 1094 ι
554 1068 592 1096 De
606 1068 651 1095 die
667 1076 721 1095 non
739 1068 852 1101 timebo,
869 1075 920 1104 ego
937 1076 1002 1096 vero
1017 1069 1044 1096 in
1061 1074 1088 1097 te

301 1116 428 1151 sperabo.
449 1125 458 1141 ι
476 1114 556 1141 Forte
571 1120 661 1141 autem
683 1115 847 1142 sententiam
863 1121 968 1147 eorum,
985 1122 1045 1149 quae
1059 1114 1087 1142 in

303 1163 354 1188 hoc
373 1161 479 1196 psalmo
495 1161 597 1196 scripta
612 1164 687 1192 sunt,
704 1160 792 1194 magis
805 1164 978 1194 assequctur,
991 1160 1036 1194 qui
1054 1159 1087 1186 ad

303 1207 493 1242 inscriptionis
507 1207 622 1241 aenigma
634 1213 695 1233 sese
708 1209 848 1232 convertet
861 1214 867 1238 ;
881 1205 1002 1240 quandiu
1014 1206 1087 1233 enim

301 1252 421 1278 humana
441 1252 516 1278 natio
532 1259 546 1278 a
561 1251 666 1278 sanctis
681 1251 785 1285 angelis
808 1252 887 1285 longe
903 1251 1000 1278 dissita
1016 1255 1085 1284 crat,

300 1297 517 1323 conculcabatur
554 1296 588 1323 ab
625 1295 867 1323 immoderatarum
913 1295 1086 1322 aﬂectionum

301 1343 410 1371 natura,
425 1339 631 1374 angebaturque
650 1343 677 1366 et
694 1339 896 1374 defatigabatur
915 1347 1012 1374 pugna:
1027 1347 1087 1374 per-

301 1385 433 1420 petuitate
449 1393 481 1412 ex
497 1385 578 1413 editis
598 1389 625 1412 et
641 1385 829 1420 superioribus
847 1385 915 1412 locis
933 1385 1063 1419 impedita
1078 1394 1084 1412 :

302 1436 445 1466 propterea
473 1436 557 1458 noctu
589 1431 707 1459 maxime
731 1431 949 1466 pertimescebat.
971 1431 1087 1464 Quando

301 1480 392 1502 autem
412 1476 532 1511 speravit
558 1476 585 1502 iu
604 1475 669 1508 Deo,
700 1484 750 1512 spe
769 1477 814 1504 illa
841 1477 869 1504 in
896 1477 975 1505 vanis
1005 1477 1086 1504 rebus

301 1522 401 1556 posita,
417 1522 490 1549 velut
509 1522 629 1556 pondere
651 1522 783 1556 quodam,
811 1523 939 1557 abjecta;
967 1527 1032 1550 tunc
1059 1522 1087 1550 in

302 1567 398 1594 laudes
415 1567 518 1602 proprii
535 1568 671 1595 sermonis
681 1569 771 1603 erupit
799 1569 845 1604 qui
863 1569 929 1596 nihil
945 1569 1018 1596 aliud
1035 1573 1087 1602 est,

301 1621 383 1648 quam
399 1612 537 1641 confessio
553 1613 624 1641 ﬁdei.
642 1614 687 1641 Ait
702 1615 774 1642 enim
792 1624 798 1641 τ
819 1622 828 1641 ι
851 1615 879 1642 In
900 1614 954 1642 Deo
970 1614 1090 1642 laudabo

303 1667 445 1687 sermones
472 1668 557 1687 meos.
577 1669 586 1686 ι
607 1659 658 1687 Sed
678 1661 727 1688 hos
754 1669 832 1689 meos
849 1669 991 1689 sermones
1009 1661 1089 1688 laude

302 1705 400 1740 dignos
418 1710 599 1733 exsecrantur
615 1706 717 1734 inimici
735 1706 800 1739 mei,
818 1707 865 1742 qui
887 1714 996 1734 omnem
1012 1707 1089 1741 cogi-

303 1752 434 1779 tationem
453 1759 530 1779 suam
555 1759 588 1779 eo
614 1756 789 1784 convertunt,
809 1756 838 1780 ut
865 1752 931 1779 mihi
961 1757 1088 1785 noceant,

302 1797 480 1832 oceultasque
493 1801 521 1824 et
534 1797 710 1825 absconditas
727 1798 854 1831 insidias,
865 1798 930 1826 dum
945 1806 1006 1826 cum
1021 1799 1089 1834 ipsis

303 1841 406 1872 habito,
422 1846 550 1876 struant;
568 1843 615 1877 qui
638 1850 714 1870 suam
732 1847 818 1870 artem
837 1842 1005 1877 iactitantes,
1035 1852 1088 1871 non

303 1891 413 1914 cessant
437 1887 585 1916 observare
610 1889 770 1916 calcaneum
798 1896 909 1916 meum:
938 1889 990 1916 hoc
1016 1889 1089 1917 enim

304 1939 374 1966 opus
393 1936 434 1959 est
447 1933 517 1967 ejus,
528 1933 575 1968 qui
591 1933 626 1961 ab
642 1934 720 1960 initio
737 1933 875 1960 homicida
890 1933 943 1961 fuit
955 1935 981 1968 ί,
994 1934 1090 1962 obser-

303 1985 366 2004 vare
392 1978 550 2005 calcaneum
579 1979 735 2010 hominis‘;
754 1982 781 2005 at
812 1979 884 2006 enim
910 1979 974 2006 licet
1001 1979 1089 2007 hostis

305 2023 450 2057 impressio
475 2024 567 2058 gravis
595 2023 641 2056 sit,
660 2024 809 2058 repelletur
832 2029 922 2052 tamen
957 2024 1089 2052 beneﬁcio

304 2068 398 2095 auxilii
416 2069 455 2095 tui
470 2077 476 2094 ι
494 2076 556 2095 nam
571 2069 656 2103 gratis
673 2069 829 2096 hominibus
846 2070 921 2097 salus
936 2075 988 2098 ate
1003 2071 1088 2104 venit,

304 2120 358 2140 non
372 2120 404 2140 ex
418 2113 547 2148 operibus
564 2113 685 2148 iustitiae,
712 2113 759 2140 sed
773 2122 806 2141 ex
832 2115 890 2141 sola
918 2120 963 2142 tua
979 2117 1064 2150 gratia
1079 2125 1086 2143 :

1140 212 1179 230 τω
1202 205 1248 230 καὶ
1270 204 1386 231 ἐνταῦθα
1411 204 1555 239 ἐναγώνιος
1582 205 1630 236 ὢν,
1651 206 1695 232 διὰ
1721 206 1771 241 τῆς
1795 206 1862 241 πρὸς
1878 207 1924 232 τὸν

1140 249 1282 284 ἄνθρωπον
1298 249 1458 285 συμπλοκῆς
1471 250 1631 286 (ἄνθρωπον
1643 250 1671 277 δὲ
1686 250 1783 284 λέγων,
1799 252 1831 286 τῇ
1848 259 1924 285 περι-

1140 294 1258 329 ληπτικῇ
1279 296 1353 330 φωνῇ
1379 295 1414 321 τὰ
1438 296 1487 330 τῆς
1510 295 1616 330 φύσεως
1637 296 1802 322 ἐνδείκνυται
1825 296 1922 331 πάθη)

1141 341 1311 367 ἐπικαλεῖται
1328 341 1377 376 τὴν
1396 342 1499 368 ἄνωθεν
1515 341 1651 376 βοήθειαν,
1674 342 1818 368 πατεῖσθαι
1838 341 1923 375 λέγων

1141 386 1216 419 παρὰ
1225 386 1272 412 τοῦ
1283 386 1474 421 πολεμοῦντος,
1489 387 1538 412 καὶ
1550 386 1588 421 τῷ
1603 387 1764 422 πανημερίῳ
1776 387 1824 422 τῆς
1835 386 1923 422 μάχης

1139 433 1319 467 ἀπαγορεύειν
1334 441 1363 460 τε
1380 433 1426 460 καὶ
1440 433 1618 460 ἐκθλίϐεσθαι

1174 568 1247 603 Μηδέ
1269 568 1323 604 γὰρ
1350 568 1428 603 μόνον
1452 568 1596 603 τυγχάνειν
1611 568 1657 595 τὸν
1679 568 1722 595 διὰ
1738 569 1791 596 τῶν
1812 569 1923 604 ἀγώνων

1139 615 1213 650 αὐτῷ
1231 615 1465 650 συμπλεκόμενον,
1485 615 1552 641 ἀλλὰ
1570 615 1654 649 δῆμον
1677 615 1780 650 ἐχθρῶν
1795 613 1863 642 εἶναι
1879 616 1923 642 τὸν

1139 660 1186 687 ἕνα
1201 660 1351 695 ἄνθρωπον.
1367 669 1375 685 ι
1393 659 1592 695 Κατεπάτησαν
1605 659 1658 694 γάρ
1674 668 1718 694 με,
1738 669 1746 685 ι
1763 661 1855 695 φησὶν,
1874 669 1883 685 ι
1899 661 1922 686 oi

1139 706 1232 741 ἐχθροί
1248 715 1298 741 μου
1313 706 1377 740 ὃλην
1391 705 1440 741 τὴν
1456 705 1561 740 ἡμέραν
1580 715 1588 731 ι
1606 706 1660 732 ἀπὸ
1676 705 1758 740 ὕψους
1773 705 1922 740 βάλλοντες,

1139 752 1182 778 διὰ
1193 751 1240 777 τοῦ
1253 751 1377 785 γενέσθαι
1393 750 1439 777 τοῦ
1455 750 1621 785 πατουμένου
1637 750 1790 786 ὑπέρτεροι.
1807 751 1861 777 Καὶ
1875 752 1923 777 οὐκ

1141 799 1168 824 ἐν
1186 797 1278 832 ἡμέρᾳ
1294 797 1377 829 ἐστὶν,
1394 796 1453 823 ουδὲ
1471 798 1499 823 ἐν
1515 797 1584 830 φωτὶ
1606 797 1636 822 τὸ
1652 796 1807 831 γινόμενον,
1822 797 1851 823 οὐ
1870 797 1924 831 γὰρ

1142 841 1173 868 ἂν
1198 841 1333 877 ἐφοϐήθην
1355 841 1408 867 ἀπὸ
1428 841 1474 867 τοῦ
1501 840 1588 874 φωτὸς
1613 840 1848 875 συμμαχούμενος.
1875 842 1924 867 Διὰ

1141 886 1219 912 τοῦτό
1247 895 1327 921 φησιν
1339 895 1347 902 ο
1365 896 1374 912 ι
1398 886 1518 921 Ἡμέρας
1537 886 1567 912 οὐ
1585 885 1782 921 φοϐηθήσομαι.
1801 895 1810 911 ι
1833 885 1924 920 Δηλῶν

1141 931 1212 958 κατὰ
1227 932 1256 958 τὺ
1275 932 1461 966 σιωπώμενον,
1475 932 1505 958 τὸ
1518 931 1562 958 διὰ
1575 931 1621 958 τοῦ
1639 932 1748 962 σκὸτους
1763 931 1836 966 αὐτῷ
1849 932 1924 967 παρὰ

1140 976 1194 1002 τῶν
1209 976 1314 1011 ἐχθρῶν
1330 976 1375 1003 τὸν
1392 976 1472 1010 φόϐον
1488 976 1647 1010 ἐπάγεσθαι.
1670 976 1738 1003 Ἀλλ’
1751 977 1839 1012 ἐαυτῷ
1858 978 1925 1012 ὴμέ-

1143 1030 1191 1057 ραν
1210 1023 1224 1049 ὁ
1243 1021 1360 1053 τοιοῦτος
1379 1023 1459 1053 ποιεῖ,
1478 1020 1521 1048 διὰ
1539 1020 1586 1048 τοῦ
1605 1021 1723 1054 ἐλπίζειν
1745 1023 1789 1048 ἐπὶ
1808 1022 1838 1049 τὸ
1856 1023 1922 1057 φῶς,

1140 1067 1172 1094 δι’
1186 1065 1215 1094 οὗ
1231 1067 1262 1093 τὸ
1278 1068 1371 1099 σκότος
1387 1067 1584 1101 ἐξαφανίζεται.
1604 1077 1613 1093 ι
1632 1068 1752 1103 Ἡμέρας
1763 1068 1792 1094 οὐ
1808 1068 1924 1104 φοϐηθή-

1142 1122 1233 1149 σομαι·
1250 1113 1305 1148 ἐγὼ
1321 1113 1349 1140 δὲ
1363 1113 1448 1140 ὲλπιῶ
1460 1114 1505 1139 ἐπὶ
1519 1114 1561 1140 σέ.
1576 1123 1585 1140 ι
1599 1114 1675 1149 Τάχα
1688 1114 1715 1140 δὲ
1728 1114 1760 1141 ἄν
1774 1123 1816 1146 τις
1825 1115 1922 1148 μᾶλλον

1140 1159 1279 1186 καθίκοιτο
1303 1158 1353 1193 τῆς
1379 1158 1432 1184 τῶν
1457 1157 1656 1193 γεγραμμένων
1674 1158 1802 1190 διανοίας,
1822 1158 1851 1184 τὸ
1875 1158 1924 1193 τῆς

1140 1204 1294 1240 ἐπιγραφῆς
1310 1205 1423 1238 αἴνιγμα
1444 1203 1559 1237 βλέπων.
1575 1203 1647 1234 Ἕως
1662 1203 1716 1238 γὰρ
1732 1201 1765 1239 ἦν
1778 1205 1791 1229 ὁ
1806 1203 1859 1229 τῶν
1876 1204 1925 1230 ἀνα

1141 1250 1255 1285 Θρώπων
1273 1249 1336 1281 λαὸς
1358 1249 1411 1275 τῶν
1431 1248 1515 1282 ἁγίων
1533 1249 1655 1282 ἀγγέλων
1681 1249 1924 1284 μεμακρυμμένος,

1141 1295 1187 1323 καὶ
1201 1297 1329 1322 ἐπατεῖτο
1341 1295 1393 1321 ὑπὸ
1407 1294 1460 1321 τῶν
1473 1294 1642 1329 παθημάτων
1654 1294 1704 1329 τῆς
1718 1294 1834 1328 φύσεως,
1847 1295 1875 1321 ἐν
1885 1295 1925 1330 τῷ

1139 1342 1244 1378 διαρκεῖ
1256 1340 1303 1367 τοῦ
1318 1340 1434 1375 πολέμου
1449 1339 1627 1375 ἀπαγορεύων
1641 1340 1688 1366 καὶ
1703 1340 1906 1375 συνθλιϐόμενος
1916 1361 1923 1373 ,

1140 1389 1187 1414 καὶ
1203 1388 1235 1414 ἐκ
1249 1387 1302 1414 τῶν
1325 1386 1530 1421 ὑπερκειμένων
1547 1385 1719 1420 βαλλόμενος.
1741 1387 1786 1413 καὶ
1803 1387 1830 1412 ἐν
1846 1387 1925 1413 νυκτὶ

1139 1433 1185 1460 τὸν
1202 1432 1283 1468 φόϐον
1302 1431 1389 1467 ἔχων·
1405 1431 1449 1457 ὅτε
1464 1431 1492 1457 δὲ
1512 1431 1624 1466 ἦλπισεν
1645 1431 1691 1457 ἐπὶ
1713 1431 1758 1458 τὸν
1778 1431 1859 1462 Θεὸν,
1874 1431 1924 1467 τὴν

1141 1479 1205 1514 περὶ
1218 1479 1250 1505 τὰ
1263 1478 1364 1513 μάταια
1379 1477 1591 1512 πεπλανημένην
1604 1476 1707 1508 ἐλπίδα,
1723 1475 1777 1504 οἷον
1789 1477 1818 1503 τὸ
1833 1477 1924 1512 ἄχθος,

1140 1524 1364 1559 ἀποσεισάμενος,
1376 1523 1436 1550 τότε
1446 1522 1576 1558 ἐπῄνεσεν
1588 1524 1651 1554 τοὺς
1661 1523 1757 1549 ἐαυτοῦ
1771 1523 1874 1557 λόγους,
1889 1524 1927 1550 οῖ-

1139 1571 1210 1602 τινές
1224 1571 1292 1597 εἰσιν
1307 1571 1323 1605 ἡ
1337 1569 1466 1605 ὁμολογία
1478 1569 1527 1603 τῆς
1542 1569 1668 1600 πίστεως.
1686 1579 1695 1596 ι
1717 1569 1777 1596 Ἐπὶ
1787 1569 1825 1604 τῷ
1837 1569 1896 1604 Θεῷ
1913 1578 1923 1595 ι

1139 1617 1204 1652 γὰρ,
1218 1616 1309 1650 φησιν,
1325 1625 1333 1641 ι
1346 1615 1483 1642 ἐπαινέσω
1492 1615 1553 1647 τοὺς
1565 1614 1659 1649 λόγους
1667 1623 1732 1650 -μου,
1746 1624 1756 1640 ι
1774 1615 1853 1642 Ἀλλὰ
1864 1615 1926 1642 τού-

1139 1670 1212 1693 τους,
1234 1661 1330 1696 φησὶν,
1347 1662 1409 1693 τοὺς
1426 1661 1583 1691 ἐπαινετοὺς
1597 1660 1702 1694 λόγους,
1720 1661 1744 1687 oi
1760 1661 1850 1697 ἐχθροί
1874 1670 1925 1696 μου

1141 1708 1341 1743 βδελύσσονται,
1350 1709 1413 1740 τοὺς
1423 1709 1481 1734 κατ’
1493 1707 1559 1742 ἐμοῦ
1573 1707 1718 1742 λογισμοὺς
1733 1709 1772 1740 εἰς
1788 1709 1870 1736 κακὸν
1883 1709 1926 1735 εὑ-

1141 1754 1288 1789 ρίσκοντες,
1306 1755 1354 1780 καὶ
1367 1753 1547 1781 λανθάνουσαν
1569 1753 1615 1780 καὶ
1635 1754 1827 1789 κεκρυμμένην
1842 1754 1872 1781 ἐν
1886 1754 1927 1789 τῷ

1140 1800 1282 1834 παροικεῖν
1297 1799 1347 1834 τὴν
1367 1799 1510 1835 ἐπιϐουλὴν
1524 1799 1755 1831 διασκευάζοντες.
1771 1799 1802 1826 Οἳ
1816 1800 1845 1825 τὸ
1860 1800 1927 1826 ἴδιον

1140 1845 1243 1872 ἑαυτῶν
1258 1846 1425 1880 ἐπιτήδευμα
1442 1845 1597 1877 ποιοῦντες,
1613 1846 1643 1871 οὑ
1666 1845 1796 1872 παύονται
1814 1846 1856 1872 ἀεί
1875 1854 1926 1880 μου

1140 1891 1189 1926 τὴν
1211 1891 1330 1927 πτέρναν
1353 1885 1591 1926 ἐπιφῦλάσσοντες.
1610 1891 1694 1917 Τοῦτο
1716 1891 1770 1926 γὰρ
1787 1892 1816 1924 ἑξ
1839 1892 1927 1926 ἀρχῆς

1140 1937 1362 1972 ἁνθρωποκτόνου
1377 1937 1408 1963 τὺ
1420 1937 1510 1972 ἔργον,
1526 1937 1556 1963 τὺ
1570 1938 1707 1972 ἐπιτηρεῖν
1721 1937 1767 1964 τοῦ
1781 1937 1926 1973 ἀνθρώπου

1140 1983 1189 2019 τὴν
1206 1983 1334 2018 πτέρναν.
1366 1983 1435 2009 Ἀλλ’
1457 1984 1481 2009 εἰ
1502 1983 1549 2009 καὶ
1566 1983 1662 2018 βαρεῖα
1679 1983 1733 2009 τῶν
1749 1983 1886 2019 πολεμίων
1910 1985 1927 2020 ὴ

1140 2028 1288 2064 προσϐολὴ,
1303 2028 1347 2055 διὰ
1361 2028 1410 2063 τῆς
1425 2028 1582 2064 συμμαχίας
1597 2029 1645 2062 τῆς
1662 2029 1711 2063 σῆς
1723 2028 1926 2063 ἀπωθήσονταν

1140 2075 1239 2109 προῖκα
1257 2075 1312 2104 τοῖς
1328 2073 1482 2109 ἀνθρώποις
1497 2073 1571 2109 παρὰ
1589 2073 1635 2101 σοῦ
1651 2075 1794 2110 γινομένης
1807 2076 1856 2110 τῆς
1872 2084 1927 2102 σω-

1139 2119 1245 2154 τηρίας.
1268 2119 1324 2145 Οὐκ
1343 2119 1373 2150 ἐξ
1392 2119 1478 2154 ἔργων
1495 2119 1548 2144 τῶν
1566 2120 1597 2145 ὲκ
1620 2120 1802 2155 δικαιοσύνης,
1821 2121 1880 2147 ἀλλ’
1895 2122 1927 2148 ἐκ

305 2165 316 2182 ι
336 2155 389 2183 Pro
399 2157 485 2184 nihilo
499 2157 570 2184 enim
584 2158 675 2184 salvos
689 2157 772 2185 facies
784 2159 856 2185 illos.
874 2169 883 2184 ι
898 2158 966 2186 Tota
982 2165 1085 2191 autem.

1141 2165 1225 2200 μόνης
1241 2165 1288 2199 τῆς
1303 2164 1353 2199 σῆς
1365 2165 1484 2199 χάριτος.
1497 2173 1506 2188 ι
1520 2164 1603 2199 Ὑπὲρ
1617 2164 1670 2200 γὰρ
1684 2165 1729 2192 τοῦ
1744 2165 1857 2200 μηδενὸς
1872 2167 1928 2193 σώ-

302 2211 364 2237 quze
378 2203 514 2238 sequitur,
539 2203 636 2238 psalmi
658 2203 752 2235 series,
779 2205 980 2232 revocationcm
993 2210 1020 2233 et
1046 2206 1088 2234 in-

305 2249 498 2277 staurationem
516 2249 625 2276 humani
639 2249 748 2284 generis
760 2251 899 2285 explanat,
911 2251 991 2285 cujus
1005 2259 1088 2288 caput

305 2300 356 2327 cst,
369 2295 482 2322 victoria
498 2295 531 2322 ab
545 2295 704 2323 adversario
720 2297 803 2323 relata
815 2318 822 2329 ,
838 2297 993 2331 indelebile,
1009 2299 1088 2333 quasi

305 2341 332 2368 in
348 2341 474 2368 columna
499 2342 637 2376 quapiam,
656 2341 754 2369 divinae
779 2350 843 2377 erga
870 2343 996 2371 homines
1014 2345 1090 2372 beni-

304 2386 417 2420 gnitatis
444 2391 662 2420 monumentum,
689 2389 762 2415 omni
794 2393 928 2416 creatura:
956 2393 1087 2423 tanquam

306 2431 419 2457 materia
435 2431 564 2458 laudandi
581 2432 638 2463 Dei.
654 2437 681 2460 ct
696 2434 853 2461 celebrandi
870 2435 1052 2470 propositum.

341 2476 446 2504 Idcirco
462 2478 596 2505 extremis
617 2478 699 2513 hujus
725 2479 824 2514 psalmi
842 2480 932 2507 verbis
949 2481 988 2507 sic
1003 2481 1087 2514 canit,

305 2520 338 2547 ad
365 2522 436 2549 hanc
460 2523 533 2549 \elut
564 2523 719 2550 columnam
748 2524 919 2559 respiciens:
940 2533 949 2550 ι
972 2526 1003 2552 In
1033 2525 1089 2553 Deo

307 2567 423 2594 iaudubo
441 2569 567 2601 verbum,
583 2569 610 2596 in
636 2569 750 2597 Domino
778 2570 897 2598 laudabo
920 2579 1088 2603 sermonem,

306 2613 333 2640 in
346 2612 400 2640 Deo
411 2615 517 2649 speravi
530 2623 536 2641 :
548 2623 556 2640 I
569 2618 680 2649 propter
692 2622 773 2649 qliem
785 2623 838 2642 non
851 2617 968 2651 amplius
979 2617 1091 2644 incessit

302 2666 347 2685 me
362 2658 477 2686 formido
491 2658 594 2686 carnis.
609 2667 617 2683 ι
630 2657 698 2685 Etin
713 2666 768 2690 me,
784 2669 793 2685 ι
808 2659 906 2694 inquit,
922 2670 931 2686 ι
943 2665 1017 2694 vota,
1033 2669 1094 2697 qua:

303 2705 415 2732 reddam
428 2712 476 2739 per
488 2704 670 2735 laudationes,
688 2705 816 2740 quoniam
835 2706 956 2735 liberasti
972 2707 1093 2736 animam

339 2794 350 2809 '
370 2792 448 2820 Joan.
469 2801 526 2825 rm,
542 2793 585 2820 44.
625 2793 635 2808 ³
651 2793 716 2821 Gen.
734 2802 775 2826 Ill,
798 2794 839 2823 l5.-

1142 2217 1199 2241 σεις
1210 2209 1317 2240 αὐτούς.
1337 2218 1346 2234 ι
1364 2209 1419 2235 Καὶ
1440 2209 1514 2236 πᾶσα
1535 2209 1650 2245 καθεξῆς
1669 2211 1685 2245 ἡ
1707 2211 1756 2246 τῆς
1769 2211 1928 2247 ψαλμῳδὶας

1141 2254 1300 2288 ἀκολουθία,
1316 2254 1365 2290 τὴν
1384 2254 1533 2288 ἀνάκλησιν
1553 2255 1602 2289 τῆς
1622 2255 1794 2292 ἀνθρωπίνης
1818 2258 1928 2292 φύσεως

1141 2300 1297 2336 ἑρμηνεύει.
1314 2297 1368 2331 Ἶις
1385 2299 1542 2333 κεφάλαιον.
1557 2300 1607 2334 τῆς
1624 2302 1694 2328 κατὰ
1713 2303 1759 2328 τοῦ
1778 2303 1928 2331 ἀντιπάλου

1141 2346 1219 2381 νίκης
1242 2345 1315 2372 ἐστὶν
1339 2345 1547 2379 ἀνεξάλειπτον,
1570 2345 1662 2382 ὥσπερ
1683 2347 1783 2383 στήλης
1806 2348 1856 2383 τῆς
1879 2350 1928 2376 τοῦ

1141 2391 1207 2418 Θεοῦ
1222 2391 1424 2426 φιλανθρωπίας
1436 2391 1615 2426 μνημόσυνον,
1629 2394 1703 2429 πάσῃ
1713 2395 1746 2430 τῇ
1759 2395 1846 2422 κτίσει
1859 2395 1930 2432 πρὸς

1140 2436 1267 2463 ὑπόθεσιν
1285 2436 1437 2470 δοξολογίας
1452 2437 1642 2472 προκείμενον.

1174 2481 1220 2508 Διό
1242 2490 1308 2517 φησι
1331 2483 1388 2513 τοῖς
1403 2481 1566 2513 τελευταίοις
1587 2483 1637 2517 τῆς
1658 2483 1831 2520 ψαλμῳδίας,
1858 2486 1932 2522 πρὸς

1138 2527 1241 2561 ταύτην
1255 2526 1304 2562 τὴν
1321 2526 1421 2562 στήλην
1445 2526 1561 2562 βλέπων,
1586 2537 1595 2553 ι
1613 2529 1676 2555 Ἐπὶ
1695 2530 1734 2564 τῷ
1746 2530 1806 2564 Θεῷ
1826 2531 1930 2558 αἰνέσω

1141 2572 1226 2607 ῥῆμα,
1245 2572 1294 2598 ἐπὶ
1307 2571 1346 2606 τῷ
1363 2571 1457 2607 Κυρίῳ
1477 2572 1575 2599 αἰνέσω
1589 2572 1677 2606 λόγον,
1692 2575 1738 2600 ἐπὶ
1751 2575 1790 2611 τῷ
1803 2576 1863 2612 Θεῷ
1878 2577 1947 2612 ἠλο-

1141 2625 1218 2644 πισα.
1237 2627 1246 2643 ι
1265 2617 1302 2644 Δι’
1318 2617 1348 2644 ὃν
1361 2617 1408 2644 τὸν
1423 2617 1474 2652 τῆς
1489 2617 1589 2652 σαρκὸς
1601 2619 1682 2652 φόϐον
1699 2621 1789 2648 οὐκέτι
1808 2622 1929 2650 δέδοικα.

1143 2673 1152 2689 ι
1172 2663 1227 2690 Καὶ
1243 2664 1272 2689 ἐν
1294 2663 1366 2698 ἐμοὶ,
1387 2672 1396 2689 ι
1424 2663 1516 2698 φησὶν,
1542 2672 1551 2688 ‹
1575 2663 1663 2698 εὐχαὶ,
1688 2665 1722 2697 ἃς
1745 2667 1878 2694 ἀποδώσω
1894 2669 1930 2696 δι’

1144 2709 1281 2742 αἰνέσεως.
1300 2708 1359 2736 ’Ότι
1375 2707 1482 2744 ἐρρύσω
1499 2707 1547 2743 τὴν
1571 2707 1658 2745 ψυχήν
1674 2720 1724 2746 μου
1745 2713 1779 2739 ὲκ
1799 2713 1930 2747 θανάτου,
