1986 3080
95 140 146 167 581

799 140 832 168 ΙΝ
849 140 1013 168 PSALMOS.

1665 143 1715 170 58‘!

95 198 144 225 καὶ
163 197 225 228 τοὺς
249 198 329 228 πόδας
355 206 403 232 μου
423 198 476 224 ἀπὸ
493 198 681 233 ὀλισθήματος.
702 207 711 224 ι
736 198 884 234 Ὀλισθημα

936 205 1022 225 meam
1037 205 1068 224 ex
1083 197 1202 230 inferno,
1215 202 1241 225 et
1252 198 1334 232 pedes
1345 205 1420 226 meos
1431 198 1465 226 de
1479 198 1568 233 lapsu:
1583 207 1593 225 ι
1606 198 1713 234 lapsum

95 243 125 269 δὲ
140 243 224 276 λέγει,
241 243 289 278 τὴν
311 243 488 278 παρατροπὴν
504 244 554 278 τῆς
568 243 611 269 διὰ
625 244 679 270 τῶν
695 243 808 270 ἐντολῶν
831 252 881 270 πο-

98 289 183 324 ρείας,
203 289 248 322 ἀφ’
266 286 299 324 ἧς
312 289 342 314 τὸ
361 289 460 324 πτῶμα
480 289 596 323 ἐγένετο.
616 289 821 324 Ἐλευθερωθεὶς
836 287 882 315 οὖν

96 334 144 361 τοῦ
170 334 283 361 θανάτου
295 354 301 365 ,
322 335 368 361 καὶ
383 335 545 370 ἀνορθωοεὶς
562 336 592 361 ἐκ
613 335 660 361 τοῦ
676 334 835 369 πτώματος,
851 335 882 361 ἐκ

98 380 245 415 προσώπου
260 381 363 414 γίνεται
382 381 428 407 τοῦ
448 381 526 412 Θεοῦ,
540 377 570 407 οὗ
586 380 616 407 τὺ
637 380 742 416 πρῶτον
756 380 810 406 τῶν
831 380 882 406 ὑπὸ

97 426 148 460 τῆς
160 426 268 460 ἐντολῆς
281 427 526 462 ἀπηγορευομένων
539 426 680 462 ἐμφαγὼν,
698 426 881 461 ἀπεφύτησεν,

98 474 132 507 τῇ
148 473 211 507 σκιᾷ
232 473 280 508 τῆς
295 474 379 508 συκῆς
402 473 496 499 ἑαυτὸν
517 473 561 499 ὑπ’
584 473 712 508 αἰσχύνης
731 472 878 507 ἐγκρύψας.

105 517 259 544 Ἀπολαῦὼν
275 515 320 544 οὖν
335 519 415 546 πάλιν
427 519 475 553 τὴν
490 519 655 554 παρρησίαν,
669 519 882 545 ἀποκαθίσταται

98 562 138 597 τῷ
150 563 218 597 φωτὶ
229 563 266 598 τῷ
280 563 371 594 ζῶντι.
387 573 396 588 ι
415 564 597 599 Εὑαρεστήσω
612 574 620 590 ι
636 564 700 599 γὰρ,
714 564 789 599 φησὶ,
804 573 812 590 t
831 565 884 590 Κυ-

101 608 151 643 ρίῳ
165 608 194 633 ὲν
208 608 276 642 φωτὶ
287 607 404 640 ζώντων,
421 618 430 634 ›
449 609 509 636 ὅθεν
524 611 662 644 καταρχὰς
676 609 718 636 διὰ
731 610 780 644 τῆς
793 610 883 645 ἀμοιρ-

99 653 160 684 τίσις
175 653 341 689 ἀπεξενὼοη.
365 655 418 682 Καὶ
437 656 501 691 περὶ
518 656 566 690 μὲν
586 655 688 682 τούτων
703 655 830 682 τοσαῦτα.
846 657 882 682 Οὐ

56 708 58 711 ι
100 698 154 733 γὰρ
173 696 247 733 οἶμαι
263 700 317 725 δεῖν
330 699 363 726 τὰ
387 700 447 726 καθ’
468 701 582 727 ἕκαστον
605 700 817 735 φιλοπονώτερον
838 700 882 732 ἐξ·

100 744 230 776 ετὰζοντα
242 765 248 776 ,
263 745 302 776 είς
316 745 447 780 ἀμετρίαν
469 740 641 781 παρατείνειν
657 745 801 779 τὸνλόγον.
817 745 883 772 Πολ-

100 789 154 815 λὼν
169 789 196 816 δὲ
211 790 294 816 ὅντων
309 791 336 816 ὲν
348 792 406 822 ταῖς
421 792 507 826 ἱεραῖς
520 791 666 826 ὑμνῳδίαις
678 791 731 817 τῶν
745 792 883 818 ἐπινικίων

98 835 224 871 ιᾡτιλμῷν,
239 835 286 867 οὓς
299 836 315 871 ἡ
331 836 469 873 ἐπιγραφὴ
487 846 497 862 ι
510 835 556 862 τοῦ
573 835 666 868 τέλους
684 846 693 862 ι
707 836 885 868 ἐνδείκνυται,

933 247 1013 270 vocat
1022 243 1222 271 alnerrationem
1235 252 1250 271 α
1262 245 1306 271 via
1319 245 1520 278 mandatorum,
1535 252 1595 280 quae
1606 252 1712 271 rumam

933 289 1033 315 attulit.
1060 288 1203 316 Liberatus
1231 290 1315 324 igitur
1341 297 1356 316 a
1382 295 1479 321 morte.
1497 294 1523 317 ct
1548 295 1656 317 erectus
1679 298 1714 317 ex

933 340 1008 365 casu,
1020 340 1034 358 a
1049 337 1125 368 parte
1139 333 1183 360 Dei
1196 338 1260 367 stat,
1273 341 1287 360 a
1300 341 1355 368 quo
1368 335 1483 368 primum
1496 336 1617 362 omnium
1634 336 1713 370 quasi

933 378 1150 412 transplantatus
1163 379 1259 412 fuerat,
1269 387 1330 405 cum
1341 387 1401 406 sese
1414 380 1447 407 iis
1459 380 1642 415 ingurgitavit,
1653 389 1714 415 qua:

932 423 1054 450 divinum
1086 425 1244 451 mandatum
1270 425 1459 460 prohibuerat,
1493 427 1635 454 occultans
1653 434 1713 455 sese

933 476 988 503 prm
1006 468 1110 503 pudore
1123 470 1176 497 sub
1192 471 1287 498 umbra
1305 471 1382 498 ﬁcus.
1402 470 1520 505 Recepta
1534 479 1598 506 ergo
1617 480 1713 500 rursus

933 514 1068 546 libertate,
1084 515 1186 542 viventi
1212 515 1309 542 lumini
1326 515 1489 543 restituitur.
1519 516 1609 544 innuit
1621 518 1711 544 enim:

936 569 944 585 ι
962 559 1079 586 Plaeebo
1095 559 1210 587 Domino
1222 561 1250 588 in
1268 561 1370 588 lumine
1384 561 1543 593 viventium,
1565 571 1574 588 ι
1595 563 1666 590 unde
1680 565 1714 591 ab

933 603 1011 631 initio
1031 613 1078 639 per
1095 610 1237 640 peccatum
1254 610 1416 634 recesserat.
1433 606 1466 633 Et
1490 607 1523 634 de
1548 607 1590 635 his
1605 608 1713 642 quidem

933 650 983 678 ista
999 660 1005 677 :
1024 658 1078 678 non
1094 652 1165 678 enim
1184 652 1302 679 arbitror
1317 660 1385 686 opus
1403 660 1465 680 esse
1482 653 1590 687 singula
1608 654 1714 682 studio-

933 696 990 724 sius
1019 697 1157 732 persequi,
1185 705 1219 724 ne
1247 698 1360 724 nimium
1384 702 1492 725 crescat
1520 700 1618 726 oratio.
1645 700 1713 727 Cum

933 746 1024 769 autem
1040 743 1066 769 in
1083 743 1183 770 divinis
1199 743 1259 770 istis
1280 743 1387 778 hymnis
1404 744 1480 771 multi
1497 744 1550 772 sint
1573 745 1669 779 psaltni
1684 746 1712 772 in

933 788 1086 819 victoriam,
1099 796 1167 823 quos
1178 789 1347 817 demonstrat
1358 790 1514 825 inscriptio:
1529 800 1539 816 ‹
1554 791 1581 817 In
1595 791 1686 825 tinent;
1701 801 1710 818 ι

934 836 1035 858 etcum
1063 833 1089 859 in
1118 833 1160 860 his
1184 834 1268 861 variis
1293 834 1380 861 modis
1402 835 1515 861 victoria
1532 835 1565 862 ab
1591 835 1713 862 hostibus

99 881 146 908 καὶ
157 881 333 917 πολυτρόπως
340 881 390 918 τῆς
400 882 471 909 κατὰ
479 881 533 908 τῶν
544 881 697 909 ἀντιπάλων
705 882 782 918 νίκης
791 883 819 908 ἐν
826 881 884 908 τού-

936 881 1072 911 reportata
1083 879 1199 912 spectari
1210 879 1306 913 possit,
1319 880 1457 914 propriam
1469 886 1557 907 tamen
1569 881 1714 915 quamdam

97 934 155 958 τοις
166 926 366 962 οεωρουμένης,
385 928 448 954 ἴδιόν
462 936 521 954 τινα
533 927 611 962 λόγον
627 927 714 955 ἔοικεν
729 928 800 963 ἔχειν
815 929 831 962 ἡ
844 927 887 954 διὰ

101 968 155 995 τῶν
170 969 218 1004 τῆς
233 970 350 1004 ἱστορίας
363 971 530 1006 αίνιγμάτων
543 973 726 1008 σημαινομένη
742 973 810 1000 κατὰ
822 973 885 1004 τοὺς

102 1015 337 1049 προσπαλαίοντας
353 1015 425 1051 νίκη.
442 1016 552 1054 ,Ταύτης
568 1017 640 1050 λέγω
655 1018 703 1052 τῆς
721 1018 849 1053 ἱστορίας,

101 1059 136 1085 τὰ
150 1060 212 1094 περὶ
227 1060 274 1086 τοῦ
291 1061 375 1086 Σαοὺλ
386 1061 560 1097 διεξέρχεται·
577 1062 605 1088 ἐν
621 1059 659 1094 οἷς
672 1064 688 1097 ἠ
704 1063 758 1088 τῶν
771 1063 885 1097 ψαλμῶν

102 1105 177 1137 τάξις
191 1105 240 1131 οὐκ
253 1106 284 1132 ὲκ
298 1107 346 1141 τῆς
366 1106 526 1138 ἀκολουθίας
543 1107 597 1134 τῶν
615 1108 755 1143 ιστορικῶν
770 1109 884 1143 συνέστη

103 1151 285 1185 πραγμάτων,
307 1151 374 1178 ἀλλὰ
392 1154 448 1184 τοῖς
472 1153 541 1179 κατὰ
565 1154 705 1188 προκοπὴν
730 1153 764 1179 δι’
785 1153 885 1188 ἀρετῆς

102 1196 298 1231 τελειουμένοις
319 1197 554 1232 ἐπηκολούθησεν·
574 1198 688 1225 ἕκαστον
707 1198 762 1224 τῶν
784 1199 812 1224 ὲν
829 1199 885 1229 τοῖς

103 1241 246 1275 πράγμασι
271 1241 455 1276 δηλουμένων,
476 1241 651 1274 είςὲνδειξιν
667 1242 718 1276 τῆς
740 1241 811 1268 κατὰ
835 1241 884 1276 τὴν

103 1282 202 1316 ἀρετὴν
218 1282 357 1316 αὐξήσεως
370 1283 542 1318 καταλλήλως
556 1284 710 1318 ἁρμόσασα,
726 1284 773 1310 καὶ
790 1283 885 1318 πρῶτα

103 1328 150 1352 καὶ
167 1327 304 1353 τελευταῖα
317 1328 386 1354 κατὰ
400 1328 445 1354 τὸν
458 1327 536 1362 λόγον
548 1328 598 1363 τῆς
612 1329 710 1364 ἀρετῆς
722 1329 754 1354 δι’
773 1329 885 1355 ἀκολού-

104 1372 149 1398 θου
170 1373 310 1407 ταχθῆναι,
328 1374 375 1400 καὶ
399 1374 435 1409 μὴ
453 1376 486 1409 τῇ
502 1374 580 1409 ὑλικῇ
601 1375 727 1409 συντυχίᾳ
741 1375 793 1400 τῶν
814 1382 884 1409 πρα-

103 1419 214 1453 γμάτων
230 1419 369 1446 δουῖεὖσαι
386 1421 434 1456 τὴν
448 1422 534 1454 τάξιν.
550 1422 600 1448 Διὰ
619 1421 698 1448 τοῦτο
714 1421 781 1456 μετὰ
802 1421 885 1448 πολλὰ

104 1465 282 1499 ἑρμηνεύεται
302 1466 319 1500 ἡ
334 1466 387 1500 πρὸ
403 1466 507 1492 πολλῶν
521 1466 691 1502 πραγμάτων
717 1467 885 1502 γεγενημένη

103 1510 172 1535 κατὰ
187 1509 216 1535 τὺ
232 1510 361 1545 σπήλαιον
379 1511 512 1548 συνδρομὴ
529 1512 577 1538 τοῦ
591 1521 620 1538 τε
639 1512 734 1544 Σαοὺλ,
751 1512 797 1538 τοῦ
818 1513 885 1547 πρὸς

103 1555 148 1581 τὸν
167 1555 244 1589 φόνον
263 1555 403 1588 διώκοντος
415 1578 421 1589 ,
441 1558 487 1583 καὶ
512 1557 560 1584 τοῦ
578 1557 659 1585 Δαῦὶδ
678 1557 725 1584 τοῦ
739 1558 784 1584 τὸν
806 1559 885 1593 φόνον

104 1600 283 1632 ἐκκλίναντος.
310 1602 353 1627 Ἐν
366 1598 388 1635 ᾧ
402 1602 468 1638 πρὸς
482 1602 512 1628 τὸ
526 1602 646 1630 ἐναντίον
666 1603 820 1639 ἀνεστράφη
838 1603 885 1630 τοῦ

104 1645 184 1678 φόνου
203 1646 219 1680 ἡ
245 1645 361 1679 ἐξουσία,
381 1647 418 1679 ὼς
441 1649 486 1675 τὸν
510 1649 556 1675 ἐπὶ
580 1649 688 1684 θανάτῳ
711 1650 884 1684 διωκόμενον,

103 1690 196 1717 τοῦτον
210 1691 353 1726 ἐφεστάναι
368 1694 400 1728 τῇ
417 1694 463 1720 τοῦ
481 1694 615 1728 φονῶντος
632 1697 732 1731 σφαγῇ,
749 1696 795 1722 καὶ
808 1695 884 1728 ἐξου-

105 1736 164 1763 σίαν
184 1738 281 1772 σχόντα
299 1738 348 1774 τὴν
369 1740 439 1766 κατὰ
456 1739 502 1766 τοῦ
523 1740 652 1776 πολεμίου
672 1742 806 1778 τιμωρίαν
822 1743 884 1778 στῆ-

105 1790 159 1812 σαι.
180 1783 226 1809 καὶ
246 1783 315 1817 μετὰ
337 1784 388 1819 τῆς
407 1784 528 1817 ἐξουσίας
545 1786 595 1821 τὴν
610 1786 733 1822 δύναμιν,
757 1788 817 1814 ἀντὶ
838 1788 884 1814 τοῦ

104 1827 231 1863 πολεμίου
248 1829 292 1856 τὸν
311 1830 406 1856 ἑαυτοῦ
422 1830 506 1865 θυμὸν
523 1831 551 1857 ὲν
568 1831 656 1866 ἐαυτῷ
677 1832 883 1860 ἀποκτείναντα.

139 1920 179 1946 Τὰ
198 1920 245 1954 μὲν
259 1917 304 1946 οὖν
326 1921 374 1955 τῆς
398 1921 517 1955 ἱστορίας
535 1922 601 1948 πᾶσι
628 1922 759 1957 πρόδηλον
779 1923 886 1956 πάντως

104 1966 189 1995 ἐστὶν,
216 1963 255 1996 οἷς
275 1966 323 1992 οὐκ
350 1967 379 1992 ὲν
401 1967 532 2002 παρέργῳ
555 1967 587 1994 τὰ
611 1967 670 1994 Oeta.
698 1969 883 2000 σπουδάζεται.

111 2010 240 2045 Ἐροῠμεν
255 2010 283 2036 δὲ
298 2011 341 2036 διὰ
358 2011 487 2046 βραχέων,
503 2012 540 2044 ὡς
552 2013 585 2039 ἂν
599 2009 653 2039 οἷόν
667 2021 696 2039 τε
742 2014 887 2048 συντεμόνέ

103 2065 148 2088 τες
165 2057 193 2082 ἐν
211 2056 292 2090 ὀλίγῳ
314 2057 344 2083 τὸ
362 2057 426 2092 πεφὶ
441 2058 533 2084 τούτου
553 2058 683 2093 διήγημα.
704 2060 827 2094 Ἔρημός
843 2069 885 2092 τις

102 2099 136 2136 ἦν
150 2102 231 2133 τόπος
246 2102 315 2128 κατὰ
328 2102 377 2137 τὴν
395 2102 532 2134 Ἰουδαίαν,
547 2103 575 2129 ὲν
591 2099 612 2136 ᾧ
625 2104 786 2139 διωκόμενος
801 2105 815 2130 ὁ
831 2106 884 2131 Δα-

103 2147 145 2173 6¹ιδ
157 2146 208 2173 ὑπὸ
227 2147 380 2181 ἀμηχανίας
397 2147 530 2182 ηὐλίζετο.
555 2148 598 2174 Ἐν
611 2148 697 2183 τούτῳ
711 2157 738 2174 τι
754 2148 884 2184 σπήλαιον
905 2143 907 2145 ’

937 922 1070 949 rationem
1085 923 1185 950 habere
1199 924 1309 950 videtur
1334 925 1447 952 victoria
1470 926 1515 958 iila
1529 927 1563 952 ab
1590 926 1715 954 hostibus

935 968 1029 1000 relata,
1038 976 1098 1002 quas
1110 976 1156 1003 per
1165 970 1285 998 historiae
1295 971 1428 998 velamina
1438 972 1517 999 nobis
1528 972 1713 1008 signiﬁcatur:

935 1012 1008 1039 illam
1024 1013 1086 1040 dico
1103 1014 1256 1047 historiam,
1271 1024 1324 1050 qua
1339 1018 1498 1051 exsequitur
1511 1025 1542 1044 ea
1570 1026 1629 1053 quze
1653 1026 1713 1046 curn

937 1057 1018 1085 Saule
1035 1059 1204 1093 Ot‘Cidt'l‘llltl,
1221 1060 1248 1087 in
1263 1061 1363 1095 quibus
1387 1063 1552 1096 psalmorum
1578 1064 1644 1090 ordo
1661 1071 1715 1091 non

936 1108 1043 1129 constat
1058 1111 1090 1130 ev
1113 1111 1203 1131 rerum
1232 1109 1368 1139 gestarum
1393 1107 1464 1134 serie
1483 1112 1508 1134 ct
1536 1108 1641 1140 ordine,
1669 1109 1714 1136 sed

936 1148 1069 1182 profectui
1085 1156 1191 1181 eorum,
1211 1151 1256 1184 qui
1272 1152 1374 1178 virtute
1396 1152 1583 1187 perﬁciuntur,
1606 1160 1715 1180 accom-

936 1194 1072 1221 modatur.
1085 1194 1231 1227 Quodlibet
1242 1196 1314 1222 enim
1328 1204 1421 1223 eorum
1438 1205 1497 1232 qum
1512 1205 1559 1232 per
1570 1206 1612 1226 res
1624 1203 1714 1233 gestas

936 1239 1124 1273 insinuantur,
1138 1241 1170 1268 ad
1185 1242 1428 1270 demonstrandum
1444 1244 1471 1270 in
1486 1244 1633 1272 virtutibus
1652 1253 1716 1279 prn-

936 1285 1039 1312 I'ectum
1063 1288 1257 1314 convenienter
1283 1292 1369 1322 aptat,
1387 1292 1415 1315 ut
1442 1289 1555 1323 proinde
1579 1290 1663 1324 prima
1690 1297 1716 1317 et

936 1333 1072 1364 postrema
1090 1331 1239 1357 secundum
1253 1331 1362 1358 virtutis
1381 1332 1514 1359 rationem
1536 1338 1564 1360 et
1588 1335 1716 1368 praescri-

936 1375 1054 1409 ptionem
1077 1375 1128 1402 sibi
1145 1379 1240 1402 mutuo
1252 1383 1375 1403 connexa
1391 1377 1466 1410 sint;
1496 1386 1581 1412 neque
1605 1387 1717 1406 necesse

936 1420 1019 1447 fuerit
1046 1421 1169 1448 ordinem
1203 1422 1336 1449 tnateriali
1373 1424 1450 1457 quasi
1487 1428 1576 1450 rerum
1608 1425 1717 1452 eventui

936 1466 1046 1493 servire.
1064 1467 1128 1498 Quae
1143 1474 1225 1494 causa
1244 1471 1295 1498 est,
1313 1474 1362 1494 cur
1376 1471 1438 1502 post
1454 1469 1537 1495 multa
1555 1469 1606 1495 alia
1618 1477 1717 1496 recen-

937 1516 1028 1538 sentur
1049 1511 1074 1538 id
1099 1511 1172 1545 quod
1201 1512 1287 1538 multo
1316 1516 1379 1540 ante
1404 1517 1550 1546 evenerat,
1580 1515 1717 1548 quomodo

937 1556 1040 1584 scilicet
1055 1555 1119 1583 Saul
1131 1559 1157 1584 ct
1174 1555 1256 1584 David
1271 1557 1297 1584 in
1311 1557 1441 1592 spelunca
1454 1559 1642 1591 convenerint,
1655 1567 1717 1587 cum

937 1601 1002 1628 Saul
1020 1601 1146 1629 Davidem
1161 1602 1193 1630 ad
1211 1606 1324 1630 mortem
1344 1607 1487 1638 quaareret.
1510 1607 1537 1630 et
1559 1603 1641 1632 David
1658 1605 1717 1632 exi-

936 1647 1003 1674 tium
1017 1646 1131 1682 fugeret.
1146 1647 1207 1680 Quo
1222 1655 1287 1675 casu
1301 1648 1328 1674 in
1353 1649 1523 1676 contrarium
1536 1650 1621 1677 evasit
1633 1651 1716 1678 caedis

935 1693 1073 1726 violentia,
1089 1701 1150 1721 cum
1168 1694 1201 1727 is,
1231 1694 1276 1729 qui
1307 1694 1340 1721 ad
1357 1695 1456 1722 cadem
1479 1696 1660 1730 qua-rebatur,
1688 1697 1716 1724 in

936 1742 1071 1773 potestate
1081 1746 1130 1765 sua
1143 1746 1204 1765 eum
1217 1739 1338 1769 haberet,
1354 1740 1399 1773 qui
1412 1729 1571 1774 sanguin‘cm
1585 1741 1715 1774 spirabat,

936 1785 1026 1811 oblata
1041 1784 1065 1811 ei
1081 1783 1210 1811 facultate
1238 1784 1404 1819 supplicium
1423 1785 1449 1811 in
1465 1785 1568 1812 hostem
1581 1786 1715 1818 vertendi,

935 1829 1113 1864 ejusdemque
1136 1830 1284 1864 potentiam
1308 1829 1525 1864 comprimendi:
1550 1830 1597 1857 sed
1626 1836 1717 1858 tamen

936 1874 997 1901 loco
1014 1874 1101 1901 hostis
1119 1874 1256 1901 interemit
1272 1874 1299 1900 in
1315 1874 1406 1909 seipso
1423 1881 1500 1901 suam
1516 1874 1594 1902 iram.

971 1919 1036 1952 Qua:
1062 1920 1145 1954 igitur
1173 1919 1206 1946 ad
1232 1919 1376 1946 historiam
1408 1921 1562 1954 pertinent,
1589 1920 1716 1948 omnibus

936 1970 999 1992 nota
1016 1970 1089 1998 sunt,
1108 1966 1154 1999 qui
1169 1973 1222 1992 non
1237 1965 1325 1992 obiter
1340 1969 1444 1992 tantum
1458 1973 1547 1993 rerum
1561 1965 1715 1993 divinarum

936 2010 1025 2037 studio
1039 2014 1148 2037 vacant.
1164 2010 1394 2038 Percensebimus
1407 2011 1586 2038 nihilominus
1599 2019 1642 2044 ea,
1659 2015 1716 2038 tota

936 2057 1091 2083 narratione
1107 2064 1188 2091 quam
1208 2056 1264 2083 lieri
1278 2060 1368 2091 potest
1394 2057 1570 2091 paucissimis
1590 2064 1717 2092 compre-

936 2101 1031 2128 hensa.
1050 2100 1178 2128 Desertus
1190 2106 1248 2128 erat
1260 2102 1338 2129 locus
1352 2102 1378 2128 in
1392 2101 1496 2134 Judaea,
1512 2102 1539 2128 in
1551 2110 1606 2136 quo
1621 2102 1716 2135 David,

935 2153 996 2173 cum
1012 2147 1046 2173 ab
1063 2147 1189 2174 hostibus
1201 2147 1259 2175 suis
1273 2147 1469 2182 cxagitaretur,
1481 2155 1536 2182 prae
1546 2148 1636 2183 inopia
1651 2155 1718 2175 con-

103 2192 257 2228 εὒρύχωρον
270 2190 312 2227 ἦν,
329 2192 362 2218 δι’
379 2193 438 2224 ἐνὸς
454 2193 562 2228 στομίου
578 2194 640 2224 τοὺς
655 2195 684 2220 ἐν
702 2193 776 2229 αὐτῷ
798 2202 882 2221 κατα-

936 2193 989 2219 silii
1002 2193 1157 2220 oberrabat.
1173 2193 1202 2220 In
1216 2194 1267 2220 hoc
1282 2194 1336 2220 late
1350 2198 1447 2228 patens
1468 2194 1598 2228 spelunca
1612 2194 1718 2221 viseba-

103 2237 247 2273 δυομένους
264 2238 492 2273 παραδεχόμενον.
514 2238 566 2265 Τοῦ
580 2239 608 2265 δὲ
622 2239 706 2265 Σαοὺλ
722 2239 885 2275 ἀναζητοῦν-

103 2292 148 2316 τος
171 2284 215 2310 τὸν
233 2285 328 2315 Δαὸὶδ,
348 2286 396 2312 καὶ
413 2286 583 2320 πανστρατιᾷ
605 2286 814 2321 διερευνωμένου
837 2285 886 2321 τὴν

104 2328 214 2364 ἔρημον,
229 2329 445 2362 καταφεύγουσιν
462 2329 508 2355 ὑπ’
523 2330 646 2364 ἀνάγκης
666 2330 746 2361 αὑτός
765 2339 792 2356 τε
807 2331 820 2357 ὁ
834 2331 886 2356 Δα-

104 2374 155 2406 ίῆδ,
172 2374 217 2400 καὶ
231 2375 253 2400 οἰ
270 2375 327 2409 μετ’
339 2375 453 2407 ἐκείνου,
472 2374 523 2401 ὑπὸ
538 2375 568 2401 τὺ
582 2375 720 2410 σπήλαιον.
740 2376 843 2402 Ὄντων
857 2375 886 2402 δὲ

103 2421 152 2455 ἤδη
169 2415 270 2446 τούτων
290 2421 317 2446 ἐν
335 2420 373 2455 τῷ
392 2420 529 2456 σπηλαίῳ,
551 2421 615 2447 εῑσω
634 2421 737 2454 γίνεται
757 2420 804 2447 τοῦ
827 2429 886 2447 στο-

106 2464 164 2499 μίου
179 2465 226 2490 καὶ
240 2465 254 2491 ὁ
267 2465 352 2491 Σαοὺλ
368 2465 425 2500 μετ’
437 2466 566 2497 ἐκείνους,
581 2465 623 2500 ἐφ’
633 2461 655 2499 ᾧ
666 2474 695 2492 τε
711 2465 778 2500 πρός
790 2474 816 2492 τι
831 2465 885 2492 τῶν

104 2510 258 2543 ἀναγκαίων
269 2510 539 2545 παρασκευάσασθαι.
551 2510 656 2544 ἀγνοῶν
666 2510 715 2545 τὴν
727 2510 886 2544 αὐτομάτως

103 2556 245 2589 συμϐᾶσαν
270 2555 340 2582 κατὰ
362 2555 413 2589 τῆς
440 2556 575 2590 σωτηρίας
601 2555 683 2582 αὑτοῦ
708 2556 883 2591 στρατηγίαν.

108 2600 151 2631 Ὠς
165 2598 211 2626 οὖν
223 2600 264 2633 ἐφ’
278 2599 374 2626 ἑαυτοῦ
386 2597 430 2635 ἦν,
445 2600 492 2626 καὶ
503 2600 552 2635 τὴν
561 2600 683 2627 διπλοΐδα
695 2600 885 2635 περιελόμενος

104 2646 168 2680 παρ’
181 2645 274 2671 ἑαυτὸν
288 2652 338 2671 που
356 2645 483 2672 κατέθετο
493 2665 500 2677 ,
514 2638 670 2681 καταφανὴς
684 2645 722 2672 ὢν
733 2645 777 2672 διὰ
791 2645 842 2680 τῆς
853 2647 885 2672 ὲκ

103 2691 149 2717 τοῦ
171 2691 280 2725 στομίου
297 2691 398 2725 αὐγῆς,
413 2692 470 2722 τοῖς
485 2690 558 2717 ἔνδον
579 2691 827 2727 ὐποκρυπτομένοις
846 2691 885 2726 τῷ

103 2735 186 2770 ζόφῳ·
198 2737 252 2767 τοῖς
268 2735 317 2770 μὲν
331 2735 420 2766 ἄλλοις
432 2733 465 2771 ἦν
478 2735 574 2771 γνώμη
590 2737 671 2762 πᾶσιν
686 2737 741 2768 τοῖς
758 2736 825 2771 μετὰ
837 2737 884 2763 τοῦ

103 2780 184 2807 Δασὶδ
202 2781 359 2816 ἐπιδραμεῖν
378 2781 417 2816 τῷ
429 2780 528 2816 ἐχθρῷ,
545 2780 593 2807 καὶ
611 2780 764 2816 ἀμύνασθαι
779 2781 824 2807 τὸν
840 2781 885 2807 ἐπὶ

103 2825 132 2852 τὺ
146 2825 274 2860 φονεῦσαι
294 2826 523 2862 παραγενόμενον,
540 2822 579 2858 ¹ὡς
592 2825 639 2853 τοῦ
655 2826 722 2853 Θεοῦ
740 2826 884 2857 δεδωκότος

937 2242 990 2271 tur,
1007 2246 1061 2265 uno
1077 2238 1151 2265 aditu
1167 2239 1384 2273 ingredientibus
1411 2243 1514 2274 aperta.
1530 2238 1612 2266 Saule
1626 2243 1716 2266 autem

932 2282 1060 2310 Davidem
1074 2290 1222 2318 quaerente,
1235 2288 1347 2318 tutoque
1362 2291 1414 2312 suo
1431 2291 1494 2311 cum
1512 2286 1634 2312 exercitu
1652 2285 1720 2312 soli-

932 2327 1053 2355 tudinem
1071 2329 1268 2364 perlustrante,
1284 2329 1448 2365 confugiunt
1464 2331 1629 2358 necessitate
1641 2338 1718 2358 eom-

930 2374 1003 2409 pulsi
1020 2374 1117 2408 David,
1130 2381 1156 2403 et
1169 2376 1217 2411 qui
1227 2383 1289 2403 cum
1300 2383 1344 2409 eo,
1357 2376 1384 2403 in
1401 2377 1570 2411 speluncam.
1582 2377 1650 2404 Cum
1660 2377 1718 2412 jam

930 2423 1023 2448 essent
1031 2420 1057 2448 in
1065 2422 1209 2456 spelunca,
1224 2421 1376 2458 ingreditur
1387 2426 1448 2457 post
1458 2422 1519 2450 illos
1531 2428 1558 2450 et
1571 2422 1629 2458 ipse
1639 2423 1715 2455 Saul,

931 2467 1035 2501 utquid
1046 2474 1137 2494 rerum
1152 2468 1372 2496 necessariarum
1388 2473 1489 2504 ageret,
1504 2468 1636 2504 ignorans
1646 2469 1719 2497 illam

935 2515 995 2542 quae
1009 2507 1121 2535 fortuito
1137 2513 1231 2535 contra
1245 2516 1322 2536 suam
1338 2509 1451 2537 salutem
1467 2515 1643 2542 convenerat,
1658 2518 1716 2537 ma-

935 2559 1010 2579 num.
1029 2552 1098 2587 Ergo
1117 2560 1178 2580 cum
1196 2553 1272 2580 solus
1285 2558 1368 2587 esset,
1380 2555 1622 2590 complicatamque
1635 2555 1716 2582 tuni-

935 2604 994 2624 cam
1005 2597 1083 2632 juxta
1095 2606 1124 2625 se
1135 2592 1234 2625 alicubi
1245 2598 1425 2633 deposuisset,
1440 2600 1599 2628 manifestus
1611 2605 1637 2628 et
1649 2608 1716 2628 con-

935 2643 1056 2678 spicuus,
1072 2644 1107 2671 ob
1120 2644 1290 2678 splendorem
1310 2651 1359 2679 per
1376 2646 1477 2673 ostium
1499 2646 1634 2680 spelunca:
1651 2646 1716 2674 sub-

934 2693 1042 2716 euntem
1059 2688 1122 2721 illis,
1137 2697 1206 2723 quos
1223 2689 1296 2717 intus
1310 2690 1427 2718 tenebrm
1448 2691 1618 2722 occulebant,
1632 2691 1715 2719 sociis

935 2733 1042 2768 quidem
1057 2733 1167 2762 Davidis
1186 2735 1293 2763 animus
1307 2741 1362 2762 erat
1379 2736 1482 2763 irruere
1501 2736 1528 2762 in
1546 2735 1661 2768 hostem,
1673 2735 1716 2768 ul-.

935 2779 1055 2814 ciscique
1068 2786 1141 2811 eum,
1156 2780 1202 2814 qui
1219 2781 1300 2808 caedis
1311 2781 1456 2808 inferenda?
1466 2788 1548 2808 causa
1559 2779 1715 2813 advenerat,

935 2826 1013 2861 quasi
1028 2826 1155 2854 nimirum
1169 2827 1227 2861 ipse
1242 2826 1313 2856 Deus
1331 2827 1358 2854 in
1375 2835 1472 2855 manus
1491 2826 1647 2855 tradidisset
1666 2826 1715 2854 ho-
