1986 3080
246 127 296 155 εδδ

859 125 887 153 S.
903 124 922 153 ti
929 124 1068 153 ltEGORll
1084 124 1230 154 NYSSENI

1821 124 1873 152 58‘

247 190 315 212 stem
331 184 364 211 iis
377 183 422 218 qui
438 183 470 211 ad
492 183 593 212 caulem
612 184 813 219 querebantur.
831 185 864 213 At
878 185 962 212 David
977 185 1033 212 ho-

1084 186 1140 217 τοῖς
1152 186 1198 212 ἐπὶ
1211 185 1319 220 θανάτῳ
1338 185 1510 221 διωκομένοις
1526 185 1571 212 τὸν
1590 185 1685 221 ἐχθρὸν
1707 183 1871 220 ὑποχείριον,

249 236 309 256 rum
326 229 454 263 impetum
473 230 646 264 compressit,
662 230 792 265 injustam
809 238 870 258 esse
884 236 959 258 ratus
973 231 1033 258 illo-

247 282 307 302 rum
324 275 351 301 in
371 282 462 309 regem
485 274 724 302 machinationem.
746 275 849 302 Str-icto
868 276 960 310 itaque
975 276 1032 310 gla-

248 320 296 346 dio
311 320 466 346 clanculum
483 327 498 346 a
524 323 599 355 tergo
626 319 700 347 Sauli
722 320 824 351 astitit,
847 328 908 348 cum
926 321 1033 348 nemine

246 366 358 393 conscio
372 373 435 392 eum
459 365 586 393 invadere
605 369 713 400 posset,
732 365 851 393 tenebrae
867 366 939 393 enim
960 366 1031 392 antri

246 410 334 438 oculis
354 410 447 438 otfusee
479 410 607 436 arcebant
626 417 720 438 eorum
735 429 743 441 ,
760 417 820 444 quae
837 410 947 442 ﬁebant,
965 416 1032 436 con-

246 460 368 489 spectum
396 458 424 481 et
452 453 716 482 manifestationem.
742 455 810 482 Cum
834 455 918 490 igitur
937 455 1030 482 liceret

245 507 301 526 uno
319 499 385 530 ictu,
401 499 492 526 medio
506 498 599 531 dorso,
615 506 664 533 per
685 499 773 534 ipsum
791 506 839 526 cor
854 499 971 534 gladium
991 504 1032 525 lo-

245 548 303 570 tum
318 544 439 578 adigere,
458 550 558 577 corpus
576 543 684 578 quidem
704 543 796 572 Saulis
822 551 909 579 neque
927 544 1030 579 tetigit,

245 596 334 621 neque
354 591 466 621 tangere
483 588 596 614 omnino
616 588 709 615 voluit.

282 632 408 660 Prmcidit
427 636 517 659 autem
535 633 647 660 silenter
663 633 753 668 gladio
766 641 842 661 oram
860 633 1030 669 chlamydis,

247 683 276 705 ut
292 679 318 705 in
334 683 471 713 posterum
485 678 526 705 vel
540 678 662 714 chlamys
676 679 754 706 testis
768 683 840 706 esset
856 687 912 706 sua:
926 681 952 705 in
967 678 1033 705 Sau-

247 725 298 751 lem
316 723 512 755 humanitatis,
538 723 686 750 ostendens
710 723 768 758 ipsa
793 723 906 750 ﬁmbriae.
927 723 1031 750 abscis-

247 771 324 798 sione
340 773 520 805 potestatem,
538 776 620 804 quam
642 768 775 795 habuerat
795 769 824 794 in
846 775 948 802 corpus
960 768 1031 801 ejus.

247 816 352 849 Quibus
368 814 544 842 manifestum
566 814 673 845 evasit,
693 820 775 848 quam
797 813 920 848 insignes
943 813 1032 848 prole-

245 867 308 889 ctus
324 861 408 887 David
432 860 460 886 in
477 859 685 894 longanimitale
708 862 735 885 et
759 859 971 886 mansuetudine
993 858 1034 885 fe-
1048 852 1070 880 Β

245 907 331 940 cerit,
345 907 392 942 qui
409 913 490 932 manu
507 904 610 932 nudum
625 903 745 938 gladium
758 907 856 931 tenens
867 924 874 935 ,
889 904 1031 938 supposito

246 952 337 979 manui
353 951 387 978 ad
404 952 487 977 ictum
502 951 562 985 ipso
577 949 666 977 hostis
680 956 795 983 corpore
806 969 813 981 ,
832 956 894 977 cum
910 953 1032 984 potesxas

246 996 399 1024 trucidandi
416 1003 478 1023 eum
496 998 671 1030 suppeteret,
691 998 819 1028 superato
834 1001 881 1028 per
898 994 1031 1021 rationem

246 1042 347 1077 impetu
365 1041 412 1068 ira:
423 1061 430 1072 ,
446 1045 473 1068 et
490 1040 583 1067 divino
600 1040 698 1067 timore
716 1038 889 1066 interimendi
904 1039 1034 1066 facultate

246 1094 417 1121 compressa,
434 1094 487 1113 non
502 1086 590 1113 solum
607 1086 646 1112 ira
666 1092 716 1112 sua
735 1085 833 1111 fortior
850 1085 971 1117 exstitit,
984 1084 1033 1113 sed

245 1139 270 1159 ei
291 1133 456 1167 armigerum
472 1139 552 1159 suum
566 1130 622 1166 jam
639 1134 763 1158 ruentem
785 1131 813 1157 in
829 1130 920 1157 Saulis
942 1130 1033 1165 perui-

245 1178 313 1203 «iem
342 1177 482 1208 cohibuit,
509 1175 679 1203 memorabili
706 1176 751 1203 illa
774 1183 842 1203 voce
858 1175 951 1203 edita:
968 1184 977 1200 ι
995 1175 1033 1202 Ne

245 1229 408 1256 corrumpas
423 1222 556 1249 christum
574 1220 692 1248 Domini.
711 1230 720 1246 ι
742 1220 803 1247 Exit
824 1228 890 1256 ergo
912 1220 976 1248 Saul
998 1229 1031 1247 ex

245 1269 374 1303 spelunca
391 1268 502 1302 ignarus
517 1266 638 1293 omnium
655 1272 715 1300 qua:
731 1265 888 1293 acciderant
899 1285 906 1297 ,
922 1265 1034 1292 indutus

245 1314 343 1342 accisae
351 1321 405 1341 ora:
417 1312 571 1348 chlamyde.
581 1313 616 1338 At
629 1311 709 1338 David
723 1319 792 1346 pone
800 1311 924 1339 eumdem
937 1311 1034 1339 subse-

245 1368 333 1395 quens
344 1380 351 1393 ,
368 1367 430 1386 cum
445 1366 476 1386 ca
491 1366 545 1393 qua
559 1362 666 1392 poterat
682 1358 829 1385 securitate
839 1377 846 1388 ,
861 1361 887 1385 et
901 1361 1034 1393 occupato

245 1407 332 1437 colle,
349 1406 396 1441 qui
417 1404 578 1432 imminebat
602 1404 757 1439 speluncze,
780 1411 858 1430 oram
876 1404 1034 1432 vestimenti

244 1454 358 1478 extensa
374 1457 456 1477 manu
477 1449 648 1476 monstravit.
667 1447 729 1476 llaec
746 1452 836 1475 autem
863 1449 931 1476 nihil
959 1450 1034 1477 aliud

244 1502 319 1529 erat,
334 1503 415 1531 quam
433 1495 582 1530 trophaqu
601 1494 773 1521 incruentum
791 1499 887 1522 contra
904 1495 1034 1523 adveréa-

244 1542 301 1569 rios
323 1543 467 1572 erectum;
489 1543 516 1566 et
543 1539 699 1566 acclamans
725 1537 801 1566 Sauli
828 1546 924 1574 magna
950 1547 1034 1572 voce.

245 1595 343 1615 novam
362 1586 432 1613 hanc
449 1589 476 1613 et
492 1584 682 1612 admirabilem
693 1605 701 1617 ,
718 1585 765 1613 sed
782 1585 908 1613 eximiam
925 1585 1035 1612 fortitu-

244 1634 320 1661 dinis
335 1637 362 1660 ct
376 1631 549 1659 strenuitatis
565 1631 684 1665 explicat
701 1631 820 1666 speciem
833 1651 840 1662 ,
853 1639 934 1666 quam
952 1639 1035 1659 cruor

245 1687 301 1707 non
318 1678 484 1709 fmdaverat,
499 1685 554 1713 qua
572 1681 598 1704 et
617 1677 785 1705 fortissimus
800 1678 875 1712 pugil
893 1677 977 1709 vicit,
993 1677 1035 1704 vi-

245 1730 362 1760 ctusque
376 1726 501 1752 servatus
517 1729 559 1752 est
579 1724 735 1751 incolumis.
752 1722 812 1750 Non
827 1723 901 1751 enim
920 1723 947 1750 in
967 1730 1034 1750 casu

245 1776 272 1800 et
288 1772 399 1799 interitu
420 1771 508 1799 hostis
525 1775 578 1799 tam
604 1771 765 1805 praeclarum
793 1770 903 1798 Davidis
928 1769 1034 1797 facinus

244 1819 387 1850 consistit,
404 1818 452 1845 sed
467 1809 493 1845 in
512 1817 563 1844 hoc
579 1817 752 1851 potissimum
771 1816 835 1843 facti
852 1816 926 1844 illius
942 1816 1034 1843 excel-

245 1863 328 1893 lentia
347 1868 373 1890 et
388 1862 545 1898 magnitudo
563 1862 652 1897 posita
667 1866 726 1895 cst,
746 1861 818 1896 quod
843 1861 1037 1898 adversarium

246 1917 279 1937 ex
294 1909 415 1945 periculo
433 1908 555 1944 eripuit;
570 1908 615 1935 cui
633 1912 739 1935 tantum
757 1907 862 1934 Iiducim
879 1907 966 1933 inerat
978 1926 986 1938 ,
1006 1910 1035 1933 ut

247 1961 324 1981 sitam
337 1954 452 1980 salutent
466 1953 515 1979 niti
530 1953 615 1979 nollet
628 1960 729 1980 occasu
743 1956 770 1978 et
785 1952 896 1978 interitu
911 1951 1035 1978 adversa-
1059 1946 1061 1949 ’

246 2000 365 2030 riorum,
383 1997 431 2025 sed
447 1997 530 2025 salvis
542 1997 666 2032 vivisque
683 1997 889 2024 insidiatoribus
905 1996 1034 2030 sperabat

246 2052 277 2071 se
294 2044 351 2070 fore
367 2050 495 2070 securum
507 2062 514 2073 ,
529 2043 608 2076 quasi
624 2050 703 2070 nemo
718 2047 808 2073 esset,
823 2042 868 2076 qui
885 2042 1033 2076 quidquam

247 2088 378 2116 molestiae
397 2087 521 2114 inferret.
540 2086 671 2120 Quamvis
689 2087 738 2114 hac
754 2087 868 2114 historia
885 2088 977 2122 potius
992 2087 1034 2114 di-

247 2134 328 2161 vinus
342 2141 433 2161 sermo
446 2134 547 2161 docere
560 2134 624 2161 velit
656 2141 718 2161 eum
733 2133 780 2168 qui
793 2133 894 2161 virtute
906 2134 1032 2166 excellit,

247 2186 301 2206 non
316 2183 411 2206 contra
430 2179 492 2206 illos
507 2180 553 2213 qui
570 2179 694 2214 ejusdem
711 2186 804 2206 secum
821 2183 886 2206 sunt
902 2181 991 2214 gentis
1005 2182 1032 2205 et

246 2224 341 2259 stirpis
351 2244 358 2255 .
375 2224 422 2251 sed
436 2228 533 2252 contra
548 2224 744 2251 immoderatas
758 2224 918 2252 affectiones
933 2224 1032 2252 fortem

246 2274 274 2297 et
289 2273 431 2298 strenuum
448 2277 520 2297 esse.
541 2268 711 2297 lnterimitur
726 2277 792 2304 ergo
816 2277 863 2305 per
878 2269 929 2297 hoc
949 2277 1033 2304 gene-

247 2315 420 2343 rosissimum
436 2314 546 2342 Davidis
562 2314 669 2342 facinus
684 2315 711 2342 in
729 2315 853 2350 utrisque
872 2315 1012 2343 iracundia
1024 2333 1032 2346 ,

247 2361 312 2388 dum
332 2361 376 2388 ille
395 2360 504 2395 quidem
524 2361 631 2387 ratione
649 2361 789 2395 proprium
807 2361 938 2396 impr-tum
954 2361 1034 2388 cohi-

248 2407 306 2434 buit
318 2427 326 2440 ,
343 2406 466 2440 iramque
481 2405 515 2432 ad
531 2405 679 2433 vindictam
695 2411 836 2440 ruentem,
853 2407 1033 2441 compressit;

249 2452 313 2480 Saul
327 2460 391 2479 vero
406 2451 442 2479 ob
458 2451 654 2479 humanitatem
665 2472 671 2483 ,
686 2460 767 2487 quam
781 2457 910 2486 experltts
925 2452 1033 2483 fuerat,

247 2497 377 2525 malitiam
391 2501 418 2524 et
431 2497 632 2531 improbitatem
647 2498 779 2525 adversus
794 2497 921 2524 Davidem
937 2497 1035 2524 exstir-

247 2544 330 2579 pavit.
357 2543 454 2576 Qualia
476 2543 547 2570 enim
569 2543 689 2578 posthaec
712 2543 746 2570 ad
772 2543 902 2570 victorem
927 2542 1035 2569 locutus

248 2590 300 2621 sit,
316 2590 403 2616 oculis
419 2597 474 2624 pra:
487 2588 591 2624 pudore
605 2596 699 2627 eorum
712 2609 720 2620 ,
736 2595 795 2623 qua:
812 2590 944 2618 tentarat,
960 2586 1035 2613 humi

247 2635 362 2667 defixis,
381 2640 406 2662 et
423 2634 562 2669 quomodo
589 2634 715 2662 lamentis
739 2637 766 2661 et
789 2632 918 2668 lacrymis
946 2636 1037 2659 mente

249 2686 407 2716 conceptam
426 2688 440 2707 a
458 2681 560 2708 malitia
570 2681 738 2708 aversiouem
751 2683 868 2707 testatus
886 2678 984 2709 fuerit,
1002 2686 1034 2705 ex

249 2727 363 2754 historia
380 2727 438 2761 ipsa
454 2727 561 2754 discere
578 2726 650 2752 licet.
670 2725 867 2761 Argumentum
885 2731 950 2759 ergo
965 2724 1036 2750 sexti

249 2772 508 2807 ctquinquagesimi
535 2770 633 2806 psalmi
660 2770 733 2798 istud
759 2774 816 2802 est,
845 2774 976 2805 quantum
1002 2777 1035 2796 ex

252 2818 309 2852 ipsa
321 2825 410 2845 rerum
423 2821 560 2852 gestarum
573 2815 730 2844 narratione
743 2819 861 2844 constat.
877 2815 1035 2850 Inscriptio-

1091 230 1121 258 Ὀ
1135 231 1163 257 δὲ
1177 231 1259 258 Δασὶδ
1270 230 1374 262 τούτοις
1392 230 1441 265 μὲν
1454 231 1553 257 ἀπεῖπε
1568 230 1617 265 τὴν
1630 229 1726 265 ὁρμὴν,
1745 229 1873 265 ἀθέμιτον

1084 275 1179 311 κρίνας
1199 276 1248 311 τὴν
1267 276 1338 302 κατά
1358 275 1406 302 τοῦ
1430 275 1561 310 βασιλέως
1581 275 1668 302 αὐτῶν
1693 274 1871 310 ἐπιχείρησιν.

1083 320 1232 356 Γυμνὼσας
1253 320 1281 347 δὲ
1304 321 1354 356 τῆς
1380 321 1465 356 θήκης
1487 320 1517 346 τὸ
1539 319 1625 354 ξίφος,
1652 320 1699 346 καὶ
1723 319 1874 354 λεληθότως

1083 366 1225 401 παραστὰς
1246 365 1286 401 τῷ
1303 365 1389 392 Σαοὺλ
1405 365 1535 396 κατόπιν,
1547 365 1704 400 ἀμάρτυρον
1719 364 1789 399 ἔχων
1813 369 1872 390 κατ’

1082 410 1165 437 αὐτοῦ
1184 411 1233 446 τὴν
1252 411 1423 446 ἐγχείρησιν·
1440 410 1454 436 ὁ
1473 410 1526 446 γὰρ
1544 410 1574 436 ἐν
1595 409 1634 445 τῷ
1652 409 1776 444 σπηλαίῳ
1792 408 1873 441 ζότος

1083 455 1262 490 ἐπικρύπτων
1278 456 1327 491 τὴν
1349 455 1410 490 ὅφιν
1433 456 1573 491 περιεῖργε
1589 454 1644 481 τῶν
1659 454 1807 488 γινομένων
1827 452 1873 479 τὸν

1083 500 1202 536 ἔλεγχον.
1229 502 1382 536 Δυνάμενος
1405 500 1494 527 τοίνυν
1523 501 1573 535 μιᾷ
1601 500 1692 535 πληγῇ
1720 498 1791 525 κατά
1818 498 1872 524 τῶν

1083 546 1260 581 μεταφρένων
1272 545 1316 572 διὰ
1331 546 1380 581 τῆς
1395 546 1506 581 καρδίας
1521 546 1580 572 ὅλον
1593 544 1716 571 διελάσαι
1731 544 1761 570 τὸ
1779 543 1870 578 ξίφος,

1081 591 1128 618 τοῦ
1143 591 1193 626 μὲν
1208 591 1332 626 σώματος
1347 592 1433 618 Σαοὺλ
1446 592 1506 618 οὔτε
1519 591 1618 626 ἥψατο,
1633 590 1695 616 οὔτε
1708 589 1868 624 ἐμέλλησεν.

1123 637 1282 672 ’Δποτέμνει
1297 637 1326 664 δὲ
1351 637 1389 672 τῷ
1403 637 1474 672 ξίφει
1494 637 1583 664 λαθὼν
1596 637 1698 662 ἐκεῖνον
1716 635 1746 661 τὸ
1760 635 1810 670 τῆς
1833 633 1872 661 δι-

1082 682 1187 715 πλοΐδος
1201 682 1357 718 πτερύγιον,
1375 683 1412 715 ὡς
1432 683 1465 710 ἂν
1488 683 1671 718 μαρτυρήσειε
1696 681 1764 716 μετὰ
1785 680 1872 707 ταῦτα

1081 727 1132 762 τῆς
1146 729 1186 760 εἰς
1206 728 1251 755 τὸν
1272 728 1357 755 Σαοὺλ
1380 727 1585 763 φιλανθρωπίας
1605 727 1622 762 ἡ
1645 726 1748 762 χλανὶς,
1759 726 1809 760 τῆς
1824 726 1870 752 τοῦ

1083 774 1230 809 πτερυγίου
1242 774 1326 808 τομῆς
1342 773 1393 808 τῆς
1413 772 1483 800 κατὰ
1500 772 1547 799 τοῦ
1566 773 1691 807 σώματος
1707 771 1788 798 αὐτοῦ
1803 771 1872 806 πλη-

1083 819 1133 854 γῆς
1146 819 1194 854 τὴν
1207 818 1330 851 ἐξουσίαν
1341 819 1509 845 δεικνύουσα.
1523 819 1560 845 Δι’
1571 815 1604 853 ἧς
1619 817 1726 851 ἐγένετο
1741 815 1870 851 φανερὸν,

1085 865 1158 895 ὅπως
1168 865 1182 890 ὁ
1193 864 1274 891 Δαόὶδ
1285 863 1334 899 τὴν
1345 864 1536 899 μακροθυμίαν
1550 863 1736 895 ἐπεπαίδευτο,
1752 861 1781 893 ὃς
1795 862 1870 895 Eleo;

1085 910 1155 945 ἔχων
1169 910 1197 936 ἐν
1213 910 1246 945 τῇ
1270 909 1385 946 παλάμῃ
1405 909 1522 944 γυμνὸν,
1551 908 1730 943 ὑποκειμένου
1745 909 1777 942 τῇ
1799 906 1872 942 χειρὶ

1085 955 1132 982 τοῦ
1152 955 1280 991 πολεμίου
1297 955 1436 990 σώματος,
1459 955 1487 982 ἐν
1504 954 1613 990 ἐξουσίᾳ
1631 953 1677 980 τοῦ
1695 953 1798 980 ἀνελεῖν
1818 954 1870 980 ὐπ-

1085 1000 1188 1035 ἀρχων,
1205 1000 1318 1034 νικήσας
1339 999 1387 1027 καὶ
1403 999 1442 1034 τῷ
1452 999 1575 1034 λογισμῷ
1592 999 1637 1025 τὸν
1652 998 1745 1033 θυμὸν,
1764 997 1810 1023 καὶ
1831 997 1871 1032 τῷ

1087 1045 1150 1080 θείῳ
1167 1045 1240 1081 φόϐῳ
1258 1045 1306 1081 τὴν
1318 1046 1367 1080 τῆς
1386 1045 1493 1080 πληγῆς
1507 1044 1645 1077 ἐξουσίαν,
1665 1044 1695 1070 οὐ
1710 1044 1789 1078 μόνον
1806 1043 1870 1070 ίδίου

1087 1090 1172 1125 θυμοῦ
1191 1091 1321 1126 κρείττων
1338 1091 1460 1125 ἐγένετο,
1481 1090 1548 1117 ἀλλὰ
1574 1090 1620 1116 καὶ
1641 1089 1686 1117 τὸν
1699 1089 1870 1123 ὑπασπιστὴν

1086 1135 1155 1170 πρὸς
1176 1134 1221 1161 τὸν
1243 1134 1289 1161 τοῦ
1303 1135 1388 1161 Σαοὺλ
1408 1136 1487 1169 φόνον
1511 1135 1672 1169 ὁρμήσαντα
1698 1133 1870 1160 κατέστειλεν

1086 1179 1176 1215 ἐκείνῃ
1196 1180 1308 1215 ἀοιδίμῳ
1331 1182 1417 1216 φωνῇ,
1431 1179 1514 1207 εἰπὼν
1534 1179 1602 1215 πρὸς
1619 1179 1697 1206 αὐτόν
1708 1187 1715 1194 ·
1735 1189 1743 1204 ι
1754 1178 1800 1214 Μὴ
1815 1179 1871 1205 δια·

1086 1224 1200 1260 φθείρῃς
1222 1224 1268 1250 τὸν
1293 1225 1402 1259 χριστὸν
1424 1224 1536 1264 Κρρίου.
1558 1234 1567 1250 ι
1607 1225 1770 1260 Προέρχεται
1790 1222 1836 1251 οὖν
1856 1225 1870 1250 ὁ

1086 1269 1173 1296 Σαοὺλ
1187 1270 1219 1296 ἐκ
1233 1269 1280 1296 τοῦ
1296 1269 1428 1305 σπηλαίου
1445 1269 1586 1304 γινώσκων
1600 1269 1654 1295 τῶν
1671 1269 1820 1303 γεγονότων
1829 1269 1871 1296 οὑ-

1085 1315 1129 1342 δὲν
1143 1315 1190 1342 καὶ
1207 1314 1441 1350 περικεκομμένον
1458 1311 1612 1350 περιϐαλὼν
1632 1314 1721 1350 ἐαυτῷ
1738 1315 1767 1340 τὸ
1782 1315 1871 1350 χλανί-

1086 1361 1149 1387 διον.
1177 1361 1206 1387 ’0
1231 1360 1260 1386 δὲ
1281 1360 1370 1392 Δαόὶδ,
1396 1359 1559 1392 συνεξελθὼν
1575 1360 1649 1395 αὐτῷ
1672 1361 1784 1387 κατόπιν
1801 1360 1870 1394 μετά

1085 1407 1134 1442 τῆς
1151 1406 1211 1433 καθ’
1231 1405 1326 1432 ἐαυτὸν
1349 1405 1508 1440 ἀσφαλείας,
1523 1406 1570 1432 καὶ
1592 1406 1805 1441 προκαταλαϐὼν
1824 1407 1870 1432 τὺν

1087 1452 1281 1488 ὑπερκείμενον
1300 1451 1346 1478 τοῦ
1371 1452 1502 1487 σπηλαίου
1521 1451 1665 1487 γεώλοφον,
1682 1452 1816 1488 προτείνει
1835 1453 1869 1488 τῇ

1086 1497 1156 1533 χειρὶ
1164 1497 1318 1532 πτερύγιον.
1333 1497 1418 1524 Τοῦτο
1425 1497 1453 1523 δὲ
1467 1497 1542 1524 οὐδὲν
1555 1498 1647 1533 ἕτερον
1657 1495 1700 1533 ἦν,
1714 1498 1729 1533 ἢ
1742 1498 1870 1533 τρόπαιον

1085 1542 1156 1570 κατὰ
1169 1542 1222 1569 τῶν
1237 1542 1391 1569 ἀντιπάλων
1409 1543 1587 1578 ἀναίμακτον.
1608 1543 1663 1569 Καὶ
1680 1542 1816 1578 ἐμὸοήσας
1830 1542 1870 1577 τῷ

1085 1587 1170 1614 Σαοὺλ
1186 1587 1290 1623 μεγάλῃ
1305 1589 1391 1623 φωνῇ,
1405 1587 1454 1623 τὴν
1469 1587 1564 1623 καινὴν
1581 1588 1681 1623 ταύτην
1700 1589 1746 1615 καὶ
1765 1588 1870 1622 θαυμα-

1085 1633 1151 1668 στὴν
1173 1633 1311 1668 ἀριστείαν
1332 1633 1508 1668 ἐκδιηγεῖται,
1530 1633 1564 1667 ἣν
1579 1633 1676 1668 λύθρος
1693 1633 1807 1668 αἵματος
1820 1633 1871 1659 οὐκ

1085 1677 1204 1712 ἐμίανεν,
1259 1678 1306 1704 καὶ
1318 1678 1332 1704 ὁ
1356 1678 1483 1716 ἀριστεὺς
1504 1678 1639 1713 ἐνίκησεν,
1657 1678 1703 1704 καὶ
1717 1679 1730 1704 ὀ
1746 1678 1872 1713 ἡττηθεὶς

1085 1723 1275 1758 περισώζεται,
1292 1724 1328 1750 Ού
1344 1723 1396 1759 γὰρ
1407 1723 1445 1758 τῷ
1459 1723 1584 1758 πτώματι
1595 1723 1642 1750 τοῦ
1656 1724 1784 1758 πολεμίου
1802 1732 1872 1759 pap—

1084 1768 1207 1804 τυρεῖται
1221 1767 1267 1794 τοῦ
1278 1768 1384 1803 Δαϐὶδή
1401 1769 1525 1803 ἀριστεία
1536 1776 1542 1784 ’
1558 1768 1614 1795 ἀλλ’
1627 1769 1656 1794 ἐν
1667 1769 1705 1804 τῷ
1716 1770 1871 1804 περισώσα-

1085 1812 1147 1840 σθαι
1163 1812 1209 1839 τοῦ
1227 1813 1350 1839 κινδύνου
1367 1813 1413 1840 τὸν
1428 1813 1622 1849 ἀντικείμενον,
1635 1815 1810 1850 φανερωτέρα
1827 1815 1871 1849 γί-

1085 1867 1158 1886 νεται
1170 1859 1216 1886 καὶ
1229 1859 1349 1896 ὑπεροχὴ
1362 1860 1411 1895 τῆς
1428 1860 1579 1895 δυνάμεως,
1592 1857 1614 1894 ᾧ
1633 1861 1757 1887 τοσοῦτον
1775 1861 1870 1896 περιῆν

1083 1905 1132 1940 τῆς
1148 1905 1347 1940 πεποιθήσεως,
1368 1906 1409 1941 μὴ
1426 1908 1459 1942 τῇ
1474 1906 1596 1942 ἀπωλείᾳ
1611 1906 1664 1933 τῶν
1677 1907 1871 1942 ἀντιτεταγμέ-

1084 1958 1136 1976 νων
1153 1950 1290 1977 πιστεύειν
1301 1951 1349 1986 τὴν
1361 1951 1457 1979 ἑαυτοῦ
1471 1952 1617 1988 σωτηρίαν,
1628 1952 1694 1979 ἀλλά
1703 1953 1749 1980 καὶ
1765 1953 1871 1988 περιόν-

1083 2003 1137 2021 των
1155 1995 1209 2022 τῶν
1225 1995 1472 2030 ιέπιϐουλευόντων,
1487 1997 1524 2029 ὼς
1542 1997 1648 2029 οὐδενὸς
1661 1997 1818 2030 λυποῦντος.
1840 1998 1871 2025 τὸ

1084 2041 1203 2076 ἀσφαλὲς
1219 2041 1301 2076 ἔχειν.
1315 2041 1425 2069 Μᾶλλον
1436 2042 1463 2068 δὲ
1478 2043 1556 2069 τοῦτο
1568 2043 1612 2070 διὰ
1622 2044 1670 2079 τῆς
1682 2044 1799 2080 ῑστορίας
1813 2053 1874 2070 παι-

1083 2087 1155 2113 δεύει
1173 2088 1187 2114 ὁ
1206 2087 1295 2120 λόγος,
1311 2087 1351 2114 ὅτι
1372 2089 1386 2114 ὀ
1403 2089 1463 2115 κατ’
1481 2088 1582 2124 ἀρετὴν
1596 2090 1730 2124 προέχων,
1754 2090 1785 2115 οὺ
1801 2090 1871 2116 κατά

1083 2133 1136 2159 τῶν
1157 2133 1316 2168 ὁμοφύλων,
1341 2133 1408 2160 ἀλλὰ
1429 2134 1500 2161 κατὰ
1524 2134 1578 2162 τῶν
1593 2135 1686 2161 παθῶν
1706 2135 1869 2170 ἀνδρίζεται.

1049 2194 1070 2221 D
1091 2178 1254 2214 Ἀναιρεῖται
1266 2177 1312 2206 οὖν
1322 2179 1365 2206 διὰ
1375 2180 1425 2214 τῆς
1434 2180 1561 2216 τοιαύτης
1575 2181 1622 2207 τοῦ
1632 2181 1713 2208 Δαδὶδ
1733 2181 1872 2216 ἀριστείας

1085 2223 1099 2250 ὁ
1114 2224 1143 2250 ὲν
1159 2224 1324 2259 ἀμφοτέροις
1346 2224 1430 2260 θυμός
1442 2232 1449 2239 ⁸
1470 2224 1517 2251 τοῦ
1543 2225 1592 2260 μὲν
1615 2225 1660 2252 διὰ
1677 2225 1724 2252 τοῦ
1740 2226 1870 2262 λογισμοῦ

1083 2269 1132 2304 τὴν
1149 2269 1216 2296 ἰδίαν
1237 2269 1344 2300 ἑλόντος
1366 2269 1462 2305 ὀργὴν,
1481 2270 1529 2296 καὶ
1553 2271 1600 2305 τὴν
1624 2271 1773 2306 ἀμυντικὴν
1787 2271 1871 2307 ὀργὴν

1085 2314 1356 2346 κατασκευάσαντος·
1378 2314 1426 2341 τοῦ
1439 2314 1468 2340 δέ
1482 2314 1569 2341 Σαοὺλ
1590 2315 1634 2342 διὰ
1657 2316 1705 2351 τῆς
1722 2317 1871 2352 γενομένης

1085 2359 1159 2394 αὑτῷ
1173 2359 1376 2396 φιλανθρωπίας
1389 2361 1439 2396 τὴν
1449 2361 1518 2387 κατά
1532 2361 1578 2387 τοῦ
1593 2361 1674 2388 Δαὸὶδ
1693 2363 1790 2389 κακίαν
1801 2364 1870 2389 ἀπο-

1085 2404 1279 2440 νεκρώσαντος.
1298 2403 1348 2432 Οἷα
1364 2405 1418 2441 γὰρ
1435 2406 1502 2441 μετὰ
1514 2406 1599 2433 ταῦτα
1613 2407 1681 2441 πρὸς
1700 2407 1744 2434 τὸν
1761 2409 1872 2444 νικητὴν

1086 2450 1300 2484 ἀποφθέγγεται.
1312 2451 1356 2477 ὑπ’
1367 2451 1497 2486 αἰσχύνης
1507 2451 1562 2478 τῶν
1573 2453 1782 2488 τετολμημένων
1794 2462 1873 2480 κατα-

1085 2495 1221 2530 δυόμενος,
1248 2496 1295 2522 καὶ
1319 2495 1418 2532 θρήνῳ,
1445 2497 1491 2524 καὶ
1511 2497 1624 2532 δάκρυσι
1649 2499 1698 2534 τὴν
1722 2499 1873 2525 ἐνδιάθετον

1086 2540 1168 2567 αὺτοῦ
1179 2541 1227 2576 τῆς
1244 2542 1342 2571 κακίας
1352 2543 1527 2578 ἀποστροφὴν
1542 2543 1753 2579 ἐνδεικνύμενος,
1769 2545 1873 2577 ἔξεστιν

1086 2586 1115 2619 ἐξ
1130 2587 1214 2622 αὐτῆς
1236 2587 1356 2623 ἱστορίας
1379 2588 1482 2623 μαθεῖν.
1515 2589 1548 2615 Ἠ
1563 2589 1613 2623 μὲν
1627 2587 1673 2616 οὖν
1684 2589 1810 2621 ὑπόθεσις
1823 2591 1872 2624 τῆς

1087 2632 1168 2667 ἕκτης
1182 2633 1229 2659 καὶ
1246 2634 1431 2669 πεντηκοστῆς
1447 2634 1616 2670 ψαλμῳδίας,
1630 2635 1690 2661 ὅσον
1705 2635 1736 2660 ἐκ
1751 2635 1804 2661 τῶν
1821 2635 1873 2660 ὑπὸ

1086 2678 1136 2713 τῆς
1158 2677 1279 2713 ἱστορίας
1304 2678 1489 2714 δηλουμένων,
1511 2679 1623 2715 τοιαύτη
1646 2680 1728 2706 ἐστίν.
1755 2680 1828 2706 Δὺτα
1843 2679 1872 2706 δὲ

1086 2724 1136 2758 τῆς
1149 2724 1305 2759 ἐπιγραφῆς
1317 2725 1350 2751 τὰ
1362 2726 1480 2761 ῥήματα,
1490 2725 1524 2752 δι’
1537 2722 1575 2753 ὧν
1589 2727 1606 2760 ἠ
1619 2726 1689 2753 κατά
1699 2726 1729 2751 τὺ
1742 2725 1873 2759 σπήλαιον

1088 2770 1217 2804 συντυχία
1230 2769 1367 2804 δηλοῦται,
1389 2770 1483 2798 τοῦτον
1506 2771 1561 2806 ἔχει
1576 2771 1621 2798 τὸν
1636 2771 1759 2807 τρόπον’(
1780 2771 1826 2801 Εἰς
1840 2769 1872 2797 τὸ

1087 2816 1162 2847 τέλος
1189 2815 1226 2850 μὴ
1249 2815 1416 2852 διαφθείρῃς,
1442 2817 1481 2851 τῷ
1502 2817 1583 2843 Δαδὶδ
1599 2818 1638 2848 εἰς
1661 2815 1869 2851 στηλογραφίαν,
