1986 3080
250 120 301 148 587

881 111 908 139 S.
930 109 1094 140 GREGORH
1111 110 1255 138 NYSSENI

1822 105 1875 132 588

251 177 323 207 nube
338 172 527 201 umbraculum
540 170 653 206 przcbuit
665 188 673 200 ,
687 173 714 195 et
729 175 777 196 eos
793 167 839 202 qui
855 174 897 194 me
911 166 1035 201 superio-

1095 167 1168 194 ιὺτοῦ
1194 167 1241 194 καὶ
1264 166 1311 200 τὴν
1337 165 1464 200 ἀλήθειαν
1481 164 1580 197 αὐτοῦ,
1605 165 1650 191 καὶ
1675 165 1809 200 ἐρρύσατο
1825 165 1875 199 τὴν

251 222 326 248 rQbus
347 218 461 253 psalmis
480 216 674 244 conculcarant
685 235 692 245 ,
708 213 783 240 dedit
800 213 826 240 in
842 212 1037 248 opprobrium,

250 269 277 291 et
293 263 397 299 pudore
412 261 511 289 atl‘ecit.
526 270 536 286 ι
551 260 624 287 Misit
641 260 714 286 enim
737 258 808 286 Deus
823 257 1038 286 misericordiam

251 316 345 341 suam,
371 312 398 336 et
423 307 566 335 veritatem
594 313 688 336 suam,
712 308 740 332 et
769 302 896 331 liberavit
921 303 1039 329 animam

251 361 339 382 meam
364 353 398 380 de
422 352 513 380 medio
540 351 702 378 catulorum.
719 359 728 375 ι
743 348 814 376 Vere
829 349 911 375 catuli
930 347 1040 374 fuerunt

254 399 322 426 mihi
352 399 427 432 prius
453 400 579 432 peccata,
605 395 648 422 vel
671 394 754 422 catuli
780 394 906 425 leonum,
924 393 971 428 qui
997 400 1040 420 me

253 442 372 470 terriﬁco
389 441 436 468 illo
454 441 530 468 hiatu
547 444 575 467 et
590 439 721 475 unguium
743 438 917 466 acuminibus
938 437 1040 464 dilace-

253 490 350 516 rabant
363 508 371 521 ,
384 487 432 515 sed
455 490 590 514 venerunt
612 484 790 512 auxiliatores
813 482 1000 511 misericordia
1014 487 1041 510 et

253 535 365 562 veritas.
386 533 505 560 Pulchra
529 531 708 567 conjunctio;
725 538 813 565 neque
829 530 901 557 enim
923 529 981 557 sine
998 529 1042 564 ju-

253 580 325 607 dicio
337 578 527 606 misericordia
542 582 601 608 est,
624 584 712 612 nequc
734 576 834 603 veritas
857 575 917 603 sine
935 575 1042 602 miseri-

253 625 347 653 cordia
360 634 366 651 :
386 625 538 658 harumque
553 622 675 651 subsidio
690 621 828 648 liberabor
843 628 858 648 a
875 620 1002 648 cem-ictu
1014 624 1041 648 et

255 670 456 699 consuetudine
470 669 636 697 catulorum.
652 668 714 695 Istae
730 667 824 694 bestia:
838 670 918 698 sunt,
935 666 1040 701 inquit,

256 726 264 742 ι
278 716 325 744 ﬁlii
341 716 481 744 hominum
493 735 501 748 ,
515 725 524 742 ι
538 722 674 750 (ιιιοι-ιιιιιι
686 713 782 741 dentes
795 719 870 740 arma
884 716 911 739 et
925 711 1040 747 sagittae,

253 768 279 789 et
295 763 385 798 lingua
399 770 492 790 eorum
506 761 613 796 gladius
625 764 732 788 acutus.
747 758 825 786 lNOﬂ
841 759 924 786 habet
938 762 1043 785 naturae

254 813 355 836 nostrae
377 808 479 835 fabrica
503 807 566 834 talia
588 806 727 837 membra,
755 805 895 832 hominum
917 803 958 830 ori
983 803 1042 830 loco

1088 213 1178 248 ψυχήν
1193 220 1242 247 μου
1264 212 1295 238 ὲκ
1322 212 1404 246 μέσου
1427 211 1564 246 σκύμνων.
1581 220 1590 236 ι
1615 210 1733 245 Σκύμνοι
1748 210 1775 236 δὲ
1791 210 1876 242 ὅντως

1090 267 1133 293 μοι
1150 256 1219 293 ἦσαν
1233 258 1261 283 αἱ
1290 256 1422 291 ἁμαρτίαι
1445 256 1476 282 τὸ
1501 255 1649 292 πρότερον,
1679 256 1738 290 ἦτοι
1761 255 1875 291 σκύμνοι

1089 303 1212 335 λεόντων,
1236 303 1260 329 οἳ
1285 302 1323 337 τῷ
1339 302 1447 337 φοϐερῴ
1463 302 1594 337 χάσματι.
1615 302 1662 328 καὶ
1677 303 1737 332 ταῖς
1753 302 1806 328 τῶν
1819 302 1876 328 ὀνύ-

1089 359 1143 385 χων
1155 350 1256 384 ἀκμαῖς
1269 348 1503 382 κατεσπάρασσον.
1519 347 1588 374 Ἀλλ’
1599 346 1680 383 ἦλθον
1689 348 1714 374 οἱ
1727 347 1874 382 σύμμαχοι,

1089 396 1103 422 ὁ
1117 395 1188 426 ἔλεός
1202 403 1230 421 τε
1245 394 1291 421 καὶ
1303 395 1319 429 ὴ
1333 394 1455 429 ἀλήθεια,
1473 394 1489 428 ή
1506 393 1575 428 καλὴ
1590 392 1714 427 συζυγία.
1736 392 1806 420 Οὔτε
1822 393 1878 428 γὰρ

1090 440 1199 476 ἄκριτος
1221 441 1235 466 ὁ
1252 440 1324 471 ἔλεος
1336 460 1343 471 ,
1369 438 1431 466 οὔτε
1449 439 1560 474 ἀνελεὴς
1579 439 1596 473 ἡ
1617 438 1739 473 ἀλήθεια.
1766 439 1820 466 Καὶ
1832 438 1876 465 διὰ

1089 485 1190 512 τούτων
1208 477 1402 520 ἐλευθεροῦμαι
1417 484 1468 519 τῆς
1483 485 1551 519 μετὰ
1566 484 1619 510 τῶν
1635 484 1761 519 σκύμνων
1776 484 1877 512 τούτων

1090 531 1236 565 διαγωγῆς.
1256 530 1295 557 Τὰ
1307 530 1335 556 δὲ
1353 530 1434 564 θηρία
1447 529 1542 560 ταῦτα,
1556 529 1649 564 φησὶν,
1669 539 1679 555 ι
1703 530 1756 556 υἱοὶ
1771 529 1877 565 ἀνθρώ-

1091 585 1148 603 πων
1163 586 1172 602 ι
1188 576 1266 607 είσὶν,
1293 569 1330 600 ὧν
1344 581 1353 598 ι
1370 575 1395 602 οι
1416 575 1520 606 ὀδόντες
1544 574 1613 601 ὅπλα
1631 575 1677 601 καὶ
1694 574 1771 610 βέλη,
1795 575 1842 601 καὶ
1859 575 1877 610 ἡ

1090 622 1199 656 γλῶσσα
1214 621 1303 648 αὐτῶν
1320 621 1441 656 μάχαιρα
1457 620 1540 653 ὀξεῖα.
1555 629 1563 645 ›
1584 620 1640 646 υὺκ
1651 618 1721 646 οἶδεν
1732 621 1748 654 ή
1763 621 1810 655 τῆς
1826 620 1878 654 φύ-

1092 674 1158 697 σεως
1172 667 1187 700 ἡ
1193 665 1251 700 μῶν
1267 665 1422 700 κατασκευὴ
1447 664 1481 690 τὰ
1497 663 1613 698 αἰσθητὰ
1638 663 1704 699 μέλη
1724 663 1809 690 ταῦτα
1822 665 1878 695 τοῖς

1091 711 1269 746 ἀνθρωπίνοις
1288 711 1417 745 στόμασιν
1436 711 1496 737 ἀντὶ
1518 710 1632 736 ὀδόντων
1647 709 1804 744 ὲγκείμενα,
1819 709 1877 736 ἀλλ’

1090 757 1129 784 ὅτ’
1141 757 1173 784 ἄν
1187 766 1229 789 τις
1244 758 1364 793 ὀμοιωθῇ
1379 758 1445 793 πρὸς
1464 757 1494 783 τὸ
1510 756 1605 788 πάθος.
1617 756 1662 782 καὶ
1676 755 1877 792 μεταμορφωθῇ

1093 802 1160 837 πρὸς
1178 804 1227 838 τὴν
1249 803 1446 838 ἐπικρατοῦσαν
1462 803 1571 833 κακίαν.
1591 802 1726 833 ἀπολέσας
1739 802 1788 837 τὴν
1808 802 1878 829 κατὰ

253 854 376 881 dentium
403 853 505 884 indita,
532 851 578 879 scd
605 859 666 878 cum
691 850 752 886 quis
774 849 933 882 similistit,
951 849 1041 883 quoad

1095 848 1174 884 φύσιν
1201 850 1323 884 μορφὴν,
1351 849 1444 885 θηρίον
1467 849 1580 883 γίνεται.
1602 848 1651 874 Διὰ
1671 848 1750 875 τοῦτο
1764 848 1880 875 λεόντων

254 898 428 929 atlectiones.
451 902 477 925 et
499 895 710 924 transformatus
732 894 815 922 fuerit
836 893 863 921 in
888 894 1038 926 malitiam,

254 944 394 979 deperdita
414 943 531 970 naturali
554 941 660 972 forma.
689 941 774 968 bestia
793 939 908 967 efﬁcitur
928 947 935 965 ι
957 939 992 966 ob
1012 939 1041 966 id

1094 894 1221 929 μνησθεὶς
1228 895 1290 926 τοὺς
1301 896 1375 926 υἱοὺς
1388 895 1442 921 τῶν
1453 895 1602 930 ἀνθρώπων
1611 895 1761 930 ὠνόμασεν,
1772 890 1794 928 ᾧ
1807 894 1878 921 ὀδόν-

1094 948 1137 971 τες
1152 940 1198 966 καὶ
1213 940 1333 974 γλῶσσα,
1348 940 1382 967 τὰ
1395 940 1440 967 τοῦ
1456 941 1573 976 πολέμου
1585 941 1698 976 ὄργανα.

254 991 389 1018 mentione
405 990 512 1016 leonum
526 987 609 1020 facta,
623 987 693 1014 ﬁlios
707 985 846 1012 hominum
866 985 1005 1017 nominat,
1027 985 1125 1029 quibus
1140 985 1236 1014 dentes
1250 990 1278 1014 et
1291 987 1381 1022 lingua
1397 990 1463 1014 sunt
1481 987 1542 1014 belli
1560 987 1754 1014 instrumenta.

288 1035 340 1068 Qui
358 1035 441 1070 igitur
455 1034 618 1069 cogitatione
634 1036 739 1059 tantum
758 1031 919 1059 sublevatus
934 1035 985 1063 est,
1005 1035 1037 1059 ut

254 1081 305 1108 sub
330 1081 425 1107 umbra
455 1080 559 1106 alarum
583 1079 738 1106 divinarum
763 1077 885 1111 habitet,
912 1082 995 1112 utque
1022 1084 1037 1104 a

254 1131 332 1154 terra,
344 1125 372 1152 in
393 1124 532 1152 caelestem
551 1128 651 1151 sortem
668 1127 825 1151 assumatur
847 1122 925 1157 (dicit
946 1123 1036 1150 enim:

257 1181 266 1197 ι
290 1171 363 1198 Misit
377 1170 411 1198 de
427 1170 507 1201 caelo,
525 1172 552 1196 et.
573 1169 697 1196 liberavit
712 1176 755 1199 me
774 1168 806 1203 ι),
817 1168 840 1195 is
851 1175 905 1195 non
928 1168 1039 1203 respicit

255 1217 372 1251 amplius
390 1216 423 1242 ad
448 1219 570 1246 terrena,
593 1214 640 1241 sed
659 1214 684 1242 ei
700 1222 759 1249 quze
780 1218 821 1241 est
840 1215 868 1241 in
883 1214 1040 1241 caelestibus

255 1263 347 1298 gloria:
357 1262 449 1290 studet
463 1282 470 1288 .
488 1270 498 1286 ι
511 1261 663 1292 Exaltare,»
678 1259 814 1294 inquiens,
829 1269 838 1286 ι
855 1267 936 1294 super
945 1260 1039 1290 caelos,

256 1309 338 1338 Deus.
356 1312 382 1335 et
400 1315 482 1342 super
503 1314 611 1334 omnem
627 1311 726 1333 terram
742 1306 829 1340 gloria
851 1309 909 1338 tua;
931 1315 940 1331 ι
963 1313 1043 1333 enar-

256 1361 375 1389 ransque
402 1352 524 1380 hostium
557 1351 760 1386 impressiones,
791 1351 857 1386 ipsis
882 1351 940 1379 suis
964 1351 1043 1378 malis

255 1407 303 1427 eos
319 1397 470 1433 circumagi
490 1397 566 1430 dicit,
591 1402 618 1424 et
629 1397 704 1424 velut
727 1396 755 1423 in
773 1395 877 1423 foveam
894 1396 1041 1430 decidere;

258 1445 295 1471 ait
309 1451 445 1478 namque:
465 1453 474 1469 ι
491 1442 629 1478 Laqueum
650 1446 815 1477 paraverunt
829 1442 943 1477 pedibus
963 1444 1042 1476 meis,

1133 1032 1161 1059 '0
1177 1030 1222 1059 οὖν
1239 1032 1365 1060 τοσοῦτον
1383 1033 1545 1068 ὑπεραρθεὶς
1561 1034 1609 1068 τὴν
1629 1033 1757 1064 διάνοιαν,
1773 1032 1811 1064 ὡς
1827 1031 1881 1060 ὑπὸ

1091 1078 1140 1112 τὴν
1156 1077 1234 1104 σκιὰν
1251 1078 1305 1106 τῶν
1319 1078 1398 1105 θείων
1416 1079 1559 1114 πτερύγων
1572 1079 1741 1112 αὐλίζεσθαι,
1762 1080 1810 1106 καὶ
1826 1078 1880 1106 ἀπὸ

1091 1124 1141 1158 τῆς
1154 1123 1205 1158 γῆς
1213 1124 1253 1156 εἰς
1266 1124 1315 1160 τὴν
1328 1125 1452 1160 οὐράνιον
1462 1123 1536 1160 λῆξιν
1547 1124 1732 1160 ἀναληφθῆναι
1744 1125 1767 1159 (ι
1782 1125 1882 1157 Ἐξαπ-

1094 1170 1213 1196 ἐστειλεν
1231 1179 1240 1196 ι
1270 1170 1341 1206 γὰρ,
1359 1171 1455 1206 φησὶν,
1484 1180 1494 1197 ι
1507 1171 1537 1202 ἐξ
1558 1170 1687 1205 οὐρανοῦ,
1710 1171 1758 1198 καὶ
1779 1171 1881 1197 ἐσωσέν

1095 1225 1128 1251 με
1149 1213 1279 1248 ι),οὑκέτι
1298 1217 1365 1252 πρὸς
1385 1217 1419 1244 τὰ
1433 1218 1557 1253 περίγεια
1576 1217 1678 1250 βλέπει,
1696 1216 1764 1243 ἀλλὰ
1781 1216 1829 1255 τὴν
1851 1217 1880 1243 ὲν

1094 1264 1148 1294 τοῖς
1159 1263 1329 1298 ἐπουρανίοις
1344 1263 1421 1296 δόξαν
1439 1264 1659 1300 περιεργάζεται,
1681 1273 1690 1289 ι
1707 1263 1852 1298 Ύψώθητι,
1868 1272 1878 1290 ι

1092 1306 1204 1340 λέγων,ι
1215 1307 1260 1334 ἐπὶ
1273 1308 1334 1338 τοίις
1350 1307 1491 1343 οὐρανοὺς,
1502 1310 1516 1335 ὁ
1526 1308 1600 1339 Θεὸς,
1610 1308 1655 1334 καὶ
1673 1308 1717 1334 ἐπὶ
1731 1309 1820 1334 πᾶσαν
1832 1308 1881 1343 τὴν

1093 1353 1143 1388 γῆν
1163 1354 1179 1388 ἡ
1192 1353 1255 1385 δόξα
1278 1362 1336 1380 σου.
1352 1363 1361 1379 ι
1387 1353 1441 1380 Καὶ
1456 1354 1633 1389 διηγούμενος
1647 1353 1696 1385 τὰς
1710 1353 1764 1379 τῶν
1778 1353 1882 1388 ὲχθρῶν

1093 1397 1255 1432 προσϐολὰς,
1270 1398 1384 1429 ἐκείνοις
1398 1398 1479 1433 φησιν
1494 1399 1584 1430 αὐτοῖς
1598 1399 1654 1430 τοῖς
1667 1398 1771 1425 ἑαυτῶν
1787 1398 1882 1428 κακοῖς

1093 1443 1320 1478 περιστρέφεσθαι
1347 1445 1403 1475 τοῖς
1429 1443 1536 1479 βάθροις
1559 1444 1786 1475 καταπίπτοντας.
1813 1444 1882 1478 Φησὶ

257 1497 284 1519 et
300 1492 518 1518 incurvaverunt
536 1490 654 1516 animam
670 1497 769 1522 meam,
786 1488 912 1516 foderunt
927 1492 989 1516 ante
1007 1489 1041 1514 t‘a-

1095 1488 1155 1524 γὰρ,
1167 1489 1207 1515 ὅτι
1220 1498 1228 1514 ι
1245 1489 1351 1523 Παγίδα
1364 1489 1513 1524 ἡτοίμασαν
1529 1490 1584 1520 τοῖς
1601 1489 1664 1515 ποσί
1677 1498 1738 1524 μου,
1756 1489 1803 1516 καὶ
1817 1498 1882 1516 κατ-

257 1537 327 1563 ciem
353 1543 440 1562 meam
458 1535 574 1567 foveam,
597 1538 624 1562 et
642 1534 798 1561 inciderunt
821 1534 847 1560 in
868 1540 939 1560 eam.
957 1541 965 1557 ι
984 1532 1043 1567 Ipse

257 1589 322 1608 vero
344 1589 375 1608 se
391 1585 514 1616 paratum
535 1581 573 1607 ait
598 1579 726 1607 laudibus
750 1579 906 1607 celebrandi
922 1578 1043 1606 divinam

258 1627 383 1661 gloriam.
401 1626 488 1659 Quam
507 1626 603 1653 beatus
620 1626 675 1657 ille,
702 1625 738 1652 ob
761 1628 863 1652 tantam
879 1628 984 1651 natura:
1002 1624 1044 1650 in-

258 1671 378 1705 genitam
397 1671 566 1702 felicitatem,
581 1670 625 1697 cui
643 1677 693 1696 eor
708 1669 742 1696 ad
757 1669 954 1696 dccantandam
975 1668 1044 1696 divi-

258 1723 321 1743 nam
337 1716 453 1751 gloriam
470 1719 652 1751 przeparatum
669 1719 720 1747 est.
738 1715 874 1751 recipiens
889 1714 960 1741 intra
974 1722 1004 1742 se
1016 1714 1043 1741 id

259 1763 331 1797 quod
355 1763 414 1797 capi
440 1761 544 1797 nequit.
569 1761 729 1796 Expeditum
756 1765 845 1789 autem
871 1765 898 1788 et
920 1764 1043 1795 paratum

259 1816 320 1835 sese
335 1808 484 1839 aﬁirmans,
502 1815 556 1835 non
574 1807 664 1834 ditl‘ert
677 1807 757 1834 odam
770 1815 816 1835 seu
834 1807 981 1838 canticum,
996 1805 1043 1833 sed

259 1854 378 1880 animata
399 1853 444 1880 illa
467 1860 527 1888 qua:
542 1852 659 1880 habebat
678 1853 859 1880 instrumenta
875 1852 909 1879 ad
924 1852 1044 1879 celebra-

260 1900 342 1926 tionis
356 1899 537 1926 ministerium
555 1898 682 1927 advocat.
699 1907 708 1923 ι
723 1897 855 1933 Exsurge,
874 1907 883 1923 ι
906 1897 1044 1932 inquiens,

263 1954 272 1969 ι
288 1944 446 1978 psalterium
459 1949 486 1971 et
500 1944 616 1977 cithara,
632 1953 641 1970 ι
657 1943 684 1970 id
698 1943 770 1978 quod
783 1943 898 1978 duplicis
913 1943 1043 1974 hominis,

261 1990 320 2023 ejus
335 1990 382 2024 qui
399 1989 517 2020 videtur,
531 1993 558 2017 et
571 1989 617 2024 qui
633 1990 728 2017 oculos
744 1988 821 2024 fugit,
838 1989 1007 2017 harmoniam
1019 1993 1045 2016 et

262 2039 424 2062 concentum
446 2034 554 2063 divinas
577 2035 705 2063 eﬂ'erendi
726 2036 831 2068 laudes,
856 2035 968 2068 indicat,
986 2036 1046 2063 obe-

261 2081 394 2115 diuntque
407 2081 516 2108 vocanti
539 2088 650 2116 organa.
666 2080 784 2116 Tempus
801 2089 865 2108 vero
888 2081 1045 2115 hujusmodi

262 2126 381 2153 musices
400 2125 550 2153 diluculum
571 2129 631 2158 est;
646 2133 735 2161 neque
747 2126 818 2153 enim
836 2126 880 2154 his
903 2126 948 2161 qui
962 2134 1044 2161 opera

1094 1534 1219 1569 έκαμψαν
1235 1535 1283 1570 τὴν
1293 1534 1381 1570 ψυχήν
1398 1543 1459 1570 μου.
1474 1534 1591 1570 Ὠρυξαν
1602 1535 1654 1570 πρὸ
1668 1534 1814 1570 προσώπου
1830 1543 1880 1570 μου

1095 1578 1199 1614 βόθρον,
1212 1579 1258 1606 καὶ
1271 1579 1398 1606 ἐνέπεσον
1412 1580 1452 1611 εἰς
1468 1579 1557 1606 αὐτόν.
1572 1589 1581 1605 ›
1595 1580 1680 1611 Αὐτὸς
1695 1580 1723 1606 δὲ
1736 1581 1765 1606 ἐν
1781 1581 1882 1615 ἑτοίμῳ

1094 1622 1163 1651 εἶναί
1177 1633 1257 1660 φησιν
1273 1624 1319 1651 τοῦ
1336 1625 1385 1660 τὴν
1402 1625 1476 1651 θείαν
1490 1625 1567 1658 δόξαν
1580 1625 1612 1651 δι’
1626 1626 1765 1661 εὐφημίας
1777 1626 1881 1661 ὑμνεῖν.

1099 1669 1142 1700 Ὠς
1155 1669 1286 1704 μακάριος
1302 1670 1351 1704 τῆς
1365 1670 1498 1705 τοσαύτης
1514 1671 1697 1705 μεγαλοῳυῖας
1717 1672 1830 1702 ἐκεῖνος,
1852 1668 1882 1698 οὗ

1093 1715 1110 1750 ἡ
1128 1715 1225 1749 καρδία
1241 1715 1309 1750 προς
1322 1715 1459 1750 εὐφημίαν
1469 1715 1517 1750 τῆς
1532 1715 1607 1747 θείας
1618 1715 1698 1751 δόξης
1709 1717 1881 1751 ἡτοίμασται,

1093 1760 1221 1795 χωροῦσα
1236 1761 1265 1786 ὲν
1286 1761 1367 1796 ἑαυτῇ
1382 1761 1411 1787 τὸ
1431 1761 1573 1796 ἀχώρητον
1585 1752 1601 1776 ’γ
1611 1761 1746 1796 εὐτρεπής
1766 1769 1795 1787 τε
1814 1760 1883 1788 εἶναι

1094 1806 1180 1840 λέγων
1203 1807 1248 1834 καὶ
1274 1807 1392 1842 ἕτοιμος,
1414 1807 1461 1833 καὶ
1476 1807 1525 1833 οὐκ
1541 1806 1722 1833 ἀναϐάλλεται
1736 1807 1785 1841 τὴν
1799 1806 1882 1842 ᾠδὴν,

1095 1852 1162 1879 ἀλλὰ
1179 1853 1372 1888 προσκαλεῖται
1391 1852 1425 1879 τὰ
1441 1852 1533 1884 ζῶντα
1546 1852 1744 1887 αὐτοῦ-ὄργανα
1754 1852 1884 1887 ὀνομαστὶ

1095 1897 1161 1933 πρὸς
1172 1897 1221 1932 τὴν
1238 1898 1287 1932 τῆς
1303 1897 1438 1932 ὑμνῳδίας
1451 1896 1601 1932 ὑπηρεσίαν
1619 1896 1718 1929 καλῶν,
1732 1906 1741 1923 ι
1757 1896 1883 1932 Ἐξεγέρ-

1095 1943 1166 1978 θητι,
1187 1952 1196 1969 ι
1211 1942 1306 1976 λέγων,
1324 1952 1333 1968 ι
1349 1942 1495 1977 ψαλτήριον
1516 1942 1563 1968 καὶ
1576 1942 1685 1978 κιθάρα,
1700 1952 1709 1968 ι
1732 1942 1822 1976 Ὅπερ
1835 1941 1883 1969 τοῦ

1096 1987 1188 2015 διπλοῦ
1201 1987 1343 2022 ἀνθρώπου
1356 1987 1401 2013 τοῦ
1412 1985 1573 2021 φαινομένου
1584 1995 1613 2013 τε
1625 1987 1671 2012 xal
1681 1986 1883 2022 κεκρυμμένου,

1094 2033 1144 2068 τὴν
1159 2033 1317 2068 ἐναρμόνιον
1337 2032 1469 2067 συνῳδίαν
1486 2032 1554 2068 πρὸς
1576 2032 1625 2066 τὴν
1641 2032 1716 2058 θείαν
1730 2031 1884 2065 δοξολογίαν

1097 2078 1272 2109 ἐνδείκνυται,
1298 2078 1345 2104 καὶ
1366 2078 1497 2105 ὑπακούει
1519 2078 1558 2113 τῷ
1573 2078 1698 2104 καλοῦντι
1722 2077 1756 2105 τὰ
1770 2078 1881 2113 ὄργανα.

1104 2124 1132 2151 ’0
1151 2123 1179 2150 δὲ
1202 2123 1296 2159 καιρὸς
1313 2124 1362 2159 τῆς
1378 2122 1504 2161 τοιαύτης
1529 2124 1659 2159 μουσικῆς
1677 2123 1775 2159 ὄρθρος
1800 2123 1884 2150 ἐστίν.

262 2173 435 2200 tenebrarum
462 2179 515 2200 non
529 2172 674 2207 abjiciunt,
687 2159 773 2208 gloria
787 2171 832 2200 Dei
847 2159 1042 2200 cursu—scitatur.

1098 2168 1165 2196 Οὐδὲ
1179 2168 1233 2204 γὰρ
1247 2168 1301 2195 τῶν
1328 2169 1365 2204 μὴ
1379 2159 1554 2204 ἀποθεμένων
1576 2169 1610 2196 τὰ
1627 2169 1694 2204 ἔργα
1714 2169 1759 2195 τοῦ
1775 2168 1885 2199 σκότους

266 2227 275 2242 ‹
297 2217 448 2253 Exsurgam
468 2227 478 2244 ι
506 2218 589 2253 igitur
614 2227 624 2243 ι
642 2218 773 2251 diluculo,
798 2228 807 2244 ι
823 2219 921 2245 clamat
945 2219 1045 2253 psalte-

263 2263 334 2290 rium
349 2267 376 2290 et
392 2263 497 2290 cithara
518 2263 550 2290 ad
567 2267 722 2293 vocantem.
746 2264 840 2298 sicque
861 2263 1003 2298 pollicetur
1016 2271 1046 2291 se

265 2307 319 2334 Deo
337 2307 484 2342 gratiarum
502 2308 634 2335 actionem
649 2307 862 2342 persoluturum,
884 2315 965 2342 quam
980 2315 1046 2335 con-

264 2353 409 2380 fessionem
430 2353 553 2380 nominat
566 2353 728 2387 completam
750 2353 777 2379 in
794 2353 902 2388 populis
918 2357 945 2380 et
960 2353 1047 2388 genti-

265 2398 327 2425 bus.
340 2397 474 2425 Dividitur
486 2399 558 2425 enim
569 2398 646 2433 juxta
661 2399 715 2426 duo
733 2399 790 2426 haec
809 2399 919 2426 nomina
935 2398 1047 2434 aequali-

265 2446 306 2469 ter
321 2443 408 2477 gratia
435 2442 495 2470 ﬁdei
516 2443 548 2470 ad
573 2443 687 2478 populos
712 2447 739 2471 et
759 2448 864 2479 gentes.
889 2443 949 2471 Non
974 2445 1046 2471 enim

264 2486 420 2515 Judaeorum
436 2488 524 2516 solum
543 2489 624 2520 Deus,
643 2489 690 2516 sed
705 2493 732 2516 ct
751 2490 883 2524 gentium,
896 2497 957 2516 cum
977 2496 1047 2516 unus

265 2532 301 2560 sit
321 2542 330 2558 ι
354 2532 436 2563 Deus.
458 2534 503 2568 qui
515 2534 651 2568 justiﬁcat
671 2534 908 2562 circumcisioncm
931 2542 962 2561 ex
984 2534 1046 2564 ﬁde.

265 2579 427 2614 praeputium
443 2588 492 2614 per
510 2579 590 2608 ﬁdem
605 2581 626 2607 ⁵.
648 2590 658 2606 ι
683 2580 830 2615 Propterea
851 2580 927 2614 quasi
945 2579 1047 2614 duplici

266 2625 341 2652 fonte
361 2625 459 2653 divinae
481 2625 680 2653 benedictionis
697 2633 779 2660 super
798 2629 930 2659 utrosque
950 2625 1046 2656 eﬂ‘uso,

265 2675 293 2698 et
306 2675 382 2705 parte
405 2672 515 2706 quidem
536 2672 563 2698 in
589 2671 700 2706 populo.
723 2676 797 2705 parte
822 2678 887 2697 vero
909 2670 935 2697 in
953 2673 1048 2705 gentes

266 2715 375 2748 diffusa,
393 2724 442 2751 pro
455 2720 570 2751 utraque
584 2716 758 2750 propheticus
772 2723 863 2744 sermo
875 2716 978 2750 gratias
993 2716 1048 2751 agit

305 2804 316 2820 ⁸
334 2802 412 2830 Rom.
430 2811 471 2835 in.
493 2803 537 2830 50.

1099 2215 1115 2249 ἡ
1129 2214 1192 2247 δόξα
1205 2213 1252 2240 τοῦ
1266 2213 1332 2240 Θεοῦ
1347 2214 1519 2250 διεγείρεται.
1532 2224 1541 2240 ‹
1563 2213 1793 2250 Ἐξεγερθήσομαι
1813 2223 1821 2239 ι
1839 2212 1885 2240 οὖν

1102 2261 1145 2286 «έν
1160 2259 1198 2295 τῷ
1208 2259 1310 2296 ὄρθρῳ,
1322 2269 1331 2285 ›
1345 2260 1410 2295 φησὶ
1429 2260 1496 2296 πρὸς
1506 2260 1551 2286 τὸν
1559 2259 1694 2286 καλοῦντα
1701 2259 1886 2294 cacat-name;

1098 2314 1129 2332 τε
1138 2306 1185 2332 καὶ
1198 2307 1214 2340 ἠ
1234 2305 1345 2341 κιθάρα.
1359 2306 1414 2332 Καὶ
1425 2305 1510 2337 οὕτως
1526 2305 1721 2340 ἐπαγγέλλεται
1733 2305 1886 2340 πληρώσειν

1099 2350 1138 2385 τῷ
1152 2350 1210 2385 Θεῷ
1225 2350 1273 2386 τὴν
1286 2351 1470 2386 εὐχαριστίαν,
1494 2351 1527 2386 ἢν
1545 2350 1738 2386 ἐξομολόγησιν
1758 2349 1842 2384 λέγει,
1857 2351 1886 2377 ὲν

1099 2395 1172 2428 λαοῖς
1189 2396 1380 2432 πληρουμένην
1398 2396 1445 2422 καὶ
1463 2395 1561 2423 ἔθνεσι.
1582 2396 1730 2431 Μερίζεται
1750 2395 1804 2430 γὰρ
1819 2395 1888 2430 πρὸς

1099 2442 1133 2468 τὰ
1147 2441 1192 2468 δύο
1205 2441 1290 2468 ταῦτα
1310 2441 1429 2476 ὀνόματα
1444 2442 1515 2468 κατὰ
1534 2441 1563 2468 τὸ
1580 2441 1636 2468 ἴσον
1651 2442 1668 2476 ἡ
1683 2441 1762 2476 χάρις
1771 2440 1820 2474 τῆς
1841 2441 1887 2466 πί-

1101 2495 1194 2518 στεως,
1207 2487 1276 2522 πρός
1291 2495 1319 2512 τε
1337 2487 1398 2518 τοὺς
1411 2486 1492 2518 λαοὺς
1505 2486 1552 2514 καὶ
1563 2487 1597 2514 τὰ
1615 2486 1688 2520 ἔθνη.
1701 2485 1738 2512 Οὐ
1749 2485 1804 2521 γὰρ
1820 2485 1887 2512 Ἰου-

1100 2531 1181 2557 δαίων
1192 2532 1206 2557 ὁ
1219 2530 1284 2561 Θεὸς
1299 2530 1387 2565 μόνον,
1405 2530 1472 2557 ἀλλὰ
1489 2531 1537 2556 καὶ
1552 2529 1645 2557 ἐθνῶν.
1667 2527 1798 2561 Ἐπείπερ
1806 2523 1858 2557 εἷς(
1870 2524 1884 2549 ὁ

1101 2576 1165 2607 Θεὸς
1176 2596 1183 2608 ,
1206 2576 1234 2608 ὃς
1252 2575 1391 2603 δικαιώσει
1413 2577 1562 2612 περιτομὴν
1579 2576 1611 2602 ἐκ
1626 2575 1754 2606 πίστεως,
1770 2574 1887 2610 ἀκροϐυ-

1103 2622 1178 2649 στίαν
1192 2621 1235 2648 διὰ
1254 2621 1304 2657 τῆς
1329 2622 1473 2654 πίστεως.»
1483 2623 1532 2650 Διὰ
1553 2622 1631 2648 τοῦτο
1652 2620 1779 2656 καθάπερ
1793 2619 1887 2648 διπλοῦ

1101 2678 1172 2701 τινος
1185 2669 1318 2705 ῥεύματος
1329 2670 1378 2704 τῆς
1391 2669 1465 2701 θείας
1476 2668 1597 2702 εὐλογίας
1607 2667 1887 2703 ὲπἜμφωχυθείσης,

1103 2714 1141 2749 πῆ
1161 2715 1210 2749 μὲν
1235 2714 1280 2741 ἐπὶ
1296 2714 1358 2745 τοὺς
1372 2715 1462 2747 λαοὺς,
1479 2714 1516 2749 πῆ
1537 2714 1564 2740 δὲ
1582 2714 1650 2748 πρὸς
1664 2713 1698 2740 τὰ
1712 2713 1774 2747 ἔθνη
1785 2711 1884 2749 διαιρε-
