1986 3080
117 100 166 128 589

821 99 855 127 lN
871 99 1041 129 PSALMOS.

1693 103 1745 132 500

117 159 217 194 θείσης,
235 158 305 194 ὑπὲρ
321 158 514 196 ἀμφοτέρωνὴ
533 160 685 196 προφητεία
701 159 738 196 τῷ
755 159 814 195 Θεῷ
824 168 895 196 προσ

956 160 1022 193 Deo,
1047 160 1110 195 quia
1134 163 1247 194 peccato
1262 159 1288 186 in
1314 159 1452 187 inﬁnitum
1479 159 1605 192 adaucto,
1633 167 1744 197 supcrat

115 203 175 238 άγει
190 204 240 239 τὴν
261 203 447 241 εὐχαριστίαν,
458 205 499 232 ὅτι
514 205 564 241 τῆς
583 205 718 241 ἁμαρτίας
740 205 780 237 είς
791 205 903 241 ἄπειρον

116 250 288 286 αὐξηθείσης,
305 251 432 286 ὑπερέχει
445 251 473 278 ὲν
491 250 530 287 τῷ
552 251 608 286 ἰδίῳ
624 251 733 286 μεγέθει
747 252 762 278 ὁ
775 250 823 278 τοῦ
834 251 903 278 Θεοῦ

116 297 196 329 ἔλεος,
215 297 261 324 καὶ
279 297 362 323 αὑτοῦ
382 297 428 324 τοῦ
445 297 568 334 οὐρανίου
585 297 669 332 ὕψους
684 297 812 333 ὑπεράνω
828 297 903 332 γενό-

116 351 203 378 μενος.
233 352 241 368 ι
253 343 331 377 Μέγα
343 353 353 369 ι
370 343 435 380 γὰρ,
454 343 545 379 φησὶν,
569 353 579 370 ι
599 343 691 370 ἐπάνω
709 344 762 370 τῶν
780 343 902 379 οὐρανῶν

113 389 142 416 τὸ
155 389 228 421 ἔλεός
244 398 300 416 σου.
312 399 321 415 ι
344 389 384 416 Τὰ
396 390 506 425 ῥήματα
523 389 573 425 τῆς
594 390 664 426 ὑπὲρ
678 389 781 416 ’τούτων
799 389 903 422 δοξολο-

112 436 173 470 γίας
183 433 260 471 οἶμαι
271 436 320 467 τὰς
330 436 487 468 τελευταίας
495 433 562 463 εἶναι
573 436 622 472 τῆς
631 436 791 471 ψαλμῳδίας
799 435 902 468 φωνὰς,

113 481 141 507 ὲν
157 479 197 512 οἷς
213 489 312 516 φησιν’
339 491 348 508 ι
365 481 504 517 ’Υψώθητι
519 482 565 508 ἐπὶ
577 482 639 514 τοὺς
653 480 902 517 οὑρανοὺς,ὁΘεδς,

113 527 158 554 καὶ
171 527 217 554 ἐπὶ
237 529 326 555 πᾶσαν
337 528 385 563 τὴν
399 528 477 563 γῆνὴ
491 528 554 560 δόξα
569 536 626 555 σου.
641 537 650 554 ι
666 529 748 554 Ὅσον
760 527 814 563 γὰρ
827 527 902 554 πλεο-

59 574 64 587 ⁵
112 573 186 606 νάζει
201 574 271 601 κατὰ
283 575 336 610 γῆν
349 575 366 610 ὴ
380 573 427 601 τοῦ
440 574 508 601 Θεοῦ
518 574 656 608 δοξολογία
669 574 686 608 ὴ
700 573 743 600 διὰ
753 572 807 599 τῶν
821 572 902 604 σωζο-

114 619 200 653 μένων
210 620 242 646 ὲκ
251 619 369 652 πίστεως
377 619 561 656 ὲπαυξομένη,
568 619 695 646 τοσοῦτον
703 619 731 646 at
740 619 901 654 ὑποκόσμιοι

112 665 238 701 δυνάμεις
266 666 312 692 ἐπὶ
330 667 362 702 τῇ
386 666 510 702 σωτηρίᾳ
527 666 608 702 ἡμῶν
625 665 838 700 ἀγαλλιώμεναι,
856 663 902 690 τὸν

111 711 176 737 Θεὸν
190 711 340 746 ἀνυμνοῦσί
354 720 383 738 τε
394 712 440 738 καὶ
452 708 648 746 δοξολογοῦσιν,
659 711 748 743 καθώς
762 719 843 746 φησιν
855 709 902 736 ἐπὶ

955 210 1045 233 tamen
1067 205 1176 241 propria
1199 212 1250 233 sua
1271 204 1458 240 magnitudine
1478 205 1570 234 divina
1590 206 1745 235 misericor-

955 251 1009 283 dia,
1018 252 1077 286 ipsa
1090 251 1172 279 etiam
1182 251 1286 279 caelesti
1300 250 1444 278 altitudine
1454 251 1534 279 altior
1543 251 1650 286 cti'ecta;
1660 254 1746 282 verba

955 301 1046 323 autem
1073 295 1239 323 laudationis
1255 303 1304 330 pro
1321 295 1364 323 his
1386 295 1527 328 institutae,
1545 296 1664 324 arbitror
1677 297 1744 324 ulti-

955 349 1015 370 mas
1028 349 1089 370 esse
1104 349 1186 370 voces
1199 341 1310 377 psalmi,
1331 348 1394 368 cum
1410 341 1448 368 ait
1466 350 1472 368 :
1491 350 1500 367 ι
1511 341 1647 370 .Exaltare
1660 350 1743 378 super

954 388 1049 421 caelos,
1066 387 1149 420 Deus,
1163 391 1190 415 et
1205 393 1287 422 super
1304 394 1413 414 omnem
1429 390 1530 414 terram
1551 387 1636 422 gloria
1654 392 1709 416 tua.
1730 398 1740 415 ι

953 433 1091 466 Quantum
1112 435 1186 462 enim
1202 434 1229 461 in
1252 432 1334 461 terris
1357 432 1480 460 abundat
1503 432 1550 459 Dei
1568 433 1741 468 gloriﬁeatio,

952 483 1058 507 tantum
1075 479 1191 507 virtutes
1208 479 1261 507 illa:
1284 486 1367 514 supra
1387 478 1520 506 mundum
1541 483 1642 507 eveetze
1661 487 1744 515 super

952 526 1041 553 salute
1069 529 1165 554 nostra
1189 527 1369 558 exsultantes,
1386 524 1470 553 Deum
1484 525 1690 558 concelebrant,
1715 530 1744 554 et

954 571 1119 607 gloriﬁcant,
1134 576 1217 607 prout
1233 572 1266 599 ad
1282 570 1408 607 pastores
1423 571 1491 600 dicit
1503 571 1623 599 caelestis
1638 572 1744 600 exerci-

954 621 1009 650 tus,
1024 617 1135 652 quando
1162 617 1251 652 angeli
1267 617 1395 646 viderunt
1410 625 1517 653 pacem,
1535 625 1597 653 quae
1614 619 1679 646 vita:
1693 626 1745 646 no-

955 667 1018 690 stra:
1033 663 1060 690 in
1075 663 1234 691 hominibus
1256 663 1334 690 bona).
1350 663 1502 691 voluntatis
1518 663 1619 697 illuxit,
1642 664 1744 693 decan-

956 713 1105 744 taruntque
1119 718 1125 736 :
1144 717 1153 734 ι
1173 709 1266 736 Gloria
1279 709 1307 736 in
1320 709 1438 737 excelsis
1449 709 1504 738 Deo
1516 710 1537 738 ⁸.
1557 719 1568 737 ι

111 757 164 784 τῶν
184 757 321 793 ποιμένων
341 759 358 793 ἡ
375 758 534 793 ἐπουράνιος
552 756 674 793 στρατιὰ,
690 757 735 784 ὅτε
752 757 805 784 ἴδον
820 756 845 782 οἱ
865 754 975 790 ἄγγελοι
996 755 1043 782 ἐπὶ
1062 755 1113 790 γῆς
1129 754 1177 790 τὴν
1198 755 1310 791 εἰρήνην
1325 755 1376 790 τὴν
1391 755 1462 792 ὑπὲρ
1480 755 1531 792 τῆς
1547 755 1576 783 ὲν
1588 755 1744 792 ἀνθρώποις

112 803 231 836 εὐδοκίας
244 804 284 839 τῷ
299 804 348 839 βίῳ
360 804 438 840 ἡμῶν
454 804 641 839 ἐπιφανεῖσαν,
656 804 697 830 ὅτι
714 814 723 830 ι
736 803 806 836 Δόξα
821 804 850 829 ὲν
858 801 980 836 ὑψίστοις
993 800 1061 836 Θεῷ.
1080 809 1090 827 ι

366 851 566 878 ΚΕΦΑΛΑῘΟΝ
589 852 638 878 lE'.

145 896 246 923 Τούτου
257 896 284 923 δὲ
297 896 344 923 τοῦ
357 897 440 931 ’ύψους
452 898 501 933 τῆς
511 897 670 933 ψαλμῳδίας
684 898 701 932 ἡ
715 896 900 933 ὑπερκειμένη

109 943 217 979 διαδοχὴ
232 943 357 970 τοσοῦτον
373 943 421 970 ὲπὶ
431 943 460 970 τὺ
472 943 678 978 μεγαλειότερον
689 942 824 978 διαφέρει,
838 942 899 970 ὅσον

110 988 139 1021 ἐξ
151 988 241 1015 αὐτῶν
259 987 317 1014 ἔστι
333 988 386 1014 τῶν
401 988 600 1023 γεγραμμένων
616 989 722 1023 μαθεῖν.
737 988 792 1015 Καὶ
805 987 900 1024 ὥσπερ

109 1034 139 1060 ὲν
154 1034 212 1065 τοῖς
227 1032 372 1068 δρομεῦσιν
382 1034 396 1060 ὁ
406 1033 452 1060 τὸν
467 1033 580 1068 νικητὴν
592 1034 645 1060 τῶν
659 1033 745 1060 ἄλλων
759 1033 899 1070 παραδρα-

110 1078 178 1114 μὼν,
196 1079 307 1114 μείζονα
322 1079 369 1106 τοῦ
388 1079 520 1116 προτέρου
536 1079 585 1116 τὴν
599 1079 677 1111 δόξαν
688 1079 789 1115 ἤρατο,
806 1079 898 1115 κρείτ-

107 1133 161 1152 των
191 1125 354 1161 ἐπιδειχθεὶς
366 1126 413 1153 τοῦ
436 1126 648 1162 προτρέχοντος·
674 1125 761 1158 οὕτως
780 1126 896 1161 ἔοικενὴ

108 1172 208 1207 ἑϐδόμη
223 1180 252 1198 τε
273 1173 320 1198 καὶ
337 1173 507 1208 πεντηκοστὴ
521 1172 666 1208 ψαλμῳδία
677 1192 684 1204 ,
701 1172 821 1207 μεγάλης
836 1173 897 1199 ἐπι-

106 1216 260 1252 δειχθείσης
279 1218 338 1244 κατ’
355 1217 457 1244 ἔννοιαν
482 1216 532 1252 τῆς
547 1216 781 1252 προδιηνυσμένης
795 1237 802 1249 ,
819 1217 898 1252 νικᾷν

106 1264 190 1298 αὐτὴν
203 1264 236 1298 τῇ
253 1264 424 1298 μεγαλοφυτᾳ.
446 1265 501 1295 τοῖς
524 1263 599 1295 ἰδίοις
622 1263 772 1298 νοήμασιν·
789 1262 827 1295 ὡς
842 1262 898 1300 γὰρ

106 1310 198 1344 ἐκείνη
213 1311 283 1337 κατὰ
300 1310 354 1336 τῶν
379 1310 466 1337 ἄλλων
491 1307 547 1345 εἶχε
571 1309 605 1336 τὰ
631 1312 776 1345 νικητήρια
790 1330 796 1342 ,
811 1308 898 1342 οὕτως

105 1355 175 1391 αὕτη
186 1356 236 1391 τῆς
252 1356 440 1391 ὑπερεχούσης
450 1355 504 1382 τῶν
518 1355 606 1382 ἄλλων
621 1355 650 1382 τὸ
665 1355 745 1382 πλέον
760 1355 816 1390 ἔχει
828 1363 836 1372 ο
849 1355 896 1382 καὶ

105 1400 192 1436 ταύτῃ
204 1400 256 1434 γὰρ
268 1401 403 1435 μαρτυρεῖ
416 1400 464 1435 τὴν
476 1400 553 1435 νίκην
570 1401 586 1435 ἡ
598 1409 606 1425 ι
617 1401 664 1431 Εἰς
676 1400 706 1426 τὸ
721 1399 796 1432 τέλος
807 1408 816 1425 ›
834 1400 896 1426 ὲπι-

105 1447 211 1481 γραφή.
233 1446 303 1472 Ἀλλ’
317 1445 389 1472 ἔοικε
408 1445 446 1482 μὴ
461 1445 585 1473 τοσοῦτον
603 1446 652 1481 τὴν
668 1445 722 1472 τῶν
742 1445 895 1473 ἀντιπάλων

105 1489 200 1526 ἧτταν,
218 1491 286 1518 ἀλλὰ
302 1491 348 1518 τὸν
358 1492 386 1518 ὲν
400 1493 456 1523 τοϊς
469 1492 582 1525 ἀγαθοῖς
592 1491 760 1527 πλεονασμὸν
775 1492 820 1519 ἐπὶ
834 1491 896 1519 ταύ-

104 1546 154 1572 της
167 1537 216 1572 τῆς
234 1537 312 1572 νίκης
326 1537 341 1563 ὁ
354 1537 431 1571 λόγος
452 1537 693 1573 διαμαρτύρεσθαι.
714 1537 789 1571 Ἔχει
805 1537 833 1563 δὲ
845 1537 895 1571 τῆς

104 1581 260 1616 ἐπιγραφῆς
275 1581 361 1613 οὕτως
372 1582 388 1617 ή
401 1581 473 1615 λέξις
484 1589 490 1596 ’
506 1591 515 1606 ι
529 1582 577 1614 Εἰς
589 1582 619 1608 τὸ
629 1582 717 1614 τέλος,
734 1582 770 1618 μὴ
778 1581 896 1616 διαφθεί-

105 1626 212 1663 ρῃς,τῷ
226 1627 306 1654 Δασιδ
321 1627 361 1658 είς
370 1627 583 1662 στηλογραφίαν.
600 1636 609 1652 ι
626 1627 826 1661 Ποσάκιςότῆς
842 1635 895 1662 μα-

103 1673 255 1708 κροθυμίας
265 1673 420 1708 ἀγωνιστὴς
433 1673 479 1699 ἐπὶ
492 1673 531 1708 τῷ
542 1673 665 1708 στεφάνῳ
678 1673 728 1708 τῆς
742 1672 819 1707 νίκης
832 1672 895 1699 ταύ-

103 1728 153 1754 της
167 1719 212 1745 ὑπ’
234 1720 316 1746 αὐτοῦ
339 1719 386 1745 τοῦ
403 1719 571 1753 ἀγωνοθέτου
591 1719 828 1755 ἀνακηρύσσεται;
847 1719 894 1746 καί¹

103 1764 185 1791 αὑτοῦ
200 1765 270 1800 τάχα
290 1763 335 1791 τοῦ
349 1764 506 1800 Πνεῦματος
522 1764 568 1792 τοῦ
594 1765 670 1799 ἁγίου
693 1765 888 1800 θαυμαστικῶς

102 1809 152 1844 τὴν
179 1810 272 1845 φωνὴν
295 1810 397 1845 ταύτην
420 1810 552 1841 πολλάκις
576 1810 830 1845 ἀναλαμϐάνοντος,
856 1810 894 1843 ὠς

102 1855 246 1890 κρείττονα
271 1848 353 1881 οὖσαν
369 1855 419 1890 τῆς
440 1854 495 1882 τῶν
508 1854 659 1891 ἀνθρώπων
677 1855 832 1890 δυνάμεως,
847 1856 894 1882 καὶ⁹

101 1901 157 1927 τῶν
175 1900 225 1935 τῆς
240 1900 347 1935 φύσεως
361 1901 431 1936 ὅρων
446 1901 713 1936 ὑπερεκπίπτουσαν.
731 1902 824 1937 Μάνης
839 1901 893 1937 γὰρ

101 1947 152 1981 τῆς
167 1946 312 1981 ἀσωμάτου
329 1955 358 1973 τε
375 1947 422 1974 καὶ
443 1947 525 1973 ἀΰλου
542 1947 650 1982 φύσεως
669 1947 700 1974 τὺ
722 1947 842 1974 τοιοῦτον
858 1944 893 1982 ἦν

101 1993 190 2019 εἰπεῖν
200 2014 207 2025 ,
225 1990 259 2029 ἦς
275 1993 350 2020 οὐδὲν
371 1993 456 2025 πάθος
478 1993 534 2020 τῶν
549 1993 725 2029 ἀνθρωπίνων
738 1993 894 2029 προσάπτε-

100 2047 157 2066 ται.
173 2038 334 2074 Ἄνθρωπος
347 2038 376 2065 δέ
392 2047 433 2071 ¹τις
446 2039 483 2066 ὢν
501 2039 547 2066 καὶ
570 2039 656 2074 θυμὸν
678 2039 893 2074 συνουσιωμένον

101 2083 171 2119 ἔχων
183 2085 216 2119 τῇ
229 2083 309 2118 φύσει
319 2103 326 2115 ,
336 2083 448 2119 πάσχων
459 2092 489 2110 τε
503 2084 595 2115 κακῶς
609 2083 685 2119 παρὰ
696 2083 742 2110 τοῦ
758 2083 892 2119 μηδεμίαν

96 2128 152 2164 ,μὲν
167 2128 307 2164 εἰληφότος
330 2130 370 2161 εἰς
388 2129 418 2156 τὸ
444 2130 529 2156 κακὺν
556 2129 700 2165 ἀφορμὴν,
721 2129 827 2157 πολλῶν
846 2132 892 2159 καὶ

1250 846 1365 875 CAPUT
1385 847 1443 875 XV.

987 890 1076 926 Hujus
1092 899 1157 919 vero
1176 891 1284 926 psalmi,
1302 892 1348 927 qui
1374 891 1509 927 sequitur,
1530 893 1665 922 celsitudo
1682 898 1744 923 tan-

951 941 1009 964 tum
1031 937 1235 973 magniﬁcentia
1259 938 1379 973 priorem
1404 943 1526 974 superat,
1553 944 1688 975 quantum
1708 948 1743 969 ex

950 982 1019 1018 ipsis
1032 991 1093 1018 quae
1101 984 1263 1011 scribuntur
1277 984 1368 1011 verbis
1379 984 1508 1020 colligere
1523 985 1598 1019 licet,
1609 990 1636 1014 et
1650 994 1744 1022 quem-

950 1030 1096 1057 admodum
1124 1030 1197 1057 inter
1221 1038 1361 1062 cursores,
1389 1030 1437 1065 qui
1459 1031 1591 1060 victorem
1623 1033 1740 1061 aliorum

949 1076 1086 1104 currendo
1106 1076 1182 1109 vicit,
1199 1077 1345 1104 clariorem
1370 1085 1452 1112 quam
1467 1079 1544 1113 prior
1559 1071 1675 1114 gloriam
1694 1088 1740 1108 re-

949 1123 1022 1154 tulit,
1047 1122 1144 1150 melior
1161 1122 1274 1151 etl‘ectus
1298 1130 1331 1150 eo
1351 1123 1397 1158 qui
1424 1129 1642 1158 praecucurrerat
1662 1135 1670 1153 :
1700 1126 1741 1154 sic

948 1169 1056 1197 videtur
1071 1169 1203 1204 septimus
1219 1172 1245 1196 et
1256 1169 1501 1204 quinquagesimus
1515 1170 1638 1205 psalmus
1653 1171 1740 1199 multo

948 1214 1046 1250 majori
1063 1215 1244 1246 incremento,
1261 1215 1350 1250 quoad
1370 1215 1546 1247 sententiam,
1560 1216 1739 1252 magniﬁcen-

947 1261 1105 1296 tia\proprii
1123 1269 1222 1289 sensus
1237 1261 1436 1296 prtecedentem
1449 1269 1580 1296 superare
1593 1270 1599 1289 :
1620 1267 1651 1289 ut
1663 1263 1738 1291 enim

947 1305 993 1333 ille
1009 1305 1070 1333 aliis
1089 1305 1207 1340 palmam
1225 1305 1377 1340 praeripuit,
1399 1305 1438 1333 sic
1453 1306 1505 1333 iste
1525 1306 1586 1341 plus
1603 1306 1686 1334 habet
1704 1307 1738 1335 de

946 1360 990 1384 eo.
1015 1359 1070 1387 quo
1087 1352 1195 1381 caeteris
1212 1352 1361 1385 antecellit,
1381 1352 1462 1387 eique
1487 1353 1674 1381 testimonium
1695 1353 1738 1381 vi-

946 1398 1040 1426 ctoria:
1054 1398 1155 1433 praebet
1168 1398 1226 1433 ipsa
1244 1398 1388 1433 inscriptio
1401 1408 1408 1426 :
1423 1408 1432 1424 ι
1447 1398 1476 1426 1η
1491 1398 1584 1427 ﬁnem.
1603 1409 1613 1426 ι
1632 1399 1686 1429 Sed
1699 1401 1738 1428 vi-

946 1445 1026 1472 detur
1047 1444 1136 1471 oratio
1151 1452 1206 1471 non
1229 1449 1282 1482 tam
1298 1444 1520 1472 adversariorum
1540 1444 1737 1479 devictionem.

947 1497 1028 1525 quam
1044 1489 1241 1517 abundantiam
1256 1490 1401 1522 bonorum,
1425 1497 1485 1525 quae
1503 1497 1535 1518 ex
1554 1490 1605 1518 hae
1621 1491 1736 1519 victoria

946 1536 1135 1571 consequitur,
1156 1537 1305 1563 contestari
1330 1545 1335 1562 :
1362 1536 1404 1564 sic
1429 1543 1494 1563 vero
1519 1536 1553 1563 ad
1573 1537 1686 1564 verbum
1706 1545 1737 1566 se

947 1582 1047 1609 habent
1069 1581 1259 1617 inscriptionis
1276 1582 1378 1610 verba:
1402 1591 1410 1607 ι
1437 1582 1467 1609 1η
1491 1578 1596 1609 tinem:
1619 1583 1661 1610 Ne
1676 1582 1735 1611 dis-

947 1627 1055 1662 perdas,
1082 1627 1166 1654 David
1186 1627 1214 1654 in
1240 1627 1310 1655 tituli
1335 1627 1553 1663 inscriptionem.
1583 1637 1593 1654 ι
1620 1624 1735 1662 Quoties
1760 1645 1766 1650 -

946 1673 1163 1708 ionganimitatis
1178 1674 1229 1701 iste
1247 1674 1332 1709 pugil,
1350 1674 1386 1701 ob
1403 1681 1535 1702 coronam
1553 1675 1635 1709 hujus
1649 1675 1737 1703 v-ieto-

946 1719 1010 1750 ritc,
1039 1727 1055 1746 a
1086 1721 1177 1754 seipsa
1202 1724 1332 1754 tanquam
1359 1721 1524 1756 agonotheta
1551 1721 1736 1757 praedicatur?

945 1767 1006 1801 ipso
1031 1765 1158 1793 fortassis
1182 1765 1286 1800 Spiritu
1317 1769 1413 1793 sancto
1438 1765 1601 1793 mirabiliter
1633 1767 1734 1802 saepius

944 1817 1038 1838 vocem
1056 1810 1126 1837 hanc
1142 1810 1267 1842 iterante,
1286 1810 1365 1846 quasi
1383 1811 1559 1845 praestantior
1581 1811 1616 1839 sit
1635 1813 1736 1841 virtute

945 1856 1065 1884 humana
1079 1860 1106 1884 et
1125 1863 1208 1891 supra
1224 1860 1329 1883 natura!
1344 1855 1413 1884 ﬁnes
1429 1860 1522 1884 evecta
1537 1867 1543 1884 :
1560 1858 1646 1885 solius
1660 1858 1735 1886 enim

945 1902 1116 1937 incorporea:
1137 1905 1164 1929 et
1187 1901 1377 1930 immaterialis
1401 1905 1506 1929 natura:
1531 1901 1583 1930 hoc
1611 1906 1671 1931 erat
1692 1903 1736 1931 di-

944 1954 1019 1980 cere,
1037 1955 1118 1982 quam
1140 1947 1215 1974 nulla
1230 1947 1414 1974 humanarum
1435 1947 1610 1975 atl'ectionum
1635 1949 1733 1984 tangit.

944 1993 1062 2021 Protulit
1078 1998 1168 2021 tamen
1187 1994 1259 2021 hanc
1280 2000 1376 2021 vocem
1392 1993 1485 2027 homo,
1501 1994 1547 2029 qui
1569 1994 1636 2021 iram
1654 2002 1670 2022 a
1685 2002 1735 2022 na-

944 2046 1006 2069 tura
1017 2048 1074 2068 sum
1085 2040 1246 2068 substantiae
1262 2035 1384 2066 innatam
1401 2039 1492 2072 habet,
1508 2039 1554 2075 qui
1568 2040 1652 2068 multa
1662 2041 1735 2069 mala

943 2086 1147 2123 perpetiebatur
1163 2086 1198 2113 ab
1211 2093 1243 2113 eo
1258 2085 1303 2112 cui
1319 2085 1422 2112 nullam
1439 2085 1504 2112 mali
1520 2085 1675 2120 eujuspiam
1691 2085 1735 2113 in-

944 2131 1048 2160 ferendi
1073 2131 1247 2159 occasionem
1272 2130 1385 2158 dederat
1399 2140 1404 2157 :
1418 2130 1472 2157 imo
1493 2130 1529 2158 ab
1549 2138 1582 2158 eo
1605 2131 1632 2157 in
1652 2138 1733 2165 quem

102 2174 228 2209 μεγάλων
242 2174 352 2209 ἀγαθῶν
367 2175 520 2211 ἠξιωμένου
531 2196 537 2207 ,
554 2177 624 2212 ὺπέρ
640 2185 669 2204 τε
682 2177 732 2212 τῆς
745 2178 828 2214 κενῆς
842 2179 891 2214 ἀρ-

947 2178 1030 2205 mnlta
1045 2181 1072 2204 et
1088 2176 1206 2211 insignia
1222 2175 1353 2203 beneﬁcia
1373 2175 1542 2208 contulerat;
1558 2176 1604 2210 qui
1622 2179 1734 2211 propter

100 2219 151 2255 χῆς
164 2220 211 2246 καὶ
223 2221 293 2256 ὑπὲρ
305 2221 360 2247 τῶν
372 2221 412 2252 είς
424 2221 505 2248 αὑτὸν
517 2222 618 2248 ἐκεῖνον
630 2223 831 2258 γεγενημένων,
845 2221 891 2250 οὗ·

100 2273 146 2296 τος
162 2266 331 2301 μετανάστης
348 2266 393 2292 ὑπ’
410 2266 492 2292 αὐτοῦ
511 2266 559 2293 τοῦ
574 2268 623 2302 τῆς
639 2268 762 2300 εὐποιίας
776 2277 891 2305 τετυχη-

99 2309 178 2341 κότος
204 2310 251 2336 καὶ
265 2310 353 2344 φυγὰς
369 2310 473 2344 γίνεται
487 2310 538 2344 τῆς
551 2311 653 2342 οἰκείας
672 2311 764 2343 ἑστίας
779 2312 825 2338 ἐπὶ
843 2312 892 2339 θα-

99 2356 174 2391 νάτῳ
189 2355 266 2391 παρὰ
279 2356 326 2382 τοῦ
340 2354 369 2383 εὖ
386 2356 553 2388 πεπονθότος
568 2356 805 2392 συνελαυνόμενος.
825 2357 890 2384 Ἀλ-

98 2402 159 2428 λοτε
172 2401 251 2429 ἄλλον
263 2402 316 2429 ὑπὸ
329 2402 484 2437 ἀμηχανίας
498 2402 584 2429 ἐπιὼν
595 2403 678 2429 τόπον
689 2403 802 2438 ἐρήμοις
813 2403 891 2430 ἐναυ-

98 2448 255 2483 λιζόμενος,
270 2441 435 2483 ἀκρωρείαις
455 2447 651 2484 προσφεύγων,
666 2448 822 2482 ἀλλοφύλων
839 2449 891 2476 ίκέ-

98 2501 150 2529 της
177 2494 338 2528 γενόμενος,
362 2493 390 2520 ὲν
408 2493 496 2529 ἐνδείᾳ
514 2494 569 2520 τῶν
583 2494 740 2528 ἀναγκαίων
765 2502 890 2521 κακοπα-

99 2539 163 2572 θῶν,
180 2539 312 2576 ὕπαιθρος
327 2539 362 2565 τὰ
376 2539 462 2566 πολλὰ
474 2540 671 2575 διακαρτερεῖνν,
681 2539 810 2572 πολλάκις
823 2541 888 2576 παρ’

98 2585 181 2612 αὑτοῦ
194 2585 239 2611 τὸν
261 2585 341 2620 μέχρι
357 2584 472 2612 θανάτου
486 2585 608 2612 κίνδυνον
623 2585 743 2617 ὑποστὰς
754 2606 762 2618 ,
775 2585 823 2612 νῦν
839 2586 889 2620 μὲν

97 2631 226 2666 αὐτόχειρ
241 2630 284 2657 διὰ
300 2632 348 2666 τῆς
364 2631 462 2666 λόγχης
478 2631 545 2666 πρὸς
564 2632 609 2658 τὸν
621 2633 681 2659 κατ’
703 2632 785 2659 αὑτοῦ
809 2632 888 2666 φόνον

96 2678 270 2713 ὁρμήσαντος
279 2685 285 2692 ·
294 2677 376 2704 πάλιν
389 2677 418 2703 δὲ
433 2677 478 2704 τὸν
492 2675 576 2710 οἷκον,
590 2678 619 2704 ὲν
633 2676 654 2712 ᾧ
664 2679 767 2714 διῆγεν,
779 2678 822 2706 διὰ
834 2679 888 2706 τῶν

96 2722 255 2758 δορυφόρων
270 2722 456 2754 διαλαῦόντος,
468 2723 505 2755 ὡς
519 2723 552 2750 ἂν
565 2723 601 2758 μὴ
614 2723 692 2757 φύγοι
706 2724 748 2751 τὸν
761 2724 883 2752 Θάνατον.

117 2809 127 2824 ⁸
151 2809 215 2836 Luc.
234 2817 263 2840 ιι,
281 2809 324 2837 Η.

940 2226 1023 2253 inane
1036 2223 1178 2256 imperium
1189 2242 1197 2254 ,
1209 2225 1235 2248 et
1247 2221 1284 2248 ob
1295 2221 1341 2248 illa
1355 2221 1424 2256 ipsa,
1436 2228 1497 2256 quae
1510 2221 1584 2249 illius
1595 2222 1682 2256 gratia
1694 2221 1734 2250 fe-

941 2274 1027 2301 cerat,
1043 2268 1122 2296 exsul
1135 2267 1251 2295 eﬁicitur
1266 2268 1302 2295 ab
1320 2267 1366 2294 illo
1381 2267 1441 2301 ipso
1453 2267 1498 2301 qui
1513 2267 1652 2296 beneﬁciis
1668 2267 1733 2296 afte—

941 2320 1002 2343 etus
1024 2315 1130 2345 fuerat;
1152 2312 1340 2348 profugusque
1355 2312 1395 2344 ﬁt,
1415 2312 1524 2347 propria
1541 2312 1635 2345 domo,
1652 2313 1687 2340 ab
1700 2321 1733 2342 eo

941 2361 975 2388 de
1001 2366 1056 2394 quo
1080 2358 1150 2385 bene
1177 2357 1291 2385 meritus
1317 2361 1387 2389 erat,
1413 2357 1530 2392 cjeetus,
1554 2357 1622 2385 alias
1648 2358 1732 2386 alium

944 2413 1001 2442 prae
1022 2403 1215 2439 desperatione
1232 2403 1322 2429 locum
1346 2406 1453 2438 petens,
1475 2403 1501 2430 in
1517 2403 1666 2431 solitudine
1685 2403 1733 2432 de-

940 2459 1018 2487 gens,
1039 2450 1073 2477 .in
1098 2449 1231 2477 montium
1255 2449 1373 2476 vertiees
1396 2456 1426 2476 se
1447 2449 1593 2484 recipiens,
1617 2449 1731 2484 supplex

939 2495 1101 2531 alienigenis
1135 2495 1240 2526 factus,
1258 2494 1349 2529 inopia
1381 2502 1474 2522 rerum
1512 2495 1731 2522 necessariarum

939 2543 1066 2575 aﬂlietus,
1085 2541 1136 2569 sub
1148 2541 1195 2568 dio
1208 2540 1369 2576 plerumque
1386 2548 1480 2576 agens.
1493 2548 1564 2576 saepe
1579 2541 1729 2576 perieulum

939 2588 1036 2616 mortis
1051 2588 1085 2616 ab
1097 2588 1206 2623 ingrato
1216 2590 1339 2614 creatum
1352 2586 1458 2619 adiens,
1473 2587 1519 2621 qui
1534 2594 1607 2613 nune
1620 2586 1728 2621 quidem

942 2642 993 2662 sua
1009 2641 1102 2666 manu,
1119 2633 1198 2661 hasta
1212 2637 1331 2668 arrepta,
1350 2633 1450 2660 caedem
1468 2633 1507 2660 illi
1521 2632 1647 2666 intentat,
1666 2640 1729 2659 rur-

942 2687 1046 2716 susque
1061 2679 1172 2706 domum
1189 2678 1217 2704 in
1232 2685 1286 2713 qua
1303 2677 1429 2712 degebat,
1451 2677 1617 2705 satellitibus
1633 2677 1727 2711 stipat,

942 2732 978 2751 uc
993 2728 1107 2751 mortem
1125 2723 1274 2758 elTugcrct:
1292 2723 1338 2758 qui
1362 2722 1459 2750 deinde
1479 2718 1592 2746 sollicite
1600 2718 1722 2754 inquirit.
