1986 3080
252 112 299 139 5’.“

884 108 912 136 S.
933 105 1097 136 GREGORII
1113 105 1260 134 NYSSE‘NI

1826 109 1879 138 59‘!

251 174 296 201 ubi
316 174 436 200 locorum
453 175 620 202 versaretur.
641 171 686 199 ubi
709 171 798 198 cibum
817 170 990 205 sumpsisset.
1012 173 1038 195 et

1091 166 1155 196 Εἶτα
1168 169 1305 204 πανταχοῦ
1323 169 1612 206 πολυπραγμονοῦντος
1622 190 1628 201 ,
1646 170 1675 197 ἐν
1691 169 1731 202 οἷς
1753 170 1879 207 ηὐλίζετο

250 219 320 255 apud
337 226 406 254 quos
424 222 526 253 ageret,
546 222 573 245 et
586 217 619 244 ad
635 225 705 252 quos
722 216 899 251 confugisset.
912 219 939 243 et
963 219 1038 250 post-

249 272 330 300 quam
349 264 389 291 bis
412 263 464 298 ipsi
485 264 576 290 oblata
600 266 643 290 est
666 262 726 297 ejus
746 260 888 288 occidendi
907 263 1039 295 opportu-

249 311 332 343 nitas,
353 313 419 336 tunc
433 308 543 344 quidem
564 315 626 335 cum
647 307 674 334 in
689 308 818 342 spelunca
841 314 874 333 ex
892 305 1040 340 improviso

251 357 315 383 Saul
333 356 361 382 in
378 363 476 382 manus
492 353 602 381 Davidis
620 353 773 383 incidisset.
789 359 887 378 rursus
906 351 933 378 in
949 350 1040 377 tuber-

251 404 366 433 nacnlo,
394 402 503 437 quando
531 407 628 427 somno
654 399 777 434 sepultus
800 397 923 432 jacebat;
956 396 1039 423 David

251 456 316 476 vero
329 447 475 475 dormienti
490 447 588 477 astitit.
609 445 719 480 quando
732 451 840 471 omnem
859 443 957 470 licebat
971 443 1038 468 iram

252 497 278 523 in
299 495 372 522 caule
396 494 438 522 sui
458 491 642 529 persecutoris
669 495 848 522 exsaturare;
872 496 959 523 neque
982 488 1040 523 ipse

251 549 349 569 manus
368 541 391 567 ei
409 540 510 570 attulit,
531 543 557 566 et
571 539 607 565 illi
623 538 668 573 qui
699 537 732 564 ad
756 537 856 564 caedem
882 535 1038 565 festinabat,

250 587 328 618 illud,
349 596 356 611 ι
379 586 417 612 Ne
439 584 592 619 disperdas.
610 590 619 609 ι
638 583 723 610 dixit:
745 582 800 610 Deo
814 581 895 616 digna
913 584 956 608 est
974 587 1038 611 vox,

251 641 312 668 qtuc
326 631 443 659 hominis
458 629 596 657 interitum
613 633 695 656 vetat.

286 724 421 758 Quocirca
437 721 669 758 quemadmodum
684 721 734 754 illi,
749 721 794 755 qui
814 720 978 746 illustriores
991 725 1039 745 no-

251 775 293 797 tas
312 770 341 796 in
366 768 503 804 lapidibus
524 767 705 801 exsculpunt,
724 766 751 792 in
770 764 934 800 profundum
959 763 1039 790 caela-

250 823 311 844 tura
330 815 454 843 incidunt
475 813 673 840 elementOI-um
693 811 876 839 characteres.
899 809 970 844 stylo
991 815 1038 835 sa:-

252 863 314 896 pius
333 861 428 888 formis
448 859 578 891 inducto;
601 859 641 886 sic
658 860 787 893 perpetua
805 855 965 890 repetitione
981 854 1039 889 Spi-

251 908 322 934 ritus
342 910 466 937 sanctus,
491 904 641 940 planiorem
661 907 688 930 et
708 901 937 932 manifestiorem,
959 901 1038 935 quasi

251 954 278 981 in
293 950 569 980 columna-memoria
582 953 692 980 nostras,
711 947 882 983 magnificam
897 946 977 973 istam
991 953 1039 973 vo-

251 1007 310 1026 cem
331 998 437 1026 efﬁcere
457 1000 584 1027 conatur,
606 1000 635 1021 ut
657 994 731 1021 clare
753 997 780 1021 et
797 993 856 1020 sine
878 992 1040 1019 confusione

252 1040 417 1078 scripturam
442 1042 513 1068 hanc
530 1040 609 1067 nobis
629 1039 805 1074 insculptam,
825 1041 947 1072 tempore
964 1037 1038 1064 cala-

252 1089 377 1115 mitatum
401 1090 429 1114 et
450 1085 687 1120 perturbationum
710 1084 832 1118 legamus
856 1091 864 1110 :
887 1082 938 1109 hoc
965 1082 1038 1109 enim

253 1138 378 1161 sanctum
397 1131 530 1167 Spiritum
547 1131 694 1158 consilium
716 1133 842 1164 spectare
855 1128 986 1160 arbitror,
1010 1131 1040 1153 ut

253 1179 382 1214 praeclare
398 1177 470 1204 facta
493 1180 652 1204 sanctorum
677 1175 798 1202 virorum
820 1175 875 1201 sint
897 1175 923 1201 in
948 1181 1040 1201 exem-

253 1226 338 1260 plum,
352 1228 379 1251 et
394 1223 473 1259 quasi
487 1222 616 1250 ducatum
630 1220 776 1256 posteriori
787 1220 860 1250 vita},
876 1219 908 1246 ad
924 1219 1038 1246 similem

252 1270 438 1306 praestantiam
453 1267 605 1295 imitatione
618 1273 670 1294 nos
682 1265 825 1292 invitante.
841 1264 955 1297 Quando
966 1264 1038 1291 enim

253 1316 287 1344 ad
301 1317 373 1350 ejus,
390 1315 436 1351 qui
455 1321 505 1342 nos
523 1314 564 1341 ira
589 1311 811 1342 inﬂammaverit,
832 1311 962 1338 ultionem
984 1310 1041 1337 ani-

253 1369 316 1389 mus
328 1364 470 1392 exaestuat,
484 1363 510 1387 et
522 1357 697 1387 excandescit
711 1357 799 1384 iratus
810 1357 922 1391 sanguis
936 1357 1039 1384 circum

253 1407 414 1442 praecordia,
439 1406 467 1433 in
488 1406 564 1433 illum
578 1405 625 1440 qui
647 1411 698 1432 nos
716 1402 839 1430 molestia
855 1401 954 1434 ali‘eeit,
975 1406 1040 1429 tunc

253 1454 288 1481 ad
309 1454 380 1480 hanc
393 1452 560 1483 columnam,
575 1457 657 1485 quam
681 1449 802 1489 Spiritus
818 1451 933 1476 sanctus
946 1447 1040 1475 Davidi

253 1500 350 1530 erexit,
376 1496 537 1532 respiciens,
562 1499 591 1522 et
615 1494 698 1523 verba
721 1494 748 1521 in
776 1494 820 1521 illa
844 1493 957 1529 scripta,
981 1500 1041 1528 qua:

253 1543 340 1571 David
363 1550 412 1578 pro
433 1543 476 1569 sui
498 1540 684 1569 interfectoris
706 1540 894 1568 incolumitate
916 1540 1038 1575 protulit.

255 1591 396 1626 relegens.
424 1587 615 1623 tranquillabit
644 1587 758 1614 omnino
786 1586 933 1613 tumultum
964 1586 1040 1613 illum

219 1650 223 1654 -
254 1636 462 1673 cogitationum,
485 1642 546 1670 quae
570 1635 598 1661 in
623 1633 716 1660 animo
738 1633 922 1665 exstiterunt;
945 1637 1040 1668 pacata

254 1683 328 1711 omni
341 1681 556 1718 perturbatione,
572 1679 709 1707 desiderio
728 1678 891 1706 imitationis
910 1683 964 1705 tam
978 1677 1042 1705 insi-

255 1728 348 1763 gnium
373 1727 537 1754 facinorum.
555 1725 641 1753 Porro
663 1725 879 1761 magnitudinem
894 1723 1041 1759 profectus

253 1774 314 1808 ejus
331 1773 378 1807 qui
398 1779 480 1807 super
498 1771 580 1806 hujus
599 1770 695 1806 psalmi
717 1770 831 1806 gradum
856 1769 991 1800 ascendit,
1007 1777 1040 1797 ex

255 1819 322 1853 ipsis
336 1816 429 1844 itidem
451 1816 550 1851 psalmi
568 1815 659 1843 verbis
685 1815 840 1850 perspicere
863 1814 937 1845 licet,
955 1821 1042 1848 quan-

253 1867 311 1889 tum
334 1862 459 1890 videlicet
479 1861 665 1896 magnitudine
693 1865 720 1887 et
734 1859 891 1888 excelsitate
917 1859 1043 1894 superio-

252 1917 310 1938 rem
333 1911 506 1943 exsuperet;
523 1914 578 1934 non
592 1907 664 1934 enim
687 1907 805 1941 amplius
821 1914 851 1934 se
865 1906 900 1933 ab
921 1905 1042 1933 inimicis

256 1954 416 1982 conculcari
441 1953 630 1988 conqueritur,
655 1960 744 1988 neque
771 1951 988 1981 misericordiam
1013 1951 1041 1978 in

254 1999 409 2027 subsidium
425 1998 551 2030 advocat,
570 1999 618 2026 sed
639 1999 668 2025 in
691 1999 774 2025 altum
797 2002 919 2030 evectus,
938 1998 1012 2025 velut
1026 2004 1042 2024 e

254 2045 367 2080 specula
393 2044 511 2079 quadam
532 2043 654 2075 excelsa,
677 2044 721 2071 his
747 2044 793 2078 qui
818 2043 889 2070 infra
915 2044 942 2070 in
959 2043 1042 2078 hujus

255 2092 382 2118 humana:
399 2090 460 2117 vita:
476 2089 593 2117 vallibus
608 2089 721 2125 degunt,
739 2089 964 2124 reprehensionis
982 2096 1042 2115 mo-

253 2138 289 2165 do
310 2137 362 2165 ista
382 2137 489 2164 intonat
504 2145 511 2163 :
527 2135 620 2164 Heus!
638 2135 777 2166 mortales,
795 2135 860 2170 quid
878 2134 1043 2170 loquimini?

1090 216 1137 242 καὶ
1148 213 1189 247 οἷς
1202 215 1365 250 κατέφαγεν,
1379 215 1454 251 παρὰ
1463 215 1538 247 τίνας
1550 215 1604 250 εἴη,
1615 215 1660 242 καὶ
1672 216 1740 251 πρδς
1751 216 1799 248 οὓς
1812 225 1878 250 μετ-

1089 261 1225 288 ανίστατο.
1259 261 1314 287 Καὶ
1340 260 1432 296 ἐπειδὴ
1456 260 1496 292 δὶς
1519 260 1594 296 αὐτῷ
1616 260 1780 296 συνέδραμεν
1795 261 1812 296 ὴ
1829 261 1878 288 τοῦ

1090 306 1249 331 ἀποκτεῖναι
1263 305 1308 332 τὸν
1321 305 1416 340 ὲχθρδν
1433 305 1569 340 εὐκαιρία,
1586 305 1632 332 νῦν
1645 305 1694 341 μὲν
1709 307 1738 332 ἐν
1753 306 1792 341 τῷ
1805 314 1878 342 σπη-

1089 349 1157 384 λαίῳ
1172 351 1332 384 ἀπροόπτως
1347 350 1395 377 τοῦ
1410 351 1496 377 Σαοὺλ
1516 352 1577 382 ταῖς
1590 351 1636 378 τοῦ
1650 351 1732 378 Δαϐὶδ
1747 353 1879 387 ἐμπεσόν-

1089 404 1134 427 τος
1146 395 1251 431 χερσίν·
1268 396 1349 422 πάλιν
1363 396 1392 422 δὲ
1406 397 1476 423 κατὰ
1487 396 1536 431 τὴν
1556 397 1668 433 σκηνὴν,
1687 397 1730 424 ὅτε
1745 398 1759 423 ὁ
1776 397 1825 433 μὲν
1839 398 1878 433 τῷ

1091 441 1167 477 ὕπνῳ
1183 441 1300 477 πάρετος
1313 439 1358 477 ἦν,
1374 442 1388 468 ὁ
1406 442 1434 469 δὲ
1447 442 1529 468 Δαὸὶδ
1541 443 1697 478 ἐφειστήκει
1711 443 1877 475 καθεύδοντι,

1089 487 1133 513 ὅτε
1148 488 1237 514 πᾶσαν
1253 487 1316 523 ἐξῆν
1330 487 1462 522 αὐτῷτὴν
1478 488 1562 523 ὀργὴν
1575 488 1603 514 ἐν
1615 487 1654 523 τῷ
1671 488 1743 524 φόνῳ
1758 483 1804 515 τόὖ
1817 489 1879 516 διώ.

1091 542 1183 565 κοντος
1208 533 1288 560 αὑτὸν
1312 533 1526 569 ἀποπληρῶσαι·
1547 533 1610 561 οὔτε
1630 534 1714 566 ἀὐτὸς
1734 534 1783 569 τὴν
1799 537 1878 570 χεῖρα

1091 580 1238 614 ἐπήγαγεν,
1267 580 1313 606 καὶ
1341 579 1379 614 τῷ
1403 579 1471 614 πρὸς
1494 578 1543 614 τὴν
1566 580 1704 615 ἀναίρεσιν
1725 580 1876 613 σπεύδοντι,

1091 633 1102 649 1
1120 624 1166 659 Μὴ
1184 624 1356 660 διαφθείρῃς,
1368 633 1377 648 ι
1392 624 1474 658 λέγει.
1494 624 1561 651 Θεοῦ
1575 634 1617 657 τις
1632 625 1760 660 ἄντικρύς
1776 626 1849 653 ἐστιν
1859 627 1876 661 η

1090 667 1174 703 φωνὴ,
1187 668 1236 703 τὴν
1253 668 1356 703 φθορὰν
1371 669 1417 695 ἐπὶ
1429 668 1474 695 τοῦ
1490 669 1633 704 ἀνθρώπου
1646 670 1797 697 κωλύουσα.

1123 713 1173 740 Διὰ
1187 713 1265 740 τοῦτο
1277 714 1402 750 καθάπερ
1413 715 1437 742 οἱ
1451 715 1639 751 ἐπισημότερα
1653 715 1791 748 ποιοῦντες
1800 716 1835 743 τὰ
1848 717 1877 743 ἐν

1088 760 1144 790 τοῖς
1172 759 1255 791 λίθοις
1271 760 1464 795 χαράγματα,
1487 761 1527 792 είς
1555 759 1635 795 βάθος
1661 761 1819 796 ἐντέμνουσι
1842 763 1875 797 τῇ

1089 805 1176 841 γλυφῇ
1201 806 1255 833 τῶν
1281 807 1419 841 στοιχείων
1442 807 1506 838 τοὺς
1530 807 1723 843 χαρακτῆρας,
1748 808 1877 841 πολλάκις

1090 852 1237 886 ἐπάγοντες
1256 852 1304 888 τὴν
1326 853 1444 887 γραφίδα
1460 853 1516 884 τοῖς
1533 852 1644 888 τύποιςί·
1663 854 1749 886 οὓτως
1769 854 1813 881 διὰ
1827 853 1877 890 τῆς

1091 896 1218 933 συνεχοῦς
1233 898 1445 934 ἐπαναλήψεως,
1462 899 1492 925 τὸ
1505 898 1617 935 Πνεῦμα
1634 899 1665 928 τὸ
1680 900 1757 934 ἅγιον
1772 890 1876 934 τρανῶ-

1090 954 1166 980 τερον
1180 945 1225 971 καὶ
1239 945 1348 980 εὔδηλον
1363 946 1391 972 ἐν
1402 947 1433 981 τῇ
1448 946 1532 981 στήλῃ
1548 947 1598 982 τῆς
1611 947 1722 982 μνήμης
1735 947 1815 982 ἡμῶν
1826 946 1876 982 τὴν

1092 991 1212 1026 μεγάλην
1226 991 1328 1024 ταύτην
1351 991 1430 1027 ῥῆσιν
1453 991 1580 1025 γενέσθαι
1603 991 1823 1026 παρασκευάζει·
1838 993 1876 1024 ὡς

1090 1036 1123 1063 ἂν
1133 1036 1230 1072 τρανόν
1239 1045 1267 1063 τε
1279 1037 1326 1064 καὶ
1336 1037 1486 1071 ἁσύγχυτον
1495 1037 1712 1073 ἐντετυπωμένον
1722 1039 1788 1073 ἡμῖν
1798 1039 1877 1066 τοῦτο

1089 1082 1120 1108 τὸ
1133 1083 1249 1117 γράμμα
1260 1103 1268 1114 ,
1283 1083 1312 1108 ἐν
1331 1082 1370 1118 τῷ
1387 1082 1475 1118 καιρῷ
1490 1082 1544 1110 τῶν
1558 1083 1726 1119 παθημάτων
1741 1084 1876 1119 ἀναγινώ-

1091 1136 1191 1154 σκοιτο.
1204 1128 1276 1163 Πρὸς
1288 1128 1367 1155 τοῦτο
1378 1129 1432 1164 γὰρ
1446 1127 1522 1164 οἶμαι
1537 1129 1586 1165 τὴν
1601 1130 1648 1156 τοῦ
1663 1130 1738 1164 ἁγίου
1752 1131 1877 1165 Πνεύμα-

1090 1183 1135 1206 τος
1147 1175 1302 1210 οἰκονομίαν
1315 1176 1392 1210 ὁρᾷν,
1405 1175 1475 1202 ὥστε
1487 1175 1521 1202 τὰ
1537 1176 1705 1212 προλαδόντα
1720 1176 1774 1203 τῶν
1791 1177 1876 1212 ἁγίων

1091 1221 1195 1255 ἀνδρῶν
1213 1221 1411 1260 κατορθώματα
1423 1242 1431 1253 ,
1450 1222 1490 1254 είς
1517 1222 1628 1257 ὁδηγίαν
1650 1224 1809 1259 προκεῖσθαι
1838 1224 1876 1260 τῷ

1093 1265 1161 1300 μετὰ
1179 1266 1265 1293 ταῦτα
1283 1266 1332 1301 βίῳ
1345 1287 1352 1299 ,
1365 1267 1432 1302 πρὸς
1448 1267 1477 1294 τὸ
1495 1267 1551 1294 ἴσον
1565 1276 1594 1294 τε
1610 1269 1656 1295 καὶ
1669 1269 1760 1304 ὅμοιον
1775 1270 1875 1304 ἀγαθὸν

1092 1311 1264 1347 προαγούσης
1274 1313 1347 1347 ἡμᾶς
1360 1314 1412 1348 τῆς
1426 1313 1577 1348 μιμήσεως.
1589 1314 1687 1342 Ὂτ¹ἂν
1694 1314 1748 1350 γὰρ
1755 1315 1874 1351 διοιδήσῃ

1092 1356 1160 1391 πρὸς
1176 1357 1226 1392 τὴν
1251 1356 1298 1383 τοῦ
1326 1356 1521 1391 παροξύνοντος
1543 1359 1683 1394 ἄμυνανή
1710 1360 1802 1395 ψυχὴ,
1827 1359 1877 1387 καὶ

1092 1401 1158 1437 ζέσῃ
1171 1401 1210 1437 τῷ
1227 1401 1304 1438 θυμῷ
1325 1402 1355 1428 τὸ
1370 1403 1543 1439 περικάρδιον
1559 1401 1627 1439 αἷμα
1650 1405 1719 1432 κατὰ
1731 1405 1778 1432 τοῦ
1799 1405 1877 1432 λελυ-

1092 1448 1209 1483 πηκότος
1223 1467 1230 1479 ,
1243 1449 1303 1475 τότε
1323 1448 1391 1484 πρὸς
1405 1449 1508 1484 ταύτην
1521 1458 1562 1481 τις
1585 1450 1738 1485 ἀναϐλέψας
1747 1450 1795 1487 τὴν
1813 1452 1877 1487 στή-

1094 1494 1154 1529 λην,
1170 1494 1203 1530 ἢν
1221 1495 1251 1521 τὸ
1270 1495 1346 1529 ἅγιον
1360 1495 1472 1530 Πνεῦμα
1484 1495 1522 1530 τῷ
1535 1496 1616 1522 Δαϐὶδ
1629 1497 1813 1531 ἀνεστήσατο,
1829 1497 1877 1523 καὶ

1092 1541 1140 1577 τὴν
1155 1541 1183 1567 ἐν
1197 1540 1272 1576 αύτῷ
1295 1541 1385 1576 φωνὴν
1406 1541 1538 1575 ἀναγνοὺς
1552 1542 1601 1577 ,ῆν
1622 1543 1635 1569 ὁ
1652 1542 1732 1569 Δαϐὶδ
1744 1543 1815 1578 ὑπὲρ
1829 1543 1877 1570 τοῦ

1092 1587 1226 1622 φονῶντος
1250 1587 1399 1623 ἐφθέγξατο
1415 1596 1422 1603 ν
1441 1588 1633 1624 καταστορέσει
1657 1589 1764 1621 πάντως
1780 1588 1828 1624 τὴν
1849 1590 1878 1616 ἐν

1091 1635 1124 1670 τῇ
1134 1633 1206 1669 ψυχῇ
1216 1634 1269 1661 τῶν
1280 1634 1417 1670 λογισμῶν
1428 1635 1558 1671 ταραχὴν,
1572 1634 1645 1671 πόθῳ
1654 1636 1703 1671 τῆς
1712 1635 1766 1662 τῶν
1777 1635 1878 1671 ὁμοίων

1093 1680 1234 1715 μιμήσεως
1251 1680 1451 1715 καταπραΰνων
1477 1680 1507 1706 τὸ
1531 1679 1625 1712 πάθος.
1647 1681 1764 1717 Πάρεστι
1791 1681 1820 1708 δὲ
1847 1682 1878 1708 τὸ

1093 1724 1206 1760 μέγεθος
1220 1723 1267 1751 τοῦ
1281 1723 1325 1751 διὰ
1335 1726 1475 1760 προκοπῆς
1488 1724 1534 1751 ἐπὶ
1545 1724 1590 1751 τὸν
1607 1725 1709 1760 βαθμὸν
1723 1727 1772 1761 τῆς
1786 1725 1878 1760 ψαλματ

1093 1770 1174 1805 ῳδίας
1199 1769 1299 1804 ταύτης
1323 1769 1538 1804 ἀναϐεὸηκοτος,
1556 1770 1602 1796 καὶ
1629 1770 1663 1797 δι’
1695 1770 1786 1797 αὐτῶν
1808 1780 1877 1798 κατ-

1092 1815 1156 1842 ιδεῖν
1169 1814 1224 1841 τῶν
1237 1815 1287 1850 τῆς
1293 1815 1450 1850 ψαλμῳδίας
1466 1816 1605 1851 ῥημάτων,
1619 1816 1681 1843 ὅσον
1694 1817 1740 1843 τοῦ
1754 1826 1879 1853 παρῳχη-

1091 1861 1169 1892 κὸτος
1184 1861 1314 1896 μεγέθους
1330 1862 1557 1897 ὑπερανέστησεν.
1576 1862 1675 1889 οὐκέτι
1693 1862 1748 1898 γὰρ
1763 1863 1825 1890 οὔτε
1846 1864 1878 1889 τὸ

1092 1906 1235 1932 πατεῖσθαι
1251 1906 1326 1942 παρὰ
1340 1907 1393 1933 τῶν
1407 1906 1512 1942 ἐχθρῶν
1526 1907 1655 1939 αἰτιᾶται,
1669 1907 1731 1934 οὔτε
1746 1908 1790 1935 τὸν
1803 1908 1878 1934 ἔλεον

1091 1953 1131 1984 εἰς
1146 1952 1302 1987 συμμαχίαν
1313 1951 1466 1986 ἐφέλκεται,
1481 1952 1538 1979 ἀλλ’
1549 1953 1605 1980 ἄνω
1615 1953 1773 1988 γενόμενος,
1784 1954 1878 1990 ὥσπερ

1091 1998 1123 2024 ἐκ
1139 2006 1211 2029 τινος
1226 1997 1331 2032 ὑψηλῆς
1346 1998 1462 2029 σκοπιᾶς
1473 2018 1481 2029 ,
1496 1999 1554 2029 τοῖς
1570 1999 1645 2025 κάτω
1657 2000 1728 2026 κατὰ
1747 2000 1781 2026 τὰ
1801 2001 1878 2027 κοῖλα

1091 2044 1141 2078 τῆς
1162 2042 1210 2069 τοῦ
1235 2042 1292 2077 βίου
1320 2042 1373 2069 τῶν
1401 2043 1552 2079 ἀνθρώπων
1580 2044 1719 2080 ὑπωρείας
1741 2046 1878 2080 διάγουσιν

1091 2088 1254 2123 ἐλεγκτικῶς
1267 2088 1353 2124 ἐμϐοᾷ
1367 2088 1452 2115 ταῦτα
1466 2089 1562 2123 λέγων’
1575 2087 1610 2115 Ὦ
1631 2090 1780 2126 ἄνθρωποι»
1791 2091 1816 2118 τί
1830 2092 1879 2118 λα-

1091 2134 1162 2160 λεῖτε
1177 2133 1222 2160 καὶ
1242 2134 1396 2169 πράττετες
1416 2131 1470 2169 ἄρα
1487 2134 1642 2170 δικαιοσύνη
1660 2136 1718 2162 ἐστὶ
1735 2136 1766 2162 τὸ
1785 2136 1880 2163 λαλού-

254 2183 319 2218 quid
336 2182 449 2210 facitis?
468 2189 532 2208 num
545 2181 660 2215 justitize
675 2185 810 2208 consonat
828 2181 853 2208 id
865 2181 938 2216 quod
954 2181 1039 2216 loqui-

1098 2189 1194 2216 μενον;
1213 2177 1268 2216 ἄρα
1289 2179 1323 2206 δι’
1348 2180 1494 2215 εὐθύτητος
1518 2181 1568 2216 τὴν
1593 2182 1684 2217 κρίσιν
1710 2182 1878 2216 προσάγετε;

253 2229 340 2256 mini?
354 2236 418 2256 num
430 2231 535 2255 rectum
547 2227 679 2262 judicium
697 2227 857 2255 iustituitis?
867 2227 948 2262 Atqui
963 2227 1042 2255 video

253 2279 345 2302 vestra
362 2273 445 2300 corda
466 2273 493 2300 in
520 2276 593 2300 terra
610 2279 682 2301 esse.
705 2272 851 2307 omnisque
876 2273 990 2307 agitatio
1015 2277 1042 2300 et

250 2319 339 2346 motio
355 2319 446 2346 cordis
466 2326 535 2353 opus
551 2321 604 2348 est,
620 2325 673 2345 non
692 2318 837 2354 cogitatio;
856 2319 938 2346 simul
960 2323 1041 2355 atque

254 2366 355 2392 malum
377 2368 475 2392 vestrm
502 2364 585 2390 menti
611 2364 744 2395 occurrit,
770 2365 948 2400 conjungitur
971 2372 1040 2400 opus

253 2419 315 2438 cum
343 2409 572 2445 cogitationibus.
597 2417 702 2436 summa
731 2410 871 2437 celeritate
897 2418 1038 2438 manuum.

252 2459 316 2487 Haec
334 2465 365 2484 ex
382 2456 489 2491 psalmo
505 2456 638 2483 claritatis
655 2463 738 2487 causa
754 2457 835 2484 latius
850 2456 974 2483 nonnihil
991 2463 1040 2483 ex-

253 2505 365 2539 planare
379 2503 464 2530 volui.
483 2501 573 2530 Verba
589 2503 629 2529 sic
646 2510 675 2530 se
696 2502 816 2530 habent:
839 2511 849 2527 ς
867 2501 895 2529 Si
911 2509 975 2529 vere
987 2502 1040 2528 uti-

252 2556 306 2584 que
318 2549 454 2583 justitiam
470 2548 628 2582 loquimini,
643 2552 717 2575 recte
731 2547 863 2581 judicate,
887 2547 934 2573 filii
956 2547 1040 2573 homi-

252 2602 329 2621 num.
349 2593 455 2620 Etenim
479 2594 506 2621 in
529 2593 612 2620 corde
637 2592 796 2627 iniquitates
817 2591 988 2626 operamini;
1012 2591 1039 2617 in

253 2644 326 2668 terra
344 2640 468 2675 justitias
483 2647 581 2666 manus
594 2643 693 2666 vestrae
711 2638 888 2665 concinnant.
909 2647 918 2662 ι
939 2636 1040 2663 Deinde

252 2686 400 2721 deplorans
419 2692 466 2712 eos
479 2685 525 2718 Qui
537 2692 552 2710 ιι
566 2684 655 2710 salute
676 2683 845 2714 exciderant,
858 2682 916 2708 lucc
929 2682 1042 2715 subjun-

255 2729 312 2764 git:
331 2740 341 2758 ι
365 2731 482 2758 Alienati
496 2734 559 2757 sunt
574 2733 732 2771 peccatores
746 2735 761 2754 a
776 2728 854 2754 vulva
871 2731 898 2755 et
913 2732 999 2755 utero.
1017 2737 1026 2753 ι

291 2822 354 2850 Haec
384 2822 560 2853 intellexeris,
595 2821 617 2848 si
642 2819 777 2855 inquiras,
802 2825 927 2854 quaenam
950 2819 1036 2854 prima

1092 2226 1146 2266 Kal.
1163 2225 1216 2261 μὴν
1237 2224 1292 2260 ὁρῶ
1305 2225 1345 2252 ὃτι
1371 2226 1399 2252 ὲν
1425 2227 1460 2261 γῇ
1479 2226 1528 2261 μὲν
1542 2225 1618 2261 ὑμῶν
1631 2227 1700 2254 εἰσιν
1717 2228 1744 2254 αἱ
1758 2227 1878 2262 καρδίαι,

1093 2272 1139 2298 καὶ
1166 2272 1220 2297 πᾶν
1248 2271 1402 2308 ἐγκάρδιονκ
1416 2271 1536 2306 κίνημα,
1567 2271 1646 2307 ἔργον
1673 2271 1732 2298 ἐστὶ
1760 2273 1807 2300 καὶ
1820 2273 1880 2308 οὐχὶ

1092 2318 1190 2353 νόημα.
1208 2317 1294 2350 Εὐθὺς
1306 2319 1360 2353 γὰρ
1373 2317 1448 2353 ὁμοῦ·
1455 2318 1494 2353 τῷ
1511 2318 1640 2353 συστῆναι
1656 2319 1686 2345 τὸ
1700 2319 1785 2346 κακὸν
1805 2321 1834 2346 ἐν
1847 2321 1879 2355 τῇ

1092 2363 1211 2398 διανοίᾳ,
1227 2362 1413 2398 συμπλέκεται
1427 2363 1458 2389 τὸ
1479 2363 1559 2398 ἔργον
1577 2362 1621 2389 διὰ
1637 2363 1692 2389 τῶν
1707 2363 1805 2398 χειρῶν
1824 2366 1880 2396 τοῖς

1092 2409 1138 2444 νοή
1145 2417 1235 2444 μασιν.
1251 2409 1344 2435 Ταῦτα
1358 2408 1506 2444 σαφηνείας
1522 2409 1602 2445 χάριν
1613 2429 1620 2441 ,
1643 2410 1739 2445 μικρόν
1753 2418 1779 2436 τι
1793 2419 1881 2443 παρα-

1092 2455 1200 2490 φράσας
1228 2456 1277 2490 τῆς
1302 2454 1441 2490 ψαλμικῆς
1467 2454 1585 2488 λέξεως,
1616 2455 1747 2492 ὲξεθέμην
1771 2456 1881 2491 ῥήματα

1092 2502 1188 2536 ἔχοντα
1205 2500 1302 2532 οὕτως·
1318 2510 1327 2526 ε
1339 2501 1368 2526 El
1384 2500 1491 2535 ἀληθῶς
1507 2501 1561 2536 ἄρα
1575 2501 1746 2537 δικαιοσύνην
1763 2501 1880 2533 λαλεῖτε,

1093 2546 1200 2577 εὐθείας
1215 2546 1452 2581 κρίνετε,υἱοὶτῶν
1465 2546 1625 2582 ἀνθρώπων.
1638 2547 1690 2573 Καὶ
1707 2547 1761 2582 γὰρ
1772 2548 1801 2573 ἐν
1813 2556 1882 2583 καρ-

1093 2593 1136 2628 δίᾳ
1156 2593 1271 2627 ἀνομίαν
1296 2592 1444 2626 ἐργάζεσθε
1463 2593 1493 2619 ὲν
1506 2594 1538 2628 τῇ
1553 2594 1587 2628 γῇ
1599 2613 1605 2623 ,
1620 2593 1726 2620 ἀδικίαν
1750 2594 1779 2620 al.
1792 2595 1882 2629 χεῖρες

1094 2637 1170 2672 ὑμῶν
1184 2637 1395 2672 συμπλέκουσιν.
1410 2647 1418 2663 ι
1436 2635 1501 2664 Εἶτα
1515 2638 1612 2672 ἐπάγει
1630 2639 1794 2673 σχετλιάζων
1811 2639 1882 2673 ὑπὲρ

1093 2682 1147 2709 τῶν
1171 2683 1220 2717 τῆς
1245 2683 1382 2718 σωτηρίας
1402 2683 1618 2722 ἐκπεπτωκότων
1643 2684 1693 2716 τὰς
1711 2685 1780 2719 μετὰ
1795 2683 1881 2710 ταῦτα

1095 2728 1196 2763 φωνὰς,
1206 2738 1215 2753 ‹
1235 2728 1517 2764 ’Δπηλλοτριώθησαν,
1528 2739 1536 2754 ι
1553 2729 1649 2763 λέγων,
1669 2739 1677 2754 ι
1689 2730 1714 2756 ot
1725 2729 1881 2764 ἁμαρτωλοὶ

1093 2773 1147 2800 ἀπὸ
1159 2773 1264 2808 μήτρας
1273 2793 1280 2805 ,
1295 2774 1341 2800 καὶ
1358 2773 1412 2800 ἀπὸ
1426 2775 1474 2810 τῆς
1490 2774 1608 2810 γαστρὸς
1619 2773 1818 2809 ἐπλανήθησαν.
1832 2782 1841 2798 ι

1139 2820 1234 2855 Γνοίης
1248 2820 1270 2846 δ’
1286 2820 1318 2847 ἂν
1332 2819 1362 2846 τὸ
1375 2820 1520 2855 λεγόμενον
1541 2821 1671 2854 ἐξετάσας
1683 2820 1725 2852 τίς
1744 2821 1760 2855 ἡ
1783 2819 1878 2855 πρώτη
