1986 3080
131 67 182 97 595

826 69 861 97 IN
877 69 1046 98 PSALMOS.

1700 71 1750 99 5οι

128 129 181 163 τῆς
194 125 366 162 ἀνθρωπίνης
377 127 536 159 συστάσεως
545 128 646 164 μήτρα,
659 129 706 156 καὶ
719 129 760 160 τίς
781 128 887 164 γαστὴρ
899 128 916 163 ἡ
931 154 932 157 η

984 135 1094 154 umaua:
1107 128 1314 163 compositionis
1328 128 1411 164 quasi
1423 129 1520 156 matrix
1538 128 1630 162 fuerit,
1648 133 1675 157 et
1690 130 1751 165 quis

131 173 321 208 κυοφορήσασα
335 172 365 199 τὸ
386 173 548 210 ἀθρώττινον.
565 172 647 210 Οἶμαι
661 175 715 210 γὰρ
732 175 768 210 μὴ
783 175 865 210 ἄλλην
881 172 918 201 εἶ-

130 227 174 245 ναι
186 217 262 252 παρὰ
272 218 322 253 τὴν
336 217 382 244 τοῦ
397 218 465 245 Θεοῦ
477 219 680 256 φιλανθρωπίαν
694 220 740 246 καὶ
753 220 918 255 ἁγαθότητα,

131 259 219 298 ἀφ’ἧς
235 262 411 297 ὲπλάσθημέν
425 271 454 289 τε
479 264 526 290 καὶ
547 264 741 299 ἐγεννήθημεν.
760 263 842 290 Εἶπεν
854 264 918 299 γάρ·

135 308 312 343 ιΠοιήσωμεν
325 307 468 343 ἄνθρωπον
481 309 540 335 κατ’
551 309 642 336 εἰκόνα
654 309 846 344 ήμετέραν,καὶ
859 309 920 336 καθ’

132 353 270 388 ὁμοίωσιν,
280 360 293 378 ι
303 352 425 385 ἣπλάσας
432 354 587 388 καταμόνας
603 354 652 386 τὰς
668 354 780 390 καρδίας
815 356 914 383 αὐτῶν.

133 399 188 425 Καὶ
200 398 279 425 πάλιν
297 398 379 434 φησίν
389 407 395 414 ·
414 399 509 431 «nos;
524 400 654 435 ἐγέννησα
670 401 716 427 καὶ
731 400 835 435 ὕψωσα,
845 402 923 429 αὐτοὶ

134 443 163 470 δέ
181 452 214 478 με
241 443 387 478 ἠθέτησαν.
403 453 412 469 ι
431 445 485 471 Καὶ
505 445 604 480 μυρίας
618 445 676 472 ἔστι
690 446 815 479 τοιαύτας
832 447 922 482 φωνὰς

135 489 168 515 ὲκ
187 490 236 524 τῆς
260 489 343 523 ἁγίας
357 490 466 525 Γραφῆς
480 490 676 523 ἀναλέξασθαι,
692 491 725 518 δι’
742 489 779 519 ὧν
795 493 923 526 ἐπιγινώ-

137 542 240 566 σκεται,
257 535 299 566 τίς
312 535 328 569 ἡ
342 535 469 562 πλάσασα
483 536 556 570 ἡμᾶς
569 537 675 572 γαστὴρ
685 556 691 568 ,
706 537 753 563 καὶ
769 537 809 568 τίς
824 539 839 572 ἡ
860 538 925 573 «τμή-

136 588 188 615 τηρ
204 579 221 614 ἡ
245 580 284 611 εἰς
299 580 356 614 φῶς
369 581 563 616 προαγαγοῦσα
579 582 622 608 διὰ
644 583 804 618 γεννήσεως.
823 592 831 608 ι
853 583 924 618 Πρὸς

120 662 126 667 ,
136 624 222 651 ταῦτα
235 623 281 651 οὖν
297 625 404 660 βλέπων
417 627 430 652 ὁ
445 627 608 662 σχετλιάζων
622 628 668 654 ἐπὶ
683 629 716 664 τῇ
737 628 858 663 ἀπωλείᾳ
871 629 925 655 τῶν

137 671 344 706 ἀφεστηκότων,
361 671 502 706 ὀδύρεται·
516 672 614 708 θρῆνος
632 673 686 709 γὰρ
709 673 837 710 ἄντικρύς
853 675 926 700 ἐστιν

138 717 155 751 ή
171 717 258 752 φωνὴ,
274 717 307 744 δι’
323 716 356 753 ἧς
375 718 438 749 τοὺς
452 718 632 754 ἁμαρτωλοὺς
650 719 820 754 ὀλοφύρεται.
838 729 847 745 ι
865 720 926 751 Πῶς

139 761 357 798 ὴλλοτριώθησαν
370 763 394 789 οἱ
409 764 566 800 ἁμαρτωλοὶ
578 764 631 790 ὰπὸ
642 766 762 800 μήτρας;
782 775 790 790 ι
804 765 861 796 πῶ;
872 765 926 791 ἀπὸ

969 177 1075 205 venter,
1088 174 1135 208 qui
1158 174 1306 202 humanum
1331 183 1420 210 genus
1437 175 1655 210 tulerim-nequc
1679 176 1751 202 enim

969 219 1051 246 alium
1069 227 1131 247 esse
1155 219 1275 248 arbitror
1303 225 1400 256 printer
1417 221 1609 256 benignitatem
1632 226 1658 249 et
1675 221 1754 248 honi-

969 268 1052 292 tatem
1067 265 1126 296 Dei,
1152 273 1167 292 a
1183 273 1236 300 qua
1260 265 1316 293 ﬁcti
1342 271 1368 293 et
1399 266 1524 301 prognati
1547 274 1653 294 sumus.
1682 266 1755 293 Dixit

970 311 1061 345 enim;
1089 320 1098 336 ι
1112 310 1256 339 Faciamus
1271 308 1410 339 hominem
1432 312 1582 340 secundum
1607 313 1754 347 imaginem

970 360 997 384 et
1024 356 1232 384 similitudinem
1262 359 1430 390 nostram',»
1451 359 1497 393 qui
1521 349 1599 385 ﬁnxit
1616 359 1754 394 sigillatim

970 403 1052 430 Corda
1070 410 1176 430 eorum.
1220 403 1327 432 Rursus
1342 405 1379 432 ait
1395 415 1402 431 .-
1422 414 1431 429 ι
1442 404 1526 432 Filios
1545 405 1626 439 genui
1642 409 1668 432 et
1682 404 1756 431 exal-

971 448 1038 477 tavi,
1064 447 1115 482 ipsi
1138 455 1202 475 vero
1228 455 1271 475 me
1295 444 1502 483 spreverunt“?
1514 452 1541 476 et
1556 448 1662 475 inﬁnita
1675 448 1757 482 hujus

972 493 1080 528 generis
1093 501 1125 520 ex
1137 493 1224 520 sacris
1237 492 1346 521 Litteris
1361 494 1568 529 colligerelicet,
1582 488 1683 529 quibus
1701 500 1758 520 ma~

973 537 1103 565 nifestum
1120 537 1261 569 reddatur.
1275 539 1401 574 quisnam
1418 539 1454 566 sit
1468 543 1561 566 venter
1576 540 1621 574 qui
1643 546 1693 566 nos
1708 538 1760 565 ﬁn-

975 582 1265 618 xit.etquae«matrix,
1285 591 1344 618 qum
1361 584 1389 611 iu
1413 584 1501 611 lucem
1530 591 1578 611 nos
1602 583 1759 619 generando

975 627 1088 658 edidit.)
1099 628 1248 663 llzecigitur
1263 629 1441 657 considerans
1454 629 1509 661 ille,
1524 630 1570 664 qui
1581 629 1616 656 ob
1632 628 1761 664 perditio~

976 680 1038 699 nem
1053 672 1194 700 hominum
1218 682 1233 701 a
1247 673 1301 702 Deo
1329 673 1540 702 desciscentium
1568 674 1651 709 luget,
1672 675 1701 701 in
1725 673 1762 701 la-

981 722 1073 745 menta
1088 719 1209 754 erumpit
1222 728 1228 752 ;
1245 727 1306 747 nam
1324 720 1528 748 lamentationis
1543 720 1631 748 instar
1653 723 1694 748 est
1709 727 1761 747 vox

978 763 1035 795 illa,
1052 772 1105 799 qua
1120 768 1277 799 peccatores
1297 765 1422 800 deplorat
1441 774 1448 792 :
1463 775 1473 792 ‹
1486 766 1629 798 Quomodo
1650 765 1761 793 alienati

138 808 187 843 τῆς
198 808 314 843 γαστρὸς
329 808 530 844 ἐπλανήθησαν,
539 809 568 836 τὸ
583 810 610 836 δὲ
621 809 718 845 ψεῦδος
733 810 786 846 πρὸ
800 811 849 846 τῆς
860 811 925 846 ἁλη-

984 814 1042 837 sunt
1051 813 1209 844 peccatores
1223 818 1237 837 a
1255 805 1367 837 vulva”?
1379 810 1534 845 iquomodo
1549 811 1582 838 ab
1600 815 1678 838 utero
1687 818 1762 838 erra-

140 853 213 885 θείας
230 852 462 889 τιμήσαντες,,ὧν
475 856 489 882 ό
508 855 593 891 θυμὸς
616 856 684 892 πρὸς
701 856 745 883 τὸν
758 857 861 892 πατέρα
881 856 926 883 τοῦ

139 899 252 934 ψεύδους
276 901 322 927 τὸν
349 900 457 936 πρῶτον
479 901 536 937 ἔχει
558 901 607 938 τὴν
633 902 801 938 ὀμοιότητῃν
819 912 828 928 ι
856 902 928 929 Ὠσεὶ

140 945 279 978 iis-niam,»
296 947 386 982 φησὶν,
406 956 415 972 ι
425 948 519 984 κωφῆς
532 949 578 974 καὶ
591 947 707 983 βυούσης
720 948 754 975 τὰ
763 945 820 975 ὦτα
833 949 927 983 αὐτῆς,

139 992 201 1027 ἣτις
232 991 282 1018 οὐκ
302 992 491 1020 εἰσακούσεται
514 994 605 1028 φωνὴν
626 994 803 1029 ἐπᾳδόντων,Γ
817 1003 928 1030 φαρμα-

140 1036 188 1062 κοῦ
214 1045 243 1062 τε
269 1038 501 1072 φαρμακευομένη
517 1038 592 1073 παρὰ
616 1039 710 1073 σοφοῦ.
725 1048 734 1064 ι
755 1039 861 1074 Ταύτην
876 1039 930 1075 γὰρ

141 1081 227 1109 ὲνίδον
242 1081 288 1108 τοῦ
309 1082 404 1118 θηρίον
422 1083 471 1118 τὴν
495 1083 575 1118 φύσιν
590 1085 613 1111 οε
636 1085 700 1120 περὶ
722 1084 808 1111 ταῦτα
836 1085 928 1119 σοφοί’

141 1128 183 1154 ὅτι
209 1127 295 1163 θυμὸν
320 1128 566 1164 διαπιμπραμένη,
598 1131 750 1164 ἀποκρατεῖ
775 1131 805 1156 τὸ
823 1130 931 1166 πνεῦμα

142 1175 175 1210 τῇ
192 1173 328 1209 φάρυγγι,
351 1175 398 1202 καὶ
419 1171 453 1201 οὗ
474 1176 615 1211 προΐεται,
643 1176 728 1203 ἀσκοῦ
746 1176 822 1212 δίκην
839 1178 871 1212 τῇ
884 1176 930 1204 τοῦ

143 1219 298 1255 πνεύματος
322 1221 350 1246 ὲν
366 1220 500 1256 ἀπολήψει
520 1221 752 1259 περιοιδαίνουσα,
781 1221 819 1253 ὡς
844 1221 931 1248 πάντα

143 1265 185 1291 ἐπ’
209 1265 294 1300 αὐτῆς
319 1265 392 1301 ἀργὰ
420 1267 510 1301 μένειν
535 1267 583 1294 καὶ
599 1268 743 1302 ἄπρακτα,
765 1268 815 1294 ὅσα
831 1267 931 1304 θηρίων

144 1310 279 1347 θέλγητρα
293 1311 337 1338 διά
362 1320 434 1343 τινος
453 1314 569 1348 φυσικῆς
593 1313 767 1344 ἀντιπαθείας
788 1314 864 1350 παρὰ
879 1313 932 1340 τῶν

143 1356 178 1382 τὰ
194 1356 305 1383 τοιαῦτα
320 1356 409 1391 σοφῶν
423 1357 567 1393 ἐξηυρέθη.
580 1358 659 1384 Νοείν
672 1358 699 1384 δὲ
714 1358 804 1385 δίδωσι
817 1359 860 1386 διὰ
873 1359 933 1385 τού-

145 1411 210 1435 των,
224 1403 264 1429 ὅτι
281 1403 395 1438 ἀνήκοος
415 1403 489 1438 μένει
504 1403 557 1429 τῶν
578 1404 606 1430 ἐν
620 1404 704 1440 κακίᾳ
721 1405 932 1440 κεκρατημένων

145 1449 168 1483 ή.
175 1449 281 1484 καρδία,
295 1450 344 1484 τῆς
356 1449 430 1486 παρὰ
445 1450 500 1476 τῶν
517 1450 680 1477 διδασκάλων
696 1452 869 1487 ὲπαγομένης
885 1452 933 1478 αὐ-

145 1495 201 1525 τοῖς
225 1493 382 1527 θεραπείας.
399 1494 453 1520 Καὶ
472 1495 545 1521 πᾶσα
562 1495 619 1530 δὲὴ
636 1495 685 1531 τῆς
697 1495 856 1532 ψαλμῳδίας
869 1498 933 1524 ἁκο-

146 1539 240 1565 λουθὶα
250 1538 294 1566 διὰ
309 1539 408 1575 θρήνου
422 1541 557 1575 προῆκται
571 1540 610 1575 τῷ
626 1542 659 1576 τῇ
675 1542 797 1577 ἀπωλείᾳ
813 1541 867 1568 τῶν
882 1542 935 1569 δει-

147 1582 230 1610 λαίων
254 1584 467 1615 ὲπιστενάζοντι.
483 1585 679 1620 Προαναφωνεί
697 1586 750 1621 γὰρ
772 1587 831 1613 κατ’
847 1587 935 1614 αὐτῶν

147 1628 181 1656 ’τὸ
196 1629 335 1664 ἐσόμενον,
353 1629 438 1663 λέγων
451 1637 458 1644 ·
482 1639 491 1655 ι
503 1630 531 1656 Ὀ
550 1630 616 1662 Θεὸς
635 1631 774 1667 συντρίψει
789 1633 851 1663 τοὺς
864 1632 937 1659 ὁδόν-

147 1682 197 1705 τας
211 1674 300 1701 αὐτῶν
314 1675 342 1701 ἐν
363 1674 400 1710 τῷ
418 1675 531 1710 στόματι
545 1675 645 1704 αὐτῶν.
657 1686 666 1702 ι
690 1677 786 1709 Ποίους
804 1678 913 1710 ὀδόντας
928 1699 936 1712 ,

148 1721 166 1752 ἢ
185 1719 284 1755 δηλαδὴ
302 1720 365 1752 τοὺς
391 1721 439 1756 τῆς
458 1727 597 1759 παρακοῆς
624 1722 768 1758 βρωτῆρας
780 1743 786 1754 ,
807 1725 869 1755 τοὺς
883 1724 937 1750 τῶν

149 1765 249 1800 ἡδονῶν
263 1767 311 1801 τῆς
333 1765 451 1801 γαστρὸς
471 1766 611 1800 ὑπηρέτας
627 1766 695 1802 (οὒς
718 1767 788 1793 ὅπλα
802 1767 848 1794 καὶ
873 1767 936 1803 βέλη

148 1810 192 1836 διὰ
211 1810 260 1845 τῆς
275 1810 462 1845 προλαϐοὑσης
487 1810 644 1846 ψαλμῳδίας
661 1811 801 1846 ὠνόμασεν
815 1813 835 1846 ),
850 1812 882 1838 δι’
901 1809 938 1839 ὧν

149 1856 199 1890 τῆς
216 1855 345 1889 ἀληθείας
356 1854 433 1888 λόγος
445 1856 719 1890 κατασπαράττεται;
736 1865 744 1880 ι
755 1856 809 1882 Καὶ
825 1857 873 1888 τὰς
890 1856 939 1891 μύ-

150 1901 200 1932 λας
216 1900 271 1926 τῶν
292 1901 441 1931 λεόντων,ι
459 1901 541 1936 φησὶ,
563 1910 572 1926 ι
588 1900 750 1928 συνέθλασεν
767 1903 781 1928 ό
798 1902 910 1937 Κύριος,
927 1912 936 1928 ι

152 1946 249 1981 Ιῖνοίης
270 1946 291 1972 δ’
314 1946 347 1973 ἂν
361 1947 434 1978 τίνας
450 1946 574 1981 ὠνόμασε
592 1946 716 1979 λέοντας,
733 1948 756 1973 εἰ
776 1947 871 1981 μάθοις
887 1948 940 1974 τῶν

153 1992 255 2027 θηρίων
271 1991 371 2018 τούτων
388 1993 421 2019 τὰ
445 1992 585 2028 ἰδιώματα.
595 1993 711 2026 Λέγουσι
727 1992 779 2028 γὰρ
791 1991 859 2020 εἶναι
878 1994 941 2026 τοὺς

978 859 1086 886 verunt,
1107 854 1337 890 mendaciumque
1357 855 1465 882 veritati
1480 856 1677 891 praetulerunt,
1695 863 1763 890 quo-

978 906 1038 926 rum
1054 899 1130 927 furor
1142 908 1203 927 cum
1220 900 1311 935 primo
1318 900 1454 929 mendacii
1465 906 1542 936 patre
1553 902 1763 929 similitudinem

978 943 1077 972 habet?
1086 954 1094 970 ι
1107 944 1248 981 Tanquam
1259 947 1373 982 aspidis,
1390 957 1400 974 ι
1416 948 1515 983 inquit,
1528 957 1538 973 ι
1552 948 1642 976 surda
1652 952 1678 975 et
1688 948 1765 975 obtu-

979 991 1068 1018 rantis
1090 999 1171 1019 aures
1191 999 1266 1022 suas.
1282 1001 1342 1028 qua:
1357 1001 1412 1021 non
1427 994 1554 1022 exaudiet
1567 1001 1660 1021 vocem
1675 994 1765 1020 incan-

979 1038 1096 1064 tantitrm
1128 1042 1155 1066 et
1189 1038 1302 1066 veneﬁci
1329 1039 1497 1067 incantantis
1517 1040 1693 1074 sapienter“
1718 1039 1765 1066 tali

980 1084 1052 1123 enim
1069 1088 1166 1110 natura
1186 1084 1327 1118 praeditam
1347 1085 1425 1112 aiunt
1440 1085 1511 1112 hanc
1528 1085 1643 1112 bestiam
1661 1084 1700 1110 illi
1719 1084 1765 1118 qui

981 1127 1024 1155 his
1040 1133 1152 1156 vacant:
1179 1129 1221 1156 ira
1249 1133 1360 1164 turgens
1383 1133 1410 1156 et
1431 1129 1608 1156 inardescens
1636 1127 1763 1155 faucibus

981 1174 1109 1208 spiritum
1129 1175 1295 1210 comprimit,
1321 1182 1409 1210 neque
1434 1175 1559 1207 emittit}
1574 1174 1642 1202 utris
1667 1175 1766 1206 instar,

981 1220 1017 1248 ob
1038 1220 1151 1256 spiritus
1170 1221 1363 1257 receptionem,
1400 1221 1596 1254 intumescens,
1610 1228 1665 1256 quo
1679 1221 1718 1253 ﬁl,
1737 1225 1767 1247 ut

982 1265 1233 1293 omniainelIicacia
1249 1270 1275 1294 et
1297 1266 1405 1294 inutilia
1436 1267 1502 1299 sint,
1528 1273 1701 1301 quaecunque
1722 1273 1768 1292 sa-

983 1310 1099 1346 pientes
1115 1311 1150 1338 ad
1178 1311 1361 1339 demulcenda
1387 1315 1414 1340 et
1436 1311 1592 1339 delinienda
1607 1310 1767 1345 hujusmodi

984 1356 1111 1383 animalia
1135 1357 1304 1392 excogitant.
1332 1357 1475 1393 Signiﬁcat
1497 1357 1543 1385 his
1573 1365 1622 1384 cor
1647 1357 1768 1387 illorum,

984 1402 1031 1436 qui
1047 1409 1061 1428 a
1073 1402 1203 1436 peccatis,
1216 1403 1344 1438 occupati
1364 1407 1439 1435 sunt,
1462 1410 1551 1438 neque
1565 1403 1600 1430 ad
1624 1410 1704 1430 aures
1723 1402 1770 1428 ad-

985 1447 1093 1475 mittere
1108 1446 1272 1474 medicinam
1295 1447 1381 1480 illam,
1406 1455 1466 1482 quae
1489 1447 1584 1482 ipsisa
1609 1446 1770 1474 doctoribus

985 1495 1012 1519 et
1039 1492 1178 1527 magistris
1194 1492 1348 1520 adhibetur.
1372 1493 1439 1520 Tota
1467 1500 1531 1520 vero
1560 1492 1657 1528 psalmi
1683 1491 1769 1520 series

985 1537 1178 1565 lamentatione
1191 1538 1354 1570 contexitur,
1369 1537 1434 1565 dum
1450 1538 1612 1565 miserorum
1624 1537 1766 1564 interitum

985 1584 1118 1619 deplorct,
1134 1589 1231 1612 contra
1251 1591 1322 1620 quos
1343 1584 1370 1611 id
1392 1584 1474 1611 etiam
1488 1583 1562 1618 quod
1579 1583 1702 1610 futurum
1716 1587 1769 1614 est,

986 1629 1117 1656 inclamat
1141 1639 1148 1657 :
1178 1630 1281 1662 t—Deus,
1298 1639 1308 1655 ι
1331 1629 1468 1664 inquiens,
1496 1632 1651 1656 «conteret
1677 1628 1773 1654 dentes

987 1683 1081 1703 eorum
1103 1675 1131 1702 in
1145 1682 1192 1702 ore
1222 1675 1355 1710 ipsorum.
1371 1684 1379 1700 ι
1409 1674 1509 1707 Quales
1533 1673 1649 1700 dentes?
1661 1681 1695 1699 an
1713 1680 1772 1703 eos,

991 1721 1037 1756 qui
1055 1720 1267 1748 inobedientiam
1286 1720 1430 1752 mandunt,
1447 1719 1589 1746 ministros
1602 1719 1773 1753 voluptatum

988 1767 1104 1799 ventris,
1123 1774 1194 1801 quos
1211 1773 1287 1793 arma
1302 1770 1329 1793 et
1344 1766 1458 1800 sagittas
1476 1765 1646 1800 praecedente
1668 1764 1775 1798 psalmo

989 1814 1154 1845 nominarat,
1182 1812 1284 1848 quibus
1314 1811 1437 1839 veritatis
1467 1819 1560 1839 sermo
1590 1809 1776 1844 discerpitur?

992 1869 1001 1886 ι
1013 1859 1046 1887 Ει
1059 1860 1145 1887 molas
1160 1860 1267 1887 leonum
1283 1869 1306 1892 ι,
1321 1859 1420 1894 inquit,
1440 1867 1449 1883 ι
1461 1858 1590 1885 contrivit
1604 1857 1735 1884 Dominus
1748 1875 1755 1883 .
1765 1866 1773 1881 I

989 1905 1064 1939 Quos
1080 1915 1089 1932 ι
1105 1907 1196 1933 leones
1206 1915 1216 1932 ι
1234 1905 1425 1935 nominaverit,
1438 1904 1586 1939 intelliges,
1605 1903 1627 1930 si
1643 1911 1704 1938 quze
1720 1902 1776 1929 leo-

993 1959 1059 1979 num
1079 1951 1134 1979 sint
1151 1951 1331 1987 proprietates
1345 1951 1446 1978 discas.
1470 1949 1667 1976 Aiunt‘ieoncs
1691 1948 1779 1974 oculis

994 2003 1055 2024 esse
1068 1996 1203 2031 distortis,
1219 1995 1378 2024 carnivoros
1387 1998 1486 2022 natura
1495 1998 1521 2022 et
1529 1993 1632 2021 amicos
1641 1992 1777 2028 sanguini.

152 2037 278 2070 λέοντας,
296 2037 501 2073 ἐνδιαστρόῳους
524 2038 554 2064 τὸ
575 2038 651 2073 ὄμμα
662 2058 668 2070 .
691 2035 729 2065 ὧν
744 2038 939 2076 σαρκοϐόροςή
961 2041 1059 2076 φύσις,
1076 2041 1123 2068 καὶ
1135 2040 1287 2077 τῷ-αἴματι
1304 2041 1379 2076 φίλη.

189 2082 269 2115 Οἶδας
282 2083 310 2110 δὲ
321 2083 429 2114 πάντως
441 2084 471 2110 τὸ
484 2083 596 2119 αἴνιγμα
609 2083 660 2119 τῆξ
671 2084 725 2111 τῶν
737 2085 869 2120 ὀμμάτων
881 2086 932 2113 διαέ

990 2105 992 2107 -
1027 2088 1135 2121 Cernis,
1151 2088 1259 2122 opinor,
1289 2087 1355 2122 quid
1377 2087 1429 2115 sibi
1457 2086 1658 2121 velit'aenigma
1672 2084 1705 2112 de
1720 2084 1780 2111 dis-

155 2131 287 2166 στροφῆς,
305 2130 358 2156 τῶν
374 2130 411 2165 μὴ
427 2130 494 2166 πρὸς
514 2130 545 2156 τὺ
558 2130 622 2157 εὐθὺ
641 2130 792 2165 βλεπόντων
804 2152 811 2164 ,
829 2132 876 2159 καὶ
893 2134 943 2168 τῆς

154 2176 250 2211 ἀηδίας
260 2175 307 2202 τοῦ
321 2175 461 2211 ,ἄσθματος
471 2196 477 2208 ,
495 2176 549 2202 τῶν
564 2177 604 2208 εἰς
620 2176 792 2212 βλασφημίαν
806 2178 943 2213 κεχρημέ-

154 2230 207 2249 νων
221 2221 259 2257 τῷ
271 2222 394 2257 στόματι,
403 2222 450 2248 καὶ
460 2222 503 2248 διὰ
515 2222 593 2249 τοῦτο
606 2223 742 2257 συγγενῶς
750 2223 866 2258 ἐχόντων
877 2225 944 2261 πρὸς

155 2269 204 2303 τὴν
215 2270 264 2304 τῆς
279 2269 417 2303 ἁμαρτίας
435 2268 575 2295 δυσωδίαν.
592 2269 647 2295 Καὶ
658 2270 708 2296 ὅσα
719 2271 819 2297 νοεῖται
836 2270 880 2297 διὰ
896 2270 943 2297 τοῦ

156 2314 307 2349 ἄσθματος,
319 2314 360 2341 ὅτι
381 2314 448 2350 σὰρξ
470 2315 517 2341 καὶ
531 2312 611 2350 αἷμα,
637 2315 705 2350 ὅπερ
720 2315 835 2349 μάλιστα
851 2316 944 2351 τρέφει

155 2360 209 2386 τῶν
224 2360 337 2387 λεόντων
348 2361 398 2396 τὴν
409 2361 499 2395 φύσιν,
516 2361 602 2387 ταῦτα
613 2361 652 2392 εἰς
662 2360 709 2387 τοῦ
721 2360 788 2387 Θεοῦ
807 2361 944 2396 βασιλείαν

156 2406 306 2441 ἀπόϐλητα.
329 2407 374 2434 Ἐν
398 2406 452 2443 γὰρ
467 2406 507 2441 τῷ
522 2406 610 2442 καιρῷ
625 2407 673 2441 τῆς
686 2407 739 2433 τῶν
755 2407 837 2440 ἀξίων
850 2409 942 2443 τιμῆς,

160 2462 169 2478 ι
185 2450 276 2484 Οὗτοι,
292 2462 301 2478 ι
329 2453 426 2487 φηςιὶν,
452 2452 736 2487 ιὲξουδενωθήσονται,
749 2461 758 2478 ι
785 2453 817 2488 τῇ
835 2453 944 2488 ἁστάτῳ

159 2499 237 2533 φύσει
250 2497 303 2524 τῶν
319 2497 419 2524 ὺλικῶν
441 2497 612 2533 πραγμάτων
629 2495 669 2529 οἷς
686 2497 942 2534 προσῳκειώοησαν,

159 2545 228 2572 κατὰ
245 2544 290 2570 τὸν
305 2543 360 2578 βίον
378 2543 942 2580 συγκαταρρέοντες.ιἙξουδενωοήσονταιι

159 2592 229 2627 γὰρ,
252 2591 333 2626 φησὶν
348 2610 356 2622 ,
383 2599 392 2615 ι
407 2590 444 2621 ὡς
469 2589 539 2625 ὕδωρ
557 2590 790 2625 διαπορευόμενον.
809 2599 818 2615 ι
842 2590 872 2616 '0
892 2590 946 2626 γὰρ

160 2636 277 2672 πονηρὸς
293 2635 364 2662 κατὰ
377 2635 430 2661 τῶν
444 2634 538 2669 ψυχῶν
556 2635 634 2670 ήμῶν
647 2635 772 2670 τοξότης,
789 2635 802 2661 ὁ
814 2634 848 2661 τὰ
862 2643 947 2661 πεπυ-

162 2682 272 2719 ρωμένα
294 2681 357 2716 βέλη
380 2682 429 2716 τῆς
455 2680 590 2716 ἁμαρτίας
611 2681 680 2708 κατά
703 2683 752 2716 τῆς
773 2681 945 2716 ἀνορωτίνης

197 2771 208 2787 τ
222 2771 288 2799 Gen.
309 2778 328 2804 ι,
340 2770 386 2797 “26.
424 2771 434 2786 '
451 2769 522 2798 Psal.
540 2777 626 2803 xxxii,
651 2769 681 2794 ”.
718 2771 727 2786 ν
740 2769 790 2797 lsa.
807 2777 836 2803 ιι,
859 2771 882 2797 Ι.

992 2134 1072 2162 tortis
1095 2134 1184 2161 oculis
1201 2141 1315 2165 eorum,
1341 2133 1388 2168 qui
1410 2138 1484 2160 recta
1504 2132 1604 2159 intueri
1630 2136 1780 2165 nequeunt,

992 2179 1112 2214 quidque
1137 2179 1190 2206 sibi
1213 2178 1278 2205 velit
1305 2178 1489 2213 graveolentia
1511 2177 1651 2204 anhelitus
1672 2183 1781 2207 eorum,

993 2225 1040 2260 qui
1055 2232 1103 2252 ore
1119 2232 1170 2252 suo
1185 2224 1219 2251 ad
1242 2223 1427 2259 blasphemias
1445 2226 1559 2250 utuntur
1576 2226 1603 2249 ct
1620 2222 1656 2249 ob
1675 2221 1701 2248 id
1718 2229 1780 2248 cum

994 2270 1099 2306 peccati
1125 2270 1210 2298 fetore
1238 2270 1428 2305 cognationem
1451 2268 1601 2303 quamdam
1623 2267 1734 2298 habent,
1753 2272 1783 2293 ut

996 2320 1156 2351 praeteream
1191 2315 1255 2346 alia,
1287 2323 1347 2350 quae
1385 2313 1487 2341 halitus
1519 2314 1629 2340 nomine
1669 2313 1783 2347 intelligi

996 2364 1111 2396 queunt,
1134 2361 1196 2395 quia
1214 2368 1279 2388 caro
1297 2365 1324 2387 et
1335 2360 1460 2394 sanguis,
1482 2359 1582 2394 quibus
1608 2361 1705 2385 natura
1728 2357 1784 2384 leo-

997 2415 1062 2434 num
1077 2407 1194 2434 maxime
1211 2407 1304 2439 alitur,
1325 2406 1418 2441 inepta
1440 2409 1506 2433 sunt
1521 2404 1556 2432 ad
1579 2404 1627 2431 Dei
1654 2411 1783 2438 regnum:

997 2459 1030 2480 eo
1048 2452 1121 2479 enim
1138 2456 1270 2487 tempore,
1287 2459 1343 2486 quo
1353 2451 1427 2486 vjusti
1442 2450 1564 2477 debitum
1576 2449 1707 2476 honorem
1723 2456 1787 2475 con.

997 2502 1159 2532 sequentur,
1178 2507 1191 2523 ι
1203 2498 1258 2528 isti,
1269 2506 1280 2524 ι
1301 2497 1400 2532 inquit,
1413 2496 1471 2523 «ad
1483 2496 1599 2523 nihilum
1610 2495 1782 2527 devenient,-

986 2544 1149 2576 ,dciluentes
1164 2544 1245 2571 simul
1261 2552 1323 2571 cum
1340 2543 1462 2571 instabili
1481 2549 1572 2569 rerum
1598 2541 1782 2568 materialium

1000 2594 1109 2623 natura,
1120 2590 1220 2626 quibus
1239 2598 1268 2618 se
1285 2590 1313 2616 in
1334 2590 1385 2616 ista
1403 2590 1458 2616 vita
1475 2588 1587 2623 penitus
1605 2586 1780 2617 addixerant,

1001 2640 1028 2664 et
1044 2636 1147 2664 similes
1166 2635 1321 2663 eﬂ‘ecerant.
1339 2644 1348 2661 ι
1360 2635 1400 2662 Ad
1417 2634 1533 2661 nihilum
1547 2633 1701 2664 devenient,
1717 2641 1727 2657 ι
1744 2631 1788 2658 ιιι-

1001 2682 1070 2718 quit,
1084 2691 1093 2708 ι
1106 2683 1178 2710 sieut
1194 2689 1265 2717 aqua
1283 2681 1431 2709 decurrens
1446 2690 1455 2715 -,
1469 2690 1478 2706 ι
1496 2680 1630 2708 scelestus
1646 2677 1719 2705 cuitu
1745 2675 1789 2702 ille
