1989 3070
239 82 290 111 595

856 76 883 103 S.
904 75 1065 103 GREGOKII
1085 75 1229 103 NYSSENI

1811 78 1862 106 595

237 138 383 172 iaculator,
411 136 457 171 qui
478 135 584 162 animas
615 139 724 164 nostras
743 134 803 161 telis
824 135 881 161 suis
902 133 1021 166 infestat,

1075 132 1194 160 εὐθύνων
1210 133 1282 168 ζωῆς
1292 152 1299 164 ,
1314 133 1343 159 οὺ
1367 133 1484 159 παύεται
1497 133 1555 159 κατ’
1571 131 1660 159 αὐτῶν
1675 130 1862 166 τοξαζόμενος,

238 184 339 218 quique
355 182 440 217 ignita
454 181 507 208 tela
525 180 629 216 peccati
653 184 748 207 contra
766 179 914 206 humanum
936 187 1021 213 genus

237 228 341 263 dirigit,
358 235 412 254 non
429 226 504 262 prius
521 225 628 252 absistit
645 225 679 252 ab
693 224 727 251 iis
746 223 919 259 impetendis.
939 230 1020 257 quam

238 275 345 301 illorum
366 273 438 300 vires
468 271 614 300 enervarit.
647 269 795 297 tlntendet
820 270 892 296 enim
927 275 1021 295 arcum

237 327 328 351 suum.
344 319 430 346 donec
444 317 630 350 inﬁrmentur;
648 326 657 343 ι
675 320 702 344 et
719 315 796 348 ﬁunt,
818 319 848 342 ut
862 322 924 342 cera
937 315 1022 349 lique-

237 372 328 397 scens,
347 364 379 392 ad
393 367 499 391 o‘mnem
515 363 630 390 formam
647 361 888 397 improbitatisque
906 360 1019 396 ﬁguram

237 411 343 438 faciles.
362 410 410 437 llis
434 409 509 436 addit
527 408 716 444 lamentabiles
741 407 802 435 illas
823 406 955 434 adversus
975 405 1023 432 mi-

236 463 313 483 seros
329 462 411 482 voues
427 466 433 481 :
458 463 467 480 ι
481 453 668 489 Supercecidit
685 452 756 488 ignis
768 457 796 479 et
813 459 867 479 non
894 451 1022 478 viderunt

236 503 332 529 solent.
352 510 361 527 ι
385 500 507 528 Declarat
523 500 620 527 horum
638 498 800 527 sententiam
823 498 893 526 alius
911 497 1021 532 quidam

236 547 426 581 interpretum,
461 545 508 580 qui
535 545 754 580 intempestivum
783 543 859 570 illum
881 543 915 569 ab
942 546 1022 568 utero

236 593 353 627 lapsum,
378 595 458 619 vocat
482 591 618 619 abortum.
645 590 693 617 llis
711 590 784 617 enim
806 589 894 616 verbis
919 588 1019 615 utitur:

240 647 249 662 ι
259 636 389 668 Abortus,
403 645 412 662 ›
429 635 528 671 inquit,
545 645 554 661 ‹
568 635 690 662 mulieris
718 642 772 661 non
784 633 885 662 videbit
900 634 995 661 solem.
1010 643 1019 659 ι

237 682 305 709 Cum
323 681 405 717 igitur
416 681 495 708 initio
510 681 608 716 psalmi
631 679 767 708 dixisset:
786 689 795 704 ι
810 679 928 706 Alienati
957 683 1022 707 sunt

236 732 394 763 peccatores
413 734 428 754 a
446 727 541 758 vulva,
558 730 585 754 et
598 727 632 753 ab
650 729 727 753 utero
743 728 914 756 erraverunt,
929 734 938 751 ι
949 732 1023 752 nunc

235 774 331 801 eodem
350 781 432 801 sensu
446 773 568 808 adjungit
581 772 622 806 τὸ,
635 771 829 807 ὴμόλώθησαν,
851 781 860 797 ι
876 779 925 807 per
940 772 1022 799 abor-

237 822 294 846 tum
308 818 388 853 ejecti
403 802 504 846 suntin
530 802 735 846 éausamnvero
760 802 842 852 hujus
869 802 932 844 mali
956 817 1021 844 dicit
1038 802 1060 830 Β

236 871 298 891 esse
319 864 524 891 similitudinem
541 870 622 898 quam
641 871 702 890 cum
720 863 892 897 serpentibus
910 862 1020 890 habent.

235 909 325 943 Quare
337 909 453 936 similem
484 910 636 937 orationem
663 916 809 944 usurpans,
839 909 878 936 ait
898 916 946 936 eos
960 916 1022 936 esse

235 955 412 991 imperfectos
425 955 452 983 in
465 956 571 983 ratione
585 959 700 988 naturae,
714 961 740 983 et
753 956 891 983 abortivos
907 963 954 990 per
964 963 1022 982 ma-

235 1000 322 1027 litiam
335 1002 467 1033 redditos,
492 1002 674 1037 delapsosque
706 1006 733 1029 et
761 1001 897 1030 excidisse
920 1001 954 1029 ab
975 1002 1020 1028 illa

234 1052 316 1080 quam
337 1052 420 1080 supra
435 1045 556 1074 diximus
576 1046 698 1078 matrice,
723 1046 831 1081 sibique
852 1046 942 1081 ignem
958 1046 1021 1074 cll‘e-

235 1094 293 1117 ctos
307 1098 379 1124 esse,
395 1091 430 1118 ob
447 1090 557 1118 carnale
570 1095 597 1118 ct
609 1090 728 1117 materiae
744 1090 900 1118 immersum
914 1091 1022 1118 vivendi

235 1136 400 1170 institutum,
431 1136 515 1172 hujus
534 1138 620 1172 gratia
645 1137 739 1164 oculos
756 1137 788 1164 ad
809 1137 894 1165 solem
912 1145 965 1164 non
981 1137 1020 1165 le-

235 1190 324 1210 vasse.
339 1181 411 1210 Solis
427 1183 536 1210 nomine
551 1182 688 1218 signiﬁcat
708 1190 797 1210 veram
817 1183 890 1210 illam
919 1183 1018 1214 lucem,

233 1234 317 1262 quam
331 1226 509 1262 imperfectus
531 1227 576 1254 ille
590 1226 746 1254 Iudaeorum
769 1227 841 1253 fetus
869 1230 896 1253 et
919 1233 1020 1253 conce-

232 1278 296 1308 ptus
314 1273 427 1301 minime
442 1273 575 1301 sustinuit
595 1273 696 1300 videre.
710 1272 850 1300 Consonat
874 1279 955 1307 porro
979 1279 1021 1299 se-

233 1326 322 1354 quens
349 1318 439 1345 oratio
452 1326 515 1346 cum
539 1318 729 1353 praecedente;
759 1325 823 1345 nam
837 1318 909 1353 quod
938 1325 1021 1353 supra

233 1364 385 1392 nominavit
403 1374 412 1390 ‹
425 1365 548 1400 aspidem
566 1364 688 1397 surdam,
703 1374 713 1390 ι
733 1364 784 1392 hoc
811 1371 886 1392 nunc
903 1363 1021 1398 appellat

233 1410 341 1445 spinam
357 1418 411 1437 non
423 1410 621 1445 intelligentem
634 1418 641 1437 :
655 1417 718 1437 nam
732 1417 766 1438 ex
783 1410 877 1437 auditu
895 1410 1021 1437 nascitur

233 1456 428 1492 intelligentia,
463 1455 567 1491 quique
588 1455 756 1483 auditionem
784 1463 840 1482 non
862 1455 968 1491 recipit,
997 1457 1020 1484 is
1035 1471 1056 1500 ο

234 1501 316 1528 simul
348 1501 431 1528 etiam
468 1508 532 1528 cum
567 1501 709 1528 auditione
741 1501 949 1536 intelligentiam
978 1510 1022 1530 re-

232 1546 303 1581 jicit.

271 1587 405 1620 Quocirca
422 1591 495 1620 sicut
521 1592 568 1620 ubi
601 1593 723 1628 generali
748 1594 885 1628 serpentis
910 1594 1023 1621 nomine

233 1637 333 1673 posito,
344 1638 575 1674 aadduxitpostea
592 1639 712 1673 speciem
730 1639 813 1673 hujus
834 1639 974 1672 animalis,
995 1645 1023 1667 et

235 1683 346 1719 quidem
357 1684 443 1717 illam,
470 1693 531 1719 qua:
546 1684 575 1712 in
591 1692 624 1713 eo
638 1693 738 1720 genere
748 1689 790 1713 est
807 1686 930 1713 omnium
954 1693 1022 1722 per-

235 1730 430 1763 niciosiSsima,
450 1731 573 1766 aspidem
589 1731 705 1765 scilicet,
724 1731 762 1759 ita
778 1736 805 1760 et
815 1732 860 1759 hic
871 1733 1022 1768 generatim

235 1776 321 1812 spina:
338 1777 473 1804 vocabulo
491 1778 592 1812 posito,
620 1777 699 1806 aﬂert
717 1778 849 1813 deinceps
874 1786 934 1806 eam
957 1786 1022 1814 spe-

234 1821 315 1854 ciem,
335 1830 395 1857 quae
412 1823 484 1850 inter
500 1823 594 1858 spinas
606 1824 728 1852 omnium
748 1828 791 1852 est
814 1825 1021 1858 molestissima,

235 1875 332 1903 nempe
361 1868 518 1900 rhamnum,
540 1869 620 1904 cujus
638 1874 726 1897 acutae
751 1874 816 1897 sunt
833 1870 972 1905 cuspides,
997 1876 1023 1898 et

235 1914 373 1942 continuae
388 1914 580 1949 prominentia:
595 1915 628 1942 ad
645 1917 798 1944 nocendum
811 1917 1023 1951 propinquanti-

235 1959 287 1987 bus
302 1965 381 1994 aptae,
395 1960 533 1996 plagaaque
549 1960 656 1988 inﬂictae
666 1961 1022 1989 venenosaeV’erumtamen

234 2004 314 2039 spina
329 2005 425 2036 eratis,
439 2005 487 2038 ait,
502 2009 530 2033 et
547 2005 575 2032 in
591 2005 692 2040 spinis,
709 2005 853 2038 rhamuus,
865 2009 895 2032 ut
905 2005 1023 2040 proinde

233 2050 382 2078 videamini
398 2051 499 2078 vivere.
513 2050 572 2079 Non
592 2052 664 2079 enim
687 2059 750 2080 vere
764 2052 842 2083 vivit,
866 2052 914 2086 qui
929 2059 1022 2080 veram

233 2097 319 2124 vitam
336 2105 390 2125 non
407 2097 499 2126 habet.
512 2097 554 2125 Ira
576 2097 734 2126 absorbebit
752 2106 801 2126 vos
818 2107 825 2125 :
841 2102 868 2125 et
889 2098 1023 2133 quemad-

1072 177 1125 209 ἕως
1135 177 1224 204 αὐτῶν
1238 177 1393 214 ἐκνενρώσῃ
1408 178 1458 213 τὴν
1471 177 1596 212 δύναμιν.
1618 187 1627 203 ι
1639 178 1757 204 Ἐντενεϊ
1775 177 1838 213 γὰρ,
1851 186 1860 202 ι

1073 223 1154 258 φησὶν
1165 243 1172 255 ,
1188 232 1198 249 l
1212 223 1243 249 τὸ
1257 223 1333 255 τόξον
1346 223 1438 257 αὑτοῦ,
1453 224 1506 256 ἕως
1520 220 1550 250 οὗ
1564 223 1766 259 ἀσθενήσουσιν.
1781 232 1790 247 ι
1811 222 1864 248 Καὶ

1077 267 1196 302 γίνονται
1211 269 1296 303 κηρὸς
1307 269 1466 304 τηκόμενος,
1486 269 1554 304 πρὸς
1571 269 1623 294 πᾶν
1635 263 1710 299 εἶδος¹
1725 266 1772 293 τοῦ
1794 267 1865 293 ’κατὰ

1071 313 1122 348 τὴν
1134 313 1269 349 ἁμαρτίαν
1281 315 1454 350 χαρακτῆρος
1464 315 1583 346 εὐκόλως
1599 312 1702 349 μορφού
1708 321 1798 348 μενος·
1815 313 1863 338 καὶ

1072 359 1175 391 τούτοις
1189 359 1230 386 ἔτι
1248 360 1408 395 προστίθησι
1423 360 1472 392 τὰς
1493 359 1636 396 ὸδυρτικὰς
1662 358 1770 389 ὲκείνας
1793 358 1864 385 κατὰ

1072 404 1127 431 τῶν
1137 404 1260 431 δειλαίων
1271 405 1386 439 φωνὰς,‹
1397 404 1515 432 Ἔπεσεν
1531 405 1594 440 πῦρ,
1607 414 1616 430 ι
1630 404 1742 438 λέγων,‹
1754 404 1800 430 καὶ
1814 404 1863 430 οὐκ

1073 449 1126 477 ῐδον
1138 450 1183 477 τὸν
1195 450 1294 486 ἥλιον.»
1304 451 1450 486 Σαφηνίζει
1463 451 1490 478 δὲ
1501 450 1547 477 τοῦ
1562 449 1643 485 ῥητοῦ
1654 449 1748 476 τούτου
1761 449 1809 484 τὴν
1819 448 1862 475 ἔν-

1072 504 1147 523 νοιαν
1155 496 1247 532 ἕτερος
1257 496 1315 524 τῶν
1324 497 1475 532 ἑρμηνέων,
1488 497 1536 532 τὴν
1553 496 1627 530 παρὰ
1641 496 1737 531 καιρὸν
1752 495 1863 530 γενομέ-

1073 550 1122 577 νην
1134 541 1188 568 ὰπὺ
1200 543 1251 578 τῆς
1268 543 1374 578 μήτρας
1396 542 1533 577 ὀλίσθησιν
1556 541 1602 568 τοῦ
1620 540 1800 576 ἀμῦλώματος
1819 542 1863 576 ἑρ-

1074 587 1210 623 μηνεύσας
1225 588 1330 619 τούτοις
1352 589 1408 619 τοῖς
1427 589 1544 623 ῥήμασιν
1555 595 1562 602 ”
1581 596 1590 612 ι
1609 587 1769 622 Ἔκτρωμα,
1785 595 1794 611 ι
1810 595 1862 621 φη-

1074 634 1126 666 σὶν,
1146 642 1155 660 ι
1176 634 1304 666 γυναικὸς
1324 634 1372 669 οὐχ
1381 633 1631 669 ὁραματισθήσεται
1645 632 1729 667 ἥλιον.
1751 641 1760 658 ι
1784 632 1860 658 Ἐπεὶ

1072 679 1160 706 τοίνυν
1175 680 1250 716 παρά
1264 680 1313 715 τὴν
1332 679 1418 715 ἀρχὴν
1437 679 1487 714 τῆς
1511 678 1668 714 ψαλμῳδίας
1692 677 1790 712 φησιν,
1821 677 1861 704 ὅτι

1077 734 1086 752 ε
1107 725 1376 761 ’Δπηλλοτριώθησαν
1393 726 1416 752 οἱ
1429 725 1585 761 ἁμαρτωλοὶ
1596 725 1649 751 ἀπὸ
1664 725 1780 760 μήτρας,
1815 724 1862 750 καὶ

1074 771 1127 798 ἀπὸ
1153 771 1271 806 γαστρὸς
1298 770 1505 806 ἐπλανήθησαν,
1535 780 1543 796 ι
1571 771 1638 806 ὅπερ
1672 771 1770 797 ταύτόν
1804 771 1861 797 ἔστι

1075 816 1113 851 τῷ
1126 816 1308 851 ἡμὸλώθησαν
1318 839 1324 849 ,
1341 816 1426 842 αἴτιον
1441 816 1469 842 δὲ
1490 815 1535 842 τοῦ
1550 816 1670 842 τοιούτου
1695 815 1796 846 πάθους
1812 815 1862 841 αὑ-

1075 861 1129 888 τῶν
1152 861 1226 896 λέγει
1251 861 1298 897 τὴν
1322 862 1390 898 πρὸς
1412 862 1457 888 τὸν
1482 862 1543 896 ὅφιν
1567 871 1596 888 τε
1621 862 1668 889 καὶ
1689 862 1739 897 τὴν
1762 861 1863 888 ἀσπίδα

1075 907 1214 942 ὁμοίωσιν,
1223 908 1267 935 διὰ
1281 907 1360 934 τοῦτο
1375 908 1422 934 καὶ
1437 908 1485 935 νῦν
1496 908 1540 934 τὸν
1554 908 1610 934 ἴσον
1627 906 1804 945 ἔπαναλαὸὼν
1817 907 1862 932 λό-

1075 961 1133 987 γον,
1153 954 1229 988 φησὶ,
1245 953 1286 980 ὅτι
1306 954 1410 986 ἀτελεῖς
1430 955 1459 981 ὲν
1481 954 1520 989 τῷ
1539 954 1610 989 λόγῳ
1627 954 1675 988 τῆς
1692 953 1798 988 φύσεως
1817 953 1863 979 καὶ

1076 999 1272 1035 ἀμϐλωθριδιοι
1292 1000 1336 1028 διὰ
1351 1001 1449 1032 κακίας
1464 1001 1617 1035 γενόμενοι,
1635 999 1819 1035 ἑξωλίσθησάν
1833 1008 1863 1025 τε

1075 1046 1122 1072 καὶ
1147 1045 1246 1072 ἔπεσαν
1271 1046 1348 1072 αὐτοὶ
1369 1046 1422 1073 ἀπὸ
1437 1047 1488 1081 τῆς
1504 1046 1645 1082 νοηθείσης
1670 1046 1735 1080 ἡμῖν
1757 1045 1864 1080 ὲκεένης

1077 1091 1193 1127 μήτρας,
1211 1091 1267 1127 πῦρ
1283 1092 1342 1118 καθ’
1360 1091 1463 1118 ἑαυτῶν
1479 1091 1628 1127 γενόμενοι,
1643 1091 1686 1118 διὰ
1705 1091 1755 1126 τῆς
1769 1091 1865 1124 ὑλικῆς

1075 1137 1277 1172 προαιρέσεως·
1306 1134 1336 1164 οὗ
1353 1137 1431 1173 χάριν
1465 1137 1515 1164 οὐκ
1542 1135 1691 1171 ἀνέϐλεψαν
1725 1136 1791 1172 πρὺς
1819 1135 1864 1162 τὸν

1075 1183 1159 1218 ἥλιον.
1182 1182 1362 1209 Ἐνδείκνυται
1373 1183 1400 1208 δὲ
1418 1184 1450 1209 ἐκ
1460 1182 1505 1209 τοῦ
1521 1183 1597 1218 ἡλίου
1613 1182 1643 1208 τὸ
1657 1182 1784 1217 ἀληθινὸν
1796 1181 1863 1216 φῶς,
1907 1202 1911 1205 .

1076 1229 1143 1264 πρὸς
1169 1228 1183 1255 ὃ
1210 1229 1228 1263 ἡ
1253 1228 1468 1264 ἀτελεσφόρητος
1488 1229 1542 1255 τῶν
1565 1228 1701 1255 Ἰουδαίων
1725 1228 1790 1263 γονὴ
1815 1227 1865 1253 οὐκ

1075 1274 1230 1308 ἀνέϐλεψεν.
1256 1274 1311 1300 Καὶ
1334 1274 1348 1300 ό
1376 1274 1474 1308 ἐφεξῆς
1497 1275 1575 1309 λόγος
1599 1274 1713 1310 ἁρμόζει
1739 1273 1809 1300 κατὰ
1834 1271 1865 1298 τὸ

1075 1319 1219 1346 ἀκόλουθον
1236 1319 1274 1354 τῷ
1290 1319 1446 1356 προάγοντι.
1463 1320 1495 1346 "O
1512 1320 1566 1354 γὰρ
1583 1320 1641 1346 ἐκεῖ
1657 1318 1750 1354 κωφὴν
1765 1318 1865 1344 ἀσπίδα

1074 1364 1224 1400 ὠνόμασεν,
1239 1365 1317 1391 τοῦτο
1333 1364 1380 1391 νῦν
1404 1365 1572 1400 μεταϐαλὼν,
1596 1364 1723 1391 ἀσύνετον
1744 1362 1864 1390 ἄκανθαν

1073 1410 1165 1444 λέγει·
1186 1411 1218 1436 ὲκ
1228 1410 1282 1446 γὰρ
1301 1410 1348 1437 τοῦ
1366 1410 1482 1438 ἀκοῦσαι
1497 1410 1526 1437 τὸ
1540 1411 1660 1438 συνιέναι
1676 1404 1780 1444 γίνεται
1793 1418 1799 1424 ·
1813 1411 1826 1436 ὁ
1836 1409 1865 1436 δὲ

1073 1455 1121 1490 τὴν
1134 1455 1218 1491 ἀκοὴν
1232 1456 1263 1482 οὐ
1279 1455 1435 1491 δεξάμενος,
1452 1456 1647 1484 συναποϐάλλει
1665 1456 1773 1488 πάντως
1790 1455 1862 1491 μετὰ

1073 1501 1122 1536 τῆς
1139 1501 1224 1536 ἀκοῆς
1241 1502 1288 1528 καὶ
1304 1502 1354 1537 τὴν
1371 1502 1488 1528 σύνεσιν.

1109 1591 1158 1618 Διὰ
1174 1590 1252 1618 τοῦτο
1266 1591 1360 1626 ὥσπερ
1374 1592 1432 1618 ἐκεῖ
1449 1592 1498 1626 μὲν
1513 1592 1692 1628 γενικώτερον
1709 1592 1865 1627 μνημονεΰ‹

1075 1645 1124 1668 σας
1142 1636 1189 1663 τοῦ
1203 1636 1275 1663 κατὰ
1288 1636 1333 1662 τὸν
1341 1637 1403 1671 ὅφιν
1417 1636 1558 1672 ὀνόματος,
1577 1637 1674 1671 ἐπάγει
1690 1637 1721 1663 τὸ
1733 1635 1802 1668 εἶδος
1816 1635 1864 1663 τοῦ

1074 1682 1169 1717 θηρίου
1182 1682 1213 1708 τὺ
1227 1683 1255 1709 ὲν
1265 1682 1303 1717 τῷ
1316 1682 1388 1716 γένει
1403 1682 1576 1717 πικρότατον,
1589 1682 1637 1718 τὴν
1651 1682 1751 1709 ἀσπίδα
1760 1682 1847 1716 λέγων
1856 1689 1863 1697 “

1073 1728 1144 1754 οὕτω
1161 1727 1207 1754 καὶ
1224 1727 1346 1757 ἐνταῦθα,
1359 1724 1414 1754 οἷον
1428 1729 1456 1754 ὲν
1472 1728 1544 1760 γένει
1562 1729 1615 1755 τινὶ
1628 1728 1658 1754 τὺ
1675 1728 1726 1763 τῆς
1743 1728 1865 1764 ἀκάνθης

1073 1773 1159 1808 ὄνομα
1171 1773 1382 1808 προεκθέμενος,
1402 1773 1500 1807 ἐπάγει
1515 1773 1546 1800 τὸ
1561 1774 1750 1809 χαλεπώτερον
1764 1775 1793 1801 ἐν
1805 1776 1866 1806 ταῖς

1073 1819 1204 1851 ἀκάνθαις
1234 1816 1312 1850 εἶδος,
1340 1819 1388 1855 τὴν
1403 1820 1505 1856 ῥάμνον
1519 1819 1615 1852 εἰπὼν,
1638 1818 1672 1856 ἦς
1700 1820 1785 1852 ὀξεῖαι
1815 1820 1864 1855 μὲν

1074 1865 1128 1902 [αἱ]
1139 1866 1237 1902 ἀκμαὶ,
1247 1868 1368 1902 συνεχεῖς
1384 1867 1411 1893 δὲ
1423 1867 1451 1894 αἱ
1463 1867 1603 1902 προϐολαὶ,
1618 1867 1763 1902 βλαπτικαὶ
1771 1867 1800 1894 δὲ
1810 1867 1864 1893 τῶν

1074 1912 1307 1948 προσεγγιςόντων
1318 1913 1364 1940 καὶ
1378 1912 1463 1945 ξώδεις
1479 1914 1506 1940 αἱ
1522 1914 1636 1949 ὰμυχαί.
1654 1913 1726 1948 Πλὴν
1738 1913 1805 1940 ἀλλὰ
1816 1914 1864 1940 καὶ

1073 1958 1178 1986 ἄκανθα
1190 1956 1249 1995 ἦτε,
1266 1958 1358 1994 φησὶν,
1375 1958 1428 1986 κᾶν
1454 1960 1483 1986 ὲν
1505 1959 1635 1990 ἀκάνθαις
1658 1960 1675 1994 ἡ
1690 1959 1801 1995 ῥάμνος,
1826 1959 1864 1990 ὡς

1073 2003 1113 2031 ἔτι
1129 2003 1232 2030 οἴεσθαι
1250 2001 1318 2041 ζῇν·
1336 2004 1366 2031 οὐ
1385 2004 1438 2040 γὰρ
1463 2004 1571 2040 ἀληθῶς
1593 2005 1637 2040 ζῇ,
1653 2005 1702 2040 τὴν
1718 2005 1803 2041 ἀληθῆ
1826 2004 1864 2040 μὴ

1073 2048 1142 2084 ἔχων
1165 2049 1247 2084 ζωήν.
1271 2050 1302 2076 Ἡ
1318 2050 1386 2086 ὀργὴ
1414 2051 1576 2077 καταπίεται
1598 2051 1684 2086 ὑμᾶς·
1701 2050 1748 2077 καὶ
1771 2050 1864 2085 ὥσπερ

1073 2095 1128 2122 τῶν
1143 2094 1311 2131 ἁμαρτωλῶν
1329 2096 1345 2130 ὴ
1361 2096 1417 2132 ζωὴ
1455 2097 1505 2123 οὐκ
1523 2097 1555 2123 ἂν
1578 2096 1685 2132 ἀληθῶς
1701 2097 1774 2123 ἐστιν
1791 2096 1805 2122 ὃ
1821 2096 1865 2122 λέ-

234 2144 345 2172 modum
374 2144 430 2172 vita
457 2148 631 2179 peccatorum
646 2152 701 2172 non
726 2151 789 2172 vere
812 2147 864 2176 est,
885 2144 958 2180 quod
978 2144 1021 2172 di.

1074 2149 1161 2175 γεται,
1183 2140 1240 2166 ἀλλ’
1263 2139 1424 2175 ὀνομάζεται
1445 2141 1524 2176 μόνον
1544 2141 1585 2176 (τὸ
1600 2141 1653 2176 γὰρ
1668 2143 1717 2176 τῆς
1734 2140 1864 2175 ἀληθινῆς

234 2189 317 2222 citur,
344 2189 392 2217 sed
413 2189 603 2217 tantummodo
627 2189 689 2217 talis
703 2189 805 2217 dicitur
829 2189 904 2225 (nam
925 2197 986 2224 quae
1006 2196 1022 2216 a

234 2243 299 2263 vera
313 2236 369 2263 vita
381 2236 506 2270 seiuncta
517 2239 570 2267 est,
589 2235 636 2263 illa
651 2235 744 2270 utique
762 2243 831 2263 verae
849 2236 909 2263 vitae
920 2243 1021 2263 nomen

234 2289 289 2309 non
306 2282 450 2316 meretur),
466 2282 506 2309 sic
523 2285 550 2309 et
566 2282 594 2309 in
602 2281 656 2309 Deo
673 2282 713 2308 ira
727 2281 813 2309 nihilo
824 2282 911 2317 magis
921 2283 1021 2315 iraest,

235 2327 300 2354 licet
314 2334 328 2353 a
345 2327 536 2362 peccatoribus
548 2327 609 2355 talis
622 2332 648 2354 et
660 2327 804 2360 habeatur,
815 2331 842 2355 et
853 2328 1019 2356 nominetur.

235 2372 294 2400 Non
311 2376 354 2400 est
368 2373 418 2405 ira,
433 2372 481 2399 sed
499 2381 510 2398 ι
523 2372 594 2400 sicut
610 2373 661 2405 ira,
673 2382 682 2399 ι
701 2373 855 2408 appellatur
863 2373 1019 2405 retributio,

236 2426 319 2453 quam
334 2417 407 2445 Deus
420 2417 554 2452 rependit,
570 2422 651 2452 prout
665 2418 711 2452 jus
731 2418 826 2453 fasque
840 2419 934 2454 exigit.
963 2418 1020 2446 hoc

235 2464 319 2498 igitur
343 2466 386 2491 est
411 2463 477 2490 illud
493 2471 500 2490 :
518 2472 527 2488 ι
541 2461 618 2490 Sicut
654 2463 795 2496 viventes;
811 2472 820 2489 ι
853 2466 880 2490 et
897 2471 904 2490 :
921 2472 930 2488 (
943 2461 1021 2489 Sicut

235 2509 261 2536 in
284 2511 323 2538 ira
339 2510 496 2538 absorbebit
507 2517 567 2542 vos,
580 2519 591 2536 ι
609 2510 656 2546 qui
670 2511 696 2538 in
712 2518 776 2538 vera
796 2511 851 2538 vita
869 2519 923 2538 non
939 2511 1018 2543 estis,

234 2558 294 2593 ipse
306 2561 397 2584 tamen
417 2564 480 2584 vere
505 2556 591 2584 iratus
619 2564 673 2584 non
696 2563 748 2585 est.
776 2556 880 2585 Deinde
904 2557 1018 2585 subdit:

236 2613 246 2630 ι
268 2602 417 2630 Laetabitur
430 2602 526 2637 Justus
546 2610 608 2630 cum
636 2602 734 2630 viderit
759 2603 939 2634 vindictam.)
965 2611 1020 2630 non

233 2649 306 2684 quod
317 2651 428 2685 propter
437 2648 559 2683 perditos
567 2648 694 2684 gaudeat,
704 2648 751 2676 sed
763 2648 836 2683 quod
846 2656 880 2676 ex
894 2649 1020 2684 opposito

233 2702 278 2722 res
300 2701 365 2722 suas
385 2701 447 2720 cum
466 2693 547 2721 rebus
570 2693 678 2720 illorum
696 2701 874 2728 componens,
897 2697 964 2721 tunc
977 2702 1020 2722 se-

238 2739 328 2774 ipsum
345 2740 454 2767 beatum
470 2739 669 2774 prtedicaturus
686 2740 732 2773 sit,
748 2740 783 2767 ob
798 2745 872 2768 recta
892 2740 1017 2774 consilia,

241 2784 341 2818 quibus
352 2785 451 2820 eﬂ'ec'tt,
468 2793 502 2813 uc
518 2793 589 2814 unus
606 2793 639 2814 ex
655 2786 772 2823 illorum
792 2794 904 2818 numero
931 2788 1015 2821 ﬁeret,

1076 2185 1148 2221 ζωῆς
1171 2185 1370 2220 διεζευγμένον,
1386 2186 1443 2222 ζωὴ
1454 2187 1503 2213 οὐκ
1518 2186 1601 2222 ἔστιν)
1616 2195 1622 2203 ·
1641 2187 1727 2220 οὕτως
1746 2188 1793 2214 καὶ
1818 2188 1864 2214 ἐπὶ

1075 2231 1120 2259 τοῦ
1143 2231 1210 2258 Θεοῦ
1236 2233 1253 2266 ὴ
1281 2231 1360 2267 ὀργὴ,
1373 2232 1425 2259 κᾶν
1448 2234 1504 2265 τοῖς
1528 2233 1698 2269 ἁμαρτωλοῖς
1710 2233 1787 2259 τοῦτο
1818 2233 1865 2260 καὶ

1076 2278 1199 2313 φαίνεται
1226 2277 1273 2304 xz‘.
1289 2279 1353 2313 παρ’
1371 2278 1459 2304 αὐτῶν
1478 2279 1651 2314 ὀνομάζεται,
1669 2279 1744 2305 οὐδὲν
1762 2279 1863 2314 μᾶλλόν

1076 2325 1148 2350 ἐστιν
1169 2323 1246 2359 ὀργὴ,
1269 2324 1327 2351 ἀλλ’
1346 2332 1358 2350 c
1383 2324 1420 2356 ὡς
1437 2324 1505 2360 ὀργὴ
1536 2334 1546 2350 ι
1565 2325 1621 2356 τοῖς
1635 2324 1707 2350 οὕτω
1727 2324 1776 2360 τὴν
1794 2324 1864 2351 κατὰ

1075 2370 1105 2397 τὸ
1126 2370 1229 2397 δίκαιον
1252 2370 1299 2397 τοῦ
1325 2369 1394 2397 Θεοῦ
1413 2369 1613 2407 ἁντιδιδομένην
1631 2370 1747 2405 ἀμοιόὴν
1763 2370 1862 2406 ὀνομά-

1076 2417 1162 2448 ζουσι.
1176 2417 1261 2443 Τοῦτο
1284 2414 1330 2443 οὖν
1353 2417 1427 2443 ἐστιν
1443 2416 1483 2448 τὸ,
1502 2426 1512 2442 ι
1537 2416 1609 2443 Ὠσεὶ
1629 2416 1741 2449 ζῶντας.
1761 2426 1770 2442 ι
1797 2417 1863 2450 Καὶ,

1079 2473 1088 2489 ι
1111 2464 1155 2495 Ὠς
1183 2465 1211 2490 ἐν
1233 2464 1301 2498 ὀργῇ
1325 2462 1488 2490 καταπιεται
1510 2464 1591 2499 ὑμᾶς,
1612 2475 1620 2488 ι
1636 2464 1687 2490 οὐκ
1701 2464 1729 2490 ὲν
1748 2463 1862 2499 ἀληθινῇ

1075 2510 1131 2545 ζωῇ
1154 2510 1243 2542 ὖντας,
1259 2509 1321 2536 οὒτε
1344 2508 1451 2544 ἀληθῶς
1464 2510 1567 2540 ἐκεῖνος
1582 2510 1610 2535 ὲν
1626 2509 1694 2545 ὀργῇ
1708 2509 1864 2545 θεωρούμε-

1075 2565 1130 2589 νος.
1162 2554 1230 2583 Εἶτά
1261 2564 1353 2591 φησιν·
1376 2565 1385 2581 ι
1412 2555 1637 2591 Εὐφρανθήσεται
1657 2556 1760 2587 δίκαιος
1774 2557 1812 2582 ὅτ’
1830 2555 1863 2582 ἂν

1075 2603 1116 2638 ἴδῃ
1131 2602 1277 2637 ἐκδίκησιν.
1300 2611 1310 2627 ι
1329 2601 1383 2636 οὐχ
1400 2600 1438 2633 ὡς
1460 2601 1609 2638 ὲπιχαίρων
1630 2603 1686 2633 τοῖς
1709 2600 1863 2636 ἀπολλυμέο

1073 2657 1139 2681 νοις,
1162 2648 1218 2675 ἀλλ’
1242 2647 1279 2679 ὡς
1304 2648 1336 2674 ὲκ
1360 2647 1532 2683 παραλλήλου
1556 2646 1589 2674 τὰ
1611 2647 1708 2674 ἑαυτοῦ
1734 2647 1802 2682 πρὸς
1828 2646 1863 2673 τὰ

1074 2694 1186 2722 ἐκείνων
1202 2693 1348 2728 ἀνατιθεὶς,
1370 2693 1431 2720 τότε
1458 2694 1604 2729 μακαρίσει
1630 2693 1726 2720 ἑαυτὸν
1742 2693 1790 2728 τῆς
1813 2693 1862 2718 st}-

1074 2740 1192 2773 ϐουλίας,
1216 2741 1256 2767 ὅτι
1273 2739 1310 2776 μὴ
1326 2740 1355 2767 ὲν
1372 2740 1487 2772 ἐκείνοις
1509 2741 1627 2775 ἐγένετο,
1643 2741 1672 2767 ἐν
1692 2737 1733 2771 οἷς
1744 2739 1795 2774 ὁρᾷ
1805 2739 1860 2764 τῶν

1074 2786 1242 2823 ἁμαρτωλῶν
1258 2786 1307 2823 τὴν
1331 2786 1478 2823 ἐκδίκησιν.
1503 2787 1558 2824 Τὴν
1574 2786 1627 2823 γὰρ
1647 2786 1700 2814 τῶν
1718 2785 1788 2813 ἰδίων
1801 2792 1859 2820 χει-
