1989 3070
136 79 188 106 597

838 83 869 109 IN
892 83 1058 112 PSALMOS.

1706 91 1758 120 598

138 141 192 176 ρῶν
208 141 390 177 καθαρότητα,
407 143 440 177 τῇ
456 142 522 178 πρὸς
534 143 565 169 τὸ
578 142 737 184 λύθρον-τῶν
753 144 921 179 ἁμαρτωλῶν

984 154 1000 172 ιι
1017 145 1118 180 quibus
1132 146 1190 181 ipse
1210 151 1383 181 peccatorum
1401 148 1549 176 vindictam
1565 150 1760 184 conspicatur;

137 186 321 218 ἀντεξετάσει,
338 187 436 221 μᾶλλον
453 187 609 221 κατόψεται.
628 197 637 213 ι
663 180 764 224 Χεῖρας
789 190 882 221 αὑτοῦ,
911 201 920 216 ι

139 234 230 267 φησὶν,
253 241 263 258 ‹
288 232 392 267 νίψεται
418 233 447 259 ὲν
469 233 508 268 τῷ
531 233 626 268 αἵματι
645 234 691 261 τοῦ
717 235 888 270 ἁμαρτωλοὶ
912 246 920 261 ι

138 277 254 313 θῖόαμεν
267 277 306 311 δὲ,
322 277 362 303 ὅτι
379 278 429 304 οὐκ
450 277 529 304 ἄλλου
546 278 617 309 τινὸς
631 278 708 314 χάριν
723 280 882 314 νιπτόμεθα,
906 280 922 314 ἢ

139 323 183 349 ἵνα
205 322 243 358 τῷ
265 323 340 350 ὕδατι
361 322 406 349 τὸν
434 323 519 358 ῥύπον
544 324 778 360 ἀποκλυσώμεθα’
794 326 808 351 ὁ
827 326 856 352 δὲ
877 326 924 352 τοῦ

138 367 253 402 αἵματος
264 367 399 402 μολυσμὸς
409 368 459 394 οὑκ
469 368 648 402 ἀποκαθαίρει
662 368 706 396 τὸν
716 371 784 405 προῦ
789 370 924 405 πάρχοντα

139 413 235 449 ῥύπον,
252 412 308 440 ἀλλ’
326 413 406 444 αὐτὸς
428 413 530 448 γίνεται
548 413 642 448 ῥύπος.
667 414 772 441 Οὐκοῦν
787 415 880 450 ὥσπερ
894 416 925 442 τὸ

138 458 234 485 λευκὸν
249 458 348 494 χρῶμα
369 460 402 493 τῇ
422 459 631 493 ἀντιπαραθέσει
655 459 702 486 τοῦ
717 460 831 495 αἵματος
846 462 925 496 ἐκδη-

104 524 107 529 ,
138 504 246 539 λὸτερον
263 504 376 538 γίνεται,
395 503 480 536 οὕτως
495 505 541 531 καὶ
556 505 571 540 ἡ
587 504 640 531 τῶν
650 505 748 540 χειρῶν
760 505 807 532 τοῦ
820 506 923 533 δικαίου

140 550 306 585 καθαρότης,
319 549 363 576 διὰ
374 551 424 585 τῆς
445 550 492 577 τοῦ
510 551 628 577 ἐναντίου
651 551 828 586 συγκρίσεως,
854 552 924 587 λαμ-

141 597 261 632 προτέρα
283 596 452 623 καθίσταται.
474 597 510 623 Τὸ
527 597 580 632 γὰρ
594 597 641 624 νῦν
662 598 867 633 ἀπιστούμενον,
884 599 925 625 ὅτι

140 642 182 674 τίς
205 643 262 668 ἐστι
285 643 340 672 τοῖς
363 642 407 668 διὰ
430 643 482 669 τῶν
500 642 551 677 τῆς
567 643 667 679 ἀρετῆς
688 643 776 670 πόνων
796 645 925 676 ἑκουσίως

140 687 346 723 κακοπαθήσασι
362 687 490 722 μετουσία
505 687 551 714 τοῦ
569 688 730 723 κρείττονος.
747 688 806 714 τότε
819 689 862 716 διὰ
876 689 924 724 τῆς

141 732 237 766 πείρας
254 732 492 767 φανερωθήσεται·
515 733 530 762 ὁ
548 732 602 767 γὰρ
627 732 711 759 ταῦτα
728 732 832 767 βλέπων
855 734 925 768 ἐρεῖ,

139 777 180 803 ὅτι
195 775 238 812 ἦν,
255 777 293 808 ὡς
313 777 410 810 ἔοικεν,
420 777 457 812 τῷ
472 777 566 813 δικαίῳ
583 778 686 812 καρπὸς
703 778 882 813 ἀποκείμενος
897 779 925 805 ἐν

975 190 1146 225 propriarum
1163 191 1234 218 enim
1248 199 1377 219 manuum
1395 194 1542 228 puritatem
1560 194 1646 230 magis
1657 203 1759 231 cogno-

974 241 1044 269 scet;
1068 236 1091 265 si
1104 243 1164 264 eam
1186 244 1248 264 cum
1276 238 1433 272 iniquorum
1452 241 1579 268 sordibus
1604 246 1759 276 componat.

978 290 986 306 ι
999 281 1107 314 Manus,
1123 291 1132 307 ι
1152 282 1251 317 inquit,
1265 291 1274 309 ι
1293 291 1358 311 suas
1374 284 1475 312 lavabit
1497 286 1525 312 in
1544 286 1677 322 sanguine
1696 295 1761 322 pec-

975 327 1088 355 catoris.
1105 337 1114 354 ι
1130 327 1228 355 Notum
1254 332 1306 361 est,
1335 338 1385 358 nos
1408 338 1463 358 non
1490 331 1544 359 alio
1571 332 1624 359 ﬁne
1660 340 1761 360 manus

975 372 1096 404 abluere,
1128 381 1211 409 quam
1229 379 1259 402 ut
1279 375 1374 404 sordes
1396 384 1444 412 per
1468 385 1567 413 aquam
1599 379 1760 412 abluamus;

975 421 1002 444 at
1015 419 1157 452 sanguinis
1175 422 1299 454 aspersio
1314 429 1369 449 non
1397 423 1530 450 emundat
1549 425 1683 458 maculas,
1701 429 1761 459 qua:

975 463 1050 497 prius
1062 464 1180 495 inerant.
1197 473 1258 492 cum
1277 467 1336 502 ipse
1349 469 1461 503 sanguis
1476 468 1512 496 sit
1527 469 1651 504 quaedam
1664 473 1760 496 conta-

976 510 1101 538 minatio.
1121 512 1256 544 Quocirca
1273 515 1503 549 quemadmodum
1528 516 1604 543 color
1617 516 1696 543 albus
1716 523 1760 550 op-

976 557 1081 591 positus
1103 559 1229 594 sanguini
1254 560 1422 595 splendidior
1444 566 1567 597 apparet,
1593 563 1634 589 sic
1660 566 1687 590 et
1703 570 1760 589 ma-

975 609 1058 628 nuum
1072 603 1138 637 justi
1149 605 1296 634 mundities
1313 607 1482 641 splendidior
1495 608 1604 636 exsistit
1617 607 1761 636 collatione

976 651 1002 673 et
1031 647 1249 684 juxtapositione
1266 652 1406 680 contrarii.
1424 652 1491 679 Nam
1506 653 1579 688 quod
1599 661 1673 680 nunc
1685 661 1755 689 :cgrc

976 693 1111 726 eruditur,
1138 702 1198 724 esse
1221 697 1346 725 videlicet
1363 698 1416 726 illis
1433 699 1478 733 qui
1501 706 1547 733 per
1570 698 1680 726 virtutis
1700 703 1761 726 stu-

976 738 1050 766 dium
1084 741 1184 769 multos
1210 742 1317 770 labores
1353 745 1503 775 exantlant,
1540 743 1760 771 communionem

977 785 1124 818 quamdam
1149 788 1352 817 cxcellentioris
1377 789 1520 823 cujusdam
1545 790 1618 823 boni,
1644 789 1672 816 id
1698 794 1762 816 tunc

139 825 172 858 τῇ
190 823 282 858 δικαίᾳ
304 823 350 850 τοῦ
375 823 442 850 Θεοῦ
463 823 562 859 κρίσει.
585 824 667 859 Ὁρᾷς
686 824 744 855 οίας
765 824 927 859 ἐπιϐέϐηκεν

980 829 1038 864 ipso
1056 832 1243 866 experimento
1260 833 1435 862 manifestum
1454 834 1514 866 lict;
1544 835 1590 870 qui
1613 835 1685 863 enim
1700 835 1762 862 haec

140 869 295 904 ἀκρωρείας
316 869 330 895 ὁ
354 869 446 903 λόγος;
462 870 522 896 ὅσον
537 869 680 905 ὑπεραίρει
700 869 754 896 τῶν
768 870 924 905 προδεικνυ-

142 913 231 948 μένων
247 914 276 940 ὲν
288 914 342 945 τοῖς
357 913 480 950 Ψαλμοῖς
497 914 525 940 τὸ
541 914 670 949 μέγεθος;

979 874 1088 907 viderit,
1110 876 1133 904 is
1148 877 1221 905 dicet
1238 886 1309 911 esse,
1334 883 1363 906 ut
1376 879 1463 912 decet,
1486 880 1560 913 justo
1574 880 1696 907 fructum
1716 888 1761 907 re-

979 921 1098 954 positum
1111 923 1138 950 in
1155 923 1232 958 justo
1251 924 1296 952 Dei
1321 925 1435 959 judicio.
1454 924 1534 953 Vides
1552 926 1578 952 in
1595 933 1676 961 quam
1699 925 1762 952 alti-

140 959 262 986 tudinem
295 959 447 988 ascenderit
480 961 577 993 oratio,
611 965 744 996 quantum
777 961 893 990 excedat
913 963 1104 995 celsitudinem
1129 976 1236 1002 eorum,
1268 979 1329 1006 qua:
1343 971 1370 998 in
1398 959 1616 1006 praecedentibus
1650 969 1762 1004 psalmis

141 1012 256 1036 tractata
276 1009 359 1036 sunt?

395 1055 592 1083 ΚΕΦΑΛΑΙΟΝ
612 1057 671 1090 ις’.

182 1099 250 1126 Ἀλλ’
265 1100 325 1126 οὐδὲ
341 1097 417 1132 οὗτος
433 1101 493 1136 ὅρος
516 1102 565 1136 τῆς
587 1104 627 1135 εἰς
643 1102 673 1129 τὸ
688 1103 754 1138 ὕψος
769 1103 925 1135 ἀναϐάσεως

140 1147 195 1177 τοῖς
217 1146 250 1172 δι’
268 1146 367 1181 ἀρετῆς
391 1147 574 1182 προκόπτουσι
595 1148 709 1182 γίνεται.
730 1149 759 1175 ὐ
780 1148 834 1184 γὰρ
857 1149 925 1183 μετὰ

1259 1060 1374 1097 CAPUT
1393 1060 1460 1089 XVI.

1011 1103 1111 1130 Verum
1136 1113 1223 1139 neque
1246 1107 1290 1133 hic
1319 1108 1453 1134 terminus
1474 1108 1646 1136 ascensionis
1671 1106 1760 1144 ﬁgitur

975 1148 1040 1181 illis,
1068 1150 1115 1184 qui
1132 1158 1180 1184 per
1192 1151 1320 1179 virtutem
1351 1152 1508 1187 proﬁciunt.
1530 1153 1601 1179 Nam
1622 1153 1758 1188 psalmus,

140 1190 233 1218 τοῦτον
248 1193 279 1226 τῇ
294 1193 438 1228 ἀκολουθίᾳ
451 1193 500 1228 τῆς
513 1193 626 1227 τάξεως,
642 1195 711 1230 ὑπὲρ
725 1196 818 1222 τοῦτον
832 1196 878 1222 καὶ
892 1197 924 1231 τῇ

980 1194 1021 1228 qui
1038 1195 1133 1222 ordine
1147 1197 1280 1231 sequitur,
1292 1197 1365 1225 hunc
1381 1205 1513 1233 superare
1531 1199 1641 1226 videtur
1651 1199 1757 1234 magni-

142 1236 310 1272 μεγαλοφυῒᾳ⁴
335 1237 385 1272 τῆς
409 1237 524 1272 θεωρίας
552 1238 718 1273 εὑρίσκεται.
746 1240 830 1266 Πάλιν
852 1241 881 1267 δὲ
908 1242 925 1276 ὴ

140 1281 280 1317 ἐπιγραφὴ
307 1282 533 1318 ἀνακηρύσσουσα
560 1283 605 1310 τὸν
639 1285 816 1321 στεφανίτην·
846 1286 925 1313 πάλιν

140 1327 183 1352 ἐπ’
199 1327 287 1354 αὐτῶν
302 1327 385 1362 στήλη
398 1327 427 1353 τὸ
445 1328 514 1363 ὑπὲρ
531 1328 673 1364 ἄνθρωπον
688 1328 756 1358 εἶναι
772 1332 821 1367 τὴν
835 1333 926 1359 τοιαύ-

140 1381 190 1408 την
205 1373 282 1408 νίκην
298 1373 474 1410 μαρτύρεται.
497 1384 505 1400 ι
524 1375 571 1407 Είς
587 1376 617 1402 τὺ
638 1377 714 1409 τέλος
731 1387 741 1404 ι
762 1378 828 1413 γὰρ,
847 1380 924 1413 φησὶ,

144 1428 154 1445 ι
179 1419 216 1454 μὴ
230 1419 398 1456 διαφθείρῃς.
418 1430 427 1446 ι
445 1421 559 1456 Εἴρηται
575 1422 714 1455 πολλάκις.
730 1424 770 1451 ὅτι
786 1425 847 1461 νίκη
869 1426 926 1452 ἐστὶ

979 1240 1073 1268 tudine
1091 1241 1248 1270 abditorum
1264 1251 1395 1271 sensuum
1414 1253 1420 1271 :
1438 1244 1484 1271 ubi
1500 1252 1598 1272 rursus
1615 1244 1760 1279 inscriptio

978 1286 1112 1314 victorem
1129 1295 1231 1315 corona
1253 1288 1413 1324 insignitum
1431 1289 1562 1324 prazdicat
1581 1298 1588 1316 :
1605 1297 1702 1317 rursus
1715 1297 1762 1317 co-

978 1331 1072 1359 lumna
1085 1336 1202 1360 testatur
1218 1341 1301 1369 supra
1312 1334 1459 1361 humanam
1484 1334 1642 1362 facultatem
1664 1335 1761 1370 hujus-

979 1377 1051 1404 modi
1064 1378 1206 1405 victoriam
1221 1386 1292 1408 esse.
1303 1379 1348 1406 Ait
1359 1381 1432 1407 enim
1450 1390 1457 1407 ι
1474 1390 1482 1406 ι
1503 1380 1533 1408 In
1549 1381 1640 1413 ﬁnem,
1656 1389 1690 1408 ne
1705 1382 1763 1409 dis-

980 1423 1139 1458 perdas'°.t
1160 1426 1237 1460 Saepe
1254 1426 1357 1453 dictum
1377 1430 1429 1459 est,
1447 1436 1455 1452 ι
1472 1427 1532 1456 ﬁnis
1549 1437 1558 1454 ι
1580 1427 1761 1462 signiﬁcatum

140 1465 188 1491 τοῦ
207 1465 301 1497 τέλους
321 1465 351 1492 τὸ
369 1465 576 1501 σημαινόμενον,
601 1469 647 1509 καὶ
670 1470 745 1496 οὐδὲν
769 1471 822 1506 χρὴ
847 1471 926 1498 πάλιν

980 1477 1040 1497 esse
1056 1470 1216 1504 victoriam;
1234 1479 1322 1506 neque
1335 1480 1406 1507 opus
1419 1477 1460 1501 est
1473 1473 1563 1501 denuo
1576 1474 1715 1509 explicare
1736 1474 1761 1500 id

142 1511 338 1546 ὲφερμηνεὺειν
353 1510 392 1546 τῷ
411 1511 481 1548 λόγῳ
500 1513 530 1540 τὸ
543 1514 722 1550 ἐγνωσμένον.
743 1516 778 1542 Τὸ
793 1517 832 1549 δὲ,
853 1527 862 1543 ε
881 1518 927 1553 Μὴ

142 1557 311 1594 διαφθείρῃς,
330 1568 339 1584 ›
386 1559 574 1595 φιλάνθρωπος
587 1560 656 1597 αὕτη
678 1562 762 1598 φωνὴ,
777 1563 824 1589 καὶ
838 1564 928 1590 πᾶσαν

144 1602 331 1638 μακροθυμίας
349 1603 500 1640 ὑπερϐολὴν
523 1605 669 1640 παριοῦσα,
691 1606 812 1642 μείζονος
837 1609 929 1635 ἐπιϐέ-

143 1647 227 1682 ϐηκεν
240 1648 267 1674 ἐν
282 1648 320 1684 τῷ
333 1649 405 1682 τόπῳ
421 1650 507 1685 τούτῳ
529 1651 577 1686 τῆς
599 1651 726 1684 διανοίας.
743 1654 791 1685 Τίς
806 1654 860 1690 γὰρ
879 1656 929 1682 οὐκ

143 1690 229 1724 οἶδεν,
261 1693 302 1720 ὅτι
335 1694 477 1731 πρόχειρος
508 1696 556 1730 μὲν
581 1697 620 1728 εἰς
646 1697 767 1726 εὐποιίαν
797 1700 856 1726 ἐστὶ
882 1701 930 1728 καὶ¹

143 1738 196 1765 τῶν
214 1739 395 1774 ἐπιτυχόντων
411 1741 523 1773 ἕκαστος
546 1742 591 1768 ἐπὶ
613 1743 667 1770 τῶν
681 1744 813 1780 μηδεμίαν
835 1754 929 1781 προεν-

143 1785 307 1820 δειξαμένων
327 1786 443 1813 κακίαν·
465 1787 594 1819 πολλάκις
618 1788 644 1815 δὲ
666 1790 712 1816 καὶ
737 1793 837 1826 μικρᾶς
857 1801 929 1825 τινος

144 1830 233 1866 λύπης
258 1833 526 1868 προσγεγενημένης,
555 1834 569 1860 ὁ
595 1835 644 1869 μὲν
670 1836 929 1873 μεγαλοψυχότερος,

144 1876 244 1911 ἤνεγκε
270 1876 318 1911 τὴν
345 1877 391 1903 ἐπὶ
418 1878 474 1909 τοῖς
500 1880 607 1914 μικροῖς
636 1880 741 1915 ἀηδίαν,
768 1883 814 1909 καὶ
840 1883 869 1909 ὲν
892 1884 931 1919 τῷ

145 1921 233 1956 καιρῷ
247 1922 296 1957 τῆς
309 1922 431 1954 εὐποιίας
444 1923 494 1950 οὐκ
509 1925 655 1961 ἀπετράπη
668 1926 746 1954 τοῦτο
759 1928 868 1964 ποιῆσαι
882 1939 928 1956 κα-

146 1966 210 1999 λῶς,
231 1967 275 1994 τὸν
291 1967 338 1994 ἐπὶ
354 1968 474 2004 μετρίοις
494 1969 666 2006 λυττήσαντο.⁸
689 1973 702 1999 ὸ
725 1973 754 2000 δὲ
778 1977 932 2012 μικροφυὴς

145 2012 194 2048 τὴν
207 2013 335 2046 διάνοιαν,
354 2013 407 2041 κᾶν
427 2014 512 2050 βραχύ
525 2024 552 2042 τι
570 2017 601 2043 τὸ
615 2018 763 2054 παροξύνον
777 2020 855 2056 τύχῃ,
877 2024 930 2049 πᾶ-

145 2066 195 2085 σαν
215 2058 362 2094 ἐπαφίησιν
374 2060 448 2095 αὐτῷ
470 2061 517 2096 τὴν
531 2062 680 2099 ἀμυντικὴν
696 2065 819 2101 δύναμιν,
835 2067 931 2103 καιροῦ

144 2112 217 2135 τινος
234 2105 274 2136 είς
289 2105 448 2132 κακοποιίαν
467 2106 623 2142 λαϐόμενος.
641 2109 744 2137 οὐκοῦν
760 2112 810 2138 οὐκ
829 2113 886 2139 ἴσον
901 2114 931 2140 τὸ

145 2149 248 2184 θαῦμα,
264 2149 315 2176 κᾶν
328 2151 420 2185 ὅμοιον
442 2151 471 2178 τὸ
484 2152 656 2189 εὐεργέτημα
670 2154 749 2192 τύχῃ,
771 2157 816 2183 ἐπί
833 2166 863 2184 τε
884 2159 931 2185 τοῦ

147 2195 238 2229 μηδὲν
254 2196 472 2230 προπεπονθότος
487 2198 581 2231 κακὸν,
603 2200 650 2226 καὶ
665 2201 711 2227 ἐπὶ
724 2201 770 2228 τοῦ
798 2203 931 2236 εὐποιίαις

145 2240 331 2276 ἀμειψαμένου
354 2242 399 2270 τὸν
419 2243 641 2279 προλυπήσαντα.
659 2245 759 2273 Τούτου
778 2248 868 2283 χάριν,
893 2250 931 2282 ὠς

146 2285 179 2312 ἂν
203 2287 319 2321 μάλιστα
343 2287 373 2314 τὸ
395 2289 566 2324 ἁπαράθετόν
592 2299 621 2317 τε
642 2292 689 2318 καὶ
713 2293 849 2328 ἀζήλωτον
871 2296 932 2322 ἐπι-

146 2331 263 2368 δειχθείη
284 2333 334 2368 τῆς
354 2334 401 2360 τοῦ
423 2335 505 2362 Aucta
523 2336 722 2372 μακροθυμίας,
750 2339 811 2374 ἥτις
834 2341 930 2377 αὐτὴν,

148 2378 246 2414 μικροῦ
270 2378 334 2411 δεῖν,
361 2382 483 2415 μιμεῖται
505 2382 554 2418 τῆς
578 2382 653 2414 θείας
671 2384 777 2417 φύσεως
795 2386 844 2418 τὴν
859 2388 932 2414 ἀπά-

149 2423 233 2457 θειαν,
251 2425 415 2460 παρατίθησι
426 2426 474 2461 τὴν
500 2428 620 2464 πονηρὰν
642 2429 750 2466 ἐκείνην
776 2431 822 2458 τοῦ
847 2433 932 2467 Σαοὺλ

150 2469 259 2504 μανίαν.
275 2471 390 2507 Εἴρηται
405 2473 469 2508 γὰρ,
490 2474 582 2508 φησὶν,
599 2475 638 2511 τῷ
661 2476 743 2503 Δαϐὶδ
759 2479 775 2513 ἡ
790 2479 836 2505 τοῦ
859 2490 868 2505 l
885 2481 929 2516 Μὴ

147 2515 305 2552 διαφθείρῃς
323 2527 332 2543 ι
352 2518 436 2554 φωνὴ,
453 2519 486 2554 ἣν
504 2521 537 2556 τῇ
560 2522 652 2558 μνήμῃ
668 2522 720 2549 τῶν
734 2515 932 2560 ἐπιγενομένων

148 2562 339 2598 ἐνστηλιτεύῃ,
362 2564 411 2599 οὺχ
437 2565 481 2591 ὅτε
502 2566 614 2600 φιλικῶς
633 2568 699 2603 πρὸς
724 2569 805 2596 αὑτὸν
825 2569 896 2606 εἶχεν
917 2573 931 2599 ὁ

147 2607 295 2643 τύραννος,
320 2609 376 2636 ἀλλ’
392 2610 442 2646 ήδη
466 2613 654 2648 γεγενημένων
678 2615 798 2649 ἐκείνων,
822 2617 867 2644 ὅτε
880 2619 932 2646 ὰπ-

148 2654 266 2680 ἐστειλεν
281 2655 367 2682 Σαοὺλ
380 2657 421 2688 εἰς
445 2657 490 2683 τὸν
505 2656 578 2685 οἷκον
603 2659 684 2686 αὑτοῦ
708 2661 754 2688 τοῦ
780 2662 931 2692 θανατῶσαι

148 2699 240 2727 αὐτόν.
252 2700 362 2733 Πάντως
375 2701 403 2728 δὲ
416 2702 466 2729 οὐκ
475 2702 597 2737 ἀγνοεῖς,
607 2706 621 2732 ὁ
635 2705 794 2744 φιλομαθὴς,
809 2710 839 2736 τὸ
849 2710 930 2747 μέρος

206 2789 310 2818 "’Psal.
332 2799 409 2826 cvm,
432 2793 474 2820 tl.
511 2794 529 2808 “
547 2792 632 2828 Πίος.
647 2802 702 2828 xix,
722 2796 764 2823 ll.

978 1516 1052 1551 quod
1074 1517 1130 1552 jam
1155 1518 1249 1553 liquet.
1276 1519 1346 1546 Illud
1372 1527 1456 1553 vero,
1477 1529 1487 1546 ι
1505 1519 1544 1548 Ne
1567 1520 1723 1555 disperdas,
1753 1532 1762 1548 ι

979 1562 1068 1590 amica
1084 1563 1129 1590 illa
1145 1564 1305 1599 ctjucunda
1322 1572 1375 1592 vox
1392 1570 1444 1597 est,
1472 1574 1580 1593 omnem
1600 1565 1764 1601 longanimi-

979 1611 1043 1637 tatis
1066 1614 1094 1637 et
1124 1611 1262 1645 patientiae
1288 1611 1481 1639 excellentiam
1510 1619 1697 1648 supergressa,
1719 1613 1764 1639 cui

981 1655 1068 1690 major
1083 1656 1209 1691 quaedam
1222 1662 1249 1684 et
1265 1658 1423 1691 praeclarior
1434 1658 1486 1685 hoc
1502 1659 1530 1686 in
1542 1659 1603 1686 loco
1614 1658 1762 1693 subjicitur

979 1702 1066 1729 notio.
1077 1702 1144 1735 Quis
1153 1703 1225 1729 enim
1240 1703 1516 1739 ignoratquemlibet,
1530 1704 1612 1730 etiam
1627 1711 1659 1731 ex
1670 1704 1763 1738 vulgo,

981 1755 1095 1782 pronum
1108 1755 1170 1775 esse
1181 1748 1215 1775 ad
1229 1748 1360 1777 beneﬁcia
1375 1749 1540 1777 conferenda
1552 1750 1616 1781 illis,
1632 1757 1647 1776 a
1663 1750 1765 1784 quibus

981 1794 1050 1821 nihil
1073 1795 1232 1823 uocumenti
1260 1796 1385 1830 accepit;
1413 1803 1484 1830 saepe
1513 1803 1578 1823 vero
1594 1795 1636 1822 vel
1663 1795 1764 1829 exigua

981 1839 1131 1868 oll'ensionc
1153 1844 1183 1880 et
1211 1841 1335 1869 molestia
1347 1841 1518 1876 interposita,
1542 1842 1566 1868 is
1585 1840 1694 1876 quidem
1714 1841 1762 1876 qui

981 1886 1073 1914 animo
1086 1887 1259 1914 constantior
1271 1890 1323 1920 est,
1338 1887 1477 1914 moderate
1493 1886 1546 1914 fert
1563 1887 1692 1921 exiguam
1711 1885 1765 1913 ali-

981 1940 1063 1967 quam
1082 1933 1247 1965 molestiam,
1262 1937 1289 1961 et
1298 1939 1423 1968 tempore
1441 1932 1630 1960 benefaciendi
1650 1931 1766 1960 minime

982 1978 1152 2010 intermittit,
1165 1986 1220 2013 quo
1236 1979 1327 2007 minus
1340 1979 1476 2014 benignus
1494 1979 1530 2006 sit
1545 1978 1572 2006 in
1586 1986 1660 2012 eum,
1683 1986 1698 2006 a
1710 1985 1767 2013 quo

982 2023 1108 2050 nonnihil
1121 2023 1252 2051 molestize
1267 2023 1374 2058 accepit
1394 2032 1400 2051 :
1417 2027 1445 2050 at
1461 2024 1509 2059 qui
1528 2024 1678 2052 animoest
1692 2023 1767 2058 abie-

982 2073 1026 2096 cto
1041 2072 1068 2096 et
1079 2069 1187 2103 humili,
1202 2070 1267 2097 licet
1281 2069 1430 2102 modicum,
1454 2070 1528 2105 quod
1547 2070 1647 2102 irritat,
1670 2069 1765 2101 fuerit,

983 2121 1079 2141 omnes
1092 2113 1177 2141 furori
1194 2115 1228 2141 ad
1244 2114 1429 2142 ulciscendum
1447 2115 1568 2142 habenas
1582 2115 1665 2146 laxat,
1676 2114 1767 2142 oblata

985 2159 1048 2186 mali
1063 2160 1228 2194 rependendi
1242 2160 1453 2195 opportunitate.
1462 2160 1598 2193 Quocirca
1610 2167 1664 2187 non
1676 2167 1753 2194 aequa
1762 2174 1768 2180 -

984 2204 1019 2231 lis
1034 2203 1191 2236 admiratio.
1213 2213 1302 2240 neque
1320 2213 1367 2240 per
1386 2205 1559 2233 benefactum
1581 2205 1767 2240 reputabitur,

984 2254 1110 2285 “espectu
1125 2251 1185 2286 ejus
1200 2252 1246 2286 qui
1261 2251 1329 2278 nihil
1341 2251 1440 2279 hostile
1449 2255 1528 2278 antea
1537 2259 1646 2286 passus,
1657 2255 1683 2279 et
1692 2258 1768 2278 com-

984 2297 1127 2331 paratione
1138 2297 1198 2332 ejus
1213 2297 1260 2332 qui
1277 2298 1347 2324 male
1361 2297 1395 2325 de
1413 2305 1444 2325 se
1465 2297 1593 2324 meritum
1616 2297 1769 2324 benefactis

984 2346 1152 2369 remnnerat.
1170 2341 1259 2377 Hujus
1282 2343 1380 2377 gratia,
1395 2347 1426 2370 ut
1454 2343 1574 2370 maxime
1597 2343 1769 2377 incompara-

983 2387 1064 2415 bilem
1079 2392 1106 2415 et
1125 2388 1317 2416 inimitabilem
1335 2388 1446 2416 Davidis
1463 2388 1627 2424 patientiam
1641 2392 1668 2416 et
1684 2388 1769 2415 animi

983 2433 1200 2462 moderationem
1212 2435 1349 2468 ostendat,
1379 2442 1440 2470 quae
1465 2442 1562 2470 parum
1587 2435 1675 2466 abest,
1701 2435 1769 2469 quin

984 2481 1074 2517 ipsum
1091 2481 1190 2509 divinze
1213 2486 1330 2514 naturae,
1356 2481 1446 2509 omnis
1468 2480 1606 2515 passionis
1631 2485 1769 2515 expertem

983 2532 1084 2556 statum
1106 2528 1244 2560 imitetur,
1259 2527 1294 2554 ob
1306 2527 1401 2554 oculos
1425 2527 1501 2561 ponit
1521 2526 1672 2561 improbam
1693 2525 1769 2552 illam

988 2575 1081 2602 Saulis
1105 2574 1270 2602 insaniant“
1289 2595 1295 2601 .
1314 2573 1389 2601 Dicta
1403 2576 1445 2601 est
1460 2572 1545 2606 enim,
1559 2571 1658 2606 inquit,
1683 2578 1698 2598 a
1715 2570 1769 2596 Da-

985 2619 1050 2647 vide
1074 2619 1118 2646 illa
1135 2623 1195 2647 ‘vox
1215 2629 1246 2646 ε(
1260 2618 1298 2646 Ne
1321 2618 1480 2653 disperdas;
1495 2627 1504 2644 ι
1527 2624 1607 2651 quam
1631 2615 1770 2643 memorize

985 2665 1156 2700 posteritatis
1172 2664 1330 2699 insculpsit,
1363 2671 1417 2690 non
1432 2662 1542 2698 quando
1565 2669 1626 2689 cum
1649 2661 1768 2690 benevo-

985 2711 1068 2739 lentia
1091 2710 1310 2746 proscqnebatur
1336 2714 1482 2745 tyrannus,
1506 2708 1552 2736 sed
1577 2706 1684 2734 sublata
1711 2705 1767 2740 jam
