1989 3070
244 93 297 121 599

842 86 845 89 ”
877 94 906 122 s.
928 93 1091 122 GllEGOllll
1109 92 1256 122 NYSSENI

1819 92 1872 120 600

242 149 319 178 omni
344 149 477 180 amicitia,
503 154 647 185 postquam
678 151 750 178 misit
779 151 844 179 Saul
865 151 892 179 in
918 151 1030 179 domum

1095 151 1130 188 ﬁ;
1154 152 1283 187 ἱστορίας,
1301 151 1330 178 τὸ
1343 151 1395 178 ὑπὸ
1411 151 1460 186 τῆς
1477 151 1632 187 ἐπιγραφῆς
1658 151 1870 187 σημαινόμενον·

243 196 315 229 ejus.
333 198 363 222 ut
379 195 590 223 interllceretur.
618 195 737 224 Omnino
755 201 848 224 autem
864 196 957 232 ignota
981 195 1029 223 tibi

245 248 299 268 non
315 244 370 273 est,
383 241 511 276 quisquis
535 241 658 271 discendi
684 243 803 278 cupidus
829 250 869 275 es,
894 250 960 278 pars
984 242 1030 269 illa

245 287 379 317 historia}.
394 295 454 322 qua:
469 287 504 315 ab
520 288 700 324 inscriptione
714 290 882 322 insinuatur,
894 288 1031 324 quomodo

247 337 392 369 postquam
419 334 485 361 Saul
513 342 528 361 a
546 335 618 362 malo
636 335 736 370 spiritu
767 340 904 370 arreptus,
931 333 1032 361 Davide

245 379 370 408 Psalterii
389 384 472 407 cantu
491 380 674 408 turbationem
703 389 737 408 ex
756 380 856 408 aﬂectu
872 381 919 407 illo
930 384 1030 412 ortam,

245 426 370 458 scdante,
387 426 508 454 lanceam
524 427 604 461 juxta
620 435 650 455 se
667 427 737 454 forte
753 426 883 462 positam,
900 427 928 453 in
947 426 1030 453 bene-

246 470 378 498 factorem
396 479 475 498 suum
495 471 619 505 vibraril,
637 472 741 500 directa
763 471 791 499 in
807 472 883 498 illum
905 470 1032 506 cuspide,

245 524 308 542 cum
322 517 366 544 ille
381 524 471 544 auiem
497 518 589 545 divina
609 526 660 553 ope
683 522 812 546 conatum
838 518 913 545 illum
933 517 1034 545 evitas-

247 562 445 596 sct,profund,e
474 563 500 591 in
528 571 636 591 murum
665 564 802 599 impactus
830 568 872 591 est
894 562 1034 590 mucronis

252 607 379 642 impetus,
391 608 438 635 illo
457 608 484 636 in
498 609 623 644 proprias
639 609 711 637 azdes
724 609 896 645 ditfugiente.
913 616 976 635 cum
993 616 1035 636 re-

249 652 291 686 gis
306 651 374 678 iram
389 657 584 687 sperassetpcr
593 653 784 688 paenitentiam
795 654 969 681 immutatum
985 653 1032 680 iri.

283 696 318 724 At
339 705 400 726 cum
414 698 480 726 Saul
495 700 615 735 undique
629 699 740 728 domum
760 699 870 728 Davidis
883 700 1036 728 circumde-

248 742 345 775 disset,
375 743 595 779 satellitibusque
623 748 651 772 et
679 745 823 772 lictoribus
847 745 947 773 caedem
975 744 1036 779 ejus

250 789 422 823 imperasset,
434 790 478 818 vix
497 799 545 826 per
563 790 708 819 fenestram
723 792 855 827 dejiciens
872 792 992 826 seipsum
1008 791 1035 818 in

249 835 403 870 subjectum
418 825 521 870 locum,
535 837 688 872 fallensque
706 825 870 871 custodiam.
883 825 1034 873 perieulum
1053 825 1073 854 θ

249 882 348 915 evasit,
374 881 491 917 indeque
515 883 655 918 digressus
674 883 754 911 modo
769 884 843 910 hunc
858 883 938 911 modo
960 882 1036 910 illmn

251 929 342 956 locum
363 929 483 964 petebat,
506 929 640 956 oberrans
655 936 711 964 prae
727 928 836 956 consilii
855 928 946 963 inopia
966 927 1037 954 inter

251 978 332 1002 notos
348 978 376 1002 et
388 973 549 1008 familiares,
573 974 738 1010 tandemque
760 974 949 1010 deprehensus
965 977 1008 1001 est
1022 980 1037 1000 a

251 1020 351 1053 Saule;
373 1027 435 1047 cum
457 1020 554 1048 collem
572 1024 630 1048 toto
649 1021 771 1049 exercitu
791 1019 1036 1051 circumvallasset,

251 1067 279 1094 in
296 1073 376 1102 quem
391 1074 452 1094 cum
470 1066 528 1094 suis
544 1066 629 1094 David
644 1074 674 1094 se
686 1069 837 1101 receperat,
853 1072 970 1100 eumque
983 1072 1035 1092 nox

250 1113 410 1140 dilationem
433 1113 466 1139 ad
486 1112 626 1139 interitum
645 1112 768 1141 dedisset
788 1111 943 1147 (distulerat
965 1112 1037 1140 enim

252 1158 320 1186 Saul
336 1165 430 1187 necem
445 1159 516 1193 ejus,
531 1166 613 1194 quem
626 1159 842 1194 persequebatur
854 1159 882 1185 in
899 1162 1037 1194 posterum

252 1203 349 1239 diem),
365 1204 520 1240 ingreditur
538 1205 689 1232 tentorium
706 1204 794 1232 hostis
809 1204 863 1237 sui,
879 1211 959 1239 quem
976 1210 1038 1230 cum

252 1255 353 1276 somno
375 1248 494 1284 sopitum
517 1249 544 1276 in
563 1249 634 1277 lecto
656 1249 775 1284 quodam
801 1248 1038 1284 deprehendisset,

255 1301 309 1321 non
323 1294 411 1321 solum
427 1294 563 1322 continuit
586 1294 726 1330 propriam
748 1301 871 1325 manum,
891 1301 1039 1329 properan-

254 1345 308 1368 tem
327 1339 464 1373 fortassis,
483 1344 513 1368 ut
535 1341 583 1368 ira:
610 1340 763 1376 indulgeret
783 1344 811 1368 et
823 1340 1039 1375 ,obsequeretur,

253 1386 302 1414 sed
317 1392 342 1415 et
355 1387 520 1422 armigerum
532 1386 647 1422 jamjam
674 1386 707 1414 ad
721 1386 914 1414 trucidandum
932 1386 1041 1414 Saulem

256 1433 431 1461 festinantem
452 1433 463 1469 (
477 1443 487 1458 ι
503 1432 659 1460 Percutiam
682 1441 756 1466 eum,
773 1442 783 1459 ι
810 1433 909 1468 inquit,
929 1442 937 1459 ι
954 1437 981 1460 et
997 1441 1043 1461 se-

254 1477 344 1506 cunda
356 1479 415 1506 vice
427 1486 496 1514 opus
511 1486 566 1506 non
580 1479 632 1506 erit
649 1488 658 1505 ι
674 1478 683 1514 )
698 1478 809 1506 abducit
821 1478 856 1506 ab
869 1478 916 1506 illo
928 1478 1041 1513 impetu.

256 1524 362 1559 adjecta
381 1524 482 1560 insigni
502 1524 548 1552 illa
563 1528 590 1552 et
604 1524 704 1559 ubique
720 1525 867 1552 decantata
877 1531 944 1552 voce
957 1534 964 1551 :
979 1533 988 1549 I
1003 1523 1043 1551 Ne

257 1569 400 1605 disperdas
415 1577 489 1603 eum,
509 1579 518 1596 ι
534 1571 582 1606 qui
607 1578 657 1598 nos
671 1570 830 1606 disperdere
843 1573 920 1597 tanto
943 1573 1044 1596 conatu

257 1618 380 1646 molitur.
396 1617 491 1652 Neque
506 1618 559 1645 hoc
583 1618 671 1646 solum
694 1618 745 1645 hac
767 1618 794 1644 in
812 1625 841 1645 re
864 1615 1045 1644 admiratione

257 1662 371 1699 (lignum
387 1667 440 1695 est,
456 1663 529 1698 quod
540 1663 623 1691 vitam
644 1663 775 1698 largiatur
788 1663 824 1694 ei,
840 1662 888 1697 qui
907 1662 975 1689 nihil
990 1668 1045 1688 non

258 1714 355 1736 contra
371 1709 454 1737 vitam
474 1709 562 1745 ipsius
576 1709 794 1741 machinabatur,
812 1709 860 1736 sed
873 1709 945 1744 quod
960 1707 1046 1735 David

259 1756 313 1790 jam
334 1760 435 1784 unctus
460 1757 487 1784 in
511 1764 614 1792 regem,
633 1761 661 1784 et
675 1756 760 1791 probe
776 1763 889 1791 gnarus,
911 1763 943 1784 se
967 1755 1047 1782 aliter

259 1803 402 1838 dignitatis
429 1803 512 1837 hujus
532 1808 685 1838 compotem
714 1802 772 1829 ﬁeri
800 1809 854 1829 non
881 1808 972 1837 posse,
993 1801 1047 1828 nisi

262 1848 328 1875 Saul
351 1856 366 1875 e
391 1847 481 1875 medio
503 1847 664 1880 tolleretur;
684 1846 771 1874 satius
793 1849 884 1884 tamen
905 1844 1046 1880 judicarit,

260 1893 394 1928 patientia
419 1897 447 1921 et
464 1893 591 1928 aequitate
615 1900 677 1920 cum
697 1892 809 1928 privata:
826 1891 887 1919 vitae
909 1891 1048 1919 laboribus

260 1939 426 1970 conﬂictari,
442 1946 523 1973 quam
548 1938 653 1973 expleta
675 1937 701 1964 in
724 1937 912 1965 adversarium
935 1936 987 1967 ira,
1006 1943 1049 1963 re-

263 1983 322 2018 gale
343 1983 441 2010 solium
462 1983 657 2011 conscendere.
683 1982 819 2015 Quocirca
842 1981 1049 2009 humanissima:

262 2029 301 2056 illi
329 2028 508 2055 commotioni
540 2028 663 2063 adjungit
691 2028 758 2056 illud
776 2037 782 2055 :
800 2036 810 2053 ι
829 2027 946 2061 Quando
975 2027 1050 2054 misit

265 2072 330 2100 Saul
351 2073 380 2100 in
402 2073 512 2100 domum
531 2072 625 2105 David,
640 2076 670 2100 ut
694 2073 860 2101 interﬁceret
874 2080 948 2106 eum,
969 2082 979 2099 ι
995 2080 1050 2100 non

262 2118 335 2146 enim
346 2123 413 2146 tunc
429 2119 481 2146 hoc
494 2118 598 2146 dictum
613 2123 665 2152 est,
679 2126 743 2146 cum
756 2118 813 2146 haec
828 2122 988 2150 evenerunt,
1001 2118 1049 2146 sed

1081 198 1139 229 πῶς
1156 197 1248 232 ἐπειδὴ
1268 197 1385 232 κατέστη
1399 197 1437 231 τῷ
1461 197 1547 224 Σαοὺλ
1569 198 1585 233 ἠ
1609 199 1641 225 ὲκ
1661 198 1708 225 τοῦ
1731 198 1871 233 δαιμονίου

1082 242 1236 278 πνεύματος
1251 243 1373 278 πτόησις,
1388 242 1435 268 τοῦ
1451 243 1529 277 ἁγίου
1547 243 1628 270 Δαίῆδ
1648 243 1692 270 διὰ
1706 243 1753 270 τοῦ
1767 243 1872 278 ψαλτη-

1083 289 1141 324 ρίου
1169 288 1217 324 τὴν
1241 289 1274 315 ὲκ
1296 287 1342 315 τοῦ
1367 287 1471 319 πάθους
1495 289 1618 324 ταραχὴν
1642 288 1870 319 κατευνάσαντος,

1083 334 1263 371 παρεστῶσαν
1278 333 1366 368 ἑαυτῷ
1378 333 1427 369 τὴν
1450 333 1549 368 λόγχην
1571 334 1659 370 εὑρὼν
1677 334 1691 359 ὁ
1718 333 1804 360 Σαοὺλ
1831 332 1871 368 τῷ

1083 381 1214 418 εὐεργέτῃ
1233 380 1329 408 ἑαυτοῦ
1343 381 1498 416 ἐπαφίησιν,
1516 379 1630 412 εὐθύνας
1649 380 1707 406 κατ’
1724 379 1805 406 αὑτοῦ
1823 379 1872 414 τὴν

1083 428 1203 462 αἰχμήν
1221 427 1268 453 τοῦ
1290 427 1318 453 δὲ
1345 426 1415 453 κατὰ
1437 426 1511 453 θείαν
1531 426 1688 462 συμμαχίαν
1720 427 1770 460 τῆς
1793 424 1872 460 βολῆς

1084 473 1179 500 ἑαυτὸν
1195 473 1425 508 ὑπεκστήσαντος,
1442 472 1480 508 τῷ
1495 472 1577 508 τοίχῳ
1595 472 1637 498 διὰ
1658 471 1756 506 βάθους
1779 471 1872 506 ὲμπὴ-

1086 527 1180 553 γνυται
1198 519 1214 554 ἡ
1233 519 1284 554 τῆς
1305 519 1406 554 αἰχμῆς
1421 518 1569 554 προσϐολή.
1592 517 1755 553 Ἐξέδραμεν
1775 517 1803 543 δὲ
1817 517 1873 543 τῶν

1086 564 1227 600 βασιλείων
1251 566 1280 591 ἐν
1303 564 1341 600 τῷ
1367 565 1423 600 ἰδίῳ
1448 564 1524 600 οτκῳ,
1553 563 1805 599 μεταϐληθήσεσθαι
1825 561 1872 590 τοῦ

1087 610 1217 646 βασιλέως
1233 610 1279 637 τὸν
1294 610 1378 646 θυμὸν
1394 610 1437 637 διὰ
1454 609 1597 646 μετανοίας
1616 608 1738 641 ὲλπίσας.

1122 701 1175 729 Τοῦ
1191 701 1220 729 δὲ
1235 701 1320 729 Σαοὺλ
1336 702 1501 737 δορυφόρους
1516 702 1545 728 ὲν
1571 701 1663 736 κύκλῳ
1685 701 1718 736 τῇ
1737 699 1812 735 οἰκίᾳ.
1825 698 1874 726 τοῦ

1087 748 1168 775 Δαϐὶδ
1193 748 1421 783 περιστήσαντος,
1444 748 1490 774 καὶ
1513 747 1619 782 δημίοις
1640 747 1685 774 τὸν
1708 746 1766 773 κατ’
1791 744 1875 772 αὑτοῦ

1088 794 1166 829 φόνον
1181 793 1378 829 ἐντειλάμενος,
1397 793 1471 829 μόλις
1487 793 1530 820 διὰ
1553 792 1658 828 θυρίδος
1670 791 1741 823 τινὸς
1754 790 1876 818 καταδα-

1089 839 1141 866 λὼν
1154 839 1249 866 ἑαυτὸν
1270 840 1311 871 εἰς
1323 839 1353 866 τὸ
1371 839 1503 874 ὕπαιθρον
1524 838 1656 865 διαλαθὼν
1674 838 1723 874 τὴν
1743 836 1875 873 φρουρὰν,

1090 885 1142 917 ἔξω
1158 885 1211 912 τῶν
1233 884 1361 911 κινδύνων
1375 885 1491 920 κατέστη
1502 893 1508 899 ·
1526 884 1573 911 καὶ
1591 883 1760 919 μεταναστὰς
1783 883 1877 908 ἄλλοτε

1090 930 1168 957 ἄλλον
1193 931 1327 966 ἐπήρχετο
1347 930 1439 963 τόπον,
1455 930 1507 956 ὑπὸ
1522 930 1677 966 ἀμηχανίας
1700 930 1757 960 τοῖς
1778 927 1878 962 ἠθάσιν

1091 975 1242 1010 ἀνθρώποις
1259 975 1490 1011 ὲπιπλανὼμενος.
1507 975 1562 1002 Καὶ
1577 975 1663 1006 οὕτως
1678 974 1706 1001 δὲ
1721 972 1877 1007 κατελήφθη

1091 1021 1143 1048 ὑπὸ
1156 1020 1202 1047 τοῦ
1216 1020 1301 1047 Σαοὺλ
1319 1021 1489 1056 πανστρατιᾷ
1511 1019 1700 1050 κυκλώσαντος
1715 1018 1761 1044 τὸν
1778 1016 1878 1052 γεώλο-

1092 1075 1152 1101 φον,
1169 1067 1197 1093 ὲν
1211 1063 1233 1100 ᾧ
1249 1065 1317 1101 μετὰ
1336 1065 1389 1092 τῶν
1404 1066 1467 1101 περὶ
1481 1065 1563 1092 αὐτὸν
1577 1065 1591 1090 ὁ
1603 1064 1684 1091 Δαΰὶδ
1700 1062 1879 1099 προσφεύγει,

1092 1113 1138 1139 καὶ
1161 1112 1257 1144 νυκτὸς
1273 1111 1406 1147 ἀναόολὴν
1422 1111 1492 1147 πρὸς
1506 1111 1551 1138 τὸν
1572 1110 1686 1137 θάνατον
1698 1108 1771 1144 αὺτῷ
1793 1116 1881 1143 παρα-

1093 1159 1227 1194 σχομένης
1241 1157 1400 1194 (ὑπερέθετο
1413 1157 1467 1193 γὰρ
1478 1158 1491 1184 ὸ
1501 1156 1588 1184 Σαοὺλ
1604 1156 1650 1183 ἐπὶ
1664 1156 1708 1182 τὸν
1720 1154 1817 1191 ὄρθρον
1831 1153 1881 1188 τὴν

1092 1205 1138 1231 τοῦ
1162 1203 1326 1240 διωκομένου
1349 1204 1466 1238 σφαγὴν)
1491 1202 1633 1238 ἐφίσταται
1662 1202 1695 1237 τῇ
1722 1201 1808 1236 σκηνῇ
1832 1198 1881 1226 τοῦ

1093 1250 1234 1285 πολεμίου,
1251 1250 1299 1276 καὶ
1318 1249 1478 1276 καταλαΰὼν
1496 1249 1541 1275 ὲπί
1555 1257 1627 1280 τινος
1642 1248 1722 1282 εὐνῆς
1735 1246 1882 1280 λελυμένον

1093 1295 1132 1331 τῷ
1149 1296 1234 1330 ὕπνῳ,
1250 1295 1280 1322 οὐ
1295 1294 1374 1330 μόνον
1385 1294 1434 1330 τὴν
1453 1294 1521 1322 ἰδίαν
1534 1294 1649 1328 ἐπέσχεν
1662 1294 1740 1328 χεῖρα
1752 1291 1882 1317 σπεύδου-

1095 1351 1144 1369 σαν
1166 1342 1229 1374 ίσως
1256 1341 1295 1376 τῷ
1317 1340 1396 1376 θυμῷ
1419 1339 1593 1376 χαρίσασθαι,
1609 1339 1676 1366 ἀλλὰ
1696 1338 1742 1365 καὶ
1760 1337 1805 1364 τῦν
1830 1337 1882 1362 ὐπ-

1095 1387 1229 1424 ασπιστὴν
1242 1388 1291 1424 ἤδη
1309 1387 1381 1414 κατὰ
1395 1387 1441 1414 τοῦ
1456 1387 1543 1414 Σαοὺλ
1558 1386 1625 1422 πρὸς
1636 1385 1685 1421 τὴν
1706 1384 1812 1419 σφαγὴν
1823 1383 1884 1409 ἐπι-

1096 1435 1220 1470 κύψαντα
1245 1434 1269 1470 (ε
1294 1434 1411 1467 Πατάξω
1427 1444 1436 1460 ι
1456 1434 1522 1470 γὰρ,
1545 1434 1637 1469 φησιν,
1661 1441 1670 1458 ι
1688 1431 1734 1458 καὶ
1748 1431 1779 1457 οὐ
1793 1430 1885 1456 δευτε-

1097 1481 1177 1516 primo
1200 1481 1225 1516 ι)
1245 1481 1347 1515 ἀπάγει
1368 1481 1418 1516 τῆς
1440 1480 1528 1516 ὁρμῆς
1551 1480 1583 1515 τῇ
1607 1477 1712 1514 μεγάλῃ
1730 1476 1816 1512 ταύτῃ
1838 1475 1886 1502 καὶ

1097 1527 1212 1561 ἀοιδίμῳ
1227 1527 1314 1562 φωνῇ,
1333 1535 1342 1552 ι
1363 1525 1411 1561 Μὴ
1431 1525 1600 1561 διαφθείρῃς,
1620 1534 1630 1550 ι
1647 1523 1742 1556 εἰπὼν,
1755 1523 1802 1549 τὸν
1817 1522 1886 1556 119’);

1096 1573 1145 1608 τὴν
1161 1572 1222 1599 καθ’
1235 1572 1313 1608 ἡμῶν
1333 1571 1481 1607 διαφθορὰν
1503 1570 1690 1606 ἐπειγόμενον.
1715 1569 1752 1595 Οὐ
1767 1567 1845 1594 τοῦτο
1857 1567 1886 1593 δὲ

1099 1618 1178 1653 μόνον
1207 1618 1281 1644 ἐστὶν
1301 1618 1330 1644 τὸ
1355 1617 1509 1652 θαυμαστὸν
1535 1617 1563 1643 ὲν
1589 1615 1628 1651 τῷ
1656 1615 1817 1650 πρᾲγματι,
1845 1613 1886 1639 ὅτι

1097 1663 1169 1698 ζωὴν
1188 1662 1328 1698 χαρίζεται
1348 1661 1386 1697 τῷ
1408 1662 1478 1689 κατὰ
1502 1661 1551 1697 τῆς
1575 1661 1647 1696 ζωῆς
1669 1659 1751 1686 αὑτοῦ
1778 1659 1888 1686 ἅπαντα

1098 1710 1258 1746 πράσσοντι.
1282 1709 1340 1736 ἀλλ’
1354 1710 1395 1736 ὅτι
1413 1708 1480 1745 πρὸς
1495 1708 1632 1744 βασιλείαν
1645 1706 1765 1743 χρισθεὶς
1778 1706 1792 1731 ὸ
1806 1704 1887 1731 Δαϐὶδ

1099 1756 1146 1783 καὶ
1157 1755 1245 1787 είδὼς,
1259 1755 1297 1791 μὴ
1312 1755 1368 1791 [ἂν]
1380 1754 1467 1786 ἄλλως
1479 1754 1622 1790 μετασχεῖν
1632 1752 1678 1780 τοῦ
1689 1752 1851 1787 ἀξιώματος,
1864 1749 1891 1775 εἰ

1100 1802 1138 1837 μὴ
1153 1802 1185 1828 ἐκ
1199 1801 1286 1828 ποδῶν
1301 1801 1406 1835 γένοιτο
1418 1801 1433 1826 ὁ
1447 1799 1533 1826 Σαούλ
1546 1808 1553 1814 ·
1577 1800 1700 1834 κρεῖττον
1715 1798 1823 1832 ἔκρινεν
1844 1794 1889 1821 διὰ

1098 1848 1149 1882 τῆς
1169 1846 1359 1883 μακροθυμίας
1375 1845 1540 1873 κακοπαθεῖν
1565 1846 1593 1871 ὲν
1617 1844 1736 1878 ἰδιωτικῇ
1761 1840 1888 1868 ταπεινό-

1099 1902 1171 1928 τητι,
1188 1892 1204 1928 ἢ
1217 1892 1302 1927 Θυμὸν
1318 1891 1389 1918 κατὰ
1402 1890 1448 1918 τοῦ
1468 1888 1649 1924 λελυπηκότος
1663 1887 1814 1922 ἐκπλήσας,
1829 1885 1890 1910 ἐπι-

1101 1939 1180 1973 εῆναι
1195 1938 1244 1973 τῆς
1269 1937 1417 1973 βασιλείας.
1442 1936 1491 1963 Διὰ
1514 1935 1594 1962 τοῦτο
1617 1931 1839 1969 συμπεριγράφει
1855 1931 1890 1973 τῇ

1101 1971 1149 2019 τῆς
1163 1971 1368 2017 φιλανθρωπίας
1378 1981 1463 2015 φωνῇ,
1479 1979 1520 2012 τὸ,
1531 1989 1539 2004 ι
1551 1979 1616 2004 Ὅτε
1630 1975 1788 2004 ἀπέστειλεν
1803 1971 1891 2019 Σαοίιλ

1101 2018 1141 2061 εἰς
1156 2029 1201 2055 τὸν
1217 2025 1290 2054 οἷκον
1309 2026 1400 2058 Δαὸὶδ,
1417 2025 1461 2052 τοῦ
1477 2023 1630 2051 θανατῶσαι
1647 2021 1738 2049 αὐτόν.
1753 2029 1763 2046 ι
1784 2019 1821 2046 Οὐ
1836 2018 1892 2053 γὰρ

1101 2076 1163 2102 τότε
1183 2073 1295 2110 ὲρρἐη,
1320 2074 1364 2099 ὅτε
1383 2071 1469 2099 ταῦτα
1497 2071 1614 2105 ἐγένετο,
1635 2067 1702 2096 ἀλλὰ
1726 2063 1892 2110 προφέρειᾷὁ

1102 2122 1180 2156 λόγος
1191 2121 1230 2152 εἰς
1245 2119 1294 2156 τὴν
1310 2119 1357 2146 τοῦ
1375 2119 1512 2154 θαύματος
1528 2117 1661 2147 ἐπίτασιν,
1684 2114 1725 2141 ὅτι
1747 2112 1833 2139 ταῦτα
1851 2107 1892 2137 εἷ-

263 2165 382 2199 additur,
403 2170 432 2193 ut
451 2169 558 2194 crescat
575 2165 731 2198 admiratio,
748 2165 821 2201 quod
837 2165 894 2192 haec
908 2164 1008 2192 dixerit
1025 2165 1043 2192 is

1106 2178 1166 2201 πεν,
1178 2169 1193 2194 ὸ
1209 2169 1299 2194 ἐκεῖνα
1316 2164 1419 2193 παθών.
1437 2163 1567 2200 Περιττὺν
1581 2162 1610 2188 δὲ
1629 2159 1706 2195 οἶμαι
1728 2158 1776 2186 νῦν
1788 2165 1893 2205 ,παρενῖ

263 2212 311 2247 qui
332 2212 397 2240 talia
412 2220 445 2240 ac
460 2217 534 2240 tanta
559 2220 657 2248 passus
677 2212 776 2240 fuerat.
794 2210 968 2246 Superlluum
986 2218 1050 2238 vero

264 2258 394 2292 arbitror,
415 2266 477 2286 cum
505 2258 538 2286 ad
561 2258 613 2285 alia
635 2257 772 2290 festinem,
804 2264 950 2292 exponere,
971 2256 1051 2292 quid—

264 2311 328 2331 nam
346 2305 392 2336 sit,
413 2303 484 2338 quod
506 2304 534 2330 in
554 2303 605 2330 hac
621 2303 736 2330 historia
757 2302 900 2337 quaeritur,
914 2302 1051 2337 quomodo

264 2358 328 2378 cum
343 2350 451 2378 dicatur
471 2349 536 2376 Saul
553 2349 726 2384 percussisse
740 2349 834 2376 lancea
853 2348 992 2381 Davidem,
1012 2348 1053 2375 hi-

265 2397 352 2424 storia
378 2395 462 2423 addat
489 2395 516 2422 in
540 2396 672 2430 parietem
701 2395 807 2423 hastam
838 2395 956 2422 delatam
977 2402 1050 2425 esse,

266 2442 394 2470 Davitlem
417 2446 509 2469 autem
533 2446 673 2470 servatum
690 2441 840 2477 :quodque
858 2441 884 2468 in
907 2441 977 2469 lecto
995 2441 1053 2475 ipse

264 2493 391 2524 repertus
418 2496 473 2516 non
497 2488 591 2520 fuerit,
607 2488 656 2516 sed
679 2488 740 2515 loco
763 2488 823 2522 ejus
844 2487 1007 2522 cenotaphia
1025 2490 1053 2514 et

266 2536 398 2572 imagines
414 2535 538 2571 quaedam
559 2534 730 2567 umbratiles,
753 2538 780 2560 et
798 2534 882 2568 hepar
895 2540 1052 2567 caprarum,

267 2590 343 2610 litore
368 2586 435 2609 tunc
462 2585 573 2617 recepto
597 2581 631 2608 ad
659 2580 833 2608 evertendam
857 2582 991 2609 mortem,
1024 2580 1054 2604 ut

265 2629 392 2656 infirmus
411 2636 425 2655 a
446 2628 517 2656 lecto
541 2628 717 2659 liberaretur,
740 2626 825 2654 vestis
849 2633 913 2653 \‘ero
937 2624 1054 2652 mortuis

266 2674 454 2710 superimponi
466 2674 547 2701 solita
557 2673 672 2709 grabato
682 2672 963 2706 superimponeretur,
971 2669 1054 2697 simul

268 2729 328 2748 cum
345 2721 441 2756 ltepate
463 2727 618 2754 caprarum.
645 2718 818 2746 Manifestum
835 2720 876 2744 est
902 2721 991 2743 autem
1006 2715 1052 2747 iis,

267 2767 314 2798 qui
332 2767 512 2794 studiosiores
531 2770 597 2797 sunt
612 2765 724 2796 laboris,
744 2767 827 2791 totam
849 2763 918 2790 hanc
935 2762 1053 2797 prophe-

271 2811 345 2847 tiam,
364 2813 507 2840 historiam
532 2819 594 2840 essc
617 2818 723 2843 eorum,
746 2817 805 2845 qua:
824 2808 938 2836 Domino
959 2811 1054 2836 nostro

1102 2216 1187 2242 θεῖναι
1211 2213 1250 2249 τῷ
1271 2213 1343 2248 λόγῳ
1358 2211 1426 2246 πρὸς
1445 2211 1528 2245 ἕτερα
1553 2207 1704 2237 σπεύδοντι,
1727 2205 1753 2231 τί
1771 2204 1800 2231 τδ
1815 2203 1891 2249 ὲνᾼτῇ

1102 2259 1209 2294 ἱστορία
1234 2247 1416 2293 ζητούμενον,
1440 2254 1499 2286 πῶς
1520 2253 1641 2284 εἰπόντος
1661 2250 1708 2277 τοῦ
1733 2249 1824 2283 λόγου,
1849 2247 1891 2274 ὅτι

1102 2293 1221 2338 ἐπάταξε
1239 2303 1324 2331 Σαοὺλ
1337 2302 1382 2329 τὸν
1401 2300 1482 2328 Δαϐὶδ
1502 2301 1535 2335 τῇ
1556 2299 1652 2334 λόγχῃ,
1673 2296 1771 2330 ἐπάγει
1790 2295 1807 2329 ἡ
1821 2293 1893 2319 ιστο-

1104 2353 1159 2389 ρία,
1180 2352 1222 2379 ὅτι
1238 2350 1310 2378 κατὰ
1331 2349 1422 2384 τοίχου
1445 2345 1510 2383 ἦλθε
1534 2345 1564 2372 τὸ
1585 2345 1661 2380 δόρυ,
1682 2343 1696 2369 ὁ
1712 2342 1741 2369 δὲ
1757 2340 1839 2389 dea?)
1853 2339 1892 2389 δι·
1917 2342 1925 2348 ·

1102 2384 1192 2432 εσώθη
1203 2406 1209 2412 ·
1228 2396 1277 2423 καὶ
1298 2396 1339 2422 ὃτι
1351 2394 1398 2420 ἐπὶ
1409 2393 1459 2428 τῆς
1470 2391 1564 2426 κλίνης
1581 2390 1628 2417 τοῦ
1641 2389 1722 2416 Δαῆἳδ
1742 2386 1823 2417 αὐτὸς
1836 2384 1892 2432 ,μεν

1102 2444 1151 2478 οὐχ
1169 2428 1339 2478 είιρισκεται,
1363 2438 1420 2466 ἀλλ’
1438 2438 1495 2465 ἀντ’
1517 2437 1620 2463 ἐκείνου
1638 2431 1851 2478 κενοτάφιαλκαι
1860 2428 1892 2466 ἦ-

1177 2474 1272 2521 αίγῶν,
1293 2485 1361 2519 ὅπερ
1382 2485 1437 2515 τοῖς
1458 2482 1518 2509 τότε
1541 2482 1581 2513 είς
1597 2474 1891 2523 ἀποτροπιασμδνῇθα-

1102 2521 1193 2565 νάτου,
1213 2532 1243 2558 ἑκ
1261 2539 1332 2562 τινος
1347 2528 1501 2565 συνηθείας,
1516 2527 1546 2554 τὸ
1557 2525 1678 2552 τοιοῦτον
1692 2523 1806 2557 ἐγίνετο,
1820 2521 1893 2548 ὥστε

1103 2579 1148 2606 τὸν
1169 2579 1309 2614 ἄρρωστον
1327 2575 1511 2610 ὑπεξάγεσθαι
1533 2573 1582 2609 μὲν
1603 2574 1652 2606 τῆς
1674 2569 1777 2605 κλίνης,
1791 2568 1839 2604 τὴν
1863 2567 1892 2594 δὲ

1102 2626 1159 2657 τοῖς
1169 2623 1326 2659 τεθνηκόσιν
1345 2620 1559 2656 ἐπιϐαλλομένην
1576 2617 1671 2653 στολὴν
1688 2615 1837 2642 ἐπιτιθέναι
1852 2614 1893 2649 τῷ

1103 2667 1316 2704 κραόὃᾶτ(ρ,καὶ
1336 2664 1413 2703 ἧπαρ
1434 2665 1529 2700 αἰγῶν,
1548 2663 1631 2699 Δῆλον
1648 2662 1702 2698 γὰρ
1723 2661 1755 2688 ἂν
1772 2660 1815 2695 εἴη
1835 2659 1892 2690 τοῖς

1104 2713 1348 2750 φιλοπονωτέροις,
1383 2713 1423 2739 ὅτι
1468 2709 1619 2748 προφητεία
1649 2706 1698 2744 τῆς
1736 2706 1806 2733 κατὰ
1822 2703 1892 2750 Ῠτὸν

1105 2749 1206 2796 Κύριον
1227 2759 1384 2794 οίκονομίας
1411 2759 1485 2785 ἐστιν
1507 2759 1523 2792 ἡ
1545 2755 1659 2792 ἱστορία.
1675 2754 1805 2788 Δαίμονες
1819 2749 1890 2786 ἦσαν

1105 2807 1133 2834 ὲν
1153 2806 1239 2834 Σαοὺλ
1254 2804 1292 2841 τῷ
1307 2804 1429 2840 τυράννῳ
1439 2813 1445 2820 ·
1469 2803 1578 2834 τούτους
1592 2800 1736 2829 ἀπελαύνει
1750 2799 1764 2825 ὁ
1783 2799 1820 2830 είς
1839 2796 1890 2832 βας
