1989 3070
137 116 184 146 601
838 119 870 147 IN
886 121 898 147 ἰ

952 120 1053 148 LMOS.
1705 125 1755 153 δίη

135 173 240 199 σιλείαν
252 173 384 208 χριοθεὶς,
397 174 435 209 τῷ
450 176 499 211 τῆς
510 176 625 212 κιθάρας
638 177 745 214 ὀργάνῳ
765 177 824 204 κατ’
833 177 898 204 αὺτιῖ

952 191 959 206 ι
973 183 1130 206 evenerunt.
1146 178 1254 207 Saulem
1272 183 1417 214 tyrannum
1431 180 1567 208 damones
1579 189 1753 217 occuparant,

133 218 285 254 ἐνεργήσας
303 219 352 255 τήν
373 221 502 256 πτόησιν·
514 223 529 248 6
544 223 572 249 δὲ
592 223 772 258 καταληφθεὶς
792 223 844 250 ὑπὸ
865 224 898 249 τᾶ

971 224 1021 251 hos
1039 223 1163 259 proﬁigat
1191 229 1290 253 unctus
1314 225 1340 252 in
1368 234 1493 260 regnum,
1509 227 1693 256 instrumento
1715 230 1753 256 ci.

134 265 270 290 συνόντων
282 265 356 300 αὑτῷ
369 266 516 302 δαιμόνων,
533 268 663 295 πατάσσει
680 270 712 304 τῇ
724 269 807 305 λόγχῃ
819 269 864 295 τὸν
877 269 898 295 δι

970 269 1055 296 tharze
1069 270 1180 297 incussa
1199 270 1253 298 illis
1271 270 1434 305 formidine;
1451 277 1479 299 at
1497 273 1543 300 ille
1557 281 1571 300 a
1585 274 1753 303 daemonibus

132 309 182 344 τῆς
199 309 315 345 κιθάρας
328 310 377 346 τὴν
393 312 464 338 κατὰ
484 313 539 338 τῶν
558 313 693 348 δαιμόνων
710 314 785 348 ίσχὺν
800 314 919 346 ἐνδειξά-

134 361 224 389 μενον,
235 355 291 381 ὰλλ”
302 356 316 381 6
323 357 411 390 τοῖχος
417 357 524 392 δέχεται
532 358 592 385 ἀντὶ
600 359 646 385 τοῦ
654 359 736 385 Δαῦὶδ
743 359 791 394 τὴν
800 359 916 396 πληγήν-

130 401 144 426 ό
163 399 192 426 δὲ
218 400 390 433 διασώζεται.

163 491 242 518 Μετὰ
258 490 343 518 ταῦτα
365 493 380 518 6
411 493 612 526 ἐπιὸουλευθεὶς
648 495 724 530 παρὰ
754 496 802 522 τοῦ
830 497 916 523 Σαοὺλ

127 537 250 572 ζητεῖται
285 538 331 564 ἐπὶ
364 539 414 572 τῆς
444 539 553 575 κλίνης,
587 540 634 567 καὶ
665 542 679 567 6
710 541 759 576 μὲν
793 542 841 578 οὐχ
872 543 916 569 εὑ-

127 583 270 618 ρίσκεται·
313 585 459 619 κενοτάφια
488 585 517 611 δὲ
554 585 612 612 ἀντ’
651 587 755 613 ἐκείνου
781 588 798 622 ἡ
837 588 913 624 κλίνη

126 627 200 664 ἔχει,
221 629 268 656 κα)⁵
289 627 365 666 ἧπαρ
388 631 484 665 αἰγῶν.
509 631 614 667 Φανερὰ
631 632 660 658 δὲ
681 632 789 664 πάντως
806 633 878 660 ἐστὶν
896 635 912 669 ἡ

124 675 229 702 διάνοια
240 676 418 710 αἰνιγμάτων,
433 677 479 703 καὶ
490 677 539 712 τῆς
553 677 673 713 ἱστορίας
689 678 833 706 ἀκολουθία
845 680 912 715 πρὸς

123 721 150 748 τί
168 721 270 756 βλέπει.
294 722 355 748 ’Ὀτι
375 722 423 757 μὲν
446 722 490 749 διὰ
507 723 552 749 τοῦ
575 723 657 750 Δαὸὶδ
677 724 691 750 ὁ
711 724 743 751 ὲκ
767 724 814 751 τοῦ
830 726 912 752 Δασιδ

123 767 309 802 προμηνύεται
319 787 328 801 ,
339 769 385 795 τὸν
397 768 425 795 δὲ
437 769 553 803 Χριστὸν
563 770 577 796 6
587 770 707 805 χρισθεὶς
717 771 892 806 διασημαίνει
901 779 909 788 ·

123 813 170 839 καὶ
188 813 230 839 ὅτι
254 814 271 849 ή
286 813 402 849 κιθάρα,
419 814 449 840 τὸ
464 814 631 850 ἀνθρώπινόν
645 815 718 842 ἐστιν
733 815 847 851 όργανον
861 824 867 831 ·
891 817 907 851 ἡ

120 858 150 885 δὲ
165 860 197 885 ὲκ
214 859 316 895 ταύτης
336 859 402 896 ᾠδὴ,
420 861 434 887 6
453 861 496 887 διὰ
514 860 560 887 τοῦ
580 861 766 897 σαρκωθέντος
783 870 908 898 φανερω-

122 905 179 936 est;
203 906 270 940 ἡμῖν
292 905 384 940 λόγος,
410 904 439 933 οὗ
463 906 542 942 ἔργον
561 907 634 933 ἐστὶν
656 907 786 941 ἀφανίσαι
805 908 854 943 τὴν
876 910 908 935 ὲκ

120 952 256 987 δαιμόνων
271 953 449 989 παραφορὰν,
473 953 517 980 ἵνα
537 953 635 988 μηκέτι
655 950 722 980 ὦσιν
739 954 762 980 οι
784 953 840 980 θεοὶ
854 953 908 980 τῶν

120 998 205 1024 ἐθνῶν
230 999 264 1026 τὰ
282 999 416 1034 δαιμόνια.
449 999 518 1025 Ἀλλ’
537 999 551 1025 6
570 999 695 1034 βασιλεὺς
719 1000 821 1030 ἐκεῖνος
839 999 854 1025 6
878 1000 907 1026 ὲν

120 1044 208 1080 ἐαυτῷ
227 1044 290 1076 τοὺς
316 1044 444 1080 δαίμονας
470 1045 549 1080 ἔχων,
574 1045 612 1072 ὅτ’
634 1044 666 1071 ἂν
690 1045 854 1080 ὑποχωρήσῃ
873 1044 907 1071 τὰ

119 1089 263 1125 πνεύματα
394 1111 401 1123 ,
419 1091 497 1117 τοῦτο
513 1091 627 1126 ὄργανον
653 1090 698 1116 ἐπὶ
717 1090 804 1125 τούτῳ
820 1091 907 1125 άρμο-

119 1135 235 1170 σάμενον
253 1136 386 1162 πατάσσει
400 1135 439 1171 τῷ
454 1136 546 1172 δόρατι
561 1136 602 1171 (τὸ
614 1136 641 1162 δὲ
655 1135 719 1171 δόρυ
729 1155 736 1167 ,
749 1135 827 1167 ξύλον
844 1135 903 1162 ἐστὶ

119 1180 220 1216 σιδήρῳ
234 1180 480 1216 καθωπλισμένον),
495 1181 563 1208 ἀλλὰ
577 1181 684 1216 δέχεται
699 1180 757 1207 ἀντ’
771 1180 874 1206 ἐκείνου
890 1181 905 1206 6

116 1226 204 1260 τοῖχος
222 1225 253 1252 τὸ
271 1225 344 1261 δόρυ.
361 1227 454 1261 Τοίχον
468 1227 496 1253 δὲ
516 1227 639 1261 νοοῦμεν,
654 1226 703 1261 τὴν
718 1226 815 1261 γηῖνην
831 1226 903 1252 οίκο-

116 1271 211 1306 δομὴν,
228 1271 260 1298 δι’
279 1269 313 1307 ἦς
332 1271 362 1298 τὸ
379 1272 459 1306 σῶμα
481 1271 738 1306 καταμανθάνομεν,
759 1270 822 1304 περὶ
838 1270 852 1296 ὂ
872 1269 904 1296 τὸ

116 1316 194 1349 ξύλον
210 1316 343 1352 βλέπομεν
359 1316 407 1343 τοῦ
428 1316 545 1352 σταυροῦ
560 1317 606 1344 κει)⁶
625 1317 671 1343 τὸν
691 1317 809 1352 σίδηρον.
830 1316 858 1342 '0
874 1316 902 1342 δὲ

115 1362 197 1388 Δαῆὶδ
221 1363 324 1394 ἐκεῖνος
340 1362 354 1388 6
378 1363 487 1398 χριστός
506 1371 535 1388 τε
556 1363 604 1389 καὶ
625 1362 768 1397 βασιλεὺς,
784 1361 836 1394 ἔξω
853 1362 900 1389 τοῦ

114 1407 217 1438 πάθους
232 1407 315 1433 ἐστίν.
347 1407 379 1433 Ἠ
393 1406 447 1442 γὰρ
470 1406 564 1443 θεότης
580 1408 608 1433 ὲν
622 1407 661 1442 τῷ
675 1407 783 1443 σταυρῷ
803 1416 833 1433 τε
854 1407 901 1434 καὶ

113 1455 168 1484 τοῖς
186 1453 260 1488 ἥλοις
273 1453 303 1480 οὑ
319 1452 432 1487 γίνεται.
452 1453 557 1488 Μελχὸλ
575 1453 603 1479 δὲ
617 1452 791 1486 ἀκούσαντες,
804 1453 853 1489 τὴν
867 1455 899 1481 ἐκ

111 1498 158 1524 τοῦ
174 1497 261 1524 Σαοὺλ
279 1498 435 1542 γινομένην,
482 1498 564 1524 Δαϐὶδ
580 1498 769 1534 ἐκοινώνησεν,
784 1499 814 1525 οὺ
829 1498 898 1531 ξενι-
912 1515 932 1542 c

111 1543 232 1579 ζώμεθα,
250 1543 318 1579 πρὸς
330 1543 360 1570 τὸ
370 1534 516 1570 ἀκόλουθον
533 1543 689 1579 βλέποντες.
708 1544 824 1579 Οῐδαμεν
843 1544 897 1580 γὰρ

109 1589 150 1616 ὅτι
169 1589 183 1614 6
198 1588 264 1620 Θεὸς
283 1589 396 1616 θάνατον
413 1589 461 1616 οὐκ
476 1589 614 1625 ἐποίησεν,
638 1589 706 1617 ἀλλὰ
729 1590 818 1626 πατὴρ
837 1591 895 1624 ἐγέ-

109 1644 170 1662 νετο
184 1636 232 1662 τοῦ
249 1635 364 1662 θανάτου
388 1636 402 1662 6
420 1636 468 1671 τῆς
483 1636 582 1668 κακίας
601 1635 736 1671 βασιλεὺς,
763 1637 777 1663 6
801 1637 896 1663 ἑαυτὸν

108 1681 158 1716 τῆς
172 1681 244 1716 ζωῆς
259 1683 401 1717 στερήσας.
424 1682 515 1718 Φθόνῳ
528 1682 583 1718 γὰρ
605 1682 727 1709 διαϐόλου
752 1683 766 1708 ὁ
780 1681 894 1715 θάνατος

107 1727 248 1762 εἰσῆλθεν·
269 1727 426 1754 ἐϐασίλευσε
446 1728 474 1754 δὲ
497 1729 510 1754 6
531 1727 645 1760 θάνατος
667 1729 720 1755 άπὸ
743 1729 828 1764 Ἀδὰμ
847 1730 893 1756 καὶ

106 1774 157 1806 ἕως
173 1773 219 1800 τοῦ
242 1774 335 1809 νόμου.
353 1774 390 1801 Οὐ
415 1774 538 1809 βούλεται
562 1774 658 1809 μηκέτι
686 1773 838 1809 βασιλεύειν
864 1776 892 1801 ὲν

105 1821 172 1855 ἡμῖν
192 1821 206 1846 6
234 1820 395 1852 ’Λπόστολος
422 1820 451 1847 ὲν
475 1819 513 1855 τῷ
542 1819 631 1854 θνητῷ
658 1820 737 1855 ἡμῶν
772 1820 886 1855 σώματι.

112 1866 140 1893 '0
156 1864 202 1893 οὖν
218 1866 294 1901 ὑπὲρ
307 1866 408 1897 παντὸς
424 1866 470 1892 τοῦ
488 1866 603 1892 θανάτου
618 1866 798 1901 γευσάμενος,
814 1867 843 1893 ὲν
854 1867 892 1902 τῷ

104 1912 172 1946 οἴκῳ
192 1911 241 1946 τῆς
266 1911 318 1937 ὑπὸ
335 1910 386 1941 ,τοῦ
404 1910 545 1945 νοηθέντος
573 1911 640 1946 ἡμῖν
667 1911 753 1937 Σαοὺλ
769 1911 890 1945 γίνεται,

104 1956 191 1991 δνομα
217 1956 245 1982 δὲ
266 1957 333 1991 αὐτῇ
361 1955 476 1991 Μελχὸλ.
500 1955 553 1982 Τοῦ
579 1955 607 1982 δὲ
632 1956 765 1991 ὀνόματος
795 1956 890 1983 τούτου

103 2004 134 2029 το
150 2003 347 2038 σημαινόμενον
365 2003 501 2038 βασιλείας
520 2003 603 2035 ἐστὶν,
621 2003 665 2030 διὰ
678 2003 708 2029 τὸ
727 2003 806 2039 μέχρι
829 2003 890 2030 τότε

104 2048 259 2082 βασιλεύειν
278 2049 328 2083 τὴν
346 2048 482 2084 ἁμαρτίαν
505 2049 556 2084 τῆς
571 2048 688 2083 φύσεως.
711 2049 842 2076 Ἐνταῦθα
862 2050 890 2077 δὲ

102 2093 260 2128 γενόμενος,
273 2093 354 2124 αὐτὸς
371 2093 419 2128 μὲν
434 2092 477 2119 διὰ
497 2093 602 2128 θυρίδος
616 2092 765 2127 ἐξέρχεται.
783 2093 890 2128 Σημαί-

103 2148 144 2166 νει
162 2139 191 2166 δὲ
205 2141 221 2175 ἡ
237 2139 315 2175 θυρὶς
326 2160 333 2171 ,
354 2139 403 2175 τὴν
420 2139 466 2165 ἐπὶ
479 2138 508 2165 τὸ
524 2139 583 2173 φῶς
607 2139 687 2165 πάλιν
701 2139 829 2166 ἐπάνοδον
842 2139 888 2165 τοῦ

969 314 1020 341 sibi
1047 315 1229 343 familiaribus
1250 317 1397 350 distentus,
1417 318 1510 345 lancea
1531 320 1648 353 percutit
1664 321 1752 354 illum,

968 359 1014 393 qui
1028 360 1081 386 vim
1105 368 1182 387 suam
1200 365 1294 387 contra
1314 360 1452 389 daemones
1468 370 1515 396 per
1532 364 1662 390 citharam
1678 372 1746 398 pale

968 405 1101 440 faciebat;
1120 408 1166 434 sed
1181 416 1288 440 murus,
1306 409 1366 436 loco
1385 409 1507 442 Davidis,
1529 410 1613 438 ictum
1635 414 1750 448 recipit;

966 450 1011 479 ille
1025 452 1168 480 incolumis
1183 453 1282 482 evadit.

1002 495 1126 524 Posthac
1149 497 1264 525 insidias
1288 506 1303 525 a
1329 498 1411 527 Saule
1431 507 1540 534 passus,
1566 502 1697 536 quatritur
1721 503 1750 530 in

966 540 1036 568 lecto
1057 551 1063 568 :
1083 545 1110 568 at
1127 550 1182 569 non
1201 544 1353 578 reperitur;
1370 545 1518 572 simulacra
1542 554 1608 574 vero
1625 549 1748 582 quadam

964 587 1023 615 vice
1041 588 1115 616 ἱΙΙὶιιε
1146 589 1235 616 lectus
1262 590 1394 622 continuet,
1422 595 1449 618 et
1480 592 1564 626 hepar
1591 601 1748 628 caprarum.
1795 595 1797 598 ’

963 632 1109 668 Perspicue
1130 638 1219 662 autem
1241 635 1335 670 liquet.
1351 644 1482 671 quorsum
1504 637 1600 665 horum
1618 639 1749 674 amigma-

963 680 1020 704 tum
1039 677 1229 712 intelligentia,
1252 684 1278 706 et
1294 680 1379 714 totius
1395 681 1514 709 historia
1532 683 1618 710 series
1641 684 1744 715 tendat,

962 722 1085 750 videlicet
1109 731 1157 758 per
1182 723 1306 752 Davident
1331 725 1502 760 signiﬁcatur
1521 727 1544 755 is
1571 728 1618 763 qui
1642 733 1685 756 est
1711 738 1744 757 ex

960 767 1073 802 Davide,
1091 773 1118 796 et
1141 769 1292 803 Christum,
1315 770 1368 798 hoc
1388 776 1441 804 est,
1457 776 1569 800 unctum
1590 774 1745 809 praeﬁgurat

963 817 1081 847 unctus;
1119 819 1146 842 at
1171 816 1304 843 citharam
1336 823 1397 844 esse
1426 816 1572 845 humanam
1601 824 1743 854 naturam,

961 860 1034 887 velut
1050 860 1262 888 instrumentum
1275 862 1422 896 quoddam.
1438 863 1526 897 Hujus
1540 869 1689 892 concentus
1702 871 1744 893 est

959 905 1083 932 doctrina
1098 914 1146 941 per
1161 914 1234 940 eum,
1250 907 1295 942 qui
1310 908 1469 935 incarnatus
1488 909 1638 941 est,'nobis
1655 911 1742 937 mani-

959 950 1069 984 festata;
1086 951 1167 986 cujus
1184 952 1258 984 linis,
1273 953 1382 981 abolere
1399 961 1519 987 omnem,
1537 963 1598 990 quae
1613 956 1742 983 adsento-

958 996 1039 1023 nibus
1055 997 1209 1024 concitatur
1222 998 1411 1033 agitationem,
1429 1007 1462 1027 ne
1487 1001 1605 1035 amplius
1619 1001 1656 1028 dii
1676 1008 1749 1036 gen-.

958 1041 1024 1067 tium
1046 1042 1100 1068 sint
1116 1041 1271 1076 daemonia;
1289 1044 1336 1070 sed
1354 1052 1401 1071 rex
1413 1045 1469 1077 ille,
1485 1046 1530 1080 qui
1547 1053 1561 1072 a
1573 1045 1741 1075 daemonibus

957 1091 1081 1121 arreptus
1099 1091 1152 1119 est,
1175 1096 1235 1115 cum
1262 1089 1376 1123 spiritus
1392 1090 1430 1116 illi
1456 1092 1602 1118 concentui
1629 1092 1739 1124 cedunt,

956 1139 1087 1166 organum
1103 1133 1155 1160 hoc
1167 1133 1292 1168 fugandis
1307 1135 1476 1163 daemonibus
1492 1137 1738 1169 accommodatum,

955 1178 1072 1211 percutit
1080 1178 1171 1205 lancea
1183 1188 1190 1212 ;
1206 1179 1300 1206 lancea
1312 1184 1401 1207 autem
1413 1180 1515 1215 lignum
1523 1185 1564 1208 est
1575 1181 1646 1208 ferro
1653 1189 1740 1208 arma-

956 1226 1024 1257 tum,
1034 1223 1081 1251 sed
1094 1224 1195 1259 excipit
1210 1224 1283 1252 illius
1295 1225 1355 1252 loco
1368 1233 1463 1252 murus
1472 1225 1608 1258 lanceam;
1622 1233 1670 1260 per
1679 1234 1739 1254 mu-

955 1275 1015 1294 rum
1024 1268 1339 1303 intelligimusterrenam
1348 1269 1565 1302 aediﬁcationem,
1574 1277 1627 1305 qua
1636 1277 1737 1305 corpus

954 1314 1032 1342 nobis
1052 1316 1185 1347 innuitur,
1206 1316 1280 1342 circa
1297 1316 1369 1350 quod
1387 1317 1510 1344 videmus
1524 1316 1626 1351 lignum
1645 1318 1736 1345 crucis

952 1366 979 1389 et
997 1361 1110 1389 ferrum.
1130 1362 1163 1389 At
1177 1361 1262 1390 David
1285 1363 1331 1390 ille
1350 1371 1364 1390 a
1382 1362 1497 1390 Domino
1515 1367 1612 1391 unctus
1631 1367 1657 1390 et
1676 1372 1734 1397 rex,

952 1413 967 1433 a
991 1407 1118 1441 passione
1141 1407 1221 1442 longe
1245 1408 1333 1440 abest,
1356 1407 1485 1435 divinitas
1500 1407 1573 1434 enim
1602 1414 1685 1434 cruce
1708 1411 1736 1434 et

951 1452 1038 1480 clavis
1057 1460 1113 1480 non
1130 1453 1258 1488 aﬁigitnr.
1274 1452 1360 1480 Porro
1375 1460 1436 1480 cum
1455 1453 1583 1480 audimus
1599 1452 1712 1480 Melclwl
1726 1462 1732 1480 :

951 1506 1011 1533 quae.
1023 1507 1055 1526 ex
1072 1498 1154 1526 Saule
1167 1498 1308 1533 progenita
1328 1502 1398 1530 erat,
1413 1506 1494 1533 quam
1512 1498 1595 1525 David
1611 1498 1735 1532 despon-

949 1553 1007 1573 sam
1023 1545 1159 1578 habebat;
1181 1553 1216 1572 ne
1228 1545 1374 1572 turbentur
1384 1549 1410 1572 et
1427 1545 1624 1576 abalienemur,
1639 1545 1685 1572 sed
1706 1543 1731 1570 id

947 1591 1019 1626 quod
1047 1591 1171 1626 sequitur
1200 1591 1401 1626 respiciamus:
1419 1591 1522 1618 scinms
1543 1590 1615 1617 enim
1637 1597 1653 1616 a
1679 1589 1734 1616 Deo

947 1641 1060 1664 mortem
1078 1644 1133 1664 non
1148 1644 1210 1664 esse
1227 1636 1337 1667 factam,
1352 1636 1400 1663 sed
1419 1636 1516 1663 mortis
1531 1643 1630 1670 parens
1646 1635 1734 1662 exsti-

946 1683 978 1708 tit
1006 1690 1052 1710 rex
1066 1682 1112 1709 ille
1129 1682 1249 1714 malitiae,
1268 1682 1315 1717 qui
1331 1682 1451 1716 seipsum
1471 1681 1524 1708 vita
1540 1681 1673 1716 privavit;
1691 1681 1734 1707 in-

944 1728 1018 1755 vidia
1037 1728 1108 1755 enim
1129 1727 1232 1755 diaboli
1253 1735 1326 1755 mors
1344 1727 1457 1754 intravit
1474 1736 1480 1753 ε
1497 1727 1622 1761 regnavit
1642 1731 1732 1753 autem

945 1782 1019 1801 mors
1036 1774 1070 1800 ab
1080 1773 1165 1801 Adam
1178 1780 1268 1808 usque
1281 1773 1315 1800 ad
1331 1773 1417 1808 legem
1428 1773 1461 1805 “,
1477 1780 1559 1806 quam
1573 1771 1692 1806 amplius
1705 1772 1732 1798 in

943 1819 1052 1846 mortali
1071 1823 1167 1846 nostro
1182 1820 1297 1852 corpore
1320 1824 1437 1851 regnare
1461 1824 1516 1843 non
1537 1815 1595 1842 vult
1612 1815 1732 1850 Aposto-

943 1865 985 1893 lus
998 1865 1029 1891 “.
1045 1863 1070 1891 Is
1085 1864 1176 1899 igitur,
1192 1863 1238 1898 qui
1256 1870 1305 1897 pro
1320 1863 1449 1890 omnibus
1465 1865 1580 1889 mortem
1596 1862 1730 1904 gustavit,

941 1915 1065 1938 versatur
1086 1910 1113 1937 in
1137 1909 1219 1936 domo
1238 1909 1309 1944 ejus,
1330 1916 1411 1944 quam
1436 1908 1459 1936 is
1478 1908 1525 1942 qui
1557 1916 1604 1943 per
1621 1907 1730 1934 Saulem

942 1956 1054 1990 mystice
1077 1956 1247 1991 signiﬁcatur
1265 1955 1420 1990 progenuit,
1443 1954 1523 1989 cujus
1548 1962 1646 1982 nomen
1664 1953 1730 1981 Mel—

941 2000 1013 2032 cliol,
1034 2001 1086 2028 hoc
1105 2005 1158 2032 est,
1186 2008 1310 2036 regnum,
1331 2000 1404 2035 quod
1429 2007 1461 2027 eo
1486 2007 1573 2034 usque
1589 2003 1728 2034 peccatum

941 2051 1046 2074 naturae
1062 2047 1215 2081 imperarit.
1233 2046 1283 2073 Hic
1298 2046 1380 2082 igitur
1396 2047 1572 2077 constitutus,
1594 2046 1651 2081 ipse
1666 2046 1729 2080 qui-

941 2091 1002 2118 dem
1021 2099 1068 2126 per
1091 2092 1238 2119 fenestram
1258 2093 1323 2119 exit.
1341 2091 1484 2127 Signiﬁcat
1499 2095 1590 2119 autem
1607 2091 1727 2118 fenestra

942 2138 1058 2164 reditum
1075 2137 1102 2164 in
1120 2138 1207 2165 lucem
1222 2137 1293 2171 ejus,
1314 2138 1361 2172 qui
1389 2137 1509 2172 seipsum
1527 2137 1684 2164 sedentibus
1700 2138 1727 2164 in

103 2186 198 2212 ἑαυτὸν
215 2188 269 2219 τοῖς
286 2187 315 2213 ὲν
330 2187 420 2214 σκότει
445 2187 491 2213 καὶ
507 2187 572 2222 σκιᾷ
590 2186 705 2213 θανάτου
725 2186 889 2221 καθημένοις

953 2182 1062 2210 enebris
1076 2186 1103 2209 et
1120 2182 1216 2209 umbra
1232 2182 1328 2209 mortis
1338 2181 1515 2209 ostenderat:
1532 2181 1727 2215 atcenotaphia

102 2231 249 2265 δείξαντος.
270 2232 310 2259 Τά
332 2232 360 2259 δὲ
384 2234 532 2267 κενοτάφια
553 2231 634 2258 αὑτοῦ
659 2232 704 2257 ἐπὶ
723 2231 772 2266 τῆς
795 2232 888 2266 κλίνης

101 2278 210 2314 δρᾶται.
224 2278 294 2313 Φησὶ
317 2278 364 2313 (ἀρ
381 2279 427 2304 καὶ
442 2279 456 2305 6
470 2277 585 2312 ἄγγελος
597 2278 654 2309 τοῖς
668 2278 696 2303 ὲν
711 2276 750 2312 τῷ
768 2278 888 2312 μνήματι

102 2324 213 2360 ζητοῦσι
239 2325 282 2351 τὸν
308 2325 422 2361 Κύριον·
443 2335 452 2350 ε
469 2325 500 2351 Τί
517 2325 622 2360 ζητεῖτε
640 2324 686 2350 τὸν
710 2323 799 2356 ζῶντα
817 2323 887 2359 μετὰ

100 2370 155 2397 τῶν
170 2371 288 2405 νεκρῶν;
304 2371 353 2397 οὐκ
369 2371 442 2397 ἔστιν
456 2367 518 2401 ὧδε,
534 2370 648 2405 ἠγέρθη.
664 2370 716 2396 Ἴδε
732 2370 746 2396 6
757 2370 837 2401 τόποι,
860 2370 889 2396 ἐν

99 2412 122 2450 ᾧ
135 2416 233 2443 ἔκειτο.
254 2427 263 2443 ι
279 2417 330 2443 Τὸν
342 2417 436 2450 τάφον,
449 2417 477 2442 ὲν
490 2413 511 2449 ᾧ
526 2416 623 2451 ἐτάφη.
638 2416 692 2442 τδον
706 2416 729 2442 οἱ
745 2415 888 2450 ζητοῦντες

100 2463 146 2490 τὸν
171 2462 282 2499 Κύριον,
301 2463 377 2489 κενὸν
393 2462 440 2489 τοῦ
463 2462 629 2498 ζητουμένου
654 2463 787 2497 σώματος.
811 2462 888 2489 Μόνα

100 2508 128 2535 δὲ
145 2506 178 2544 ἦν
193 2510 221 2534 ὲν
236 2507 310 2543 αὑτῴ
324 2507 359 2534 τὰ
374 2508 498 2542 ἐντάφια.
514 2508 618 2534 Οὐκοῦν
641 2508 765 2543 νοοῦμεν,
782 2508 821 2533 ὁτι
838 2507 887 2543 τὴν

100 2554 247 2581 ἀνάστασιν
264 2554 311 2581 τοῦ
331 2554 434 2589 Κυρίου
451 2555 577 2590 σημαίνει
599 2554 647 2590 τὴν
667 2554 712 2580 ἐπὶ
731 2553 778 2580 τοῦ
800 2554 885 2589 τάφου

99 2599 135 2626 τὰ
149 2600 196 2626 ἐπὶ
211 2600 261 2635 τῆς
272 2600 366 2636 κλίνης
377 2600 424 2626 τοῦ
439 2600 520 2626 Δαϐὶδ
537 2600 694 2635 κενοτάφια,
710 2600 743 2626 δι’
760 2597 797 2626 ὧν
814 2600 886 2634 γίνε-

99 2653 144 2672 ται
159 2647 173 2672 6
190 2646 315 2682 ἀληθινὸς
328 2646 374 2673 τοῦ
390 2646 504 2673 θανάτου
518 2646 597 2682 ἡμῶν
613 2647 847 2682 ἀποτροπιασμὸς.

133 2727 188 2754 Τοῦ
208 2727 236 2753 δὲ
261 2726 408 2762 τρωθέντος
422 2727 529 2762 τοίχου,
554 2727 582 2754 ὃν
608 2727 668 2755 ἀντὶ
687 2727 732 2755 τοῦ
757 2728 882 2763 σώματος

136 2817 157 2832 ¹¹
172 2817 250 2845 Rom.
268 2826 293 2851 ν,
309 2817 352 2844 Μ.
411 2819 432 2835 ³³
445 2817 522 2846 Rom.
544 2826 579 2848 vt,
600 2818 639 2846 1:2.

941 2233 968 2257 et
987 2228 1135 2256 simulacra
1151 2228 1362 2263 conspiciuntur
1386 2227 1412 2254 in
1438 2227 1499 2262 ejus
1517 2227 1597 2254 lecto.
1617 2225 1684 2253 Nam
1699 2231 1727 2254 et

941 2274 1055 2309 angelus
1078 2274 1268 2309 quaerentibus
1291 2273 1436 2301 Dominum
1463 2274 1490 2300 in
1517 2274 1642 2308 sepulcro
1670 2274 1725 2302 ait:

944 2330 951 2343 θ
970 2320 1040 2354 Quid
1057 2320 1180 2354 quaeritis
1194 2320 1329 2347 viventem
1351 2327 1413 2346 cum
1443 2319 1577 2346 mortuis?
1606 2327 1660 2346 non
1684 2323 1727 2347 est

941 2362 999 2397 hic;
1022 2364 1143 2391 surrexit
1164 2373 1172 2391 :
1197 2371 1263 2399 ecce
1286 2363 1364 2391 locus
1393 2364 1420 2391 in
1448 2371 1501 2398 quo
1528 2364 1635 2398 jacebat
1651 2364 1673 2380 "
1689 2373 1694 2390 :
1713 2374 1723 2390 ι

941 2417 1005 2438 ecce
1036 2411 1205 2445 sepulcrum,
1225 2410 1252 2438 in
1280 2418 1335 2445 quo
1356 2411 1481 2445 sepultus
1495 2414 1564 2437 erat.
1582 2409 1724 2443 Viderunt,

940 2456 985 2490 qui
1012 2455 1170 2490 quaerebant
1199 2455 1366 2490 sepulcrum,
1393 2455 1441 2482 sed
1467 2463 1582 2482 vacuum
1613 2463 1726 2490 corpore

940 2501 1012 2536 quod
1025 2502 1183 2536 quaerebant
1199 2510 1206 2529 :
1220 2502 1277 2529 sola
1289 2504 1378 2528 autem
1393 2501 1556 2535 sepulcralia
1568 2501 1725 2528 linteamina

940 2548 1146 2582 comparebant.
1174 2547 1355 2582 lntelligimus
1378 2547 1461 2581 igitur
1486 2546 1624 2573 funebrem
1649 2547 1724 2573 illum

940 2594 967 2621 in
984 2594 1054 2622 lecto
1070 2593 1180 2621 Davidis
1191 2597 1364 2628 apparatum,
1377 2592 1532 2628 signiﬁcare
1548 2593 1726 2620 resurrectio-

939 2647 1000 2666 nem
1017 2647 1049 2666 ex
1071 2639 1198 2672 sepulcro
1211 2647 1219 2672 ;
1233 2638 1335 2673 quibus
1350 2646 1413 2666 vere
1427 2645 1500 2665 mors
1513 2645 1529 2664 a
1548 2637 1628 2665 nobis
1643 2644 1723 2664 aver-

937 2685 1005 2712 titur
1015 2687 1042 2711 et
1057 2683 1177 2718 fugatur.

971 2728 1057 2757 Venio
1074 2729 1114 2765 ad
1126 2729 1308 2764 ,vulneratum
1332 2734 1473 2765 parietem,
1490 2735 1569 2765 quem
1592 2735 1642 2763 pro
1662 2733 1724 2754 cor-

700 2819 719 2834 ⁸³
733 2818 815 2846 Marc.
837 2827 891 2852 xu,
906 2818 930 2846 6.
