1989 3070
275 121 329 150 6θό

907 122 935 149 S.
951 122 1039 149 GliliC
1045 122 1113 150 οιιη

1143 121 1285 149 NYSSENI
1634 123 1637 126 “
1847 121 1899 150 6οὶ

276 188 342 215 pore
365 179 524 214 accipimus,
545 181 671 216 quamvis
693 182 835 218 sanguinis
856 187 1005 218 expertem,
1025 192 1060 211 ne

1119 183 1275 219 νοήσαιμεν,
1286 180 1355 218 αἷμα
1369 183 1406 218 μὴ
1425 182 1541 217 ἔχοντος,
1559 183 1596 215 ὡς
1609 183 1642 210 ἂν
1655 183 1691 218 μὴ
1707 183 1760 219 ἄρα
1777 183 1898 220 λειφθείη

278 227 303 252 id
320 225 392 260 quod
410 225 527 252 maxime
543 226 576 252 ad
593 227 753 261 mysterium
768 231 952 262 opportunum
966 233 1018 261 est,
1036 233 1063 256 et

276 279 330 305 quo
356 271 489 305 redempti
508 279 621 303 sumus,
644 273 825 307 sanguinem,
842 273 970 308 inquam,
994 281 1063 309 pra:-

276 320 427 346 tereantus,
446 315 490 342 hic
507 316 534 342 in
557 316 611 343 illis
632 317 698 351 ipsis
715 317 889 352 ccnotaphiis
905 319 1062 352 reperitur:

277 362 364 387 solum
389 362 461 388 enim
485 361 571 396 hcpar
597 362 670 389 inter
696 363 817 390 membra
837 363 980 398 sanguinis
1001 364 1064 391 fons

278 410 320 433 est
336 410 363 433 et
383 406 502 438 otIicina,
524 407 584 434 sine
599 415 653 442 quo
677 407 734 435 ﬁeri
750 409 855 442 nequit,
870 412 900 435 ut
922 409 1063 443 sanguinis

277 456 376 479 natura
398 453 541 479 subsistat.
560 452 587 480 Si
606 453 689 488 igitur
707 461 740 480 ex
762 453 859 488 bepate
872 454 983 488 sanguis
999 461 1063 488 pro-

277 498 348 529 ﬂuit,
373 499 456 533 hepar
473 499 661 535 autem~inter
677 499 841 534 cenotaphia
865 499 1012 533 reperitur,
1037 499 1065 525 lit

278 548 308 570 ut
322 551 410 578 neque
438 544 551 577 sanguis
569 544 639 571 desit
655 545 689 576 ei,
708 552 769 579 qua:
795 545 951 572 mortalium
971 544 1064 580 generi

278 590 400 620 obvenit,
416 590 514 616 mortis
532 589 734 624 prolligationi;
761 595 788 617 at
809 590 916 624 species
939 590 1064 617 animalis

278 634 370 668 hujus.
392 634 471 667 cujus
498 635 582 669 hcpar
606 637 764 670 apposnum
791 636 852 669 I‘uit,
879 636 1006 670 deputata
1023 639 1065 662 est

279 681 482 715 propitiatoriis
499 682 644 710 sacriﬁciis
658 691 706 717 pro
723 683 845 718 peccatis
856 683 887 709 ¹⁵.
904 682 996 717 Neque
1014 683 1065 709 hoc

279 726 378 757 solum,
393 727 440 753 sed
456 734 489 754 ex
503 727 599 755 eodem
619 736 719 763 genere
741 729 774 756 ad
794 729 900 757 Pascha
920 729 1063 756 celebran-

279 771 357 803 dum,
375 773 476 799 animal
492 773 627 807 quoddam
646 775 782 809 seligitur,
805 775 931 810 idemque
953 774 1064 806 animal,

280 817 320 844 ait
340 817 440 849 Moses,
459 818 616 846 auferendis
631 820 724 854 populi
747 820 866 854 peccatis
883 819 1064 850 destinatum,

281 864 383 898 duplici
404 865 505 891 actioni
531 866 616 892 servit
633 874 640 892 :
658 866 766 893 duobus
791 866 863 893 enim
885 866 974 893 hircis
989 869 1065 893 sorte

279 910 440 944 propositis,
456 911 537 938 ‘alter
561 910 615 938 Deo
633 912 817 944 sacriﬁcatur,
843 912 912 938 alter
928 918 981 938 una
1003 918 1065 937 cum

279 957 393 988 peccato
416 955 442 980 in
465 955 639 982 solitudinem
657 956 804 983 dimittitur
818 957 851 983 ιθ.
872 956 985 991 Propter
1008 955 1066 982 hzec

258 1013 266 1020 -
280 999 364 1033 igitur
380 1000 471 1026 omnia
493 1004 569 1027 tanta
592 1008 624 1027 ac
640 1001 716 1033 talia,
733 1001 816 1035 hujus
836 1001 962 1028 animalis
983 1001 1066 1035 hepar

281 1045 411 1079 sanguini
432 1046 611 1080 signiﬁcando
632 1052 801 1082 assumptum
820 1050 871 1079 est,
890 1053 944 1081 quo
960 1046 994 1073 ab
1013 1045 1066 1073 illis

281 1091 328 1125 qui
344 1091 461 1118 letaliter
475 1092 697 1126 intirmahantur,
722 1100 797 1120 mors
812 1093 925 1128 depulsa
950 1092 1001 1119 fuit
1017 1100 1067 1127 per

279 1136 514 1163 resurrectionem
533 1136 640 1164 Domini
657 1138 754 1170 nostri,
771 1145 854 1172 quam
872 1137 1066 1172 cenotaphium

280 1181 428 1216 significat.
443 1182 495 1210 Sed
511 1185 620 1217 tempus
633 1186 685 1214 est,
703 1187 769 1210 utet
786 1183 948 1210 sententiam
968 1183 1067 1217 psalmi

280 1228 400 1255 breviter
418 1236 621 1263 percurramus,
647 1229 686 1256 sic
705 1237 765 1256 sese
789 1229 943 1256 habentem.
968 1228 1068 1255 llividit

280 1271 416 1306 Propheta
451 1273 617 1307 orationem;
646 1281 708 1300 nam
734 1274 819 1300 altera
850 1281 899 1308 pro
928 1273 1007 1300 nobis
1033 1273 1067 1300 ad

281 1317 365 1344 Deum
388 1318 542 1345 instituitur
555 1319 694 1345 communi
709 1320 832 1346 omnium
847 1319 1004 1345 mortalium
1022 1326 1068 1345 no-

281 1364 368 1396 mine;
385 1364 471 1390 altera
491 1364 524 1390 ad
538 1371 588 1391 nos
605 1364 734 1399 dirigitur
753 1373 785 1392 ex
802 1372 921 1399 persona
933 1365 1004 1398 ejus,
1021 1364 1067 1398 qui

281 1415 331 1442 pro
353 1409 434 1435 nobis
451 1409 544 1436 varios
566 1409 706 1436 cruciatus
721 1409 816 1436 subiit.
834 1410 900 1442 Quae
923 1417 988 1444 ergo
1016 1416 1067 1444 pro

282 1453 371 1485 nobis,
395 1454 452 1481 hzec
475 1459 562 1482 sunt:
583 1463 592 1480 ι
607 1454 689 1489 Eripe
705 1463 747 1483 tne
771 1455 804 1483 de
830 1455 961 1485 inimicis.
988 1460 1015 1482 et
1035 1455 1068 1482 ab

282 1498 489 1534 insurgentibus
515 1501 541 1527 in
560 1508 602 1527 me
618 1501 702 1528 libera
723 1509 776 1534 me,
794 1505 821 1528 et
842 1502 875 1529 de
891 1501 1069 1536 operantibus

282 1545 469 1579 iniquitatem,
490 1550 517 1573 et
537 1546 571 1574 de
585 1546 651 1574 viris
671 1547 848 1581 sanguinum,
864 1548 910 1580 qui
936 1551 1070 1582 ceperunt

282 1588 402 1614 animam
421 1596 519 1620 meam,
536 1599 545 1615 1
561 1593 589 1616 et
612 1590 658 1624 qui
683 1590 710 1617 in
731 1598 774 1618 me
794 1589 901 1618 fortiter
919 1591 1068 1623 irruerunt,

283 1634 352 1660 nihil
373 1635 437 1661 mali
459 1643 473 1661 a
497 1635 578 1663 nobis
604 1636 692 1670 passi;
715 1644 803 1671 neque
826 1637 899 1664 enim
918 1637 1068 1672 quidquam

283 1679 313 1706 in
329 1680 392 1706 illos
404 1680 513 1711 admisi,
530 1689 618 1715 neque
635 1681 766 1716 iniquitas
782 1681 837 1708 ulla
855 1689 870 1708 a
890 1689 933 1708 me
950 1682 1069 1716 profecta

283 1729 335 1757 est,
360 1733 420 1760 qua:
444 1726 471 1752 in
496 1726 624 1753 damnum
650 1727 769 1754 hostium
794 1735 918 1754 meorum
936 1731 1068 1763 vergeret,

283 1780 336 1806 qua
350 1776 453 1803 tamen,
470 1773 550 1806 quasi
570 1772 661 1800 affecti
678 1776 783 1806 essent,
804 1774 989 1800 concitantur.
1006 1772 1071 1800 Sine

284 1818 427 1852 iniquitate
461 1819 541 1846 nobis
575 1819 679 1854 primus
706 1827 806 1847 cursus
840 1819 983 1846 institutus
1019 1823 1071 1846 est.

292 1863 344 1892 Sed
366 1866 442 1898 vide,
477 1866 580 1901 inquit,
614 1866 725 1899 omnia,
755 1873 817 1902 quae
843 1868 871 1892 et
889 1865 979 1900 qualia
1005 1865 1070 1892 sint.

285 1909 353 1936 Vide
375 1913 402 1937 et
419 1911 541 1943 intende,
572 1915 601 1937 ut
625 1919 667 1938 me
685 1910 827 1943 defendas,
855 1919 945 1945 neque
962 1911 1072 1938 differas

285 1964 332 1989 per
359 1956 556 1983 humanitatem
585 1961 713 1985 expetere
738 1957 868 1984 ultionem
897 1954 1001 1985 abhis
1024 1958 1071 1992 qui

284 2002 458 2036 delinquunt.
477 2011 486 2027 ‹
504 2001 563 2028 Non
577 2002 746 2033 miserearis,
764 2011 773 2028 ι
787 2002 888 2037 inquit,
908 2011 918 2028 ‹
933 2003 1070 2036 omnibus,

286 2046 329 2080 qui
346 2052 495 2080 operantur
516 2046 698 2080 iniquitatem.
715 2057 724 2072 ι

322 2091 422 2118 Deinde
435 2092 564 2119 transfert
581 2100 732 2119 sermonem
751 2093 783 2119 ad
804 2093 989 2120 sublimiorem
1007 2101 1070 2128 per-

285 2144 391 2168 sonam,
406 2137 525 2172 dicitque
537 2138 614 2172 quasi
632 2138 691 2165 loco
707 2138 766 2172 ejus
780 2139 825 2173 qui
845 2146 940 2173 preces
958 2139 1072 2166 exaudi-

1113 229 1143 255 τὸ
1156 228 1335 265 καιριώτατον
1350 229 1402 255 τῶν
1417 230 1456 260 εἰς
1472 229 1502 255 τὸ
1519 229 1666 264 μυστήριον
1686 230 1848 265 νοουμένων,
1863 230 1899 258 δι’

1113 271 1144 301 οὗ
1157 274 1294 310 ἐλυτρώοη
1300 283 1358 310 μεν,
1374 274 1404 300 τὺ
1417 271 1486 309 αἷμα
1499 274 1580 307 λέγω,
1592 274 1671 301 τοῦτο
1683 276 1773 310 ῥητοῖς
1788 283 1899 302 κενοτα-

1114 321 1185 355 ῳίοις
1201 321 1357 357 εὑρίσκεται
1371 329 1377 336 ·
1409 321 1488 355 μόνον
1507 320 1559 356 γὰρ
1576 322 1604 347 ἐν
1620 322 1677 352 τοῖς
1692 321 1854 356 σπλάγχνοις
1869 323 1899 349 τὺ

1113 365 1189 403 ἧπαρ
1216 366 1331 401 αἵματός
1353 367 1411 392 ἐστι
1430 367 1505 401 πηγή
1530 375 1559 393 τε
1585 367 1632 394 καὶ
1658 367 1848 402 ἐργαστήριον,
1868 364 1898 394 οὗ

1114 414 1197 449 χωρὶς
1214 412 1343 439 ἀδύνατόν
1360 413 1416 438 ἐστι
1435 412 1564 446 συστῆναι
1587 412 1636 446 τὴν
1653 412 1734 447 φύσιν
1750 412 1797 439 τοῦ
1817 413 1900 448 αἵμα-

1113 467 1169 489 τος.
1185 458 1216 484 Εἰ
1231 455 1276 484 οὖν
1291 458 1323 483 ὲκ
1339 456 1385 483 τοῦ
1402 457 1505 491 ἥπατος
1525 457 1555 483 τὸ
1570 454 1650 492 αἷμα,
1665 458 1694 483 ἐν
1708 457 1737 484 δὲ
1752 459 1808 489 τοῖς
1823 467 1899 485 κενο-

1115 502 1220 537 ταφίοις
1236 502 1265 529 τὺ
1290 500 1366 538 ἧπαρ
1376 521 1383 533 ,
1398 503 1458 528 οὐδὲ
1473 503 1502 528 τὸ
1517 500 1586 538 αἷμα
1599 503 1688 529 λείπει
1704 503 1742 538 τῷ
1760 503 1899 538 γενομένῳ

1114 549 1147 582 τῇ
1164 548 1244 582 φύσει
1258 548 1312 575 τῶν
1326 547 1476 583 ἀνθρώπων
1487 548 1703 583 ὰποτροπιασμῷ
1713 548 1758 575 τοῦ
1772 549 1897 576 θανάτοψ

1114 594 1145 620 τὸ
1163 594 1191 620 δὲ
1212 593 1294 627 γένος
1314 593 1360 620 τοῦ
1378 592 1447 624 ζώου
1460 593 1565 626 τούτου,
1584 591 1614 620 οὗ
1633 594 1663 620 τδ
1679 591 1755 630 ἧπαρ
1782 594 1897 630 ἐλήφθη,

1115 641 1176 671 ταῖς
1197 640 1349 671 ἱλεωτικαῖς
1367 639 1438 674 ὑπὲρ
1450 639 1505 666 τῶν
1521 639 1663 675 ἁμαρτιῶν
1676 640 1782 671 θυσίαις
1802 641 1899 667 ἀποτε-

1115 684 1248 719 ταγμένον
1262 683 1346 709 ἐστίν.
1365 684 1402 710 Oi)
1419 684 1498 718 μόνον
1513 684 1541 710 δὲ
1553 683 1641 715 τοῦτο,
1659 683 1727 710 ἀλλὰ
1744 684 1791 710 καὶ
1806 685 1838 710 ἐκ
1851 685 1899 710 τοῦ

1115 727 1196 754 αὐτοῦ
1220 727 1314 761 γένους
1339 727 1386 754 καὶ
1410 728 1450 759 εἰς
1466 728 1496 754 τὸ
1523 727 1615 763 πάσχα
1638 728 1897 763 παραλαμϐάνεται·

1116 773 1163 799 καὶ
1179 770 1387 807 ἀποπεμπτικὸν
1406 772 1455 807 τῆς
1471 772 1518 799 τοῦ
1539 772 1603 798 λαοῦ
1620 773 1757 807 ἁμαρτίας
1781 773 1812 799 τὸ
1831 772 1902 804 ζῶον

1115 817 1194 844 τοῦτό
1208 826 1273 853 φησι
1290 819 1369 844 δεῖνὸ
1385 817 1503 852 Μωῦσῆς
1520 817 1670 844 ποιεῖσθαι·
1687 818 1731 844 ὅτε
1750 818 1788 849 εἰς
1803 818 1901 852 διπλῆν

1081 853 1101 881 Β
1117 863 1257 898 ἐνέργειαν
1276 862 1427 898 μερίζεται.
1444 863 1498 889 Ka‘t
1511 862 1557 889 δύο
1575 862 1760 897 προτεθέντων
1775 863 1901 898 χιμάρων

1117 908 1148 933 ἐκ
1168 906 1393 941 διακληρώσεως,
1419 906 1450 932 τὸ
1466 906 1515 941 μὲν
1541 905 1697 932 ἀνατίθεται
1713 905 1752 940 τῷ
1779 905 1854 940 Θεῷ,
1871 907 1901 932 τὺ

1117 953 1144 979 δὲ
1173 954 1205 988 τῇ
1232 953 1354 988 ἁμαρτίᾳ
1372 952 1542 987 ἐκπέμπεται
1579 951 1625 978 ἐπὶ
1648 951 1695 986 τὴν
1722 951 1833 986 ἔρημον.
1851 951 1900 978 Διὰ

1117 999 1205 1025 πάντα
1217 997 1263 1026 οὖν
1274 998 1359 1025 ταῦτα
1372 998 1418 1024 καὶ
1427 998 1466 1024 ’τὰ
1479 997 1600 1028 τοιαῦτα,
1616 997 1711 1023 τούτου
1726 991 1773 1023 τοῦ
1788 996 1856 1028 ζώου
1871 996 1902 1022 τὸ

1117 1043 1192 1081 ἧπαρ
1207 1045 1248 1076 εἱς
1264 1045 1312 1080 τὴν
1328 1043 1374 1070 τοῦ
1396 1045 1508 1079 αἵματος
1532 1043 1644 1076 ἔνδειξιν
1680 1042 1849 1079 παρελήφθη,
1868 1042 1901 1068 δι’

1117 1089 1147 1117 οἷο
1170 1090 1222 1117 τῶν
1240 1090 1420 1122 ἐπιθεινατίως
1442 1090 1624 1125 νενοσηκότων
1651 1090 1665 1116 ὁ
1679 1088 1901 1124 ἀποτροπιασμὸς

1117 1136 1163 1163 τοῦ
1181 1136 1296 1163 θανάτου
1313 1136 1431 1170 ἐγένετο,
1442 1136 1486 1162 διὰ
1500 1136 1548 1170 τῆς
1562 1137 1593 1162 ἐκ
1610 1135 1714 1168 νεκρῶν
1729 1135 1902 1166 ἀναστάσεως

1117 1181 1164 1208 τοῦ
1180 1181 1282 1217 Κυρίου
1293 1181 1382 1216 ἡμῶν,
1397 1181 1430 1216 ἢν
1444 1181 1571 1216 σημαίνει
1584 1181 1614 1207 τὸ
1631 1181 1796 1214 κενοτάφιον.
1823 1179 1902 1205 Ἀ).λᾶ

1118 1226 1212 1262 καιρὸς
1222 1225 1254 1252 ἂν
1268 1225 1322 1260 εἴη,
1335 1226 1381 1252 καὶ
1396 1226 1441 1252 τὸν
1457 1226 1486 1252 ἐν
1502 1227 1534 1260 τῇ
1549 1225 1693 1260 ψαλμῳδίᾳ
1703 1225 1764 1252 νοῦν
1775 1224 1820 1250 διὰ
1837 1224 1903 1259 βρα-

1117 1272 1187 1306 χέων
1201 1271 1372 1307 ἐπιδραμεῖν,
1388 1270 1482 1305 ἔχοντα
1496 1271 1592 1302 οὕτως’
1607 1271 1719 1306 Μερίζει
1730 1270 1774 1296 τὸν
1792 1270 1870 1302 λόγον
1885 1271 1901 1304 ἠ

1119 1317 1283 1352 προφητεία.
1312 1317 1340 1342 ὐ
1358 1317 1407 1351 μὲν
1426 1317 1480 1352 γὰρ
1500 1316 1570 1351 ὑπὲρ
1588 1316 1664 1351 ἡμῶν
1684 1316 1752 1351 πρὸς
1770 1316 1815 1342 τὸν
1837 1315 1903 1342 Θεὸν

1118 1362 1236 1396 γίνεται,
1255 1363 1287 1388 ὲκ
1303 1361 1348 1388 τοῦ
1371 1362 1460 1388 κοινοῦ
1481 1362 1531 1396 τῆς
1553 1361 1659 1395 φύσεως
1680 1361 1902 1396 προσαγομένης·

1118 1407 1132 1433 ὁ
1145 1407 1175 1433 δὲ
1189 1406 1256 1442 πρὸς
1272 1407 1345 1442 ἡμᾶς
1362 1407 1395 1432 ἐκ
1414 1406 1461 1432 τοῦ
1478 1406 1547 1441 ὑπὲρ
1564 1406 1643 1441 ἡμῶν
1659 1405 1861 1439 ἀναδεξαμένου
1874 1406 1905 1431 τὸ

1119 1451 1213 1483 πάθος.
1232 1452 1272 1478 Τὰ
1288 1452 1337 1486 μὲν
1356 1450 1402 1478 οἷον
1417 1452 1486 1486 ὑπὲρ
1501 1451 1590 1486 ἡμῶν,
1614 1452 1673 1477 ἐστὶ
1695 1450 1791 1477 ταῦτα·
1809 1460 1818 1476 ι
1843 1450 1904 1483 Ἐξ-

1120 1497 1180 1524 ελοῡ
1197 1506 1241 1533 με,
1256 1507 1264 1522 ι
1283 1497 1394 1532 λέγων,ι
1413 1499 1445 1524 ἐκ
1453 1497 1506 1524 τῶν
1522 1496 1625 1532 ἐχθρῶν
1635 1496 1802 1532 μου,ὁΘεὸς.
1818 1496 1864 1522 καὶ
1873 1497 1905 1522 ἐκ

1119 1543 1173 1570 τῶν
1190 1543 1411 1578 ἐπανισταμένων
1435 1543 1477 1569 ἐπ’
1502 1543 1550 1577 ἐμὲ
1568 1542 1704 1580 λύτρωσαί
1727 1551 1772 1577 με.
1796 1542 1852 1568 Καὶ
1872 1543 1904 1568 ἐκ

1119 1589 1173 1616 τῶν
1186 1589 1375 1625 ἐργαζομένων
1392 1589 1440 1624 τὴν
1460 1589 1583 1623 ἀνομίαν,
1600 1588 1647 1615 καὶ
1662 1588 1692 1620 ἐξ
1706 1587 1809 1623 ἀνδρῶν
1821 1587 1906 1622 αἱμάει

1119 1644 1184 1668 των,
1201 1635 1225 1661 οἳ
1242 1635 1392 1671 ἐθήρευε-αν
1415 1635 1463 1670 τὴν
1481 1635 1570 1670 ψυχήν
1590 1643 1652 1670 μου,
1675 1643 1692 1660 »ν
1711 1635 1757 1660 καὶ
1779 1633 1906 1660 ἐπέθεντο

1122 1681 1253 1717 ἰσχυρῶς,
1265 1682 1340 1708 οὐδὲν
1355 1682 1420 1716 παρ’
1434 1681 1512 1716 ἡμῶν
1526 1681 1743 1716 προπεπονθότες
1759 1681 1851 1707 κακόν.
1867 1680 1905 1706 Οὐ

1120 1728 1174 1763 γὰρ
1182 1725 1303 1763 ἧμαρτόν
1309 1736 1334 1753 τι
1341 1728 1400 1754 κατ’
1409 1727 1530 1759 ἐκείνων,
1540 1727 1600 1753 οὐδέ
1607 1728 1679 1753 ἐστιν
1689 1726 1786 1761 ἀνομία
1794 1735 1834 1757 τις
1841 1735 1877 1752 πα
1882 1727 1906 1761 ρ’

1121 1773 1199 1808 ἡμῶν
1215 1773 1259 1799 ἐπὶ
1274 1773 1360 1809 βλάϐῃ
1373 1773 1426 1800 τῶν
1442 1772 1546 1808 ἐχθρῶν
1560 1767 1737 1808 ἐνεργηθεῖσα
1747 1792 1754 1803 ,
1770 1772 1812 1806 ἐφ’
1860 1773 1908 1799 καὶ

1121 1818 1328 1853 παροξύνονται.
1348 1819 1428 1844 ’Ἄνευ
1443 1818 1556 1852 ἀνομίας
1569 1815 1602 1853 ἦν
1616 1819 1680 1852 ἡμῖν
1694 1818 1709 1844 ὁ
1726 1818 1832 1853 πρῶτος
1847 1818 1908 1853 δρό-

1123 1870 1183 1896 μος.
1210 1861 1279 1888 Ἀλλ’
1293 1861 1346 1888 ἰδοὺ
1360 1862 1394 1888 τὰ
1409 1862 1507 1894 πάντα,
1523 1861 1615 1897 φησιν,
1641 1859 1685 1889 οἷά
1700 1863 1767 1888 ἐστι.
1786 1862 1838 1889 Ἴδε
1861 1863 1908 1889 καὶ

1122 1908 1241 1943 πρόσχες
1267 1908 1314 1934 τοῦ
1337 1908 1546 1942 ἐπισκέψασθαι.
1580 1908 1635 1935 Καὶ
1659 1908 1695 1943 μὴ
1720 1908 1839 1944 suam.“
1865 1909 1908 1935 διὰ

1123 1954 1325 1988 φιλανθρωπίας
1342 1953 1411 1980 κατὰ
1429 1953 1483 1980 τῶν
1505 1953 1775 1989 πεπλημμεληκὸτων
1798 1954 1909 1988 ἐκδίκη-

1123 2008 1175 2026 σιν.
1192 2009 1200 2025 ι
1222 1999 1268 2033 Μὴ
1282 2000 1479 2035 οἰκτειρήσῃς,›
1498 1999 1570 2035 γὰρ,
1587 2000 1679 2035 φησιν,
1698 2009 1707 2025 ‹
1725 2000 1828 2031 πάντας
1849 1999 1912 2030 τοὺς

1122 2045 1321 2080 ἐργαζομένους
1332 2045 1380 2080 τὴν
1393 2045 1516 2080 ἀνομίαν.
1537 2055 1546 2071 ι

1157 2090 1223 2118 Εἶτα
1239 2091 1351 2126 μετάγει
1359 2091 1403 2117 τὸν
1412 2091 1490 2125 λόγον
1499 2091 1543 2117 ἐπὶ
1555 2091 1584 2118 τὺ
1594 2091 1792 2126 ὑπερκείμενον
1803 2091 1910 2127 πρόσω-

1123 2146 1182 2169 πον,
1191 2137 1237 2164 καί
1249 2145 1330 2172 φησιν
1340 2137 1377 2169 ὡς
1393 2138 1425 2164 ἐκ
1436 2137 1578 2172 προσώπου
1589 2137 1634 2163 τοῦ
1641 2138 1688 2172 τῆς
1696 2137 1778 2172 εὐχῆς
1792 2136 1910 2163 ἐπακού-

286 2183 363 2214 verit,
378 2183 445 2209 istos
460 2183 550 2210 hostes
562 2183 594 2209 ad
605 2191 743 2218 vesperam
757 2191 918 2211 conversum
931 2184 975 2210 iri.
993 2184 1068 2217 Quod

1124 2192 1228 2216 σαντος,
1237 2184 1277 2210 ὅτι
1285 2179 1357 2209 οὗτοι
1365 2184 1389 2210 οἰ
1398 2183 1489 2219 ἐχθροὶ
1496 2184 1535 2215 εἰς
1547 2183 1595 2218 τὴν
1604 2183 1721 2218 ἑσπέραν
1730 2183 1832 2209 ἑαυτῶν
1849 2183 1910 2209 ἐπι-

285 2228 353 2256 nihil
368 2229 440 2255 aliud
458 2234 508 2260 est,
526 2236 607 2262 quam
634 2229 707 2263 ipsos
730 2229 757 2255 in
779 2229 904 2256 tenebras
924 2230 1071 2257 exteriores

285 2271 426 2311 expulsum
444 2276 475 2302 iri
488 2285 495 2302 :
512 2283 572 2302 nam
587 2283 698 2311 vespera
712 2277 836 2311 caliginis
852 2276 1014 2311 principium
1028 2280 1071 2303 est

285 2325 312 2348 et
329 2322 455 2356 genitrix.
474 2331 482 2346 ι
495 2321 526 2347 Et
539 2321 634 2348 famem
653 2322 788 2356 patientur
801 2325 829 2348 ut
843 2330 951 2349 canes.»
966 2321 1071 2355 Quibus

286 2367 358 2393 enim
377 2366 473 2393 salutis
488 2366 614 2392 viaticum
632 2374 685 2393 non
703 2367 831 2401 suppetit,
851 2367 900 2394 hos
916 2367 1071 2394 necessario

287 2415 469 2445 consequetur
484 2419 517 2438 ex
530 2411 600 2438 fame
612 2413 723 2446 penuria
741 2413 883 2439 bonorum.
900 2412 945 2440 Sic
960 2413 1072 2439 esurivit

287 2458 315 2486 in
331 2457 439 2484 inferno
452 2457 527 2484 dives
541 2456 793 2491 divinodeslitutus
808 2465 880 2489 rore,
903 2462 930 2484 et
952 2458 1015 2492 quia
1041 2458 1075 2484 ab

288 2504 330 2531 his
352 2504 429 2530 bonis
449 2503 597 2538 imparatus
620 2507 688 2534 erat,
705 2503 764 2530 ideo
778 2504 893 2531 ﬂammis
910 2503 964 2530 illis
979 2511 1075 2530 exure-

287 2549 404 2577 batur".
415 2548 468 2576 Sed
478 2554 504 2576 et
515 2558 523 2574 ι
536 2549 690 2575 circuibunt
710 2549 857 2580 civitatem,
868 2558 877 2574 ι
900 2549 997 2582 inquit.
1024 2549 1073 2576 Cui

288 2595 369 2622 talem
381 2595 531 2628 subjectum
546 2595 708 2622 sententiam
724 2594 852 2621 arbitror.
871 2594 938 2621 Cum
954 2601 1035 2621 omne
1050 2594 1075 2621 id

288 2640 361 2675 quod
374 2639 555 2674 abjiciendum
570 2644 599 2667 et
613 2640 709 2667 inutile
720 2644 762 2667 est
774 2639 807 2666 ad
822 2639 970 2666 viventium
984 2647 1076 2671 usum,

288 2685 414 2721 ejiciatur
435 2689 512 2712 extra
529 2685 677 2717 civitatem,
698 2685 754 2712 sive
768 2684 884 2712 cadaver
910 2684 1000 2717 fuerit,
1020 2686 1077 2712 sive

288 2731 354 2767 quid
365 2730 437 2757 aliud
449 2734 618 2765 corruptum,
635 2730 691 2758 sive
707 2730 865 2766 graveoleus
874 2737 993 2763 caenum,
1002 2730 1076 2758 circa

326 2820 436 2850 I‘Num.
450 2827 497 2855 vn,
513 2820 545 2847 lo
559 2823 649 2856 sqq.ct
662 2820 724 2848 alibi
737 2819 850 2856 passim.

907 2821 928 2836 ίδ
941 2821 1026 2848 chil.
1038 2829 1091 2854 xw,
1107 2822 1138 2849 t5
1154 2829 1212 2856 sqq.

1125 2228 1534 2263 στρέφουσιν.ὐπεροὺὸὲνᾶλλο
1542 2228 1643 2264 ἐστὶνὴ
1650 2229 1690 2255 ὅτι
1696 2230 1736 2260 εἰς
1743 2229 1773 2255 τὸ
1781 2228 1911 2264 ἐξώτερον

1125 2273 1219 2305 σκότος
1230 2273 1481 2308 συνελασθήσονται.
1497 2274 1529 2300 Ἠ
1536 2273 1589 2308 γὰρ
1599 2273 1703 2309 ἑσπέρα
1713 2274 1823 2305 σκότους
1838 2275 1896 2309 γίνε

1124 2328 1168 2346 ται
1179 2319 1249 2355 ἀρχή
1259 2327 1288 2345 τε
1296 2319 1342 2345 καὶ
1353 2319 1452 2354 μήτηρ.
1467 2319 1536 2344 «Καὶ
1546 2318 1708 2354 λιμώξουσιν
1716 2318 1753 2350 ὡς
1760 2318 1842 2347 κύων.
1850 2318 1912 2350 »Οἷς

1131 2364 1179 2399 γὰρ
1192 2364 1242 2390 οὐκ
1254 2364 1312 2390 ἐστι
1324 2364 1459 2398 σωτηρίας
1471 2364 1586 2398 ἐφόδιον,
1601 2363 1630 2396 ἐξ
1644 2363 1766 2397 ἀνάγκης
1782 2365 1798 2396 ἡ
1818 2363 1849 2388 ἐκ
1865 2363 1912 2388 τοῦ

1125 2408 1204 2443 λιμοῦ
1223 2408 1277 2436 τῶν
1296 2408 1406 2443 ἀγαθῶν
1424 2408 1637 2444 ἐπακολουθήσει
1659 2407 1843 2443 ταλαιπωρία.
1864 2407 1914 2433 Οὓ-

1125 2464 1178 2487 τως
1193 2455 1323 2490 ἐλίμωξεν
1335 2456 1363 2481 ἐν
1373 2454 1411 2490 τῷ
1423 2454 1474 2490 ᾄδῃ
1487 2456 1501 2481 ὀ
1512 2454 1648 2487 πλούσιος,
1663 2454 1711 2488 τῆς
1723 2452 1797 2484 θείας
1813 2453 1912 2487 δρόσου

1126 2501 1228 2537 ἕρημος
1240 2501 1288 2528 ὤν’
1300 2501 1346 2527 καὶ
1354 2501 1396 2527 διὰ
1405 2501 1434 2527 τὸ
1443 2500 1634 2536 ἀπαράσκευον
1643 2499 1689 2526 τοῦ
1699 2499 1820 2526 τοιούτου
1832 2495 1913 2530 εἶναι,
1935 2528 1938 2531 _

1126 2548 1159 2582 τῇ
1191 2547 1269 2581 φλογὶ
1296 2547 1486 2580 κατεφλέγετο.
1514 2546 1593 2573 Ἀλλὰ
1617 2546 1665 2572 καὶ
1694 2555 1703 2571 ι
1732 2544 1925 2572 Κυκλὼσουσίδ

1125 2592 1214 2623 πόλιν,
1228 2601 1236 2617 ι
1255 2592 1344 2626 φησίν.
1365 2592 1453 2627 Ὅπερ
1464 2591 1584 2617 τοιοῦτόν
1603 2590 1647 2625 μοί
1662 2599 1722 2617 τινα
1730 2589 1791 2616 νοῦν
1809 2590 1913 2624 ὑποση-

1127 2639 1232 2673 μαίνειν
1251 2638 1337 2664 δοκεῖ.
1365 2637 1474 2673 Ἐπειδὴ
1499 2638 1554 2664 πᾶν
1571 2637 1601 2663 τὸ
1615 2636 1723 2672 ἀχρεῖὸν
1738 2645 1767 2662 τε
1781 2635 1828 2662 καὶ
1845 2635 1910 2661 ἀπό-

1125 2683 1231 2718 ϐλητον,
1257 2683 1294 2714 ὡς
1316 2683 1385 2719 πρὸς
1404 2683 1453 2718 τὴν
1471 2682 1525 2708 τῶν
1548 2681 1655 2714 ζώντων
1670 2681 1778 2716 χρῆσιν,
1798 2680 1852 2711 ἔξω
1869 2680 1912 2714 ρε-

1127 2737 1220 2755 πτεται
1239 2729 1287 2764 τῆς
1300 2729 1413 2761 πόλεως,
1439 2730 1494 2757 εἴτε
1510 2727 1605 2763 νεκρὸν
1620 2727 1667 2754 καὶ
1685 2725 1835 2761 διεφθορὸς,
1858 2725 1913 2752 είτα

1272 2821 1290 2835 ¹τ
1307 2819 1372 2846 Luc.
1391 2818 1505 2852 “1,25.
