1989 3070
99 105 155 135 605

778 113 810 141 IN
828 113 996 142 PSALMOS.

1665 111 1716 138 606

98 166 218 203 δυσώδης
232 177 276 200 τις
294 169 393 205 κόπρος
403 178 409 186 ·
425 171 490 205 περὶ
503 170 521 198 ἃ.
532 171 584 198 ὑπὸ
595 172 644 206 τῆς
657 172 704 198 τοῦ
721 171 800 207 λιμοῦ
817 171 873 199 avai-

932 178 992 206 qute
1013 177 1067 206 pra:
1091 169 1170 198 famis
1190 169 1383 204 magnitudine,
1405 174 1488 195 canes
1507 171 1654 202 occupatos
1671 169 1713 195 in-

97 221 170 248 γκης
191 214 216 240 oi
238 213 317 246 κύνες
329 215 530 250 ὲξευρίσκονται
544 236 552 248 ,
578 216 617 251 τῷ
634 216 712 252 ῥύπῳ
729 217 767 252 τῷ
784 217 816 243 ἐκ
831 218 882 251 τῆς

97 256 202 290 πόλεως
214 259 403 295 ἐκϐαλλομένῳ
418 260 622 294 ἐμϐιοτεύοντες
631 269 638 276 ”
660 261 704 288 διὰ
719 261 813 288 τούτου
827 261 880 288 τῶν

97 304 127 330 ὲν
142 304 224 340 ἀρετῇ
245 305 292 332 καὶ
309 306 393 342 κακίᾳ
408 306 516 339 ζώντων
535 307 584 342 τὴν
602 307 732 342 διαφορὰν
747 307 881 334 διδάσκων

96 350 112 375 ὁ
128 350 222 383 λόγος,
239 352 267 377 ἐν
293 351 331 386 τῷ
349 353 399 387 τῆς
417 352 520 384 πόλεως
541 353 711 389 διασημαίνει
728 353 878 388 αίνίγματι·

97 395 177 422 πόλιν
191 396 286 430 λέγων,
302 397 351 432 τὴν
368 398 421 424 ὑπὸ
439 398 489 433 τῆς
505 399 605 434 ἀρετῆς
619 398 822 434 συνῳκισμένην
836 399 880 424 εὑ-

96 443 188 476 πρεπῆ
206 450 235 468 τε
255 443 302 468 καὶ
319 443 471 470 εὐδιάθετον
493 444 629 472 πολιτείαν
641 453 648 460 υ
664 444 698 471 τὰ
719 444 747 470 δὲ
765 444 817 476 ἔξω
829 445 880 480 τῆς

96 485 216 518 πόλεως,
229 487 277 521 τὴν
294 489 326 514 ἐκ
342 488 389 514 τοῦ
408 488 528 515 ἐναντίου
547 489 813 525 παραθεωρουμένην
828 498 877 516 κα-

96 527 158 553 κίαν
172 528 256 563 δηλοῖ,
277 530 305 555 ἐν
359 531 432 557 πᾶσα
449 532 465 566 ἡ
479 531 526 558 τοῦ
541 532 712 568 ἁστειοτέρου
733 532 790 567 βίον
809 533 878 558 ἁποη

95 573 159 609 δολή
174 575 215 605 τίς
225 576 297 601 ἐστιν
312 575 431 612 δυσώδης
446 577 576 612 ἁμαρτία,
592 578 609 613 ἢ
625 577 656 604 ἐκ
665 587 694 604 τε
705 577 754 613 τῆς
772 577 878 613 σήψεως

93 618 148 645 τῶν
162 619 305 654 σωμάτων,
321 621 368 647 κα).
382 622 414 648 ἐκ
427 622 475 656 τῆς
490 624 614 658 ρυπαρᾶς
630 623 732 658 κόπρου
750 632 877 650 συνιστα-

96 664 165 698 μένη
180 664 346 700 εὑρίσκεται.
371 666 476 693 Οὐκοῦν
491 667 541 702 τῆς
565 667 613 703 μὲν
638 668 742 700 πόλεως
759 669 877 704 οἰκήτωρ

93 709 168 736 ἐστὶν
179 729 187 742 ,
203 710 234 737 τὸ
255 711 327 746 μέγα
341 712 389 738 καὶ
407 711 496 747 τίμιον
513 713 618 748 χρῆμα,
638 715 653 740 ὁ
674 714 757 745 ὅντως
774 714 878 750 ἄνθρω-

93 763 155 787 πος,
171 756 218 783 καὶ
243 756 288 783 τὸν
308 757 338 790 ἐξ
358 757 445 792 ἀρχῆς
465 758 643 794 ἐπιϐληθέντα
659 754 820 795 χαρακτῆρα
842 762 875 796 τῇ

93 799 172 834 φύσει
187 800 231 827 διὰ
247 800 292 827 τοῦ
310 801 367 835 βίου
393 802 608 838 μεμορφωμένον
624 803 701 838 ἔχων.
723 804 750 831 Ὀ
765 804 792 830 δὲ
814 805 876 840 περὶ

933 216 1024 243 venire
1036 216 1108 248 licet,
1127 219 1266 243 versantes
1281 215 1308 241 in
1321 213 1447 242 sordibus
1460 216 1535 240 extra
1549 213 1641 240 urbem
1657 221 1716 239 ow-

933 261 961 288 hi
977 261 1081 294 solitis;
1094 265 1237 295 propterea
1248 267 1341 287 eorum
1354 259 1400 294 qui
1415 266 1476 286 cum
1492 259 1601 289 virtute,
1623 263 1650 284 et
1668 266 1715 285 eo-

931 315 991 334 rum
1015 307 1061 342 qui
1086 307 1113 333 in
1135 306 1284 334 sceleribus
1302 305 1406 337 vivunt,
1428 304 1574 331 discrimen
1594 303 1714 331 indicare

930 352 1024 380 volens
1035 353 1133 384 oratio,
1154 352 1179 378 id
1196 351 1314 379 civitatis
1325 351 1466 385 aenigmate
1483 350 1634 384 signiﬁcat;
1648 349 1714 375 Civi-

931 401 1011 425 tatem
1026 397 1098 424 enim
1113 397 1234 424 nominat
1250 397 1323 423 illam
1342 395 1448 423 vivendi
1464 395 1606 426 rationem,
1623 400 1682 428 qua
1699 401 1713 419 a

929 442 1029 470 virtute
1042 443 1120 477 quasi
1130 442 1268 474 incolitur,
1282 445 1308 469 et
1330 441 1363 468 ad
1375 448 1482 468 omnem
1505 439 1655 467 decentiam
1670 447 1714 466 re-

929 491 1057 522 ctumque
1070 487 1191 515 ordinem
1207 486 1404 514 conformatur.
1421 486 1455 512 At
1471 493 1531 520 qua:
1546 489 1623 512 extra
1647 485 1714 512 civi-

931 537 1011 561 tatem
1029 538 1102 564 sunt,
1119 533 1274 568 signiﬁcant
1288 533 1440 567 oppositam
1461 531 1553 558 virtuti
1571 531 1713 563 malitiam,

929 578 956 606 in
974 586 1026 613 qua
1043 579 1164 606 invenire
1181 582 1223 606 est
1241 585 1348 606 omnem
1372 576 1580 612 graveolentiam
1595 576 1711 610 peccati.

928 623 1006 658 quasi
1022 623 1176 650 urbanioris
1193 623 1255 650 vita:
1270 623 1471 654 retrimentnm,
1495 622 1552 649 sive
1571 629 1603 649 ex
1621 626 1714 656 putre-

927 668 991 696 dine
1005 676 1161 704 corporum,
1174 669 1231 696 sive
1246 676 1279 696 ex
1301 667 1441 695 immundo
1463 674 1542 694 emno
1569 667 1710 695 conﬁetur.

928 713 1061 746 Quocirca
1069 712 1187 740 civitatis
1202 712 1424 740 incolaeximium
1434 711 1560 746 quiddam
1574 714 1651 738 estet
1667 719 1711 738 ve-

927 759 1090 791 nerandum,
1109 767 1171 786 vere
1188 759 1280 789 homo,
1308 765 1435 792 eumque,
1461 764 1541 791 quem
1570 756 1604 783 ab
1635 757 1711 783 initio

928 807 1030 830 naturae
1054 804 1215 837 impressum
1234 802 1338 836 accepit
1355 801 1551 834 characterem,
1574 801 1632 836 ipsa
1656 800 1711 828 vita

91 845 127 871 τὰ
141 845 192 876 ἔξω
206 846 254 881 τῆς
269 845 372 878 πόλεως
388 847 632 882 ἀναστρεφόμενος,
645 848 717 875 κύων
732 849 813 879 ἐστὶν,
830 850 873 876 καὶ

926 857 974 876 sua
990 857 1147 884 expressum
1164 847 1371 875 circumferens.
1407 847 1441 873 At
1466 847 1512 881 qui
1541 854 1600 874 sese
1627 846 1654 873 in
1678 847 1712 873 iis

91 891 142 916 οὐκ
157 891 309 926 ἄνθρωπος,
329 891 398 918 ὥστε
422 892 537 928 φανερὸν
552 891 621 920 εἶναι
637 894 728 925 παντὶ,
750 894 807 926 πῶς
824 895 876 930 χρὴ

91 935 240 970 διακρίνειν
263 937 326 968 τοὺς
340 937 423 969 κύνας
440 938 493 964 ἀπὸ
507 938 561 964 τῶν
585 939 655 966 κατὰ
668 939 747 973 φύσιν
771 940 876 976 ἀνθρώ-

91 990 160 1012 πων,
178 982 228 1008 οὐκ
248 983 279 1008 ἐκ
296 982 342 1008 τοῦ
371 984 508 1019 σχήματος
529 984 600 1018 λέγω
613 986 662 1019 τῆς
679 986 725 1012 τοῦ
750 986 876 1021 σώματος

90 1026 271 1060 διαπλάσεως,
290 1028 346 1054 ἀλλ’
361 1029 392 1055 ἐκ
405 1030 452 1064 τῆς
466 1029 535 1057 κατὰ
549 1031 595 1057 τὸν
615 1031 669 1065 βίον
686 1031 825 1066 διαφορᾶς.
848 1032 876 1059 Ὀ

90 1071 145 1107 γὰρ
164 1072 213 1107 τῆς
238 1073 366 1109 ἐναρέτου
391 1075 494 1106 πόλεως
525 1076 644 1108 ἕνοικος,
670 1077 777 1112 ἀληθῶς
802 1079 875 1104 ἐστιν

91 1117 251 1153 ἄνθρωπος·
270 1120 293 1145 εί
307 1119 335 1145 δέ
349 1128 391 1151 τις
407 1120 471 1155 περὶ
489 1121 538 1155 τὴν
557 1121 661 1156 δυσώδη
683 1122 841 1154 ἀκολασίαν,
857 1122 873 1157 ἢ

89 1163 139 1199 τὴν
155 1165 392 1201 περιττωματικὴν
413 1165 577 1198 πλεονεξίαν.
598 1167 631 1202 ἣν
653 1168 754 1202 κυρίως
777 1168 809 1194 ἄν
825 1177 864 1199 τις

91 1208 233 1243 ὀνομάσειε
258 1209 368 1244 κόπρον,
384 1210 400 1245 ἢ
421 1211 484 1244 περὶ
497 1210 531 1236 τὰ
551 1210 618 1237 ἄλλα
634 1211 683 1246 τῆς
702 1211 800 1243 κακίας
819 1212 875 1246 εἴδη

89 1253 140 1288 τὴν
155 1254 270 1288 σπουδὴν
284 1254 350 1289 ἔχοι,
363 1254 414 1287 ἔξω
424 1255 471 1281 τοῦ
484 1255 582 1282 κύκλου
593 1256 642 1291 τῆς
655 1256 756 1288 πόλεως
767 1257 875 1291 ἐκείνης

90 1298 265 1333 πλανώμενος
288 1308 316 1325 τε
333 1299 379 1325 καὶ
397 1299 562 1335 περιέρπων,
582 1300 631 1336 βοᾷ
650 1301 708 1327 καθ’
729 1301 826 1327 ἑαυτοῦ
845 1302 875 1327 τὸ

91 1344 168 1370 κύων
183 1343 252 1371 εἶναι
267 1365 273 1376 ,
300 1345 537 1380 μεταπλασοείσης
552 1346 605 1372 ἀπὸ
619 1347 668 1380 τῆς
689 1348 729 1378 εἰς
749 1347 794 1372 τὸν
811 1347 875 1373 Θεὸν

88 1389 263 1424 ὁμοιότητος,
289 1390 334 1416 ἐπὶ
358 1390 390 1417 τὸ
411 1389 529 1422 κυνῶδες
545 1391 594 1426 τῆς
619 1392 735 1426 φύσεως.
753 1393 832 1423 Νοεῖς
848 1392 875 1418 δὲ

89 1435 198 1467 πάντως
212 1435 255 1462 διὰ
270 1436 322 1462 τῶν
337 1439 424 1463 κυνῶν
438 1437 483 1463 τὸν
497 1437 643 1472 ἀρχέγονον
658 1438 735 1470 κύνα,
753 1438 796 1464 τὸν
806 1442 876 1474 ’σαρ-

88 1480 202 1514 κοϐόρον
229 1489 258 1507 τε
282 1481 328 1508 καὶ
357 1481 595 1516 ἁνϐρωποκτόνον,
628 1482 717 1514 καθώς
751 1491 832 1518 φησιν
857 1484 872 1517 ἡ

89 1526 196 1561 Γραφή.

125 1625 179 1651 Καὶ
198 1623 232 1650 τὰ
254 1624 352 1659 ἐφεξῆς
368 1624 414 1652 τοῦ
427 1625 532 1660 ψαλμοῦ
546 1625 691 1661 διαγράφει
705 1627 753 1661 τὴν
768 1626 873 1663 κυνώδη

89 1669 172 1705 ζωήν.
197 1670 269 1696 Ἀντὶ
291 1670 344 1706 γὰρ
358 1670 406 1706 τῆς
420 1671 523 1706 ὑλακῆς
539 1672 656 1706 φθόγγον
671 1672 732 1699 τινὰ
755 1672 799 1699 διὰ
815 1673 874 1700 στὸ-

90 1723 174 1749 ματος
186 1715 274 1741 αὐτῶν
291 1716 415 1749 γενέσθαι
437 1717 520 1751 λέγει,
536 1718 583 1744 καὶ
597 1717 657 1744 ἀντὶ
678 1717 730 1744 τῶν
748 1718 869 1745 κυνοδόν-

87 1769 141 1786 των
164 1761 299 1796 ῥομφαίαν
327 1763 383 1793 τοῖς
406 1762 522 1797 χείλεσιν
548 1763 753 1798 ὑποκεκρύφθαι
781 1764 872 1798 φησὶν,

87 1805 158 1832 οὕτω
173 1807 260 1840 λέγων
274 1808 327 1838 τοῖς
343 1808 472 1843 ῥήμασιν·
492 1818 500 1834 t
529 1809 594 1835 Ἰδοὺ
609 1808 824 1843 ἁποφθέγξονται
845 1810 874 1835 ὲν

86 1851 126 1886 τῷ
152 1852 264 1887 στόματι
291 1853 391 1886 αὐτῶν,
415 1854 462 1880 καὶ
486 1854 606 1889 ρομψαία
629 1856 657 1881 ἐν
676 1857 732 1886 τοῖς
757 1855 873 1890 χείλεσιν

86 1897 186 1924 αὐτῶν.
207 1906 215 1922 ι
248 1897 328 1923 Ἀλλά
344 1897 379 1924 τὰ
398 1898 500 1934 φοϐερὰ
517 1899 603 1926 ταῦτα
622 1901 677 1931 τοῖς
701 1900 745 1926 τὸν
762 1901 827 1927 Θεὸν
844 1902 873 1928 ἐν

86 1943 193 1973 ἑαυτοῖς
210 1942 298 1976 ἔχουσι
309 1943 395 1976 γέλως
411 1944 493 1972 ἐστίν.
505 1954 514 1970 ι
527 1945 562 1970 Σὺ
576 1954 584 1970 ι
599 1945 662 1981 γὰρ,
680 1946 771 1981 φησὶν,
793 1956 801 1972 t
817 1947 874 1973 Κύ-

87 1995 164 2023 ριος,
178 1987 313 2024 ὲκγελάσῃ
330 1989 438 2021 αὐτούς’
451 1990 505 2024 ἐγὼ
519 1990 548 2017 δὲ
568 1990 598 2017 τὸ
615 1992 714 2027 κράτος
734 2000 784 2027 μου
805 1993 872 2027 πρὸς

85 2031 118 2058 σὲ
132 2031 251 2066 φυλάξω.
271 2041 280 2058 ι
299 2033 353 2059 Καὶ
366 2034 423 2068 μετ’
437 2034 515 2068 ὀλίγα
528 2035 678 2070 προμηνύει
693 2036 741 2072 τὴν
756 2037 872 2072 ὁρισθεῖ-

85 2086 137 2104 σαν
155 2078 206 2104 ὑπὸ
222 2078 268 2105 τοῦ
293 2079 360 2105 Θεοῦ
375 2080 421 2105 ἐπὶ
442 2079 488 2106 τοῦ
505 2080 570 2106 ἰδίου
590 2081 748 2116 πλάσματος
768 2083 872 2109 οἰκονο-

86 2122 160 2158 μίαν.
174 2123 242 2158 Φησὶ
256 2124 310 2160 γάρ
320 2133 326 2139 ·
342 2125 387 2160 Μὴ
403 2125 563 2162 ἀποκτείνῃς
585 2127 693 2159 αὐτοὺς,
710 2127 777 2154 ἀλλὰ
792 2129 872 2156 κατά-

84 2175 154 2218 γαγε
171 2168 274 2218 αὐτοὺς,
286 2168 338 2195 ἀπὸ
351 2168 396 2195 τοῦ
412 2169 494 2204 ὕψους
508 2171 556 2205 τῆς
566 2171 664 2202 κακίας
675 2172 714 2203 εἰς
727 2172 757 2198 τὸ
773 2173 870 2199 ὲπίπε-
886 2191 909 2218 ι)

83 2210 129 2237 δόν
143 2220 174 2238 τε
192 2213 243 2239 καὶ
263 2213 363 2248 ὁμαλὸν
384 2214 433 2250 τῆς
445 2214 515 2241 κατὰ
530 2214 595 2241 Θεὸν
613 2215 758 2248 πολιτείας.
781 2218 869 2253 Ὅπερ

83 2255 116 2290 δὴ
134 2256 181 2282 καὶ
203 2257 308 2289 Παῦλος
324 2260 338 2284 ὁ
353 2259 455 2293 μέγας,
473 2259 520 2285 καὶ
544 2260 557 2286 ὀ
571 2259 724 2294 Βαπτιστὴς
743 2261 870 2298 Ἰωάννης

83 2300 223 2336 ἐποίησεν.
258 2303 301 2329 Ἐν
328 2304 425 2338 Παύλῳ
452 2304 512 2339 μὲν,
534 2303 746 2340 καθαιρουμένου
771 2307 870 2339 παντὸς

84 2345 241 2380 ὑψώματος,
262 2348 308 2374 τοῦ
327 2349 396 2375 κατὰ
419 2350 467 2384 τῆς
484 2349 557 2382 θείας
580 2350 705 2384 γνώσεως
720 2352 868 2387 ἐπαιρομέ-

83 2397 129 2417 νου
143 2399 150 2405 ·
168 2391 219 2417 ὑπὸ
229 2391 256 2418 δὲ
277 2393 409 2425 Ἰωάννου,
424 2394 494 2420 κατὰ
503 2394 551 2430 τὴν
565 2395 730 2431 προφητείαν
747 2396 869 2429 Ἡσαΐου,

85 2436 184 2467 παντὸς
202 2437 294 2471 ὅρους,
317 2439 363 2465 καὶ
380 2439 476 2474 βουνοῦ
496 2440 564 2475 πρὸς
583 2441 613 2467 τὸ
635 2441 762 2468 ταπεινὸν
787 2451 871 2470 κατα-

84 2481 237 2516 σπωμένου.
248 2484 286 2509 Δι’
299 2480 336 2510 ὦν
351 2484 531 2520 μανθάνομεν,
543 2486 583 2512 ὅτι
597 2487 651 2512 τῶν
663 2486 711 2521 μὲν
723 2487 872 2523 ἀνθρώπων

55 2526 61 2532 ⁵
83 2525 237 2561 ἀφανισμὺς
247 2528 297 2554 οὐκ
311 2528 395 2560 ἔσται,
415 2529 457 2555 ἵνα
475 2531 510 2565 μὴ
522 2530 552 2556 τὸ
562 2530 630 2557 θεῖον
642 2531 721 2566 ἔργον
736 2533 870 2569 ἁχρειωοῇ

82 2571 122 2606 τῷ
137 2572 303 2608 ἀνυπάρκτῳ
317 2574 523 2609 ἀφανιζόμενον.
549 2576 618 2602 Ἀλλ·
629 2577 685 2604 ἀντ’
698 2578 786 2605 αὐτῶν
803 2580 871 2606 ἀπο-

83 2615 169 2644 λεῖται
186 2618 202 2652 ὴ
217 2619 348 2654 ἁμαρτία,
374 2620 420 2646 καὶ
440 2620 480 2651 είς
500 2620 530 2646 τὸ
550 2621 587 2657 μὴ
612 2621 642 2648 ὃν
665 2627 865 2659 περιστήσεται.

85 2671 97 2689 ι
117 2662 251 2699 Ἀμαρτία
269 2673 278 2688 ι
296 2664 361 2700 γὰρ,
378 2665 470 2699 φησὶν,
491 2676 500 2691 ‹
519 2666 650 2701 στόματος
662 2669 750 2696 αὐτῶν
766 2670 812 2696 καὶ
826 2671 867 2697 λό-

82 2715 131 2742 γος
146 2707 258 2743 χειλέων
270 2708 368 2735 αὐτῶν.
390 2718 398 2734 ι
418 2709 472 2747 Kal
485 2709 666 2747 ὑπερηφανία,
687 2713 734 2741 καὶ
744 2715 810 2750 ἀρὰ,
823 2715 870 2742 καὶ

139 2796 249 2825 “Jcan.
265 2805 322 2831 un,
339 2798 382 2826 Η.
440 2798 488 2825 "ll
510 2799 572 2827 Cor.
594 2788 620 2830 ιζ
639 2801 665 2828 5.

928 903 987 930 qua:
1000 899 1075 922 extra
1091 895 1226 922 civitatem
1243 898 1316 926 sunt,
1337 897 1462 928 occupat,
1489 893 1565 920 canis
1582 896 1634 925 est,
1659 899 1711 918 non

926 941 1017 974 homo,
1034 945 1063 968 ut
1078 941 1190 976 proinde
1205 940 1332 967 omnibus
1349 939 1457 974 planum
1478 939 1523 970 sit,
1536 946 1588 973 qua
1608 938 1712 964 ratione

925 987 1080 1015 discernere
1094 990 1218 1022 oporteat
1234 993 1326 1017 canes,
1341 986 1375 1012 ab
1392 985 1444 1011 illis
1459 984 1504 1018 qui
1528 988 1623 1009 natura
1648 987 1711 1009 sunt
1727 1010 1732 1016 ,

926 1033 1065 1060 homines:
1085 1041 1139 1060 non
1155 1033 1226 1059 enim
1241 1031 1387 1059 discrimen
1404 1030 1454 1057 hoc
1468 1038 1499 1057 ex
1516 1029 1602 1056 eilicta
1615 1036 1711 1063 corpo-

925 1079 964 1106 ris
975 1079 1060 1106 forma
1076 1079 1220 1114 petendum
1233 1082 1285 1110 est,
1294 1078 1341 1105 sed
1354 1086 1386 1104 ex
1395 1076 1545 1103 differentia
1556 1075 1613 1102 vita:
1629 1083 1708 1109 quam

924 1125 1028 1151 vivunt.
1043 1123 1107 1150 Nam
1120 1124 1165 1158 qui
1183 1123 1299 1150 civitatis
1313 1124 1411 1149 virtute
1426 1121 1544 1156 praedita:
1571 1120 1709 1147 inhabita-

925 1175 968 1198 tor
983 1175 1034 1202 est.
1053 1172 1095 1198 ille
1112 1179 1175 1198 vere
1191 1171 1272 1197 homo
1289 1175 1338 1197 est.
1354 1169 1429 1202 Quod
1446 1169 1467 1195 si
1483 1167 1544 1202 quis
1564 1168 1635 1194 circa
1650 1166 1711 1193 leti-

925 1217 985 1245 dum
1003 1218 1248 1251 intemperantiam,
1270 1220 1315 1242 aut
1333 1215 1405 1242 circa
1421 1214 1584 1248 supcrlluam
1601 1212 1709 1246 cupidi-

925 1265 1017 1293 tatem,
1033 1269 1113 1296 quam
1128 1261 1190 1295 quis
1208 1260 1315 1295 proprie
1339 1259 1518 1285 nominaverit
1532 1265 1651 1290 omnum,
1668 1257 1709 1284 vel

925 1308 952 1334 in
962 1307 1022 1334 aliis
1031 1307 1211 1341 improbitatis
1225 1306 1369 1341 generibus
1379 1305 1498 1332 studium
1509 1309 1535 1331 et
1548 1303 1708 1330 industriam

925 1354 1048 1385 collomt,
1063 1357 1138 1380 extra
1150 1353 1280 1380 ambitum
1297 1352 1414 1379 civitatis
1432 1351 1505 1377 illius
1528 1351 1670 1379 oberrans.
1687 1349 1711 1377 is

925 1399 958 1426 de
971 1399 1061 1433 seipso
1074 1399 1147 1425 clara
1164 1406 1228 1425 voce
1239 1402 1363 1429 testatur,
1377 1405 1405 1425 se
1426 1404 1519 1424 canem
1532 1403 1602 1426 esse.
1620 1400 1710 1422 trans-

925 1444 1039 1472 formata
1061 1444 1116 1476 illa,
1138 1451 1218 1479 quam
1240 1451 1300 1471 cum
1316 1443 1370 1470 Deo
1385 1443 1510 1473 habebat,
1536 1442 1710 1469 similitudine

926 1490 953 1516 in
971 1490 1095 1516 caninam
1108 1493 1243 1516 naturam.
1257 1488 1311 1516 Nec
1319 1488 1449 1523 est,quod
1467 1495 1514 1522 per
1529 1495 1611 1514 canes
1626 1488 1707 1513 alium

891 1528 912 1555 (ἶ
930 1536 1074 1570 intelligas,
1099 1542 1179 1570 quam
1191 1534 1348 1569 prim-aevum
1365 1534 1440 1560 illum
1456 1541 1566 1563 canem,
1585 1532 1710 1559 carnivo-

925 1588 985 1607 rum
1002 1586 1028 1608 et
1041 1580 1214 1612 homicidam,
1228 1584 1258 1606 ut
1276 1579 1416 1614 Scriptura
1434 1575 1594 1613 loquitur".

960 1624 1073 1660 Reliqua
1087 1625 1178 1653 itidem
1191 1625 1288 1658 psalmi
1303 1624 1462 1652 describunt
1474 1623 1599 1650 caninam
1615 1623 1707 1650 vitam.

925 1669 991 1697 Nam
1006 1671 1065 1698 loco
1079 1670 1194 1698 latratus
1208 1677 1305 1696 sonum
1320 1669 1463 1704 quemdam
1482 1677 1515 1696 ex
1536 1676 1583 1696 ore
1601 1668 1708 1694 illormn

924 1715 1042 1750 prodire,
1057 1720 1083 1743 et
1097 1716 1158 1742 loco
1184 1715 1305 1742 dentium
1331 1715 1490 1742 caninorum
1516 1713 1634 1749 gladium
1659 1713 1709 1740 sub

924 1761 1004 1788 labiis
1016 1768 1108 1788 eorum
1121 1760 1308 1788 absconditum
1319 1760 1396 1787 dicit.
1411 1759 1456 1786 Sic
1468 1759 1538 1786 enim
1553 1759 1634 1786 verba
1648 1766 1708 1785 sese

924 1806 1043 1834 habent:
1064 1806 1148 1834 «Ecce
1162 1806 1306 1841 loquentur
1323 1806 1349 1832 in
1361 1813 1407 1833 ore
1422 1813 1482 1837 suo,
1508 1809 1535 1832 et
1550 1804 1655 1839 gladius
1682 1803 1708 1830 in

924 1852 1002 1880 labiis
1016 1859 1136 1880 eorum.)
1152 1851 1203 1878 Sed
1219 1851 1336 1878 terriﬁca
1353 1851 1410 1877 haec
1423 1850 1495 1877 risus
1507 1853 1570 1877 sunt
1586 1849 1648 1880 illis,
1662 1849 1708 1882 qui

923 1897 1007 1926 Deum
1025 1906 1115 1925 secum
1132 1897 1247 1930 habent;
1272 1897 1308 1923 ait
1321 1897 1412 1923 enim:
1441 1895 1492 1921 tEt
1509 1899 1553 1928 tu,
1578 1894 1707 1924 Domine,

923 1943 1059 1971 deridebis
1074 1950 1201 1977 eos;ego
1217 1937 1281 1969 vero
1295 1941 1482 1973 fortitudinem
1508 1948 1594 1968 meam
1619 1939 1652 1966 ad
1682 1944 1707 1966 te

923 1989 1104 2017 custodiam.»
1124 1989 1156 2015 Et
1172 1993 1233 2023 post
1250 1995 1335 2023 pauca
1353 1987 1544 2022 praesigniﬁcat
1569 1986 1706 2014 deﬁnitam

923 2042 938 2062 a
954 2035 1010 2063 Deo
1023 2042 1106 2070 super
1117 2042 1168 2062 suo
1179 2034 1306 2069 ﬁgmento
1322 2033 1501 2060 ceconomiam
1516 2036 1542 2059 et
1553 2031 1709 2067 dispositio-

921 2089 1002 2114 nem;
1019 2081 1084 2108 dicit
1102 2082 1172 2108 enim
1186 2090 1192 2107 ε
1216 2080 1255 2107 Ne
1267 2080 1376 2107 occidas
1392 2087 1450 2112 eos,
1461 2079 1507 2106 sed
1521 2078 1632 2106 detrahe
1648 2078 1708 2104 illos

922 2127 957 2154 ab
970 2126 1112 2153 altitudine
1126 2126 1234 2153 malitia:
1249 2126 1276 2152 in
1293 2126 1451 2160 aequabilem
1468 2128 1494 2151 et
1510 2124 1616 2162 planam
1631 2123 1704 2149 illam

922 2170 1028 2198 vivendi
1049 2171 1196 2202 rationem,
1219 2177 1279 2205 qua:
1300 2170 1450 2197 secundum
1475 2168 1557 2195 Deum
1582 2167 1709 2194 institui~

924 2221 990 2244 tur:
1009 2217 1081 2251 quod
1108 2221 1135 2244 et
1160 2216 1261 2244 Paulus
1290 2223 1404 2251 magnus
1430 2215 1475 2241 ille
1497 2214 1652 2249 apostolus.
1679 2217 1709 2239 et

930 2261 1050 2289 Joannes
1065 2261 1183 2296 Baptista
1201 2261 1341 2288 fecerunt:
1360 2259 1464 2295 Paulus
1475 2258 1582 2292 quidem
1599 2258 1644 2292 qui
1660 2257 1710 2284 des

923 2306 1134 2333 struxitomncm
1150 2305 1320 2332 altitudinem
1335 2304 1508 2331 extollentem
1529 2311 1558 2331 se
1574 2303 1709 2330 adversus

923 2352 1065 2379 scientiam
1081 2351 1125 2379 Dei
1136 2352 1172 2384 “;
1187 2350 1305 2378 Joannes
1316 2357 1380 2378 vero
1392 2349 1540 2376 secundum
1554 2348 1628 2375 Isaia:
1640 2357 1704 2383 pro-

923 2398 1062 2433 phetiam,
1089 2405 1185 2425 omnes
1209 2401 1316 2424 montes
1340 2400 1367 2423 et
1393 2395 1476 2423 colles
1504 2395 1657 2421 humiliavit
1679 2399 1707 2422 et

921 2443 1115 2478 complanavit.
1137 2441 1175 2468 Ex
1191 2442 1292 2476 quibus
1324 2441 1500 2476 intelligimus
1521 2440 1640 2474 ipstiruu.
1657 2441 1705 2466 ho-

921 2488 1023 2516 minum
1048 2495 1102 2515 non
1127 2487 1184 2514 fore
1211 2487 1405 2519 abolitionem,
1431 2494 1464 2513 ne
1485 2485 1605 2512 divinum
1636 2494 1708 2520 opus

921 2534 1017 2562 inutile
1040 2534 1180 2566 reddatur,
1199 2534 1223 2561 si
1242 2533 1346 2561 recidat
1369 2533 1395 2559 in
1423 2532 1553 2564 nihilum,
1576 2532 1621 2559 sed
1644 2532 1708 2559 loco

920 2580 1040 2615 ipsorum
1058 2580 1158 2615 peribit
1173 2582 1312 2614 peccatum
1323 2598 1331 2610 ,
1346 2582 1373 2606 et
1390 2578 1416 2604 in
1433 2577 1546 2604 nihilum
1562 2582 1705 2604 converte-

922 2629 985 2653 tur:
1004 2635 1013 2652 ι
1027 2625 1160 2653 Delictum
1184 2625 1240 2652 oris
1263 2631 1356 2652 eorum
1367 2643 1374 2655 ,
1389 2633 1398 2649 ι
1415 2623 1521 2658 inquit,
1537 2633 1546 2649 ί
1561 2627 1586 2650 et
1613 2631 1704 2650 sermo

920 2671 1055 2698 labiorum
1079 2672 1199 2706 ipsorum
1225 2674 1266 2698 est
1282 2680 1290 2696 ι
1307 2669 1453 2704 superbia,
1482 2669 1651 2701 exsecratio,
1676 2672 1703 2693 et

919 2717 1107 2751 mendacium,
1122 2727 1131 2744 ε
1143 2717 1170 2745 in
1193 2717 1233 2745 ira
1251 2715 1495 2744 consummationis
1510 2722 1566 2743 non
1579 2716 1665 2741 erunt.
1692 2719 1700 2735 ι
