1989 3070
292 113 343 140 807
911 117 940 145 S.
959 118 1126 146 GREGORII'
1141 118 1285 146 NYSSENI
1859 117 1908 145 608

291 168 358 201 Qum
372 174 433 196 cum
450 169 566 204 amplius
581 177 636 197 non
652 169 752 198 fuerint
766 179 772 197 :
787 180 795 196 ι
806 171 978 207 Cognoscent
991 194 998 206 ,
1012 183 1021 199 ι
1035 175 1076 200 iu—

1125 173 1231 208 ψεῦδος,
1247 183 1256 199 ι
1270 175 1298 200 ὲν
1311 175 1342 209 τῇ
1353 173 1479 210 ὀργῇ-τῆς
1488 174 1640 205 συντελείας
1647 173 1695 208 οὐχ
1703 173 1880 209 ὑπάρξουσιν,
1897 183 1906 199 ι

250 243 259 249 ,
291 214 467 250 quit,«quia
495 215 565 242 Deus
589 215 775 243 dominabitur
797 216 897 250 Jacob,
925 223 952 245 et
977 219 1035 246 ﬁnit

1124 215 1175 245 ’Ὧν
1190 219 1288 254 μηκέτι
1304 219 1413 251 ὅντων,‹
1429 219 1608 252 Γνώσονται,›
1622 221 1714 255 φησὶν,
1731 229 1741 245 ί
1757 220 1797 246 ὅτι
1811 220 1825 246 ὁ
1842 219 1907 252 Θεδς

291 265 373 286 ιρι-ηε
384 281 392 292 ,
406 270 415 286 ι
428 261 502 287 nulla
519 261 593 288 enim
613 269 728 296 usquam
748 263 844 290 relicta
860 264 964 290 malitia
977 284 985 296 .
1014 272 1073 292 om-

1123 267 1247 298 δεσπόζει
1261 266 1308 293 τοῦ
1321 267 1427 299 Ἰακὼϐ,
1439 268 1546 294 καὶτῶν
1556 268 1681 302 περάτων
1694 269 1742 303 τῆς
1753 271 1812 304 γῆς.
1828 281 1837 297 ι
1850 273 1907 308 Mn.

290 306 366 332 nium
396 306 489 333 liniunt
515 313 602 334 rector
625 307 756 336 Dominus
782 309 850 342 erit,
873 317 935 336 cum
955 317 987 337 ea
1012 318 1074 345 quas

1123 311 1216 346 δαμῶς
1230 311 1284 346 γὰρ
1301 312 1509 348 ὑπολειφθείσης
1530 313 1637 345 κακίας,
1648 314 1756 345 πάντως
1769 314 1844 342 ἔσται
1855 306 1908 343 τῶν

290 358 363 378 nunc
381 352 474 380 multis
496 352 611 387 imperat
635 353 781 388 iniquitas,
796 353 829 381 de
845 355 935 382 medio
950 355 1070 382 tolletur.

1123 357 1248 392 περάτων
1255 358 1385 393 δεσπότης
1392 359 1406 383 ὁ
1416 358 1525 392 Κύριος,
1538 358 1586 392 τῆς
1596 357 1644 384 νῦν
1654 357 1848 394 βασιλευούσης
1854 360 1906 386 τῶν

291 395 392 423 Deinde
407 405 504 425 rursus
521 405 675 426 sermonem
692 400 790 435 repetit.
805 400 838 427 de
852 401 967 428 canibus
980 401 1013 428 iis
1025 400 1072 436 qui

1123 404 1226 430 πολλῶν
1235 403 1371 439 ἁμαρτίας
1382 404 1413 429 ὲκ
1424 402 1512 429 ποδῶν
1520 401 1745 438 γενομένηςΕἷτα
1758 403 1907 439 πάλιν[τδν]

293 451 303 466 ε
316 442 349 468 ad
363 450 504 477 vesperam
517 448 718 476 convertentur,
733 454 741 470 ι
752 445 852 480 quique
864 447 985 474 esuriem
998 455 1073 474 more

1123 450 1203 476 αὐτὸν
1215 448 1436 483 ὲπαναλαμὸάνει
1453 448 1530 482 λόγον
1540 447 1664 482 περὶτῶν
1671 457 1680 474 ‹
1691 449 1906 482 ἐπιστρεφόντων

290 495 406 520 canum,
422 489 613 524 civitatemque
632 490 806 522 circuibunt;
831 492 1005 519 manifestum
1029 500 1074 519 ar-

1123 492 1297 528 ειςὲσπέραν,
1303 502 1313 520 ι
1320 491 1600 526 καὶλιμωττόντωνὼς
1607 492 1705 525 κυνῶν,
1715 494 1762 519 καὶ
1771 497 1798 521 ὲν
1815 495 1906 530 κύκλῳ

291 533 378 559 bitror
393 541 425 560 ex
441 534 492 561 hac
506 535 640 562 sermonis
658 535 800 562 iteratione
812 555 820 567 ,
843 535 968 563 homines
990 537 1016 563 in
1034 536 1073 562 al-

1123 539 1340 574 περιερχομένων
1353 538 1402 573 τὴν
1416 537 1509 564 πόλινο
1525 536 1621 573 δηλῶν,
1639 537 1724 574 οἶμαι,
1735 540 1779 566 διὰ
1794 541 1843 575 τῆς
1859 541 1904 567 τοῦ

289 582 412 610 terutro,
429 587 476 607 seu
500 580 586 612 bono,
611 588 658 607 seu
679 581 765 612 malo,
782 581 809 608 in
824 589 879 616 quo
893 589 967 608 nunc
988 585 1070 613 sunt,

1122 585 1203 619 λόγου
1220 585 1422 620 ὲπαναλήψεως,
1440 584 1480 610 ὅτι
1497 584 1557 611 καθ’
1572 585 1700 620 ἑκάτερον
1719 586 1744 612 οἱ
1769 586 1906 622 ἄνθρωποι

290 622 350 650 fore
374 623 465 649 itidem
492 628 553 658 post
577 624 647 650 hanc
667 624 770 651 vitam:
787 625 834 659 qui
851 625 922 652 enim
947 633 1020 653 nunc
1043 625 1072 652 in

1123 631 1194 658 κατά
1209 639 1238 657 τε
1253 631 1283 657 τὸ
1302 630 1417 665 πονηρὸν
1437 631 1483 656 καὶ
1509 630 1541 657 τὸ
1555 631 1687 666 κρεῖττον,
1702 632 1730 657 ὲν
1749 629 1790 663 οἷς
1812 632 1843 658 ἂν
1862 631 1906 659 νῦν

290 668 445 702 impietate,
461 670 539 703 quasi
554 669 580 696 in
596 669 716 696 circuitu
728 670 864 701 ambulat,
885 678 972 705 neque
985 672 1012 698 in
1027 671 1073 698 illa

1123 677 1264 711 γένωνται,
1281 677 1310 702 ὲν
1323 677 1378 707 τοῖς
1392 676 1482 707 αὐτοῖς
1499 677 1546 702 καὶ
1557 676 1626 711 μετὰ
1635 676 1721 703 ταῦτα
1735 679 1904 712 γενήσονται.

289 713 400 740 civitate
411 714 483 748 degit
493 735 500 746 ,
511 723 598 749 neque
610 715 759 742 humanum
772 716 957 743 characterem
971 716 997 743 in
1014 724 1074 751 pro-

1129 722 1158 747 '0
1168 721 1222 756 γὰρ
1236 721 1283 747 νῦν
1294 721 1326 747 δι’
1340 720 1466 751 ἀσεϐείας
1480 720 1571 755 κύκλῳ
1584 721 1752 756 περιπατῶν,
1768 723 1804 756 μὴ
1817 722 1908 757 ἐμόιο-

289 759 346 793 pria
364 760 416 786 vita
433 760 568 794 custodit,
588 761 634 788 sed
651 761 791 794 eﬂeratur,
806 762 939 796 canisque
956 762 1073 790 ellicitur

1122 764 1208 790 τεύων
1223 765 1256 798 τῇ
1280 762 1370 794 πόλει,
1391 763 1457 798 μηδὲ
1475 763 1521 789 τὸν
1537 762 1706 799 ἀνθρώπινον
1721 763 1766 789 ἐπὶ
1779 764 1826 790 τοῦ
1843 764 1907 791 ἰδίου

289 805 427 833 voluntate
442 811 468 833 et
484 807 644 842 proposito;
662 807 685 834 is
701 811 728 834 et
743 815 817 835 nunc
836 815 850 834 a
871 816 989 842 superna
1006 809 1073 836 civi-

1125 808 1182 844 βίου
1195 809 1355 844 χαρακτῆρα
1366 807 1520 842 φυλάσσων,
1534 807 1601 834 ἀλλὰ
1617 808 1766 843 ἀποθηριοὺ
1771 817 1850 843 μενος
1865 808 1908 835 διὰ

289 855 345 878 tate
359 852 487 880 excidens
500 873 507 884 ,
523 853 644 880 omnium
663 853 797 880 bonorum
814 854 928 888 penuria
953 859 979 881 et
1002 854 1072 881 fame

1123 857 1172 892 τῆς
1184 856 1378 892 προαιρέσεως,
1395 856 1442 882 καὶ
1451 855 1523 881 κύων
1537 855 1691 889 γενόμενος,
1701 851 1777 886 οὗτος
1788 855 1833 881 καὶ
1847 855 1907 881 τότε

290 899 428 932 punietur.
443 899 477 924 At
495 898 543 932 qui
556 899 695 926 contraria
711 899 814 930 vincit,
834 900 1009 935 proceditque
1023 899 1073 935 (ut

1124 903 1175 938 τῆς
1190 903 1246 930 ἅνω
1260 902 1365 933 πόλεως
1384 900 1519 933 ἐκπεσὼν,
1538 901 1565 926 ἐν
1579 900 1651 935 λιμῷ
1666 900 1721 927 τῶν
1735 899 1845 934 ἀγαθῶν
1863 909 1909 927 κο-

290 944 353 970 alibi
389 943 533 972 Psalmista
556 945 714 980 loquitur),
733 945 788 974 (de
812 946 912 973 virtute
934 947 962 973 in
987 947 1073 973 virtu-

1125 947 1298 982 λασθήσεται.
1320 947 1348 973 Ὂ
1358 946 1386 972 δὲ
1399 946 1511 981 νικητὴς
1526 944 1579 972 τῶν
1593 945 1720 972 ἐναντίων
1744 946 1791 972 καὶ
1808 945 1909 980 προῖὼν

289 993 344 1016 tem
355 990 404 1022 ¹⁰,›
418 991 612 1026 victoriamque
621 991 701 1019 aliam
717 992 768 1018 alia
784 995 929 1026 permutat,
942 992 975 1023 is,
989 991 1074 1019 «Can-

1127 992 1235 1028 (καθώς
1252 1000 1334 1026 φησιν
1352 990 1465 1026 ἑτέρωθι
1491 998 1543 1016 που
1557 990 1572 1016 ὁ
1587 990 1772 1025 Ψαλμῳδὸς)‹
1787 989 1820 1014 ὲκ
1828 989 1909 1016 δυνά-

290 1036 371 1067 tabo.
389 1046 397 1061 ι
412 1037 464 1069 ait,
479 1046 488 1063 ‹
505 1037 656 1065 fortitudini
675 1042 746 1070 tuae:
765 1039 908 1066 exsultabo
922 1045 1003 1065 mane
1019 1038 1073 1064 mi-

1129 1046 1201 1073 μεως
1215 1038 1255 1069 εἱς
1273 1035 1397 1072 δύναμιν,
1409 1036 1555 1070 matrix-qv
1571 1035 1785 1070 διαμειϐόμενος,
1806 1044 1815 1060 ι
1832 1035 1911 1070 ’ᾼσο-

290 1083 466 1110 seriem-diam
483 1088 572 1117 tuam,
589 1094 598 1110 ι
614 1085 743 1119 quoniam
764 1085 853 1112 factus
869 1092 898 1112 es
921 1085 1033 1119 adjutor
1047 1088 1074 1111 et

1129 1092 1188 1119 μαι,
1203 1092 1212 1109 ›
1229 1082 1313 1117 λέγει,
1332 1091 1341 1108 ε
1361 1083 1395 1117 τῇ
1409 1081 1522 1116 δυνάμει
1538 1089 1595 1113 σου,
1610 1083 1657 1108 καὶ
1668 1080 1867 1115 ἁγαλλιάσομαι
1880 1081 1909 1107 rb

290 1127 423 1163 refugium
438 1137 525 1156 meum
537 1150 544 1161 ,
561 1135 587 1157 ct
601 1134 626 1158 te
640 1130 717 1158 decet
733 1131 817 1166 gloria
831 1131 859 1158 in
874 1131 972 1159 sagcula
988 1138 1075 1158 szecu-

1127 1129 1200 1165 πρωῒ
1223 1129 1253 1156 τὺ
1278 1128 1352 1159 ἔλεός
1376 1136 1430 1154 σου.
1463 1137 1473 1153 ι
1497 1128 1558 1154 Ὅτι
1582 1127 1714 1162 ὲγενήθης
1737 1126 1909 1162 ἀντιλήπτωρ

289 1173 388 1201 lorum.
405 1175 501 1201 Amen.

1129 1183 1190 1210 μου,
1207 1175 1254 1201 ml.
1270 1175 1414 1209 καταφυγή
1438 1182 1488 1208 μου
1500 1193 1506 1205 ,
1523 1173 1569 1199 καί
1585 1181 1625 1199 σοι
1641 1173 1740 1208 πρέπει
1754 1173 1771 1207 ὴ
1790 1171 1854 1204 δόξα
1871 1172 1910 1203 είς

1127 1220 1189 1252 τοὺς
1207 1219 1306 1251 αἰῶνας
1318 1219 1371 1246 τῶν
1386 1218 1501 1246 αἰώνων.
1522 1218 1616 1254 Ἀμήν.

326 1252 348 1268 ⁵ο
364 1252 436 1279 Psal.
453 1261 554 1280 Lxxsm
566 1273 572 1285 ,
589 1253 617 1280 8.

539 1385 652 1428 ΤΟΥ
686 1384 874 1429 ΑΥΤΟΥ
911 1387 996 1429 ΕΙΣ
1032 1387 1145 1429 TON
1181 1386 1369 1428 ΕΚΤΟΝ
1406 1383 1667 1431 ΨΑΛΜΟΝ,

926 1476 1017 1503 ΠΕΡΙ
1036 1476 1105 1503 ΤΗΣ
1124 1475 1276 1503 ΟΓΔΟΗΣ.

583 1629 853 1676 EJUSDEM
893 1632 955 1677 IN
1007 1631 1249 1676 SEXTUM
1307 1624 1612 1690 PSALMUM,

980 1727 1037 1757 DE
1054 1725 1225 1757 OCTAVA.

907 1802 1039 1828 Laurentio
1052 1802 1135 1828 Sifano
1146 1804 1292 1834 interprete.

1098 1886 1133 1895 ..-

330 1953 382 1987 Qui
409 1951 558 1979 secundum
584 1951 770 1985 preplietieam
797 1950 1013 1978 aeneilictionem
1042 1958 1076 1977 ex

1166 1952 1197 1977 Οἱ
1222 1951 1254 1978 ὲκ
1277 1950 1417 1986 δυνάμεως
1439 1952 1478 1982 εἰς
1498 1951 1612 1986 δύναμιν
1639 1951 1827 1987 πορευόμενοι,
1845 1951 1916 1978 κατὰ

295 2001 397 2028 virtute
411 1997 441 2026 in
454 1999 584 2026 virtutem
599 1997 820 2032 progrediuntur,
835 2001 916 2031 atque
931 1996 1077 2032 praeclaros

1131 1996 1178 2032 τὴν
1194 1997 1364 2032 προφητικὴν
1381 1996 1514 2030 εὐλογίαν,
1539 1996 1585 2022 καὶ
1601 1996 1649 2028 τὰς
1671 1996 1754 2027 καλὰς
1770 1997 1916 2029 ἀναϐάσεις

296 2054 426 2074 ascensus
453 2046 480 2072 in
497 2044 628 2072 cordibus
649 2044 707 2071 suis
727 2044 876 2079 disponunt
888 2045 922 2078 ",
949 2052 1011 2072 cum
1030 2044 1080 2071 ali-

1132 2042 1160 2068 ὲν
1183 2043 1242 2073 ταῖς
1262 2041 1365 2068 ἑαυτῶν
1387 2033 1510 2077 καρδίαις
1533 2041 1722 2077 διατιθέμενοι,
1739 2042 1776 2068 ὅτ’
1792 2042 1824 2068 ἄν
1844 2051 1917 2074 τινος

296 2100 376 2127 quem
393 2092 492 2118 bonum
509 2090 675 2117 intellectum
692 2091 929 2125 apprehenderint,
954 2099 1002 2125 per
1015 2098 1078 2118 eum

1132 2088 1236 2122 ἀγαθοῦ
1264 2089 1398 2124 νοήματος
1425 2088 1590 2123 δρὰξωνται,
1621 2087 1852 2123 χειραγωγοῦνται
1882 2089 1916 2114 δι’

296 2138 330 2165 ad
350 2138 536 2165 sublimiorem
553 2137 718 2164 intellectum
735 2136 813 2171 quasi
829 2144 911 2163 manu
923 2137 1076 2170 ducuntur;

1133 2134 1237 2160 ἐκείνου
1262 2133 1329 2168 πρὸς
1354 2133 1517 2169 ὑψηλότερον
1536 2133 1624 2168 νόημα
1649 2134 1682 2159 δι’
1705 2129 1736 2159 οὗ
1760 2132 1862 2167 γίνεται
1882 2135 1915 2168 τῇ

296 2193 345 2219 per
358 2192 438 2219 quem
465 2183 561 2210 animat
585 2182 729 2210 conficitur
745 2189 876 2211 ascensus
895 2183 922 2210 in
944 2183 1078 2216 sublime;

1132 2180 1204 2215 ψυχῇ
1230 2179 1246 2214 ἠ
1269 2179 1316 2205 ἐπὶ
1338 2177 1368 2204 τὸ
1397 2178 1462 2213 ὖψος
1485 2178 1626 2210 ἀνάϐασις.
1651 2179 1706 2205 Καὶ
1726 2178 1811 2210 οὕτως
1836 2179 1849 2204 ὁ
1873 2179 1917 2205 ἀεὶ

297 2236 378 2265 atque
396 2231 432 2256 ita
445 2230 490 2264 qui
507 2236 614 2263 semper
626 2229 660 2254 ad
672 2236 702 2255 ea
715 2236 775 2263 quae
793 2232 856 2255 sunt
871 2229 974 2263 priora,
990 2236 1020 2256 se
1032 2236 1079 2256 ex-

1132 2228 1188 2258 τοῖς
1208 2225 1362 2262 ἔμπροσθεν
1385 2225 1621 2261 ἐπεκτεινόμενος,
1640 2225 1768 2251 οὐδέποτε
1779 2225 1828 2257 τῆς
1848 2226 1917 2259 ἁγα-

296 2276 427 2308 teudit“,
458 2282 596 2309 nunquam
621 2281 636 2300 a
663 2273 733 2301 bona
762 2274 923 2301 ascensione
948 2273 1078 2306 cessabit,

1132 2271 1181 2305 θῆς
1203 2271 1297 2297 ἀνόδου
1319 2269 1470 2301 παύσεται,
1487 2270 1530 2295 ἀεὶ
1556 2269 1600 2295 διὰ
1614 2268 1668 2295 τῶν
1684 2269 1794 2304 ὔψηλῶν
1815 2269 1917 2303 νοημά-

297 2322 360 2348 dutn
379 2328 486 2356 semper
505 2328 551 2355 per
565 2320 718 2347 intellectus
739 2319 881 2351 sublimes,
898 2319 931 2346 ad
945 2326 1078 2353 superno-

1133 2325 1185 2342 των
1209 2315 1277 2349 πρὸς
1299 2315 1348 2348 τὴν
1371 2314 1425 2341 τῶν
1441 2314 1645 2350 ὑπερκειμένων
1671 2314 1833 2348 κατανόησιν
1856 2314 1918 2348 ὁδη-

298 2375 358 2394 rum
372 2367 480 2393 ducitur
491 2366 745 2401 contemplationem
761 2370 788 2392 et
803 2366 1077 2395 animadversionem.

1134 2361 1274 2396 γούμενος.
1291 2359 1382 2387 Ταῦτα
1397 2358 1482 2391 εἷπον,
1505 2359 1629 2394 ἀδελφοὶ,
1642 2359 1680 2394 τῷ
1696 2359 1767 2394 ἕκτῳ
1782 2359 1837 2385 τῶν
1852 2360 1919 2394 ψαλ-

299 2413 361 2440 ΙΙερο
381 2413 447 2444 dixi,
473 2411 582 2442 fratres.
608 2412 641 2438 ad
666 2419 723 2443 vos,
739 2417 815 2439 sexto
838 2412 942 2446 psalmo
961 2415 1079 2439 mentem

1134 2407 1191 2442 μῶν
1205 2407 1343 2442 προσέχων
1361 2405 1409 2441 τὴν
1430 2405 1558 2437 διάνοιαν,
1582 2405 1628 2431 καὶ
1653 2405 1758 2439 βλέπων
1779 2405 1828 2440 τὴν
1852 2406 1918 2432 ἀνα-

299 2459 442 2490 ςςόίιὶὺθιιε,
471 2462 498 2485 et
521 2459 702 2485 necessariam
727 2458 831 2486 ordinis
856 2458 1079 2492 consequentiam

1135 2453 1231 2487 γκαίαν
1245 2453 1293 2487 τῆς
1309 2451 1410 2484 τάξεως
1420 2451 1589 2483 ἀκολουθίαν,
1605 2451 1663 2482 πῶς
1688 2450 1757 2485 μετὰ
1777 2451 1826 2486 τὴν
1843 2451 1920 2486 Κλη-

298 2513 424 2536 cernens,
435 2504 668 2540 quemadmodum
681 2509 743 2539 post
753 2511 812 2531 eam
825 2511 884 2537 qua:
896 2504 1080 2531 luereditatem

1134 2498 1297 2535 ρονομοῦσαν
1307 2499 1320 2524 ὁ
1332 2497 1454 2533 περὶτῆς
1466 2497 1576 2532 Ὀγδόης
1589 2497 1653 2531 ἡμῖν
1666 2496 1815 2532 προσετέθη
1828 2496 1919 2530 λόγος.

299 2552 486 2586 consequitur,
513 2551 547 2578 de
568 2550 669 2577 Octava
686 2550 764 2576 nobis
781 2557 870 2576 sermo
889 2549 1013 2583 adjectus
1031 2549 1079 2575 sit.

1134 2544 1244 2574 Πάντως
1255 2543 1283 2568 δὲ
1295 2544 1345 2569 οὐκ
1353 2544 1474 2576 ἀγνοεῖτε
1482 2543 1568 2577 τὸτῆς
1587 2542 1696 2577 Ὀγδόης
1709 2543 1866 2578 μυστήριον.
1881 2544 1919 2569 σὺ

299 2598 418 2626 Prorsus
433 2601 522 2624 autem
538 2597 696 2632 mysterium
707 2595 815 2622 Octava:
826 2595 849 2610 "
866 2602 918 2620 non
936 2594 1079 2628 ignoratis.

1133 2589 1186 2625 γὰρ
1208 2589 1239 2624 δὴ
1259 2589 1326 2624 πρὸς
1346 2588 1494 2620 Ἰουδαῖκάς
1509 2588 1655 2623 ὑπολήψεις
1671 2588 1743 2619 εἰκός
1767 2588 1839 2614 ἐστιν
1854 2588 1918 2614 ὑπο-

300 2643 359 2671 Νοιι
376 2643 448 2670 enim
465 2643 556 2677 utique
570 2641 697 2670 convenit
712 2639 904 2667 nonnullorum
916 2643 1032 2677 mentem
1046 2638 1080 2666 ad

1137 2635 1264 2671 φέρεσθαι
1285 2643 1364 2660 τινων
1382 2634 1430 2667 τὴν
1452 2634 1578 2661 διάνοιαψ
1598 2634 1623 2660 οἳ
1643 2634 1706 2663 περὶ
1720 2634 1753 2660 τὰ
1774 2634 1918 2668 ἀσχήμονα

298 2687 454 2716 Judatorum
477 2676 615 2713 labascere
629 2690 655 2712 et
674 2685 731 2720 rapi
749 2684 904 2719 opiniones,
917 2676 968 2718 'qui
987 2684 1019 2710 ad
1038 2685 1082 2710 in-

1135 2681 1182 2707 τοῦ
1199 2679 1322 2714 σώματος
1332 2679 1407 2714 ἡμῶν
1423 2679 1453 2706 τὸ
1466 2679 1634 2715 μεγαλοφυὲς
1647 2679 1694 2706 τοῦ
1708 2679 1854 2714 μυστηρίου
1868 2679 1919 2714 τῆς

300 2734 415 2761 decoras
441 2732 564 2766 corporis
590 2730 676 2758 nostri
705 2735 806 2765 partes,
837 2729 959 2764 mysterii
976 2729 1084 2756 Octava:

1143 2725 1254 2761 Ὀγδόης
1269 2724 1448 2760 κατάγοντες,
1468 2725 1512 2752 τὸν
1526 2725 1576 2761 τῆς
1590 2725 1740 2761 περιτομῆς
1754 2724 1845 2760 νόμον,
1871 2723 1919 2750 καὶ

356 2813 376 2830 ¹¹
395 2815 464 2844 Psal.
477 2823 590 2848 Lnxtu,
609 2814 664 2842 6-8.
721 2815 742 2830 ⁸⁸
755 2813 923 2849 Philippm,
939 2813 980 2841 15.
1036 2813 1057 2829 ¹⁵
1070 2812 1142 2840 Psal.
1162 2821 1187 2843 v,
1208 2812 1232 2838 l.
