1989 3070
78 122 130 150 609

787 124 821 152 ιΝ
838 123 1008 152 PSALMOS.

1655 130 1708 159 610

76 179 108 205 τὺ
122 178 194 214 μετὰ
207 178 256 214 τὴν
280 179 386 215 λοχείαν
415 180 572 217 καθάρσιον,
590 182 638 209 καὶ
657 182 691 209 τὰ
702 182 815 210 τοιαῦτα
825 183 870 210 λέ-

931 181 1110 210 :xcellcntiam
1137 181 1317 214 deducentes,
1347 181 1569 210 circumcisionis
1596 187 1624 211 et
1649 189 1712 219 post

77 233 155 259 γουσι
166 225 205 260 τῷ
218 225 328 261 ἀριομῷ
340 227 389 262 τῆς
407 227 517 263 Ὀγδόης
526 229 758 264 καταμηνύεσθαι.
776 229 869 264 Ἡμεῖς

77 270 106 296 δὲ
121 272 196 306 παρὰ
211 271 258 298 τοῦ
278 272 396 306 μεγάλου
410 272 518 300 Παύλου
537 274 682 308 μαθόντες,
700 275 741 301 ὅτι
763 276 777 301 ὁ
790 275 870 310 νόμος

80 317 264 352 πνευματικός
281 319 350 350 ἔστι,
370 319 423 346 κᾶν
436 321 465 346 ἐν
485 322 541 352 τοῖς
557 320 765 356 μνημονευθεῖσι
779 320 871 355 νόμοις

78 364 93 390 ὀ
107 363 223 399 ἀριθμὸς
236 361 315 396 οὗτος
335 365 501 400 ἐμφέρηται,
526 365 678 401 νομοθετῶν
698 365 745 392 καὶ
760 365 799 401 τῷ
821 365 871 401 ἄῤ-

82 409 137 444 ρενι
153 409 201 445 τὴν
225 411 386 445 περιτομὴν,
406 411 454 438 καὶ
468 413 500 446 τῇ
523 412 632 445 γυναικὶ
655 411 704 447 τὴν
719 412 765 438 ἐπὶ
787 411 873 438 καθα-

80 454 179 490 ρισμοῦ
203 455 298 481 Θυσίαν
311 464 317 470 ·
342 455 403 482 οὔτε
419 456 608 491 ἀποϐάλλομεν
627 456 673 483 τὸν
693 456 785 492 νόμον,
809 454 871 482 οὔτε

79 500 215 532 ταπεινῶς
234 500 399 536 ὲκδεχόμεθα
409 520 417 533 ,
435 502 534 534 ειδότες
548 522 555 534 ,
572 503 613 528 ὅτι
625 501 732 538 ἀληθῶς
746 503 778 538 τῇ
792 502 871 538 ὀγδόῃ

81 545 184 579 γίνεται
198 546 214 581 ἡ
228 545 341 582 ἀληθινὴ
349 546 496 582 περιτομὴ,
507 547 551 573 διὰ
567 548 616 582 τῆς
631 547 761 583 πετρίνης
775 547 873 582 μαχαί-

82 599 132 627 ρας
144 591 338 627 ὲνεργουμὲνη.
351 591 432 624 Νοεῖς
446 592 474 618 δὲ
486 592 593 625 πάντως
606 593 650 620 διὰ
663 593 711 629 τῆς
721 593 874 628 τεμνούσης

80 637 110 664 τὸ
124 637 279 673 ἀκάθαρτον
296 638 410 673 πέτρας,
431 639 515 674 αὐτὴν
527 640 577 675 τὴν
596 639 699 675 πέτραν
723 640 783 675 ἥτις
798 639 873 666 ἐστὶν

80 683 95 709 ὀ
111 682 230 717 Χριστὸς
240 703 248 715 ,
262 684 402 718 τουτέστι,
423 683 473 720 τῆς
489 685 618 721 ἀληθείας
632 687 646 712 ὁ
663 686 751 720 λόγος·
766 685 813 712 καὶ
832 685 873 712 ὃτι

81 727 143 754 τότε
167 728 284 755 παύεται
305 729 321 764 ὴ
347 730 461 764 ῥυπῶσα
480 730 532 756 τῶν
553 729 600 757 τοῦ
628 730 686 765 βίον
705 729 874 765 πραγμάτων

83 773 178 808 ῥύσις,
211 774 261 809 τῆς
284 774 458 810 ἀνθρωπίνης
486 775 558 811 ζωῆς
586 776 876 812 μεταστοιχειωοείσης

83 819 152 854 πρὸς
182 820 212 846 τὸ
243 820 388 856 θειότερον.
420 821 464 853 Ὠς
486 821 509 848 δ’
526 821 558 848 ἂν
580 822 648 848 πᾶσι
671 822 777 856 γένοιτο
796 821 874 857 δῆλον

921 228 1097 263 puerperium
1118 227 1317 262 puriﬁcationis
1346 227 1444 262 legem,
1474 235 1506 255 ac
1531 228 1594 255 talia
1613 229 1710 257 dicunt

922 280 1037 301 numero
1056 271 1165 300 Octava
1190 271 1350 306 signiﬁcari.
1369 271 1425 299 Nos
1450 276 1541 299 autem
1568 279 1583 298 a
1611 279 1711 308 magno

922 318 1007 346 Paulo
1030 318 1114 351 docti,
1137 317 1210 353 quod
1227 318 1269 344 lex
1284 317 1435 352 spiritualis
1451 318 1530 350 sit",
1551 317 1659 346 etiamsi
1684 319 1712 346 in

922 364 1080 392 memoratis
1103 364 1210 399 legibus
1222 363 1268 390 hic
1289 370 1422 390 numerus
1437 364 1621 395 contineatur,
1642 372 1714 398 pra:-

923 410 1049 437 scribens
1076 413 1103 436 et
1127 409 1252 436 masculo
1267 408 1520 439 circumcisionem,
1550 412 1577 436 et
1604 409 1713 437 mulieri

923 454 1123 490 puriﬁcationis
1153 454 1263 481 nomine
1289 453 1454 481 sacriﬁcium
1479 458 1505 481 et
1533 454 1713 487 oblationem,

924 508 1014 536 neque
1028 500 1126 527 humili
1140 504 1221 535 atque
1233 500 1340 535 abjecta
1354 504 1445 528 mente
1457 508 1517 528 eam
1530 500 1714 534 admittimus,

924 547 1044 575 scientes
1060 546 1133 582 quod
1159 547 1257 582 procul
1285 546 1368 574 dubio
1388 550 1486 574 octavo
1510 546 1553 573 die
1577 554 1641 574 vcra
1660 547 1716 574 cir-

924 590 1056 621 cumcisio
1081 591 1138 625 ﬁat,
1154 600 1214 628 quae
1230 600 1279 628 per
1298 592 1435 627 lapideum
1452 592 1570 620 cultrum
1595 592 1717 620 admini-

925 643 1039 667 stratur.
1058 638 1189 674 lntelligis
1203 642 1296 666 autem
1318 646 1431 674 prorsus
1454 646 1503 673 per
1531 638 1654 673 lapidem»
1669 639 1717 674 qui

926 684 1063 720 impurum
1089 688 1115 712 et
1142 684 1312 711 immundum
1330 684 1442 716 scindit,
1469 685 1559 719 ipsum
1582 685 1715 719 lapidem.

926 730 972 765 qui
990 733 1032 757 cst
1046 729 1174 756 Christus
1185 730 1218 761 ⁸⁸,
1234 730 1287 757 1ιοο
1307 733 1347 756 cst
1360 729 1482 756 veritatis
1495 736 1597 760 sermo,
1607 729 1715 765 etquod

929 781 994 803 tunc
1022 776 1141 802 humana
1158 775 1214 802 vita
1242 775 1277 802 ad
1301 775 1462 803 diviniorem
1477 781 1504 803 et
1529 776 1717 810 augustiorem

928 821 1043 849 formam
1056 820 1192 854 traducta,
1207 820 1317 848 ﬁnietur
1330 821 1457 849 sordidus
1471 823 1641 857 negotiorum
1654 822 1718 849 vita:

81 863 113 889 τὸ
132 864 161 889 ὲν
183 864 239 894 τοῖς
262 864 392 896 τοιούτοις
411 863 574 899 νοούμενον,
597 865 772 901 σαφέστερον,
802 865 876 896 ὅπως

931 862 1029 893 ﬂuxus.
1053 865 1088 892 Ut
1111 869 1200 892 autem
1220 866 1347 893 omnibus
1364 853 1540 894 manifestu'm
1560 866 1619 900 ﬁat,
1644 867 1719 902 quod

81 907 115 934 ἂν
133 905 189 941 οἷός
205 916 235 935 τε
248 907 270 935 ὢ
280 929 287 940 ,
300 910 345 936 τὸν
359 909 436 944 λόγον
450 910 612 946 ἐκθήσομαι.
633 911 662 938 '0
680 911 726 938 τοῦ
745 911 803 946 βίου
818 910 878 938 τού-

82 961 130 979 του
153 953 250 988 χρόνος
273 954 302 980 ὲν
327 955 360 990 τῇ
390 955 487 992 πρώτῃ
511 956 678 993 δημιουργίᾳ
697 957 747 992 τῆς
761 957 878 988 κτίσεως

82 998 127 1025 διὰ
142 1000 206 1034 μιᾶς
226 999 370 1035 ἑϐδομάδος
384 1001 495 1036 ὴμερῶν
511 1002 716 1038 συνεπληρώθη·
733 1002 834 1038 ἤρξατό
846 1011 876 1028 τε

82 1043 137 1079 γὰρ
156 1045 209 1071 ἀπὺ
227 1045 277 1080 τῆς
301 1045 414 1082 πρώτης
435 1047 452 1082 ἡ
474 1046 528 1074 τῶν
542 1047 626 1075 ὅντων
640 1048 812 1084 δημιουργία,
829 1048 877 1075 καὶ

82 1091 116 1126 τῇ
132 1091 233 1127 ἑϐδόμῃ
245 1092 428 1127 συγκατέληξε
437 1092 467 1119 τὸ
480 1094 569 1129 πέρας
583 1094 633 1129 τῆς
645 1095 784 1126 κτίσεως.ι
801 1094 878 1128 Ἐγέ-

83 1146 159 1164 νετο)
171 1138 224 1173 γὰρ
238 1147 246 1163 ι
260 1138 352 1174 ἡμέρα
364 1139 422 1174 μία,
430 1149 439 1165 ι
453 1140 582 1175 φησὶν,ὲν
617 1140 651 1167 τὰ
658 1140 754 1176 πρῶτα
761 1141 878 1175 ἐγένετοι

83 1184 132 1209 καὶ
144 1182 231 1214 οὕτως
246 1183 275 1210 ὲν
287 1185 321 1219 τῇ
334 1184 449 1220 δευτέρᾳ
461 1185 495 1212 τὰ
510 1185 625 1221 δεύτερα
635 1205 642 1218 ,
654 1186 702 1213 xai.
724 1185 878 1218 ἀκολούθως

84 1229 138 1260 ἓως
158 1230 212 1256 τῶν
229 1230 258 1263 ἐξ
273 1230 391 1258 ἅπαντα.
423 1232 454 1258 Ἠ
478 1231 506 1258 δὲ
523 1232 623 1268 ἑϐδόμη
646 1233 733 1268 πέρας
744 1233 877 1268 γενομένη

83 1276 134 1310 τῆς
146 1276 272 1307 κτίσεως,
291 1277 320 1303 ὲν
335 1276 418 1312 ἑαυτῇ
435 1277 604 1314 περιέγραψε
620 1278 665 1305 τὸν
679 1287 880 1314 συμπαρεκτει-

84 1320 197 1356 νόμενον
212 1323 244 1357 τῇ
261 1324 417 1358 κατασκευῇ
432 1322 478 1349 τοῦ
495 1323 717 1359 κόσμουχρόνον.

930 919 979 946 pcr
993 911 1058 938 talia
1079 911 1247 946 intelligatur
1258 932 1265 944 ,
1281 918 1337 938 rem
1354 910 1388 938 de
1404 919 1457 946 qua
1472 912 1571 947 agitur,
1588 919 1638 946 pro
1651 911 1719 938 viri-

930 957 981 985 bus
998 957 1119 992 apertius
1132 963 1277 991 exponam.
1290 956 1376 992 Hujus
1392 956 1454 984 vita:
1467 961 1574 992 tempus
1587 958 1614 984 in
1629 957 1720 992 prima

931 1003 976 1030 illa
997 1003 1170 1031 institutione
1193 1007 1325 1030 creaturae
1348 1010 1396 1038 per
1412 1010 1494 1030 unam
1510 1002 1616 1030 dierum
1632 1004 1720 1038 septi-

931 1055 1040 1075 manam
1054 1048 1218 1083 completum
1237 1051 1289 1076 est.
1309 1048 1375 1075 Nam
1391 1052 1418 1076 et
1433 1056 1448 1076 a
1466 1049 1509 1076 die
1520 1049 1608 1084 prima
1624 1057 1719 1077 rerum

931 1093 1122 1120 universarum
1156 1091 1295 1127 opiﬁcium
1321 1086 1483 1119 institutum
1513 1095 1565 1126 est,
1597 1096 1624 1120 et
1654 1099 1718 1120 cum

931 1137 1047 1172 septima
1064 1135 1126 1163 linis
1140 1136 1288 1164 creationis
1306 1135 1356 1163 fuit
1368 1137 1400 1163 “.
1422 1135 1540 1165 «Factus
1555 1142 1617 1165 est:
1634 1137 1719 1170 enim,

932 1183 1031 1218 inquit,
1048 1191 1057 1208 ι
1068 1183 1128 1210 dies
1141 1190 1239 1214 unus,»
1255 1182 1282 1209 in
1295 1190 1350 1218 quo
1360 1183 1448 1218 prima
1462 1183 1533 1210 facta
1547 1187 1626 1212 sunt:
1639 1189 1722 1219 atque

931 1230 970 1258 ita
990 1231 1018 1257 in
1047 1229 1180 1263 secundo,
1210 1229 1349 1258 secunda:
1375 1237 1406 1257 ac
1425 1230 1554 1265 deinceps
1576 1239 1665 1265 usque
1686 1230 1720 1258 ad

933 1280 1052 1308 sextum,
1070 1276 1210 1303 universa.
1229 1275 1368 1311 Septimus
1392 1281 1482 1304 autem
1504 1284 1566 1304 cum
1586 1277 1722 1305 terminus

932 1320 1080 1349 creationis
1093 1320 1258 1354 esstitisset,
1276 1321 1304 1348 in
1319 1328 1348 1348 se
1363 1321 1582 1357 circumscripsit
1600 1326 1722 1357 tempus,

85 1369 159 1405 quod
186 1369 294 1397 interim
320 1370 385 1398 dum
415 1371 536 1399 mundus
561 1376 712 1404 crearetur.
739 1371 953 1406 transigebatur.

127 1415 172 1446 Ὠς
198 1415 287 1442 τοίνυν
303 1414 365 1442 οὔτε
381 1415 494 1451 οὐρανὸς
509 1416 538 1450 ἐξ
551 1416 654 1443 ἐκείνου
677 1417 798 1452 γέγονεν,
815 1416 878 1444 οὒτε

84 1469 112 1488 τι
125 1460 218 1496 ἕτερον
238 1461 291 1487 τῶν
309 1460 356 1487 τοῦ
376 1461 479 1497 κόσμου
499 1462 590 1498 μερῶν
607 1463 759 1499 προσετέθη
775 1464 832 1496 τοῖς
848 1462 879 1496 ἐξ

85 1507 173 1542 ἀρχῆς
199 1506 348 1541 γεγονόσιψ
371 1507 428 1533 ἀλλ’
457 1507 522 1543 ἔστη
550 1509 592 1544 ἐφ’
618 1509 717 1544 ἑαυτῆς
744 1509 877 1545 ήκτίσις,
892 1523 913 1552 c

85 1552 240 1588 ἀπροσδεὴς
255 1552 300 1579 καὶ
316 1552 451 1588 ἀμείωτος
467 1554 495 1581 ἐν
506 1555 562 1585 τοῖς
578 1554 689 1590 μέτροις
705 1555 806 1590 ἑαυτῆς
821 1554 878 1581 δια-

88 1598 205 1635 μείνασα
216 1606 222 1613 ’
237 1597 323 1630 οὕτως
335 1597 397 1625 οὔτε
410 1600 505 1635 χρόνος
521 1600 599 1631 ἄλλος
616 1601 668 1627 ὑπὸ
683 1601 728 1628 τὸν
743 1602 775 1636 τῇ
791 1610 879 1636 παρα-

87 1645 172 1679 σκευῇ
197 1643 243 1670 τοῦ
266 1643 370 1680 κόσμου
394 1644 635 1680 συναναδειχθέντα
660 1646 783 1680 ἐγένετο·
814 1646 881 1674 ἀλλὰ

87 1689 257 1725 περιωρίσθη
282 1691 315 1724 τῇ
336 1690 461 1725 ἑϐδομάδι
484 1691 538 1717 τῶν
564 1691 673 1727 ἡμερῶν
690 1692 706 1727 ὴ
721 1691 767 1719 τοῦ
784 1693 880 1728 χρόνου

88 1735 179 1770 φύσις.
206 1735 261 1761 Καὶ
285 1734 379 1761 τούτου
399 1735 480 1770 χάριν
503 1736 543 1762 ὅτ’
563 1736 596 1762 ἂν
619 1736 800 1773 ἐκμετρῶμεν
820 1738 881 1769 ταῖς

88 1783 206 1818 ἡμέραις
225 1783 270 1809 τὸν
284 1783 391 1818 χρόνον,
409 1783 463 1809 ἀπὸ
477 1783 526 1817 τῆς
545 1783 610 1818 μιᾶς
625 1782 770 1818 ἀρχόμενοι
787 1782 834 1809 καὶ
847 1783 880 1818 τῇ

89 1828 193 1865 ἑὸδόμῃ
215 1828 260 1855 τὸν
283 1820 400 1864 ἀριθμὸν
419 1827 638 1859 κατακλείοντες’
660 1828 740 1854 πάλιν
766 1828 812 1854 ἐπὶ
832 1827 882 1863 τὴν

91 1874 156 1910 μίαν
170 1873 379 1909 ἀναποδίζομεν,
398 1873 442 1900 ἀεὶ¹
456 1873 502 1900 διὰ
516 1873 563 1909 τοῦ
579 1873 678 1900 κύκλου
698 1873 752 1900 τῶν
770 1874 883 1909 ἑϐδομά-

88 1921 143 1948 δων
166 1919 384 1955 ἀναμετροῦντες
410 1920 470 1946 ὅλον
494 1919 524 1946 τὸ
549 1919 596 1946 τοῦ
617 1920 713 1955 χρόνου
733 1920 880 1955 διάστημα·

88 1965 144 1997 ῑως
158 1963 195 1991 ἂν
213 1964 401 2000 παρελθόντων
422 1964 476 1991 τῶν
489 1965 666 2000 κινουμένων,
682 1966 729 1992 καὶ⁵
744 1964 884 2000 παυσαμέ-

88 2020 140 2046 νης
153 2011 218 2037 ποτὲ
229 2010 278 2045 τῆς
290 2010 406 2045 ροώδους
419 2011 561 2045 κινήσεως,
577 2011 668 2043 καθώς
684 2020 764 2047 φησιν
774 2012 787 2038 ὀ
805 2011 884 2037 Ἀπό-

90 2057 196 2089 στολος,
214 2056 277 2093 ἔλθῃ
292 2057 325 2083 τὰ
342 2057 438 2092 μηκέτι
451 2057 627 2092 σαλευόμενα,
639 2055 676 2084 ὧν
688 2056 823 2092 μεταϐολὴ
837 2057 884 2083 καὶ

89 2101 232 2133 ἀλλοίωσις
259 2101 350 2128 οὐκέτι
368 2101 483 2128 ἅπτεται
495 2121 504 2133 ,
530 2103 560 2128 ἐν
576 2103 630 2133 τοῖς
646 2102 738 2134 αὐτοῖς
754 2101 885 2133 ὡσαύτως

91 2148 135 2173 ἀεὶ
149 2146 216 2182 πρὸς
230 2146 293 2178 τοὺς
303 2146 402 2181 ἐφεξῆς
415 2146 516 2178 αἰῶνας
527 2146 706 2182 διαμενούσης
717 2148 823 2182 ἐκείνης
835 2147 884 2181 τῆς

968 1413 1002 1441 Ut
1016 1413 1102 1448 igitur
1124 1421 1214 1449 neque
1229 1414 1329 1442 coelum
1347 1422 1380 1442 ex
1399 1415 1445 1442 illo
1459 1419 1581 1450 tempore
1608 1415 1722 1448 factum.

932 1466 1022 1494 neque
1046 1458 1141 1485 mundi
1167 1459 1258 1493 aliqua
1276 1467 1340 1494 pars
1359 1459 1393 1487 iis
1409 1467 1471 1494 quae
1492 1460 1526 1487 ab
1546 1460 1624 1487 initio
1650 1461 1723 1488 facta

933 1508 1006 1537 sunt,
1024 1503 1130 1538 adjecta
1143 1507 1195 1537 est,
1212 1504 1260 1532 sed
1278 1505 1401 1532 constitit
1418 1505 1445 1532 in
1461 1505 1550 1540 seipsa
1564 1505 1665 1533 nullius
1681 1506 1725 1532 in-

931 1557 1013 1585 super
1039 1550 1078 1577 rci
1105 1557 1190 1584 egena
1215 1549 1460 1586 diminutionisque
1484 1559 1582 1586 expers
1607 1552 1635 1578 in
1666 1552 1725 1579 suis

931 1595 1020 1623 modis
1044 1603 1207 1630 permanens
1220 1600 1346 1623 creatura
1365 1605 1372 1623 :
1399 1597 1435 1623 ita
1453 1604 1540 1631 neque
1554 1601 1662 1632 tempus
1677 1605 1725 1625 ex-

932 1641 1001 1668 stitit
1017 1640 1102 1667 ullum
1123 1641 1197 1667 aliud
1221 1645 1321 1675 praeter
1335 1641 1372 1674 id,
1392 1642 1464 1676 quod
1478 1649 1531 1669 una
1553 1650 1615 1669 cum
1639 1641 1726 1670 fabri-

932 1687 1040 1714 catione
1058 1685 1153 1713 mundi
1173 1686 1345 1721 designatum
1362 1691 1413 1719 est,
1440 1687 1488 1714 sed
1511 1687 1618 1715 dierum
1638 1689 1724 1723 septi-

932 1740 1014 1759 mana
1041 1733 1172 1767 temporis
1194 1737 1292 1760 natura
1312 1732 1424 1760 deﬁnita
1443 1737 1496 1761 est.
1516 1734 1605 1769 Atque
1622 1735 1673 1761 hac
1690 1735 1725 1762 de

932 1784 1026 1810 causa,
1048 1784 1111 1804 cum
1132 1775 1230 1804 diebus
1245 1781 1353 1813 tempus
1375 1778 1513 1810 metimur,
1528 1779 1562 1806 ab
1583 1787 1638 1806 uno
1655 1779 1725 1806 inci-

933 1823 1041 1858 pientes
1058 1826 1086 1850 et
1106 1823 1224 1858 septimo
1237 1831 1381 1851 numerum
1397 1824 1605 1856 concludentes,
1627 1833 1725 1854 rursus

934 1868 968 1895 ad
986 1877 1071 1897 unum
1089 1869 1269 1904 regredimur,
1285 1877 1339 1905 per
1350 1870 1481 1898 ambitum
1496 1871 1724 1906 septimanarum.

935 1922 1043 1950 semper
1059 1919 1146 1943 totum
1161 1916 1293 1951 tetnporis
1306 1916 1424 1951 spatium
1436 1917 1623 1949 remetientes,
1637 1917 1725 1945 donec

934 1961 1079 1994 praeteritis
1095 1961 1128 1989 iis
1142 1969 1203 1997 quae
1217 1965 1372 1994 moventur,
1388 1961 1515 1997 ﬂuxoque
1533 1966 1619 1996 motu,
1638 1967 1665 1990 ut
1683 1963 1726 1990 in-

935 2006 995 2041 quit
1013 2006 1161 2042 Apostolus
1171 2008 1205 2040 ",
1220 2008 1369 2043 aliquando
1392 2012 1530 2040 cessante,
1546 2010 1672 2036 venerint
1681 2017 1725 2041 ea,

936 2059 996 2086 qua:
1025 2061 1080 2080 non
1111 2054 1229 2089 amplius
1255 2053 1400 2086 ﬂuctuant,
1428 2058 1456 2081 ct
1479 2055 1629 2089 agitantur;
1666 2062 1727 2090 qutu

935 2099 1065 2135 deinceps
1080 2100 1205 2128 alteratio
1221 2101 1390 2136 mutatioque
1411 2109 1466 2128 non
1482 2102 1600 2136 amplius
1617 2101 1727 2137 attingit

935 2145 963 2172 in
974 2146 1088 2178 eisdem,
1107 2148 1202 2175 eodem
1215 2148 1297 2174 modo
1311 2155 1419 2185 sqmper
1435 2147 1463 2174 in
1474 2148 1614 2182 sequentia
1628 2148 1726 2175 sazcula

91 2192 218 2224 κτίσεως,
237 2193 265 2219 ὲν
320 2192 424 2225 γίνεται
447 2193 463 2228 ἠ
483 2192 596 2228 ἀληθινὴ
615 2193 750 2228 περιτομὴ
768 2193 816 2227 τῆς
835 2193 878 2218 ἀν-

939 2198 1064 2220 manente
1081 2194 1124 2220 illa
1140 2199 1277 2227 creatura,
1291 2194 1318 2221 in
1332 2202 1386 2229 qua
1401 2201 1464 2221 vera
1482 2193 1606 2220 humana:
1624 2199 1727 2220 natura:

91 2238 231 2273 ορωπίνης
243 2237 349 2268 φύσεως
364 2237 393 2263 ἐν
407 2238 439 2272 τῇ
451 2237 501 2271 τῆς
516 2237 675 2278 σωματικῆς
689 2236 761 2271 ζωῆς
778 2245 883 2272 περιαι-

92 2284 122 2320 ρέ
128 2292 176 2315 σει,
190 2284 236 2310 καὶ
249 2283 278 2309 τὸ
289 2282 415 2317 ἀληθινὸν
425 2282 573 2319 καθάρσιον
584 2282 630 2309 τοῦ
641 2282 767 2318 ἀληθινοῦ
784 2282 881 2317 ῥύπου.

97 2330 196 2360 Ῥύπος
213 2330 240 2356 δὲ
256 2329 398 2364 ἀνθρώπου
416 2330 432 2364 ἡ
449 2329 580 2364 ἁμαρτία,
601 2330 617 2364 ὴ
634 2329 882 2365 συναποτικτομένη

94 2378 126 2411 τῇ
144 2375 300 2410 ἀνθρωπίνῃ
313 2374 392 2408 φύσει
411 2374 462 2408 (ὅτι
481 2383 490 2399 α
504 2375 533 2400 ἐν
545 2375 692 2409 ἁμαρτίαις
707 2374 836 2410 ἐκίσσησέ
849 2383 882 2409 με

93 2423 110 2458 ἡ
126 2423 216 2456 μήτηρ
232 2430 281 2456 μου
299 2430 308 2446 ι
319 2420 339 2453 ),
357 2421 389 2455 ἣν
406 2421 419 2446 ὁ
432 2420 476 2447 τὸν
492 2420 661 2456 καθαρισμὸν
676 2420 730 2446 τῶν
742 2420 882 2455 ἁμαρτιῶν

91 2467 170 2501 ἡμῶν
202 2465 397 2500 ποιησάμενος,
423 2465 484 2491 τότε
511 2465 551 2496 εἰς
576 2465 605 2491 τὸ
630 2465 684 2491 πᾶν
714 2465 881 2500 ἐκκαθαίρει,

93 2513 275 2546 ἐξαναλίσκων
296 2513 327 2537 ὲκ
345 2511 393 2546 τῆς
409 2510 462 2537 τῶν
474 2510 557 2536 ὅντων
575 2509 681 2544 φύσεως
696 2511 750 2536 πᾶν
763 2511 824 2537 ὅσον
840 2511 882 2537 αἱ-

95 2557 217 2594 ματῶδές
232 2566 261 2584 τε
281 2557 327 2584 καὶ
348 2556 469 2591 ῥυπαρὸν
484 2556 532 2582 καὶ
553 2556 729 2592 ἀκρόδυστον.
745 2555 799 2582 Καὶ
813 2555 884 2582 οὕτω

93 2604 227 2641 δεχόμεθα
240 2604 285 2630 τὸν
297 2603 361 2638 περὶ
376 2603 427 2637 τῆς
443 2602 554 2636 Ὀγδόης
561 2603 704 2637 νόμον,τὸν
719 2603 885 2638 καθαίροντά

93 2659 124 2676 τε
149 2650 195 2676 καὶ
211 2648 421 2683 περιτέμνονταν
443 2647 510 2674 διότι
527 2647 572 2673 τοῦ
587 2648 764 2683 ἑϐδοματικοῦ
785 2657 887 2675 παυσα-

96 2696 177 2730 μένου
200 2694 312 2729 χρόνον,
339 2694 500 2728 ἐνστήσεται
529 2693 618 2728 ἡμέρα
641 2694 720 2729 ὀγδόη
747 2695 816 2730 μετὰ
836 2695 886 2729 τὴν

97 2740 225 2774 ἑϐδόμην·
240 2739 319 2775 ὀγδόη
335 2739 384 2775 μὲν
398 2739 532 2774 λεγομένη
545 2759 553 2771 ,
566 2740 607 2766 ὅτι
624 2740 692 2775 μετὰ
708 2741 755 2776 τὴν
769 2741 886 2776 ἑϐδόμην

135 2817 157 2834 ⁸⁸
171 2817 250 2846 nolit.
262 2824 309 2851 vn,
325 2817 368 2845 N.

937 2238 1112 2265 circumcisio
1138 2247 1186 2273 per
1212 2239 1412 2274 ademptionem
1433 2239 1495 2266 vita:
1512 2239 1674 2273 corporalis.
1700 2243 1727 2267 ct

937 2292 1000 2311 vera
1016 2284 1170 2319 puriﬁcatio
1184 2293 1310 2312 verarum
1323 2285 1444 2313 sordium
1459 2285 1497 2313 ﬁt.
1518 2285 1619 2313 Sordes
1635 2290 1726 2312 autem

938 2330 1056 2357 hominis
1073 2336 1215 2365 peccatum
1233 2336 1285 2363 est,
1302 2331 1374 2366 quod
1389 2339 1441 2358 una
1459 2339 1521 2358 cum
1538 2331 1656 2358 humana
1668 2331 1728 2358 edi-

937 2380 981 2404 tur
993 2381 1100 2409 natura,
1113 2378 1242 2412 quoniam
1259 2387 1268 2403 ι
1279 2379 1306 2405 in
1321 2378 1440 2412 peccatis
1452 2378 1577 2413 cont-epit
1588 2385 1631 2405 me
1643 2382 1728 2405 mater

935 2430 994 2449 mea
1007 2423 1044 2449 ¹¹⁶ε
1057 2432 1065 2448 ι
1085 2424 1157 2458 quod
1175 2430 1315 2458 peccatum
1332 2425 1356 2451 is
1369 2424 1414 2459 qui
1432 2423 1650 2458 puriﬁcationem
1664 2431 1729 2459 pec-

932 2471 1056 2494 catorum
1069 2473 1225 2495 nostrorum
1239 2468 1368 2502 confecit,
1386 2473 1451 2496 tunc
1464 2470 1492 2496 in
1509 2469 1668 2496 universum
1681 2477 1728 2496 ex-

933 2517 1040 2547 purgat,
1059 2514 1208 2541 absumcns
1219 2522 1250 2541 ac
1263 2515 1362 2541 tollens
1376 2523 1410 2542 ex
1426 2522 1517 2542 rerum
1529 2519 1628 2541 natura
1645 2514 1726 2548 quid-

935 2557 999 2592 quid
1025 2558 1065 2585 vel
1085 2564 1228 2586 cruentum
1254 2560 1294 2586 vel
1311 2560 1450 2587 sordidum
1467 2560 1508 2587 vel
1532 2559 1726 2595 prmputiosum

934 2607 986 2630 est.
1014 2603 1102 2638 Atque
1129 2605 1164 2631 ita
1183 2605 1335 2638 accipimus
1357 2606 1444 2640 legem
1472 2605 1506 2632 de
1525 2604 1646 2632 Octava:
1667 2611 1729 2640 qua

940 2650 983 2676 lcx
1000 2655 1096 2685 purget
1121 2651 1224 2685 pariter
1240 2656 1266 2678 ct
1288 2651 1477 2682 circumcidat,
1498 2654 1640 2685 propterea
1654 2649 1728 2684 quod

939 2697 1136 2731 scptimanario
1152 2701 1274 2732 tempore
1291 2697 1378 2730 ﬁnito,
1398 2702 1459 2732 post
1483 2697 1627 2730 septimum
1644 2696 1730 2722 insta-

940 2741 1048 2769 bitdies
1069 2746 1202 2776 octavus;
1218 2743 1264 2777 qui
1280 2747 1394 2770 octavus
1410 2742 1518 2777 quidem
1536 2740 1646 2773 dicitur,
1662 2741 1728 2776 quia

424 2818 446 2833 "
462 2817 542 2846 lCor.
561 2826 588 2850 ι,
605 2817 630 2844 ri.
669 2819 692 2834 ¹⁶
709 2818 774 2845 Gen.
789 2826 808 2852 l,
826 2818 851 2845 5.

931 2819 939 2846 l
956 2819 1018 2847 Cur.
1035 2826 1083 2853 vn,
1101 2819 1146 2846 51.
1184 2818 1207 2834 ’⁸
1222 2817 1295 2846 Psal.
1309 2826 1335 2851 ι,
1347 2819 1374 2845 7.
