1989 3070
269 111 315 136 fill

868 109 897 137 S.
925 110 1086 139 GREGORII
1107 111 1253 141 NYSSENI

1840 113 1887 140 612

269 172 329 202 post
343 168 489 203 septimum
502 167 625 200 exsistit;
639 167 744 194 numeri
759 174 823 194 vero
836 167 1053 196 vicissitudinem

1105 172 1218 207 γίνεται,
1235 172 1324 199 οὐκέτι
1337 172 1364 199 δὲ
1377 171 1425 208 τὴν
1438 171 1484 199 τοῦ
1500 170 1616 207 ἀριθμοῦ
1633 170 1756 207 διαδοχὴν
1772 171 1815 205 ἐφ’
1830 171 1887 198 ἕως

269 223 295 242 ιη
316 222 375 241 sese
393 222 447 240 non
465 214 581 248 amplius
607 213 735 241 admittit.
752 212 829 241 Unus
847 214 919 241 enim
939 214 966 241 in
991 223 1054 249 per-

269 265 378 296 petuum
394 261 467 287 nulla
480 268 598 294 unquam
617 265 751 287 nocturna
769 261 886 296 caligine
902 261 1054 296 diremptus

268 311 419 340 permanet.
444 306 521 333 Alius
543 306 614 333 enim
635 314 696 333 cum
713 305 798 333 efficit
821 307 877 339 sol;
897 306 943 341 qui
963 314 1054 334 veram

268 360 319 378 suo
332 353 435 386 fulgore
450 353 537 379 lucem
552 353 617 383 edit,
633 354 678 387 qui
691 356 867 388 posteaquam
880 353 959 380 nobis
970 354 1055 380 semel

270 398 398 429 illuxerit,
424 404 452 425 ut
479 399 570 433 inquit
585 399 732 434 Apostolus
744 399 776 431 ”,
803 399 931 434 deinceps
954 406 1054 426 occasu

268 451 322 469 non
339 443 502 473 oecultatnr.
522 443 568 471 sed
585 444 676 470 omnia
693 444 885 471 illuminatricc
899 444 922 471 vi
934 451 982 471 sua
998 451 1056 470 am-

268 488 363 522 plexus
384 492 543 523 perpetuum
563 489 666 523 pariter
683 496 714 515 ac
733 488 933 516 vicissitudinis
957 495 1055 523 expers

268 533 358 560 lumen
374 533 463 568 dignis
481 534 630 568 ingenerat,
650 534 731 560 etiam
753 533 837 568 ipsos,
860 534 905 568 qui
921 533 995 561 illius
1013 533 1055 560 lu-

268 577 350 604 minis
364 578 510 612 participcs
525 577 635 610 fuerint,
651 578 719 605 alios
728 578 800 605 soles
808 577 930 605 efﬁciens
941 586 948 604 :
961 585 1056 613 quem-

268 625 413 652 admodum
437 626 464 652 in
481 625 627 661 Evangelia
651 625 746 653 Sermo
770 625 852 653 dicit:
873 636 882 651 ‹
896 627 973 654 Tunc
986 627 1055 662 justi

267 669 408 705 fulgebunt
433 675 461 697 ut
482 671 522 699 sol
534 671 565 697 ³ο.
572 681 582 696 ι

302 717 436 750 Quoniam
449 719 531 754 igitur
552 719 578 746 in
595 719 731 754 superiori
749 719 853 754 psalmo
873 727 922 754 pro
939 727 980 753 ea,
996 727 1056 755 qum

267 763 452 790 hmrcditatem
464 765 707 799 capit,sermonem
719 764 797 791 fecit:
810 764 953 791 hmreditas
966 768 1055 791 autem

266 810 294 837 in
302 809 404 837 Octava
413 810 502 845 dignis
511 811 627 845 reposita
638 816 718 845 atque
730 811 869 838 recondita
876 816 917 838 est
927 820 933 838 :
943 812 1055 846 atquein

1103 219 1152 254 τῆς
1168 218 1310 254 δεχομένη.
1327 219 1384 246 Μία
1406 219 1459 254 γὰρ
1479 220 1518 251 εἰς
1536 219 1566 245 τὸ
1583 218 1704 253 διηνεκὲς
1724 217 1887 252 παραμένει,

1104 264 1232 290 οὐδέποτε
1254 264 1403 300 νυκτερινῷ
1426 263 1601 299 διαιρουμένη
1623 263 1707 298 ζόφῳ.
1728 262 1822 294 ’Ἄλλος
1839 262 1888 297 γὰρ

1105 308 1189 343 αὐτὴν
1202 311 1273 336 ποιεῖ
1287 311 1301 336 6
1319 309 1404 345 ἥλιος,
1419 310 1434 336 ό
1450 310 1480 336 τὸ
1497 309 1622 345 ἀληθινὸν
1639 308 1695 343 φῶς
1712 308 1888 344 ἀπολάμπων·

1105 356 1133 387 ὃς
1149 356 1257 382 ἐπειδὰν
1273 351 1343 389 ἅπαξ
1361 357 1477 391 ἐπιφανῇ
1494 356 1571 391 ἡμῖν,
1582 354 1672 386 καθώς
1685 363 1767 389 φησιν
1782 356 1795 380 6
1815 354 1890 379 Ἀπό-

1107 401 1206 432 στολος.
1223 401 1313 428 ούκέτι
1327 402 1355 428 ἐν
1370 401 1483 436 δυσμαῖς
1500 400 1660 436 κρύπτεται,
1674 399 1741 426 ἀλλὰ
1758 399 1844 425 πάντα
1858 400 1889 433 τῇ

1105 448 1254 483 φωτιστικῇ
1264 447 1359 473 ἑαυτοῦ
1368 447 1478 482 δυνάμει
1488 445 1855 482 περιτπυξάμενος,διηνεκές
1862 452 1890 470 τε

1106 493 1152 520 καὶ
1168 493 1306 528 ἀδιάδοχον
1321 494 1377 525 τοῖς
1393 493 1476 525 ἀξίοις
1491 493 1520 519 τὸ
1535 492 1592 527 φῶς
1605 493 1722 527 έμποιεί“
1738 492 1783 518 καὶ
1798 491 1891 522 αὐτοὺς

1106 540 1168 570 τοὺς
1184 539 1346 574 μετέχοντας
1368 539 1415 565 τοῦ
1434 539 1520 573 φωτὸς
1546 538 1651 564 ἐκείνου
1663 558 1670 570 ,
1688 537 1783 568 ἄλλους
1805 537 1892 569 ἠλίρις

1106 585 1339 621 ἀπεργαζόμενος,
1357 585 1448 616 καθώς
1462 593 1542 620 φησιν
1554 585 1583 610 ὲν
1597 583 1634 618 τῷ
1646 579 1805 618 Εύαγγελίῴ
1818 582 1831 609 ὁ
1842 581 1886 607 A4-

1105 639 1164 665 γος,
1182 631 1223 657 ὃτι
1243 640 1253 657 ι
1273 631 1339 658 Τότε
1354 632 1377 657 oi
1394 630 1492 658 δίκαιοι
1507 629 1659 665 λάμψουσιν
1674 629 1710 661 ὡς
1723 629 1736 655 ὁ
1748 628 1831 663 ἣλιος.
1848 637 1856 653 ι

1147 718 1223 745 Ἐπεὶ
1237 715 1282 745 οὖν
1298 718 1368 754 ὑπὲρ
1385 718 1433 752 τῆς
1458 717 1679 753 κληρονομούσης
1693 717 1721 743 ὲν
1742 717 1781 752 τῷ
1796 716 1892 752 προλα-

1107 764 1179 791 ϐόντι
1198 764 1297 799 ψαλμῷ
1317 764 1361 791 τὸν
1375 764 1454 798 λόγον
1470 764 1631 799 πεποίηται,
1652 764 1668 798 ἡ
1685 763 1713 789 δὲ
1728 762 1892 798 κληρονομία

1108 812 1137 837 ἐν
1151 812 1184 846 τῇ
1208 810 1301 846 Ὀγδόῃ
1321 812 1376 842 τοῖς
1393 810 1478 842 ἀξίοις
1491 810 1644 843 ἀπόκειται,
1662 810 1691 835 ἐν
1703 809 1788 844 ταύτῃ
1803 809 1830 835 δὲ
1849 808 1894 835 καὶ

267 854 433 890 hac_justum
440 855 681 891 quoquejudicium
688 854 745 889 Dei,
752 856 899 890 unicuique
906 857 942 889 id,
951 845 1005 892 quo
1013 858 1053 884 di-

1107 858 1123 892 ἡ
1140 856 1228 882 δικαία
1247 856 1294 882 τοῦ
1317 856 1384 883 Θεοῦ
1401 856 1505 890 γίνεται
1520 857 1628 891 κρίσις,
1655 854 1762 889 ἑκάστῳ
1784 855 1815 880 τὸ
1835 854 1893 880 κατ’

266 909 336 936 gnus
350 902 440 932 fuerit.
452 902 574 929 tribuens
590 907 732 930 exercetur
742 912 749 931 ι
761 907 834 930 recte
845 902 979 937 Propheta
994 911 1055 930 eum

270 948 408 975 mentione
420 948 539 980 Octavze,
550 949 583 976 de
591 949 749 983 pamitentia
760 949 840 976 simul
852 948 939 975 intulit
951 957 1055 976 sermo-

265 1001 337 1020 nem.
354 994 421 1026 Quis
433 994 504 1021 enim
519 994 748 1029 tcrribilisiudicii
764 994 867 1022 Christi
884 995 1054 1025 recordatus.

265 1046 319 1066 non
339 1040 430 1067 statim
452 1040 478 1067 in
492 1041 659 1068 conscientia
675 1049 724 1068 sua
740 1041 818 1075 quasi
837 1041 1008 1074 convellitur,
1024 1049 1055 1068 ac

264 1089 368 1113 terrore
387 1090 413 1113 et
425 1094 524 1122 angore
537 1095 591 1114 non
606 1088 824 1122 constringitur?
839 1092 920 1123 atque
934 1088 1015 1115 etiam
1032 1087 1054 1115 si

265 1132 326 1159 vita:
346 1133 443 1160 tnelius
466 1141 547 1168 quam
563 1133 683 1161 deterius
700 1138 767 1161 actae
784 1134 834 1161 sibi
851 1134 982 1161 conscius
1002 1135 1053 1161 sit:

265 1181 384 1205 attamen
402 1178 435 1204 ad
448 1184 572 1205 exactam
589 1179 757 1213 diligentiam
774 1184 799 1206 et
828 1180 942 1214 rigorem
960 1179 1054 1214 iudicii

266 1224 428 1258 respiciens,
445 1224 471 1250 in
490 1232 544 1258 quo
561 1225 679 1251 minimae
702 1233 811 1260 quoque
827 1226 913 1260 cnlptc
929 1226 955 1252 in
979 1233 1054 1262 qna:-

265 1269 380 1295 stioncm
396 1269 580 1300 adducuntur,
605 1276 635 1295 ac
651 1277 765 1304 prorsus
778 1270 983 1304 exspectatione
999 1275 1054 1297 tero

266 1314 388 1341 ribiliurn
407 1322 548 1348 pmnarum
564 1315 758 1349 perhorrescit,
783 1316 912 1350 ignorans
928 1316 1053 1351 quisnam

265 1359 317 1387 sibi
342 1360 436 1394 judicii
456 1361 545 1387 exitus
565 1364 591 1387 et
609 1365 725 1387 eventus
745 1360 853 1388 futurus
880 1362 924 1388 sit.
948 1361 1052 1389 ldcireo

264 1406 342 1440 quasi
368 1405 394 1432 in
418 1406 506 1433 oculis
524 1406 628 1432 habens
642 1406 774 1433 terribilia
794 1407 937 1441 supplicia,
953 1407 1053 1442 gehen-

265 1459 327 1478 nam
342 1452 413 1478 illam
426 1456 452 1479 et
466 1453 639 1479 tenebrosum
655 1453 755 1488 ignem,
767 1458 792 1480 et
805 1453 980 1480 conscientiae
990 1461 1052 1480 vcr-

1107 901 1186 933 ἀξεαν
1214 901 1343 936 νέμουσα·
1373 900 1463 933 καλῶς
1491 901 1505 927 6
1527 901 1672 936 Προφήτης
1696 900 1728 934 τῇ
1755 899 1817 934 περὶ
1845 899 1893 934 τῆς

1114 945 1225 980 Ὀγδόης
1262 946 1357 981 μνήμῃ
1377 945 1422 972 τὸν
1455 945 1519 981 περὶ
1545 944 1687 980 μετανοίας
1715 944 1893 978 συνεισήγαγε

1107 990 1194 1025 λόγον.
1216 991 1263 1022 Τίς
1284 990 1338 1026 γὰρ
1355 990 1403 1024 τῆς
1429 990 1547 1025 φοϐερᾶς
1571 989 1616 1016 τοῦ
1640 989 1758 1024 Χριστοῦ
1779 988 1894 1024 κρίσεως

1108 1037 1218 1072 μνήμην
1237 1035 1337 1068 λαϐὼν,
1354 1036 1404 1062 οὑκ
1420 1035 1500 1066 εὐθὺς
1513 1035 1542 1061 έν
1564 1035 1603 1070 τῷ
1629 1035 1758 1061 συνειδότι
1774 1034 1814 1069 τῷ
1837 1034 1893 1070 ἰδίῳ

1108 1083 1293 1118 σπαράσσεται
1306 1101 1313 1113 ,
1329 1082 1375 1109 καὶ
1391 1082 1466 1117 φόϐῳ
1487 1083 1534 1108 καὶ
1553 1082 1647 1117 ἀγνοίᾳ
1670 1082 1810 1116 συνέχεται
1822 1090 1829 1114 ;
1843 1082 1892 1107 κᾶν

1107 1130 1174 1164 προς
1187 1129 1217 1155 τὸ
1238 1129 1360 1164 κρεῖττον
1381 1128 1470 1163 ἑαυτῷ
1487 1128 1663 1162 συνεγνωκὼς
1676 1128 1744 1163 τύχῃ
1758 1127 1804 1153 τὸν
1820 1127 1891 1161 βίον,

1106 1175 1162 1201 ἀλλ’
1180 1172 1225 1200 οὖν
1242 1174 1310 1209 πρὸς
1323 1174 1372 1208 τὴν
1386 1173 1525 1209 ἀκρίϐειαν
1539 1174 1588 1208 τῆς
1604 1173 1719 1208 κρίσεως
1737 1173 1852 1208 βλέπων,
1865 1174 1892 1200 ἐν

1105 1217 1123 1256 ᾖ
1142 1220 1189 1246 καὶ
1206 1220 1240 1246 τὰ
1255 1219 1406 1246 λεπτότατα
1425 1218 1478 1245 τῶν
1502 1220 1704 1255 παροραμάτων
1719 1220 1758 1251 είς
1773 1219 1893 1252 ἐξέτασιν

1105 1269 1210 1301 ἄγεται·
1229 1268 1421 1294 καταπτοεῖται
1437 1267 1545 1299 πάντως
1558 1269 1591 1302 τῇ
1606 1267 1660 1294 τῶν
1674 1267 1796 1303 φοϐερῶν
1809 1276 1893 1303 προσ-

1104 1313 1190 1348 δοκίᾳ,
1205 1313 1253 1339 οὐκ
1266 1313 1342 1344 εἰδὼς
1357 1313 1396 1344 εἰς
1414 1313 1428 1340 ὃ
1444 1322 1469 1339 τι
1485 1313 1559 1348 αὐτῷ
1574 1313 1605 1339 τὸ
1618 1314 1666 1347 τῆς
1681 1313 1798 1349 κρίσεως
1812 1322 1895 1339 καταο

1105 1360 1179 1396 λήξει
1194 1360 1289 1396 πέρας.
1305 1360 1405 1386 Τούτου
1420 1359 1499 1394 χάριν
1512 1359 1548 1390 ὡς
1559 1360 1588 1385 έν
1598 1359 1746 1394 ὀφθαλμοῖς
1758 1358 1848 1385 λαϐὼν
1861 1358 1895 1386 τὰ

1105 1404 1207 1440 φοϐερὰ
1224 1404 1399 1440 κολαστήρια,
1417 1403 1465 1439 τὴν
1479 1404 1589 1438 γέενναν
1606 1405 1712 1440 ἐκείνην
1726 1405 1772 1430 καὶ
1787 1404 1817 1430 τὸ
1833 1413 1895 1430 σκο-

1103 1451 1190 1476 τεινὸν
1215 1449 1286 1486 πῦρ,
1310 1450 1357 1476 καὶ
1372 1450 1418 1476 τὸν
1437 1450 1615 1485 ἀτελεύτητον
1641 1450 1691 1484 τῆς
1719 1450 1896 1485 συνειδήσεως

266 1505 336 1524 mem
358 1505 495 1531 nunquam
512 1498 724 1524 emorientcm“
751 1499 796 1533 qui
816 1499 932 1526 animam
947 1506 1053 1533 semper

1106 1495 1234 1531 σκώληκα
1245 1517 1251 1527 ,
1273 1495 1317 1522 τὸν
1331 1496 1374 1522 ἀεὶ
1390 1496 1516 1530 μυζῶντα
1531 1495 1580 1531 τὴν
1595 1495 1682 1531 ψυχὴν
1700 1496 1732 1522 δι’
1749 1496 1894 1532 αἰσχύνης,

264 1543 369 1577 pudore
389 1543 508 1578 sugillat,
542 1551 573 1570 ac
599 1544 787 1571 recordatione
803 1544 873 1571 male
900 1548 966 1571 actae
991 1545 1054 1571 vita:

266 1589 405 1616 cruciatus
419 1592 532 1616 renovat
549 1595 630 1624 atque
643 1586 809 1624 redintegrat
822 1599 829 1617 :
849 1589 902 1617 Deo
916 1589 971 1624 jam
990 1598 1054 1625 sup-

268 1635 327 1670 plex
341 1635 380 1667 lit,
393 1642 475 1661 orans
491 1635 565 1661 πενίη
581 1635 627 1661 illo
640 1635 731 1661 furore
746 1635 870 1661 tradatur
882 1635 915 1662 ad
927 1635 1055 1669 quaestio-

266 1689 328 1707 nem
353 1684 379 1707 et
397 1680 542 1715 judicium,
571 1688 622 1707 neu
641 1688 688 1714 per
714 1681 786 1707 illam
803 1681 870 1706 iratn
895 1680 1055 1707 adhibeatur

265 1727 318 1754 sibi
346 1727 487 1761 castigatio
508 1732 617 1761 propter
640 1726 739 1753 delicta
751 1727 773 1742 ³¹
797 1726 877 1762 (nam
904 1726 938 1753 ab
958 1727 990 1754 iis
1008 1726 1055 1761 qui

265 1773 364 1800 acerba
388 1773 568 1807 castigatione
585 1773 715 1800 terribilis
742 1772 815 1799 illius
844 1773 969 1807 supplicii
988 1780 1055 1799 con-

265 1819 384 1846 demnati
409 1823 483 1850 sunt,
511 1818 612 1845 furoris
631 1826 692 1855 esse
716 1827 786 1853 opus
811 1822 837 1846 et
858 1819 905 1846 iraa
922 1819 1054 1853 judicium

264 1864 331 1891 illud
347 1864 541 1899 existimatur).
564 1864 652 1898 Atque
669 1864 772 1891 idcirco
796 1865 875 1899 quasi
893 1865 949 1899 jam
966 1865 993 1892 in
1005 1865 1055 1892 do-

265 1909 369 1936 loribus
395 1915 474 1944 atque
501 1910 669 1937 cruciatibus
695 1911 874 1943 constitutus,
903 1911 1053 1939 dolentium

263 1962 346 1983 voces
361 1955 494 1987 imitatur,
521 1956 621 1990 quibus
646 1955 722 1983 furor
746 1964 806 1984 esse
833 1957 939 1984 videtur
952 1961 979 1985 et
1001 1957 1052 1990 ira,

264 2001 395 2037 quidquid
421 2001 454 2028 ad
485 2001 653 2036 puniendum
682 2001 781 2036 impios
808 2001 962 2029 adhibetur.
984 2001 1054 2030 Dicit

264 2048 366 2083 igitur:
388 2047 445 2074 Non
459 2051 588 2082 exspecto
605 2047 692 2075 donec
703 2049 741 2075 ‘ex
759 2049 805 2075 illo
826 2048 916 2076 furore
931 2057 978 2084 per
996 2054 1052 2077 ter-

263 2093 355 2120 ribilia
367 2092 470 2128 ﬂagella
481 2093 514 2119 de
525 2100 567 2119 me
577 2093 747 2120 occultorum
761 2093 924 2120 delictorum
936 2094 1053 2129 quaestio

262 2139 405 2172 habeatur,
434 2139 481 2166 sed
497 2146 659 2174 prmoccupo
682 2139 848 2166 revelatione
871 2143 953 2175 atque
970 2147 1053 2175 spon-

1106 1542 1151 1568 καὶ
1164 1543 1198 1577 τῇ
1215 1542 1266 1577 μνή
1272 1550 1308 1576 μῃ
1320 1541 1375 1568 τῶν
1389 1540 1481 1572 κακῶς
1498 1540 1671 1576 βεὸιωμένων
1687 1541 1736 1574 τὰς
1747 1542 1896 1578 ἀλγηδόνας

1105 1588 1321 1619 ἀνακαινίζοντα’
1335 1587 1384 1622 ἤδη
1401 1587 1446 1614 τοῦ
1461 1586 1529 1613 Θεοῦ
1555 1588 1647 1623 ἱκέτης
1663 1588 1766 1622 γίνεται
1777 1608 1783 1620 ,
1801 1589 1897 1625 δεόμε-

1105 1643 1159 1666 νος,
1181 1634 1217 1670 μὴ
1239 1633 1276 1669 τῷ
1303 1633 1382 1668 θυμῷ
1407 1633 1503 1668 ἐκείνῳ
1525 1633 1709 1669 παραδοθῆναι
1729 1634 1796 1670 πρὸς
1820 1634 1897 1669 ἐλεγ-

1105 1688 1162 1714 χον,
1181 1680 1248 1714 μήτε
1261 1679 1305 1705 διὰ
1316 1680 1365 1714 τῆς
1377 1679 1462 1714 ὀργῆς
1474 1678 1581 1713 ἐκείνης
1593 1679 1743 1714 ἐπαχθῆναι
1758 1679 1831 1715 αὐτῷ
1846 1680 1897 1716 τὴν

1106 1724 1175 1759 ὑπὲρ
1190 1721 1227 1751 ὦν
1246 1724 1439 1759 ἐπλημμέλησε
1461 1724 1610 1752 παίδευσιν.
1629 1725 1691 1756 Τοῖς
1708 1724 1762 1760 γὰρ
1776 1725 1897 1752 νκαταδι-

1105 1770 1228 1797 κασθεϊσι.
1251 1771 1284 1805 τῇ
1309 1770 1395 1805 πικρᾷ
1418 1769 1556 1797 παιδεύσει
1578 1770 1629 1805 τῆς
1648 1771 1766 1806 φοϐερᾶς
1788 1771 1898 1807 ἐκείνης

1105 1817 1252 1848 κολάσεως,
1275 1815 1361 1851 θυμοῦ
1385 1816 1465 1851 ἔργον
1487 1817 1628 1851 νομίζεται
1644 1816 1691 1843 καὶ
1705 1817 1789 1852 ὀργῆς
1806 1818 1821 1852 ἡ
1839 1817 1899 1844 διά-

1105 1871 1205 1898 κρισις.
1222 1861 1276 1888 Καὶ
1290 1861 1333 1888 διὰ
1343 1860 1422 1888 τοῦτο
1432 1881 1439 1893 ,
1464 1861 1502 1893 ὡς
1524 1863 1552 1888 ὲν
1566 1863 1623 1894 τοῖς
1642 1862 1775 1896 ἀλγεινοῖς
1789 1863 1840 1898 ἠδη
1852 1871 1898 1897 γι-

1105 1907 1229 1942 νόμενος,
1251 1906 1302 1938 τὰς
1319 1906 1372 1933 τῶν
1389 1906 1565 1941 ὀδυνωμένων
1586 1907 1678 1942 φωνὰς
1699 1908 1897 1943 ὑποκρίνεται,

1104 1952 1145 1985 οἷς
1159 1952 1243 1988 θυμὸς
1264 1950 1334 1979 εἶναι
1351 1953 1426 1979 δοκεῖ
1440 1953 1487 1979 καὶ
1508 1953 1576 1989 ὀργὴ
1596 1954 1626 1980 τὸ
1642 1954 1688 1980 ἐπὶ
1709 1954 1829 1990 τιμωρίᾳ
1842 1955 1899 1981 τῶν

1105 1998 1210 2025 ἀσεϐῶν
1224 1998 1404 2033 ἐπαγόμενον.
1424 1999 1504 2033 Λέγει
1516 1999 1616 2031 τοίνυν,
1634 2000 1675 2027 ὃτι
1694 2000 1752 2027 Οὑκ
1768 2001 1898 2036 ἀναμένω

1104 2045 1136 2071 ὲκ
1151 2044 1197 2071 τοῦ
1213 2044 1299 2080 θυμοῦ
1311 2046 1414 2072 ἐκείνου
1431 2046 1474 2072 διὰ
1488 2046 1542 2072 τῶν
1557 2047 1678 2082 φοϐερῶν
1694 2048 1833 2082 μαστίγων
1848 2057 1899 2082 γεσ

1104 2091 1195 2117 νέσθαι
1211 2099 1254 2126 μοι
1265 2091 1319 2118 τῶν
1334 2091 1532 2127 κεκρυμμένων
1547 2092 1592 2119 τὸν
1608 2092 1729 2128 ἔλεγχον·
1745 2093 1812 2120 ἀλλά
1828 2102 1898 2129 προ-

1104 2136 1234 2172 λαμϐάνω
1250 2138 1283 2172 τῇ
1297 2136 1472 2173 ἐξαγορεύσει
1496 2138 1547 2172 τὴν
1563 2138 1594 2164 ὲκ
1612 2138 1662 2173 τῆς
1679 2139 1764 2174 ὀργῆς
1787 2140 1900 2175 ἐκείνης

263 2191 342 2214 tanea
358 2185 532 2213 confessione
548 2186 737 2214 necessitatem
751 2193 785 2213 ex
798 2185 844 2212 illa
862 2185 902 2212 ira
920 2186 986 2212 mihi
1001 2185 1050 2212 im-

1105 2182 1236 2218 ἀνάγκην.
1263 2182 1351 2218 Ὅπερ
1380 2184 1395 2218 ὴ
1421 2183 1501 2218 ὀδύνη
1528 2183 1646 2210 ἐπὶτῶν
1671 2185 1899 2220 μαστιγουμένων

263 2231 427 2266 ponendam.
448 2231 526 2264 Quod
541 2232 679 2259 cruciatus
696 2231 761 2258 facit
778 2231 804 2258 in
827 2232 881 2259 illis
895 2232 941 2266 qui
954 2232 1051 2260 verbe-

263 2281 370 2309 rantur,
384 2277 477 2305 invitis
489 2278 530 2305 eis
541 2278 648 2305 occa-ita
662 2277 923 2309 sceleraJnanifesta
935 2277 1052 2311 faciens;

263 2325 290 2352 id
304 2332 318 2350 a
343 2332 372 2351 se
388 2325 448 2359 ipso
463 2325 580 2352 liberum
606 2325 750 2352 arbitrium
765 2324 838 2357 facit,
866 2326 985 2360 scipsum
1004 2333 1051 2359 per

262 2370 452 2405 pmnitentiam
467 2375 494 2397 et
508 2369 649 2404 flagellans
663 2374 688 2397 et
706 2372 833 2405 puniens,
851 2371 1051 2406 publicansque

263 2418 344 2448 atque
357 2413 502 2448 divulgans
514 2414 541 2440 in
556 2414 671 2442 occultis
685 2415 877 2442 absconditum
893 2420 1048 2450 peccatum.

262 2459 330 2486 Cum
348 2459 462 2487 dixisset
481 2460 574 2495 igitur,
597 2460 710 2495 (Neque
732 2462 758 2489 in
774 2461 867 2489 furore
887 2466 935 2489 tuo
950 2470 1051 2496 arguas

263 2513 316 2535 me,
343 2512 432 2539 neque
456 2505 485 2532 in
507 2505 547 2532 ira
568 2510 615 2533 tua
631 2507 750 2542 castiges
778 2515 846 2540 me,»
868 2513 1052 2542 congruenter

263 2550 392 2585 deinceps
405 2552 528 2586 confugit
549 2551 583 2579 ad
610 2552 838 2584 misericordiam,
867 2560 920 2580 non
940 2557 995 2580 tam
1024 2553 1050 2580 in

263 2597 377 2624 iiberam
392 2597 559 2625 voluntatem
579 2601 606 2625 et
621 2598 776 2629 arbitrium.
794 2607 875 2634 quam
893 2599 920 2626 in
935 2599 1050 2626 intirrni-

263 2647 344 2669 tatem
360 2647 464 2670 natnra:
483 2650 593 2670 causam
614 2643 678 2670 mali
693 2643 849 2671 conferens.
876 2643 905 2670 1n
921 2644 995 2672 vitiis
1010 2651 1053 2671 me

263 2692 368 2722 natum,
395 2689 494 2724 inquit,
520 2688 710 2716 misericordia
733 2696 818 2723 cura;
844 2689 1054 2718 cx’intirmitate

263 2733 336 2760 enim
357 2734 441 2762 incidi
458 2734 484 2761 in
505 2733 640 2762 morbum.
658 2734 786 2767 Quanam
804 2739 894 2763 autem
907 2735 1053 2764 infirmitas

1105 2230 1186 2260 ποιεῖ,
1197 2229 1318 2255 ἀκόντων
1332 2228 1421 2255 αὐτῶν
1434 2228 1467 2255 τὰ
1478 2229 1586 2264 κρυπτά
1599 2229 1648 2263 τῆς
1663 2230 1776 2264 ἀνομίας
1785 2231 1899 2265 ἐμφανῆ

1105 2274 1229 2301 ποιοῦσα·
1245 2274 1323 2301 τοῦτο
1336 2275 1407 2300 ποιεῖ
1424 2275 1470 2309 ἀφ’
1493 2275 1593 2309 ἑαυτῆς
1608 2275 1624 2310 ἡ
1647 2275 1815 2310 προαίρεσις,
1832 2276 1901 2302 ἐαυ-

1104 2319 1153 2356 τὴν
1168 2319 1212 2346 διὰ
1227 2320 1277 2355 τῆς
1290 2319 1433 2354 μετανοίας
1448 2320 1615 2354 μαστίζουσά
1627 2328 1656 2346 τε
1670 2321 1715 2347 καὶ
1733 2321 1899 2355 κολάζουσα,

1104 2367 1150 2393 καὶ
1160 2366 1357 2402 δημοσιεύουσα
1369 2365 1419 2401 τὴν
1436 2365 1646 2401 κεκαλυμμένην
1660 2367 1689 2392 ὲν
1703 2368 1759 2398 τοῖς
1773 2376 1901 2403 κεκρυμ-

1095 2411 1195 2447 μένοις
1213 2411 1358 2447 ἀμαρτίαν.
1375 2412 1466 2438 Εἰπὼν
1482 2411 1581 2444 τοίνυν,
1597 2412 1637 2438 ὃτι
1659 2421 1668 2437 ι
1680 2412 1758 2447 Μήτε
1767 2413 1805 2447 τῷ
1817 2413 1901 2448 θυμῷ

1104 2465 1150 2483 σου
1176 2457 1287 2492 ἐλέγξῃς
1303 2466 1347 2492 με,
1367 2457 1436 2493 μήτε
1453 2459 1486 2494 τῇ
1501 2457 1570 2493 ὀργῇ
1595 2466 1641 2484 σου
1658 2458 1805 2494 παιδεύσῃς
1821 2467 1868 2494 με,
1889 2469 1898 2485 ι

1103 2503 1258 2534 ἀκολούθως
1276 2503 1446 2537 καταφεύγει
1460 2504 1506 2530 ἐπὶ
1517 2504 1563 2531 τὸν
1577 2504 1660 2536 ἔλεον,
1671 2505 1702 2531 οὐ
1715 2505 1843 2532 τοσοῦτον
1858 2507 1902 2537 εἰς

1106 2549 1274 2584 προαίρεσιν,
1297 2549 1358 2575 ὅσον
1377 2549 1417 2580 εὶς
1437 2549 1580 2576 ἀσθένειαν
1602 2550 1725 2584 φύσεως,
1742 2550 1788 2576 τοῦ
1808 2550 1901 2577 κακοῦ

1103 2595 1152 2630 τὴν
1166 2595 1253 2621 αἰτίαν
1266 2594 1384 2628 ἀνάγων·
1409 2595 1453 2621 Ἐν
1471 2597 1566 2627 κακοῖς
1579 2596 1719 2629 γεγονότα,
1731 2596 1797 2631 ἐλέῳ
1813 2596 1902 2630 θερά-

1103 2650 1213 2667 πευσον·
1233 2641 1262 2673 ἐξ
1272 2641 1413 2673 ἀσθενείας
1430 2641 1483 2676 γὰρ
1493 2639 1574 2676 ἦλθον
1588 2642 1634 2668 ἐπὶ
1645 2641 1676 2668 τὸ
1691 2641 1785 2673 πάθος.
1800 2642 1848 2672 Τίς
1867 2641 1900 2668 δὲ

1103 2687 1120 2721 ἡ
1140 2686 1284 2718 ἀσθένεια;
1306 2686 1481 2722 Ἐξηρθρώθη
1496 2686 1529 2713 τὰ
1552 2687 1618 2713 ὀστᾶ
1642 2695 1703 2722 μου,
1721 2687 1767 2713 καὶ
1782 2685 1897 2721 διελύθη

1104 2733 1157 2759 ἀπὸ
1169 2732 1219 2767 τῆς
1231 2733 1289 2768 μετ’
1302 2732 1423 2768 ἀλλήλων
1437 2733 1578 2768 ἁρμονίας.
1601 2733 1682 2760 Ὀστᾶ
1691 2733 1719 2760 δὲ
1731 2733 1812 2766 λέγει,
1827 2731 1897 2763 τοὺς

298 2820 319 2836 ²’
333 2819 355 2848 ll
368 2820 431 2848 Cor.
448 2829 484 2852 tv.
498 2821 522 2848 Δ.
562 2821 583 2837 ³ο
597 2821 690 2850 Matth.
702 2829 763 2855 xtu,
775 2822 818 2850 45.
858 2823 880 2839 ³¹
901 2822 997 2851 Matth.
1015 2831 1048 2851 vn

1105 2824 1138 2858 2;
1153 2822 1236 2851 Marc.
1255 2822 1348 2859 tx,‘_ﬂ,
1365 2822 1408 2851 43.
1449 2822 1469 2838 ³¹
1486 2821 1558 2849 Psal.
1572 2828 1609 2855 vt,
1627 2820 1644 2848 2
1664 2828 1724 2856 sqq.
