1989 3070
91 131 143 157 διδ
788 116 827 157 'tN
843 129 1010 157 PSALMOS.
1666 134 1718 163 (3N

93 188 234 224 σώφρονας
249 188 404 224 λογισμοὺς,
426 190 488 221 τοὺς
511 189 559 225 τὴν
579 189 667 225 ψυχὴν
689 189 876 224 ὁιερείδοντας.

932 188 992 214 est?
1020 186 1091 213 Loco
1113 190 1184 214 mota
1208 191 1271 214 sunt
1291 194 1354 215 ossa
1382 195 1451 221 mea,
1480 191 1561 224 atque
1584 196 1599 216 a
1621 198 1717 219 mutua

95 245 102 260 ι
117 233 206 261 Ίασαί
219 242 263 268 με,
277 233 373 268 Κύριε,
389 234 428 260 ὅτι
440 234 576 269 ἐταράχθη
591 234 625 260 τὰ
639 234 705 260 ὀστᾶ
722 241 782 268 μου.
797 242 806 258 ι
824 232 880 260 Καὶ

931 234 1159 268 convenientique
1178 232 1248 261 inte‘r
1264 241 1325 261 sese
1338 241 1466 270 compage
1481 235 1624 263 dissoluta.
1647 236 1715 265 Ossa

85 279 238 316 tpll‘q‘JEtlst
252 279 299 306 τοῦ
315 280 394 312 λό’ᾠυ
409 279 439 306 τὸ
450 280 573 316 αἴνιγμα,
590 280 623 306 δι’
636 276 673 306 ὧν
688 280 811 314 ἐπήγαγε
825 279 870 304 τοῖΔ

931 285 1021 307 autem
1039 280 1107 307 dicit
1119 287 1200 308 sanas
1212 283 1239 307 et
1256 284 1412 308 constantes
1432 280 1610 315 cogitationes
1626 286 1653 310 et
1671 291 1714 310 ra-

91 328 258 363 εἰρημένοις,
271 328 312 354 ὅτι
328 337 337 354 ι
354 328 386 354 Ἦ
397 329 469 363 ψυχή
484 336 534 363 μου
548 327 684 363 ἐταράχθη
701 327 828 361 σιρόδρα.»
848 326 876 351 TI‘

930 326 1120 353 tiocinationes
1136 326 1252 353 animam
1269 326 1471 354 continuantes.
1484 336 1493 353 ‹
1505 327 1576 355 Sana
1593 337 1646 361 me,
1663 329 1715 355 D0-

91 372 137 401 οὖν
151 374 289 409 ἀναϐάλλῃ
299 394 306 405 ,
319 374 411 408 φησὶν,
427 374 492 409 πρὸς
503 374 552 409 τὴν
565 373 645 405 ἴασιν,
662 374 693 399 σὺ
709 372 793 407 Κύριε
805 380 812 403 ;
828 371 876 403 ἕως

931 371 1013 403 mine,
1026 371 1156 406 quoniam
1175 378 1237 398 ossa
1252 379 1311 399 mea
1324 371 1431 398 turbata
1445 376 1521 399 sunt.
1533 382 1542 399 ι
1561 373 1649 409 Atque
1675 374 1716 402 in-

92 419 158 446 πότε
180 419 229 445 οὐκ
245 419 358 452 ἐπάγεις
376 418 422 445 τὸν
436 419 524 451 ἐλεον;
540 419 587 453 οὺχ
603 419 667 453 ὁρᾷς
681 418 730 452 τῆς
745 417 877 452 ἀνθρωπί-

930 418 1245 452 terpretatursermonis
1260 417 1432 445 involucrum
1444 426 1492 454 per
1504 426 1546 451 ea,
1563 427 1623 454 qua:
1635 420 1715 449 dictis

90 474 139 501 νης
158 465 229 500 ζωῆς
252 465 282 491 τὸ
296 465 456 500 ὡκύμορονς
474 464 595 500 Πρόλαὸε
608 466 642 499 τῇ
659 464 809 499 ἐπιστροφῇ
831 463 875 498 τῆς

930 462 1078 497 subjungit,
1090 463 1226 494 videlicet,
1239 471 1248 488 ε
1258 463 1353 490 Anima
1367 472 1425 491 mea
1437 466 1543 492 turbata
1556 471 1597 493 est
1608 466 1694 493 valde.
1703 476 1712 492 ι

89 511 179 546 ψυχῆς
194 520 244 546 μου
254 510 285 537 τὸ
296 512 442 545 ἀναγκαῖον
461 511 511 545 τῆς
521 511 593 545 ζωῆς
603 510 691 546 ήμῶν·
705 510 742 545 μή
757 519 821 536 ποτε
831 509 874 536 τοῐ

931 508 999 542 Quid
1014 509 1096 544 igitur
1106 509 1210 542 diﬂ’ers,
1225 509 1324 544 inquit,
1341 511 1511 539 sanationem
1527 515 1566 542 tu.
1583 511 1716 540 Domine?

90 557 204 583 Θανάτου
216 556 390 587 ἐπιλαϐόντος
401 557 472 592 ἀργῇ
488 557 562 583 πᾶσα
579 556 652 599 πρὸς
661 556 809 592 θεραπείαν
821 557 875 583 ἐπί-

931 563 1072 590 quousque
1087 556 1194 584 tandem
1214 557 1430 585 miscricordiam
1447 565 1501 585 non
1526 558 1656 586 adhibes?
1667 567 1716 586 an-

89 611 157 629 νοια.
176 602 273 628 Οὐκέτι
289 602 343 638 γὰρ
360 602 435 629 ἔσται
450 603 478 629 ὲν
493 602 531 638 τῷ
547 603 653 637 θανάτῳ
666 604 680 629 ὀ
693 602 737 629 διὰ
748 603 796 638 τῆς
813 603 874 638 μνή-

929 609 983 628 non
1008 601 1084 629 vides
1101 610 1181 637 quam
1197 602 1288 630 brevis
1310 603 1370 636 mvi,
1398 611 1478 639 quam
1500 604 1649 639 pracipitis
1666 604 1714 631 fati

91 657 144 684 μης
160 648 207 675 τοῦ
225 648 292 674 Θεοῦ
310 647 477 684 Θεραπεῦσαι
495 648 642 684 δυνάμενος
655 649 704 683 τὴν
726 650 758 675 ἐκ
779 649 876 681 κακίας

930 646 983 673 vita
999 647 1118 674 humana
1135 647 1189 675 sit?
1215 655 1374 683 prteoccupa
1396 649 1513 676 animam
1540 657 1628 676 meam
1649 657 1715 676 con-

89 691 165 726 αὺτῷ
187 692 334 727 γενομένην
353 692 441 719 νόσον.
459 693 530 719 Διότι
553 692 599 719 ἐπὶ
625 694 676 728 γῆς
699 693 748 727 μὲν
772 693 874 728 ίσχὺνή

930 692 1060 720 vertendo
1083 693 1145 720 vita:
1165 698 1265 720 nostra:
1288 694 1490 727 necessitatem,
1515 702 1550 722 ne
1564 702 1626 721 cum
1642 702 1715 722 mors

88 737 280 773 ἐξομολόγησις
301 738 367 773 ἔχει·
387 739 416 764 ὲν
440 739 468 765 δὲ
484 739 522 773 τῷ
542 738 610 774 ᾄδῃ,
630 739 708 765 τοῦτο
725 739 773 765 οὐκ
794 738 873 766 ἔστιν.

930 738 1037 765 tandem
1056 747 1106 766 nos
1119 739 1260 772 invaserit,
1276 741 1365 767 omnis
1379 740 1413 767 ad
1431 741 1582 767 curandum
1605 741 1715 775 excogi-

89 780 155 810 Εἷτα
177 784 215 814 ὡς
236 783 356 815 εἰπόντος
379 784 470 816 τινός⁹
489 784 550 816 Πῶς
566 784 658 816 καλεῖς
671 785 717 811 ἐπὶ
733 784 874 819 θεραπείαν

931 788 986 810 tata
1000 784 1070 811 ratio
1086 784 1189 811 nullius
1208 792 1275 812 usus
1288 785 1334 812 sit.
1363 784 1420 812 Non
1440 785 1511 813 cnim
1532 786 1647 821 amplius
1663 786 1715 813 erit

87 829 143 856 τῶν
157 829 401 865 πλημμελημάτων
414 830 459 856 τὸν
473 830 562 863 ἔλεον;
578 831 646 865 ποίῳ
658 830 751 865 τρόπῳ
764 830 793 856 τὸ
801 830 872 856 Θεῖον

930 828 956 855 in
971 832 1069 861 morte,
1085 829 1132 863 qui
1146 829 1271 856 morbum
1286 837 1318 856 ex
1333 829 1483 856 vitiositate
1499 833 1580 865 atque
1595 831 1714 865 nequitia

89 875 269 910 ἱλεωσάμενος
278 884 285 909 ;
295 875 365 902 οὕτω
374 876 464 911 φησὶν,
479 877 519 902 ὅτι
531 885 541 901 ί
558 877 705 903 Ἑκοπίασα
718 877 746 903 ὲν
758 876 796 912 τῷ
813 885 874 903 στε-

928 875 978 903 sibi
989 879 1162 902 contractum
1172 883 1220 907 per
1229 876 1444 903 recordationem
1455 875 1502 903 Dei
1512 885 1607 904 curare
1618 877 1713 912 possit,

87 921 184 955 ναγμῷ
197 929 258 955 μου,
273 921 320 947 καὶ
338 921 463 948 ὲκπλυνῶ
475 921 524 958 τὴν
536 922 565 955 ἐξ
579 923 715 958 ἁμαρτίας
731 923 872 958 στρωμνὴν

929 921 1055 955 quoniam
1071 921 1097 948 in
1114 925 1185 948 terra
1198 921 1307 956 quidem
1320 921 1459 949 confessio
1481 923 1554 950 vires
1568 923 1666 950 habet:
1687 923 1714 949 in

91 965 127 1000 τῷ
144 966 197 993 τῶν
210 966 334 1002 δακρύων
348 967 432 994 ὕδατι.
446 978 456 994 ι
562 990 563 994 η

929 967 1033 994 inferno
1060 972 1148 994 autem
1172 975 1227 995 non
1253 968 1358 995 itidem.
1384 967 1487 995 Deinde
1513 969 1591 1003 quasi
1615 968 1714 1003 aliquis

87 1013 216 1040 dixisset:
235 1012 378 1045 Quomodo
389 1012 519 1040 curandis
537 1012 646 1041 delictis
659 1013 874 1041 misericordiam
893 1012 1044 1047 imploras?
1060 1019 1113 1046 qua
1135 1012 1241 1039 ratione
1262 1020 1362 1039 numen
1386 1012 1507 1040 divinum
1523 1013 1658 1048 placastii
1677 1014 1716 1041 ita

85 1059 164 1090 dicit,
183 1069 192 1085 ‹
203 1059 336 1086 Laboravi
360 1060 385 1086 in
401 1060 502 1094 gemitu
517 1068 588 1093 meo,
602 1064 629 1088 et
641 1061 823 1096 lacrymarum
845 1060 956 1087 (lumine
972 1059 1067 1086 eluam
1087 1067 1118 1087 ex
1133 1065 1245 1094 peccato
1261 1063 1430 1087 constratum
1445 1060 1544 1087 lectum
1557 1061 1588 1087 ³³.
1610 1070 1620 1086 ι

121 1107 171 1133 Διὰ
185 1107 210 1133 τί
219 1107 303 1134 ταῦτα
313 1116 319 1140 ;
330 1108 391 1134 Ὅτι
407 1109 435 1134 ὲν
450 1107 538 1143 Θυμῷ,
550 1109 664 1143 φησὶν,ὀ
673 1109 811 1144 ὀφθαλμός
822 1117 872 1144 μου

960 1107 1023 1135 Haec
1040 1105 1238 1142 quamobrem?
1252 1106 1386 1139 Quoniam
1406 1109 1434 1135 in
1449 1109 1541 1138 furore
1556 1113 1585 1136 et
1603 1109 1713 1137 iracun-

85 1152 234 1188 ἐταράχθη,
255 1154 301 1179 καὶ
316 1153 358 1180 διὰ
380 1153 458 1180 τοῦτο
483 1154 597 1186 παλαιός
613 1164 654 1186 τις
673 1156 720 1182 καὶ
741 1156 870 1191 ὲῤῥυτιῶν

926 1153 980 1186 dia,
995 1153 1093 1188 inquit,
1110 1153 1236 1180 turbatus
1249 1157 1291 1180 est
1303 1153 1400 1180 oculus
1414 1161 1502 1186 meus,
1513 1157 1595 1189 atque
1609 1154 1711 1182 idcirco

85 1197 230 1232 ἐγενόμην.
247 1197 293 1223 τοῦ
317 1197 403 1233 Θυμοῦ
426 1197 472 1225 τοῦ
490 1199 565 1234 παρὰ
580 1199 634 1225 τῶν
650 1199 754 1234 ἐχθρῶν
772 1208 816 1235 μοι
830 1200 870 1234 ὲγια

927 1203 1050 1227 vetustus
1066 1198 1177 1234 quidam
1198 1205 1230 1225 ac
1244 1198 1383 1226 marcidus
1411 1199 1501 1227 factus
1515 1207 1586 1231 sum.
1612 1201 1712 1236 quippe

85 1242 232 1277 γενομένου
253 1244 286 1278 τῇ
304 1243 376 1278 ψυχῇ
391 1243 439 1279 τὴν
465 1245 597 1279 σηπεδόνα
613 1245 784 1279 ποιήσαντος.
803 1245 833 1271 Ei
846 1245 870 1271 δὲ

927 1252 989 1271 cum
1006 1244 1092 1277 (uror,
1106 1248 1132 1272 et
1148 1244 1293 1271 iracundia
1317 1251 1365 1278 per
1383 1244 1510 1272 inimicos
1527 1245 1555 1272 in
1573 1253 1616 1273 me
1631 1254 1712 1281 gene-

86 1288 171 1323 ουμὺς
196 1289 274 1323 μόνος
300 1288 424 1315 τοσοῦτον
451 1289 560 1323 ἐμποιεῖ
578 1289 659 1324 φόϐον
682 1290 720 1325 τῷ
742 1290 775 1317 δι’
790 1289 871 1317 αὐτοῦ

928 1294 987 1317 rata
1009 1290 1128 1317 animam
1146 1290 1289 1325 putredine
1308 1289 1433 1317 infecerit
1449 1294 1531 1325 atque
1544 1292 1708 1325 corruperit.

85 1334 322 1369 πλημμελήσαντι,
342 1335 418 1370 πόσῳ
439 1335 538 1370 μᾶλλον
561 1336 634 1367 εἰκός
656 1336 729 1362 ἐστιν
752 1337 780 1362 ἐν
803 1337 870 1363 ἀπο-

926 1335 1005 1369 Quod
1023 1336 1044 1363 si
1061 1335 1139 1362 furor
1156 1339 1182 1362 et
1198 1335 1340 1362 iracundia
1370 1335 1428 1362 sola
1457 1340 1561 1363 tantum
1579 1339 1709 1364 terrorem

85 1378 185 1412 γνώσει
196 1379 320 1412 γενέσθαι
335 1380 383 1414 τῆς
401 1379 539 1415 σωζοὺσης
559 1381 676 1413 ἐλπίδος,
690 1381 753 1413 τοὺς
769 1381 806 1418 μὴ
823 1382 870 1417 μό-

926 1383 961 1414 ei.
977 1382 1022 1416 qui
1041 1389 1088 1416 per
1103 1389 1162 1408 eam
1177 1381 1333 1416 deliquerit,
1352 1381 1464 1414 incutit,
1495 1386 1599 1417 quanto
1625 1384 1710 1417 magis

84 1433 129 1452 νον
141 1424 174 1451 τὰ
185 1425 216 1451 ἐκ
228 1425 272 1451 τοῦ
285 1425 370 1460 θυμοῦ
383 1425 455 1461 πάθη
470 1426 509 1461 τῷ
521 1426 576 1462 ἰδίῳ
593 1427 642 1463 βίῳ
654 1428 869 1462 συνεγνωκότας,

928 1427 1076 1454 verisimile
1104 1429 1146 1453 est
1170 1426 1285 1453 salutem
1302 1426 1496 1461 desperaturos
1511 1434 1572 1454 esse
1590 1434 1647 1458 eos,
1664 1427 1711 1462 qui

84 1470 152 1497 ἀλλὰ
176 1471 222 1498 καὶ
246 1471 296 1497 ὃσα
319 1471 451 1506 ἐπιθυμία
472 1472 627 1506 ἐργάζεται,
650 1474 695 1500 καὶ
722 1474 869 1507 πλεονεξία,

926 1479 980 1498 non
997 1471 1079 1498 modo
1093 1479 1140 1506 per
1155 1471 1324 1498 iracundiam
1346 1472 1372 1497 in
1404 1471 1458 1498 vita
1481 1472 1708 1504 commissorum.

86 1516 134 1541 καὶ
148 1515 241 1549 τῦφος,
257 1516 302 1543 καὶ
317 1516 466 1551 φιλοτιμία,
490 1517 537 1543 καὶ
556 1518 662 1552 φθόνος,
680 1519 725 1545 καὶ
745 1520 759 1545 ὁ
780 1519 871 1551 λοιπὸς

925 1525 1019 1545 verum
1031 1517 1113 1544 etiam
1122 1525 1227 1547 eorum,
1241 1525 1299 1552 quae
1311 1517 1457 1551 cupiditas.
1471 1525 1531 1552 quae
1545 1519 1618 1545 fraus
1629 1522 1710 1553 atque

83 1560 168 1595 ὲεμὸς
185 1548 238 1587 τῶν
253 1548 429 1595 ἀνορουπίνιυν
443 1562 534 1590 κακῶν
545 1573 551 1595 ;
562 1548 620 1590 *Διὰ
636 1548 714 1591 τοῦτο
727 1565 793 1600 πρὸς
810 1548 868 1596 τοὺς

924 1563 1050 1595 avaritia,
1070 1571 1130 1598 qua:
1148 1562 1253 1594 fastus,
1277 1571 1338 1597 qua:
1365 1563 1487 1597 ambitio,
1506 1572 1566 1598 qum
1596 1563 1709 1595 invidia,

84 1605 270 1636 παντοδαποὺς
287 1606 398 1641 ἐχθροὺς
409 1608 581 1643 ἀποστρέψας
596 1609 641 1635 τὸν
655 1609 744 1643 λόγον,
762 1619 771 1635 ι
793 1609 869 1635 Ἀπό-

925 1617 985 1645 qum
1001 1610 1136 1644 reliquum
1154 1609 1336 1636 humanorum
1350 1609 1476 1636 vitiorum
1492 1614 1627 1644 perpetrat
1643 1617 1707 1637 exa-

89 1659 196 1686 στητε,ι
212 1651 303 1686 φησὶν,
317 1661 326 1676 ι
347 1652 393 1678 ἀπ’
405 1652 482 1687 ἐμοῦ,
495 1654 593 1684 πάντες
603 1654 627 1679 οί
638 1654 813 1689 ἐργαζόμενοι
823 1654 871 1689 τὴν

925 1664 998 1686 men,
1021 1659 1198 1690 peccatorum
1226 1654 1277 1681 sibi
1307 1654 1423 1681 conscii‘
1441 1655 1527 1681 sunt?
1545 1655 1649 1682 Idcirco
1676 1655 1709 1682 ad

83 1696 208 1730 ἀνομίαν.
232 1705 241 1722 ι
258 1697 383 1723 Δείκνυσι
404 1697 431 1723 δὲ
448 1697 486 1732 τῷ
503 1698 602 1733 ἐφεξῆς
615 1699 686 1734 λόγῳ
700 1699 748 1734 τὴν
768 1699 868 1734 ἀγαθὴν

923 1701 990 1728 varii
1005 1701 1112 1736 generis
1123 1700 1250 1727 inimicos
1260 1707 1357 1727 averso
1369 1707 1495 1726 sermone
1505 1708 1526 1725 :c
1540 1699 1686 1731 Discedite,
1699 1706 1708 1725 ι

83 1741 180 1767 ἐλπίδα
194 1741 240 1768 τοῦ
261 1742 294 1768 ὲκ
311 1742 452 1776 μετανοίας
469 1743 683 1778 προσγινομένου
695 1745 760 1778 ἡμῖν
774 1752 868 1779 κατορ-

923 1746 1022 1780 inquit.
1034 1755 1042 1771 ε
1060 1753 1075 1771 a
1085 1753 1137 1777 me,
1153 1752 1248 1771 omnes
1258 1744 1303 1778 Qui
1314 1744 1464 1778 operamini
1478 1742 1686 1778 iniquitatem“.
1697 1753 1707 1770 ι

83 1786 218 1822 θώματος.
230 1787 317 1819 Εὐθὺς
329 1787 383 1822 γὰρ
393 1787 460 1822 ὁμοῦ
474 1796 502 1813 τε
513 1789 575 1820 τοὺς
588 1789 657 1823 ὑπὲρ
669 1790 717 1824 τῆς
730 1789 868 1822 μετανοίας

924 1791 1049 1819 Ostendit
1072 1794 1161 1817 autem
1188 1790 1311 1825 proxime
1340 1789 1464 1822 sequenti
1497 1796 1579 1816 versu
1610 1789 1709 1816 bonam

82 1832 122 1867 τῷ
133 1833 191 1867 Θεῷ
202 1834 361 1868 προσήγαγε
374 1833 480 1866 λόγους,
493 1834 539 1860 καὶ
552 1835 590 1865 είς
602 1834 776 1869 συναίσθησιν
789 1834 867 1861 ἐλθὼν

925 1846 998 1872 spem
1015 1845 1161 1865 successus
1178 1835 1302 1871 prosperi
1317 1835 1397 1862 nobis
1414 1843 1445 1861 ex
1467 1835 1628 1869 pcenitentia
1647 1843 1710 1870 pro-

82 1879 132 1913 τῆς
145 1878 192 1905 τοῦ
207 1878 273 1905 Θεοῦ
298 1878 361 1913 περὶ
385 1878 465 1904 αὑτὸν
482 1879 633 1914 εὐμενείας,
656 1879 809 1914 δημοσιεύει
824 1878 867 1914 τὴν

925 1883 1070 1910 venientis.
1089 1881 1186 1909 Statim
1204 1881 1276 1908 enim
1293 1879 1374 1907 simul
1395 1883 1476 1914 atque
1491 1879 1573 1906 verba
1591 1879 1644 1907 Deo
1661 1887 1710 1914 pro

82 1924 174 1958 χάριν,
188 1924 235 1949 καὶ
249 1924 282 1958 τῇ
290 1923 379 1958 δωρεᾷ
387 1923 578 1956 ἐπαγάλλεται,
595 1924 679 1958 λέγων
688 1933 694 1940 ·
707 1924 867 1960 «Είσὴκουπε

924 1929 1085 1964 pmnitentia
1099 1928 1209 1961 obtulit,
1222 1934 1284 1953 cum
1303 1925 1519 1953 benevolentiam
1534 1925 1580 1952 Dei
1599 1933 1708 1961 ergase

83 1968 187 2003 Κύριος
202 1967 252 2002 τῆς
276 1968 367 2003 φωνῆς
390 1969 439 2002 τῆς
464 1968 579 2004 δεήσεώς
600 1978 650 2004 μου
670 1977 676 1983 ’
700 1970 800 2005 Κύριος
823 1970 868 2006 τὴν

924 1969 1096 2007 ερηεὶιζιυιη
1115 1974 1230 2010 gratiam
1248 1973 1370 2007 divulgat
1391 1979 1424 1999 ac
1453 1971 1593 2006 praedicat,
1621 1975 1648 1998 et
1674 1973 1709 2000 ob

83 2013 240 2048 προσευχήν
268 2021 318 2048 μου
342 2013 529 2048 προσεδέξατο.
553 2023 562 2040 ›
582 2015 625 2046 Ὠς
652 2015 685 2040 ἂν
709 2013 755 2041 οὖν
779 2016 818 2047 εἰς
841 2016 868 2042 τὸ

924 2021 1024 2047 donum
1039 2020 1090 2047 sibi
1106 2021 1195 2054 placet
1213 2024 1295 2054 atque
1311 2020 1428 2051 laetatur,
1447 2019 1542 2046 dicens
1556 2027 1562 2046 :
1584 2028 1593 2044 ‹
1618 2019 1709 2046 Exau-

82 2059 205 2094 διηνεκὲς
222 2059 295 2094 αὐτῷ
311 2059 340 2085 τὸ
362 2059 461 2093 ἀγαθον
481 2060 640 2095 παραμένοι,
658 2060 688 2086 τδ
712 2061 743 2087 ἐκ
758 2061 807 2096 τῆς
822 2070 867 2096 με-

925 2066 990 2093 divit
1007 2065 1140 2093 Dominus
1170 2073 1262 2092 vocem
1294 2065 1494 2100 deprecationis
1525 2072 1616 2092 meae:
1650 2064 1710 2092 Do—

86 2104 197 2135 τανοίας
211 2104 285 2139 αὑτῴ
299 2104 524 2139 προσγενόμενον,
540 2105 586 2132 καὶ
602 2106 639 2140 μὴ
647 2106 775 2141 δευτέρας
791 2107 871 2134 πάλιν

923 2113 1013 2140 minus
1050 2112 1203 2139 orationem
1245 2119 1332 2138 meam
1381 2111 1512 2145 suscepit.
1535 2110 1590 2137 tUt
1626 2110 1708 2146 igitur

85 2149 228 2184 μετανοίας
250 2149 344 2184 χρείαν
366 2151 380 2176 ὁ
396 2149 452 2184 βίος
467 2149 544 2176 λάϐοι
557 2157 564 2164 ⁸
582 2151 788 2186 ἀποστραφῆναι
807 2152 870 2184 τοὺς

923 2158 949 2184 ὶιι
971 2162 1132 2192 perpetuum
1152 2157 1223 2192 apud
1252 2165 1281 2184 se
1296 2161 1404 2183 maneat
1432 2156 1458 2183 id
1478 2156 1550 2191 quod
1567 2165 1599 2184 ex
1621 2158 1708 2191 ι)ωηί-

82 2194 196 2230 ὲχθροὺς
218 2195 299 2221 αὐτοῦ
321 2195 409 2221 δεῖται
427 2195 460 2221 δι’
478 2196 607 2232 αἰσχύνης
627 2198 867 2232 μαστιγουμένους.

923 2203 1007 2229 tentia
1026 2203 1128 2230 bonum
1145 2202 1197 2236 ipsi
1214 2201 1339 2231 accessit.
1356 2208 1387 2228 ac
1404 2200 1458 2228 vita
1476 2209 1529 2227 non
1545 2201 1629 2228 altera
1647 2210 1708 2229 rur-

89 2240 119 2266 ’0
132 2239 185 2274 γὰρ
196 2240 349 2276 αίσχυνοεὶς
365 2241 411 2267 ἐπὶ
423 2242 456 2276 τῇ
467 2240 512 2267 τοῦ
527 2242 612 2268 κακοῦ
627 2243 791 2278 ὲγχειρήσει,
807 2251 870 2270 παι-

923 2255 970 2275 sus
989 2247 1149 2282 poenitentia
1167 2255 1235 2282 opus
1254 2247 1362 2279 habeat,
1377 2249 1449 2278 orat,
1476 2262 1481 2266 -
1500 2249 1530 2272 ut
1544 2245 1647 2273 inimici
1665 2247 1707 2274 sui

82 2285 198 2319 δαγωγῷ
210 2285 278 2320 πρὸς
294 2285 324 2312 τὸ
341 2285 437 2320 μηκέτι
451 2287 505 2317 τοῖς
523 2286 613 2318 αὐτοῖς
629 2287 817 2323 συνενεχθῆναι
834 2288 867 2323 τῇ

922 2293 1028 2328 pudore
1041 2293 1167 2328 castigati
1182 2296 1352 2320 avertantur.
1370 2291 1437 2318 Nam
1459 2291 1505 2326 qui
1530 2292 1565 2318 ob
1584 2291 1610 2318 id
1635 2293 1705 2326 quod

84 2330 200 2366 αἰσχύνῃ
215 2330 370 2366 χρώμενος,
394 2331 442 2366 τῆς
466 2331 525 2369 τῶν.
543 2333 642 2367 ὁμοίων
659 2333 754 2366 πείρας
771 2334 809 2364 εἰς
822 2332 868 2359 τὸν

922 2339 1023 2366 malum
1052 2338 1141 2366 facere
1162 2329 1245 2366 aus’us
1270 2338 1316 2368 sit.
1345 2337 1464 2368 erubuit,
1493 2336 1598 2371 pudore
1628 2339 1704 2372 quasi

82 2376 182 2411 ἐφεξῆς
194 2377 288 2411 χρόνον
301 2377 438 2410 ἀφέξεται.
451 2377 524 2412 Αὕτη
536 2378 586 2412 τῆς
598 2378 701 2412 ἀγαθῆς
711 2379 867 2411 ἀναϐάσεως

922 2384 1096 2411 moderatore
1109 2388 1190 2412 utens
1208 2384 1241 2411 ad
1257 2384 1318 2415 hoc,
1335 2391 1369 2410 ne
1382 2382 1500 2418 amplius
1511 2382 1606 2411 iisdem
1628 2384 1706 2411 malis

83 2421 100 2455 ὴ
115 2421 268 2447 ἀκολουθία.
300 2421 330 2448 ’0
346 2421 473 2457 τέταρτος
495 2422 600 2457 ψαλμὺς
616 2422 646 2448 τὸ
666 2423 746 2450 ἄϋλον
767 2423 867 2457 ἀγαθὸν

921 2429 1105 2462 conﬂictetur,
1130 2437 1145 2456 a
1171 2430 1321 2457 tentatinne
1350 2429 1481 2457 similium
1511 2429 1538 2455 in
1568 2434 1704 2463 posterum

82 2466 137 2492 ἀπὸ
153 2466 199 2492 τοῦ
223 2467 379 2501 σωματικοῦ
402 2467 449 2493 καὶ
474 2468 691 2503 σαρκωδεστέρου
715 2469 845 2504 διέκρινεν
859 2478 865 2484 ·

921 2476 1078 2503 abstinebit.
1093 2475 1155 2503 Haec
1168 2475 1245 2502 bona:
1257 2475 1430 2503 ascensionis
1442 2475 1640 2509 consequentia
1653 2479 1703 2501 est.

81 2511 134 2541 65',
147 2510 193 2536 τοῦ
204 2511 324 2537 τοιούτου
338 2512 439 2545 ἀγαθοῦ
457 2512 504 2547 τὴν
515 2513 696 2548 κληρονομίαν
711 2514 847 2548 ἐπηύξατο
859 2523 866 2530 ⁸

921 2521 1041 2554 Quartus
1053 2522 1174 2557 psalmus
1193 2521 1371 2549 immateriale
1388 2520 1637 2555 ineorporeumque
1656 2520 1705 2546 bo-

85 2558 188 2590 ὁὲκτος
200 2559 244 2585 τὸν
257 2559 350 2594 καιρὸν
373 2559 423 2593 τῆς
445 2560 626 2595 κληρονομίας
651 2561 774 2594 ὐττέδειξε
787 2581 794 2593 ,
817 2562 868 2597 τῆς

921 2573 986 2592 num
1009 2572 1024 2592 a
1050 2573 1181 2600 corporeo
1212 2573 1367 2600 carneoque
1394 2565 1547 2598 discrevit;
1580 2565 1702 2600 quintus.

83 2605 195 2638 Ὀγὸόης
204 2604 340 2640 μνησθείς·
347 2606 364 2639 ἡ
371 2604 477 2638 Ὀγδόη,
484 2605 528 2631 τὸν
535 2606 582 2640 τῆς
589 2615 605 2633 κ
610 2607 634 2642 ρί
638 2615 705 2638 σεως
711 2608 723 2633 ἐ
728 2607 792 2641 φανέ
797 2616 866 2643 pane

920 2610 1055 2644 ejusmodi
1075 2610 1137 2637 boni
1161 2610 1350 2637 bzereditatem
1378 2613 1505 2644 precatus
1520 2614 1582 2642 est;
1610 2613 1703 2636 sextus

83 2651 163 2684 φόϐον
174 2659 180 2664 ·
197 2651 213 2685 ἡ
230 2649 329 2684 κρίσις,
346 2651 401 2680 τοῖς
416 2650 476 2676 καθ’
494 2651 565 2685 ἡμᾶς
581 2651 752 2686 ἁμαρτωλοῖς
765 2653 866 2688 προλα-

920 2655 1029 2683 Octava:
1047 2656 1117 2683 facta
1135 2657 1284 2688 mentione,
1301 2659 1408 2690 tempus
1423 2655 1590 2683 hmreditatis
1610 2659 1705 2682 osten-

81 2695 137 2720 δεῖν
151 2695 184 2729 τῇ
203 2693 331 2729 μετανοίᾳ
352 2694 385 2720 τὰ
405 2695 506 2730 φοϐερὰ
522 2696 737 2724 συνεϐούλευσεν.
758 2696 864 2733 {Sinni}

920 2702 980 2735 dit;
996 2702 1096 2730 Octava
1113 2703 1210 2737 judicii
1227 2707 1359 2730 terrorem
1389 2706 1452 2730 ante
1474 2702 1570 2729 oculos
1599 2700 1701 2736 posuit;

81 2739 221 2773 μετάνοια,
235 2739 252 2773 ἡ
267 2738 338 2765 κατὰ
357 2739 435 2773 λόγον
453 2740 491 2775 τῷ
505 2740 564 2774 Θεῷ
582 2742 776 2778 προσαχθεῖσα,
793 2743 822 2770 τὸ
837 2743 866 2776 ἐξ

917 2747 1052 2782 judicium
1065 2756 1116 2776 nos
1134 2751 1294 2783 peccatores
1320 2747 1471 2780 admonuit,
1492 2749 1522 2773 ut
1539 2738 1698 2778 ρωηίιεηιίε

116 2827 139 2843 ³⁷
151 2828 225 2856 Psal.
242 2835 279 2861 vi,
300 2828 325 2855 7.
370 2828 391 2844 "
403 2827 497 2857 Matth.
513 2837 560 2862 vn,
575 2830 619 2858 ‘25.
