  <div class='ocr_page' id='page_1' title='image "/cluster/home/n/w/nwhite01/storage/ocr_20150623/44/njp.32101009003169/316.png"; bbox 0 0 1989 3070; ppageno 0'>
   <div class='ocr_carea' id='block_1_1' title="bbox 143 121 192 150">
    <p class='ocr_par' dir='ltr' id='par_1_1' title="bbox 143 121 192 150">
     <span class='ocr_line' id='line_1_1' title="bbox 143 121 192 150; baseline 0 0"><span class='ocrx_word' id='word_1_1' title='bbox 143 121 192 150; x_wconf 71' lang='grc'><strong>621</strong></span> 
     </span>
    </p>
   </div>
   <div class='ocr_carea' id='block_1_2' title="bbox 685 117 1207 150">
    <p class='ocr_par' dir='ltr' id='par_1_2' title="bbox 685 117 1207 150">
     <span class='ocr_line' id='line_1_2' title="bbox 685 117 1207 150; baseline -0.008 0"><span class='ocrx_word' id='word_1_2' title='bbox 685 122 718 150; x_wconf 81' lang='lat' dir='ltr'><strong>IN</strong></span> <span class='ocrx_word' id='word_1_3' title='bbox 741 121 1006 150; x_wconf 78' lang='lat' dir='ltr'><strong>ECCLESIASTEN.</strong></span> <span class='ocrx_word' id='word_1_4' title='bbox 1028 117 1166 149; x_wconf 78' lang='lat' dir='ltr'><strong>llOMlLIA</strong></span> <span class='ocrx_word' id='word_1_5' title='bbox 1188 120 1207 147; x_wconf 90' lang='lat' dir='ltr'><strong>l.</strong></span> 
     </span>
    </p>
   </div>
   <div class='ocr_carea' id='block_1_3' title="bbox 1708 116 1763 149">
    <p class='ocr_par' dir='ltr' id='par_1_3' title="bbox 1708 116 1763 149">
     <span class='ocr_line' id='line_1_3' title="bbox 1708 116 1763 149; baseline 0 -1"><span class='ocrx_word' id='word_1_6' title='bbox 1708 116 1763 149; x_wconf 65' lang='lat'><strong>09:)</strong></span> 
     </span>
    </p>
   </div>
   <div class='ocr_carea' id='block_1_4' title="bbox 142 175 934 216">
    <p class='ocr_par' dir='ltr' id='par_1_4' title="bbox 142 177 928 216">
     <span class='ocr_line' id='line_1_4' title="bbox 142 177 928 216; baseline -0.005 -9"><span class='ocrx_word' id='word_1_7' title='bbox 142 180 225 216; x_wconf 73' lang='grc' dir='ltr'>ὁρῶν,</span> <span class='ocrx_word' id='word_1_8' title='bbox 250 178 298 206; x_wconf 80' lang='grc' dir='ltr'>καὶ</span> <span class='ocrx_word' id='word_1_9' title='bbox 323 179 360 211; x_wconf 82' lang='grc' dir='ltr'>ὥς</span> <span class='ocrx_word' id='word_1_10' title='bbox 382 186 407 207; x_wconf 79' lang='grc' dir='ltr'>’τι</span> <span class='ocrx_word' id='word_1_11' title='bbox 431 180 565 211; x_wconf 74' lang='grc' dir='ltr'>λυσιτελὲς</span> <span class='ocrx_word' id='word_1_12' title='bbox 584 179 635 206; x_wconf 81' lang='grc' dir='ltr'><strong>τῶν</strong></span> <span class='ocrx_word' id='word_1_13' title='bbox 654 178 838 215; x_wconf 76' lang='grc' dir='ltr'><strong>προκειμένων</strong></span> <span class='ocrx_word' id='word_1_14' title='bbox 859 177 928 204; x_wconf 83' lang='grc' dir='ltr'>κατὰ</span> 
     </span>
    </p>
   </div>
   <div class='ocr_carea' id='block_1_5' title="bbox 985 175 1761 216">
    <p class='ocr_par' dir='ltr' id='par_1_5' title="bbox 985 175 1761 211">
     <span class='ocr_line' id='line_1_5' title="bbox 985 175 1761 211; baseline 0 -7"><span class='ocrx_word' id='word_1_15' title='bbox 985 184 1050 211; x_wconf 70' lang='lat' dir='ltr'><strong>smpe</strong></span> <span class='ocrx_word' id='word_1_16' title='bbox 1068 177 1184 211; x_wconf 89' lang='lat' dir='ltr'><strong>positum</strong></span> <span class='ocrx_word' id='word_1_17' title='bbox 1206 176 1233 203; x_wconf 89' lang='lat' dir='ltr'><strong>in</strong></span> <span class='ocrx_word' id='word_1_18' title='bbox 1251 175 1462 206; x_wconf 85' lang='lat' dir='ltr'><strong>consuetudine.</strong></span> <span class='ocrx_word' id='word_1_19' title='bbox 1479 179 1507 202; x_wconf 89' lang='lat' dir='ltr'><strong>ut</strong></span> <span class='ocrx_word' id='word_1_20' title='bbox 1524 183 1622 203; x_wconf 85' lang='lat' dir='ltr'><strong>vanum</strong></span> <span class='ocrx_word' id='word_1_21' title='bbox 1645 175 1761 210; x_wconf 82' lang='lat' dir='ltr'><strong>dicatur,</strong></span> 
     </span>
    </p>
   </div>
   <div class='ocr_carea' id='block_1_6' title="bbox 144 223 927 261">
    <p class='ocr_par' dir='ltr' id='par_1_6' title="bbox 144 223 927 261">
     <span class='ocr_line' id='line_1_6' title="bbox 144 223 927 261; baseline -0.005 -9"><span class='ocrx_word' id='word_1_22' title='bbox 144 226 262 261; x_wconf 75' lang='grc' dir='ltr'>σπουδὴν</span> <span class='ocrx_word' id='word_1_23' title='bbox 278 225 387 260; x_wconf 84' lang='grc' dir='ltr'>μετιὼν,</span> <span class='ocrx_word' id='word_1_24' title='bbox 403 226 504 252; x_wconf 73' lang='grc' dir='ltr'>ἕκαστα</span> <span class='ocrx_word' id='word_1_25' title='bbox 519 226 635 261; x_wconf 80' lang='grc' dir='ltr'>πράττῃ,</span> <span class='ocrx_word' id='word_1_26' title='bbox 651 223 711 251; x_wconf 76' lang='grc' dir='ltr'>εἶτά</span> <span class='ocrx_word' id='word_1_27' title='bbox 722 232 793 255; x_wconf 85' lang='grc' dir='ltr'>τινος</span> <span class='ocrx_word' id='word_1_28' title='bbox 808 223 927 250; x_wconf 71' lang='grc' dir='ltr'>ἐναντίου</span> 
     </span>
    </p>
   </div>
   <div class='ocr_carea' id='block_1_7' title="bbox 144 267 928 306">
    <p class='ocr_par' dir='ltr' id='par_1_7' title="bbox 144 267 928 306">
     <span class='ocr_line' id='line_1_7' title="bbox 144 267 928 306; baseline -0.004 -10"><span class='ocrx_word' id='word_1_29' title='bbox 144 271 337 306; x_wconf 83' lang='grc' dir='ltr'><strong>γεγενημένου,</strong></span> <span class='ocrx_word' id='word_1_30' title='bbox 352 271 391 302; x_wconf 82' lang='grc' dir='ltr'>εἰς</span> <span class='ocrx_word' id='word_1_31' title='bbox 402 271 527 305; x_wconf 76' lang='grc' dir='ltr'>ἀνόνητον</span> <span class='ocrx_word' id='word_1_32' title='bbox 541 270 670 306; x_wconf 77' lang='grc' dir='ltr'><strong>περιέλθῃ</strong></span> <span class='ocrx_word' id='word_1_33' title='bbox 684 271 698 296; x_wconf 90' lang='grc' dir='ltr'>ὁ</span> <span class='ocrx_word' id='word_1_34' title='bbox 713 269 801 300; x_wconf 72' lang='grc' dir='ltr'>πόνος,</span> <span class='ocrx_word' id='word_1_35' title='bbox 813 268 858 295; x_wconf 66' lang='grc' dir='ltr'><strong>κα)⁴</strong></span> <span class='ocrx_word' id='word_1_36' title='bbox 869 267 928 294; x_wconf 80' lang='grc' dir='ltr'>τότε</span> 
     </span>
    </p>
   </div>
   <div class='ocr_carea' id='block_1_8' title="bbox 143 312 929 351">
    <p class='ocr_par' dir='ltr' id='par_1_8' title="bbox 143 312 929 351">
     <span class='ocr_line' id='line_1_8' title="bbox 143 312 929 351; baseline -0.005 -9"><span class='ocrx_word' id='word_1_37' title='bbox 143 316 191 342; x_wconf 83' lang='grc' dir='ltr'>καὶ</span> <span class='ocrx_word' id='word_1_38' title='bbox 208 317 254 342; x_wconf 78' lang='grc' dir='ltr'>ἐπὶ</span> <span class='ocrx_word' id='word_1_39' title='bbox 272 316 364 351; x_wconf 74' lang='grc' dir='ltr'>μηδενὶ</span> <span class='ocrx_word' id='word_1_40' title='bbox 383 315 572 351; x_wconf 80' lang='grc' dir='ltr'><strong>κατορθώματι</strong></span> <span class='ocrx_word' id='word_1_41' title='bbox 587 315 635 350; x_wconf 79' lang='grc' dir='ltr'><strong>τὴν</strong></span> <span class='ocrx_word' id='word_1_42' title='bbox 653 315 768 349; x_wconf 78' lang='grc' dir='ltr'>σπουδὴν</span> <span class='ocrx_word' id='word_1_43' title='bbox 785 312 929 348; x_wconf 79' lang='grc' dir='ltr'>προχωρῆ-</span> 
     </span>
    </p>
   </div>
   <div class='ocr_carea' id='block_1_9' title="bbox 145 358 929 396">
    <p class='ocr_par' dir='ltr' id='par_1_9' title="bbox 145 358 929 396">
     <span class='ocr_line' id='line_1_9' title="bbox 145 358 929 396; baseline -0.005 -9"><span class='ocrx_word' id='word_1_44' title='bbox 145 370 190 388; x_wconf 84' lang='grc' dir='ltr'>σαι</span> <span class='ocrx_word' id='word_1_45' title='bbox 214 361 253 396; x_wconf 83' lang='grc' dir='ltr'>τῷ</span> <span class='ocrx_word' id='word_1_46' title='bbox 282 362 381 396; x_wconf 74' lang='grc' dir='ltr'>ῥήματι</span> <span class='ocrx_word' id='word_1_47' title='bbox 407 361 452 387; x_wconf 83' lang='grc' dir='ltr'>τοῦ</span> <span class='ocrx_word' id='word_1_48' title='bbox 479 361 591 396; x_wconf 80' lang='grc' dir='ltr'><strong>ματαίου</strong></span> <span class='ocrx_word' id='word_1_49' title='bbox 617 359 830 395; x_wconf 73' lang='grc' dir='ltr'>διασημαίνεται,</span> <span class='ocrx_word' id='word_1_50' title='bbox 849 358 929 391; x_wconf 81' lang='grc' dir='ltr'>Λέγει</span> 
     </span>
    </p>
   </div>
   <div class='ocr_carea' id='block_1_10' title="bbox 144 405 930 442">
    <p class='ocr_par' dir='ltr' id='par_1_10' title="bbox 144 405 930 442">
     <span class='ocr_line' id='line_1_10' title="bbox 144 405 930 442; baseline -0.004 -9"><span class='ocrx_word' id='word_1_51' title='bbox 144 408 199 442; x_wconf 80' lang='grc' dir='ltr'>γὰρ</span> <span class='ocrx_word' id='word_1_52' title='bbox 215 407 260 433; x_wconf 78' lang='grc' dir='ltr'><strong>ἐπὶ</strong></span> <span class='ocrx_word' id='word_1_53' title='bbox 282 407 334 433; x_wconf 81' lang='grc' dir='ltr'><strong>τῶν</strong></span> <span class='ocrx_word' id='word_1_54' title='bbox 361 407 487 433; x_wconf 76' lang='grc' dir='ltr'>τοιούτων</span> <span class='ocrx_word' id='word_1_55' title='bbox 510 408 526 442; x_wconf 82' lang='grc' dir='ltr'>ἡ</span> <span class='ocrx_word' id='word_1_56' title='bbox 551 406 679 442; x_wconf 84' lang='grc' dir='ltr'>συνήθεια</span> <span class='ocrx_word' id='word_1_57' title='bbox 702 407 741 440; x_wconf 81' lang='grc' dir='ltr'>τὸ,</span> <span class='ocrx_word' id='word_1_58' title='bbox 760 405 854 439; x_wconf 72' lang='grc' dir='ltr'>Μάτην</span> <span class='ocrx_word' id='word_1_59' title='bbox 870 405 930 430; x_wconf 81' lang='grc' dir='ltr'>ὲκο-</span> 
     </span>
    </p>
   </div>
   <div class='ocr_carea' id='block_1_11' title="bbox 144 451 929 487">
    <p class='ocr_par' dir='ltr' id='par_1_11' title="bbox 144 451 929 487">
     <span class='ocr_line' id='line_1_11' title="bbox 144 451 929 487; baseline -0.003 -9"><span class='ocrx_word' id='word_1_60' title='bbox 144 452 240 484; x_wconf 81' lang='grc' dir='ltr'>πίασα,</span> <span class='ocrx_word' id='word_1_61' title='bbox 266 453 312 478; x_wconf 83' lang='grc' dir='ltr'>καὶ</span> <span class='ocrx_word' id='word_1_62' title='bbox 338 452 426 487; x_wconf 75' lang='grc' dir='ltr'>μάτην</span> <span class='ocrx_word' id='word_1_63' title='bbox 446 453 592 486; x_wconf 77' lang='grc' dir='ltr'>ὲπήλπισα,</span> <span class='ocrx_word' id='word_1_64' title='bbox 616 452 662 478; x_wconf 74' lang='grc' dir='ltr'>καὶ</span> <span class='ocrx_word' id='word_1_65' title='bbox 681 451 727 478; x_wconf 71' lang='grc' dir='ltr'><strong>ἐπὶ</strong></span> <span class='ocrx_word' id='word_1_66' title='bbox 746 451 851 485; x_wconf 78' lang='grc' dir='ltr'>ματαίῳ</span> <span class='ocrx_word' id='word_1_67' title='bbox 868 451 929 481; x_wconf 75' lang='grc' dir='ltr'>τοὺς</span> 
     </span>
    </p>
   </div>
   <div class='ocr_carea' id='block_1_12' title="bbox 145 494 929 531">
    <p class='ocr_par' dir='ltr' id='par_1_12' title="bbox 145 494 929 531">
     <span class='ocr_line' id='line_1_12' title="bbox 145 494 929 531; baseline -0.004 -9"><span class='ocrx_word' id='word_1_68' title='bbox 145 497 259 528; x_wconf 80' lang='grc' dir='ltr'>πολλοὺς</span> <span class='ocrx_word' id='word_1_69' title='bbox 284 497 403 531; x_wconf 77' lang='grc' dir='ltr'><strong>ὑπέστην</strong></span> <span class='ocrx_word' id='word_1_70' title='bbox 428 497 575 531; x_wconf 78' lang='grc' dir='ltr'><strong>καμάτους.</strong></span> <span class='ocrx_word' id='word_1_71' title='bbox 601 497 654 523; x_wconf 66' lang='grc' dir='ltr'><strong>Καὶ⁴</strong></span> <span class='ocrx_word' id='word_1_72' title='bbox 681 496 723 522; x_wconf 83' lang='grc' dir='ltr'><strong>ἵνα</strong></span> <span class='ocrx_word' id='word_1_73' title='bbox 754 495 790 530; x_wconf 88' lang='grc' dir='ltr'>μὴ</span> <span class='ocrx_word' id='word_1_74' title='bbox 813 495 847 520; x_wconf 74' lang='grc' dir='ltr'>τὰ</span> <span class='ocrx_word' id='word_1_75' title='bbox 869 494 929 520; x_wconf 79' lang='grc' dir='ltr'>καθ’</span> 
     </span>
    </p>
   </div>
   <div class='ocr_carea' id='block_1_13' title="bbox 145 540 930 577">
    <p class='ocr_par' dir='ltr' id='par_1_13' title="bbox 145 540 930 577">
     <span class='ocr_line' id='line_1_13' title="bbox 145 540 930 577; baseline -0.003 -9"><span class='ocrx_word' id='word_1_76' title='bbox 145 543 258 574; x_wconf 65' lang='grc' dir='ltr'>ἕκαστον</span> <span class='ocrx_word' id='word_1_77' title='bbox 271 542 420 577; x_wconf 73' lang='grc' dir='ltr'>διεξίωμεν,</span> <span class='ocrx_word' id='word_1_78' title='bbox 438 544 480 576; x_wconf 75' lang='grc' dir='ltr'><strong>ἐφ’</strong></span> <span class='ocrx_word' id='word_1_79' title='bbox 495 540 533 574; x_wconf 70' lang='grc' dir='ltr'><strong>οἷς</strong></span> <span class='ocrx_word' id='word_1_80' title='bbox 548 542 577 568; x_wconf 76' lang='grc' dir='ltr'>τὸ</span> <span class='ocrx_word' id='word_1_81' title='bbox 594 542 678 576; x_wconf 74' lang='grc' dir='ltr'>δνομα</span> <span class='ocrx_word' id='word_1_82' title='bbox 692 542 742 575; x_wconf 75' lang='grc' dir='ltr'><strong>τῆς</strong></span> <span class='ocrx_word' id='word_1_83' title='bbox 753 540 930 576; x_wconf 74' lang='grc' dir='ltr'><strong>ματαιότητος</strong></span> 
     </span>
    </p>
   </div>
   <div class='ocr_carea' id='block_1_14' title="bbox 146 586 930 623">
    <p class='ocr_par' dir='ltr' id='par_1_14' title="bbox 146 586 930 623">
     <span class='ocr_line' id='line_1_14' title="bbox 146 586 930 623; baseline -0.004 -9"><span class='ocrx_word' id='word_1_84' title='bbox 146 588 246 622; x_wconf 78' lang='grc' dir='ltr'>κυρίως</span> <span class='ocrx_word' id='word_1_85' title='bbox 273 588 390 621; x_wconf 79' lang='grc' dir='ltr'>λέγεται,</span> <span class='ocrx_word' id='word_1_86' title='bbox 418 589 446 614; x_wconf 81' lang='grc' dir='ltr'>ὲν</span> <span class='ocrx_word' id='word_1_87' title='bbox 473 588 554 622; x_wconf 77' lang='grc' dir='ltr'>ολίγῳ</span> <span class='ocrx_word' id='word_1_88' title='bbox 579 587 627 623; x_wconf 83' lang='grc' dir='ltr'>τὴν</span> <span class='ocrx_word' id='word_1_89' title='bbox 646 587 748 613; x_wconf 81' lang='grc' dir='ltr'>ἔννοιαν</span> <span class='ocrx_word' id='word_1_90' title='bbox 770 587 818 620; x_wconf 74' lang='grc' dir='ltr'><strong>τῆς</strong></span> <span class='ocrx_word' id='word_1_91' title='bbox 841 586 930 620; x_wconf 69' lang='grc' dir='ltr'>φωνῆς</span> 
     </span>
    </p>
   </div>
   <div class='ocr_carea' id='block_1_15' title="bbox 145 631 930 668">
    <p class='ocr_par' dir='ltr' id='par_1_15' title="bbox 145 631 930 668">
     <span class='ocr_line' id='line_1_15' title="bbox 145 631 930 668; baseline -0.005 -8"><span class='ocrx_word' id='word_1_92' title='bbox 145 633 246 668; x_wconf 80' lang='grc' dir='ltr'><strong>ταύτης</strong></span> <span class='ocrx_word' id='word_1_93' title='bbox 272 633 493 668; x_wconf 68' lang='grc' dir='ltr'>περιληψώμεοα.</span> <span class='ocrx_word' id='word_1_94' title='bbox 524 633 679 667; x_wconf 77' lang='grc' dir='ltr'>Ματαιότης</span> <span class='ocrx_word' id='word_1_95' title='bbox 705 632 786 663; x_wconf 70' lang='grc' dir='ltr'>ἐστὶν,</span> <span class='ocrx_word' id='word_1_96' title='bbox 815 632 830 666; x_wconf 84' lang='grc' dir='ltr'><strong>ἢ</strong></span> <span class='ocrx_word' id='word_1_97' title='bbox 856 631 930 665; x_wconf 75' lang='grc' dir='ltr'>ῥῆμα</span> 
     </span>
    </p>
   </div>
   <div class='ocr_carea' id='block_1_16' title="bbox 145 676 930 713">
    <p class='ocr_par' dir='ltr' id='par_1_16' title="bbox 145 676 930 713">
     <span class='ocr_line' id='line_1_16' title="bbox 145 676 930 713; baseline -0.004 -9"><span class='ocrx_word' id='word_1_98' title='bbox 145 679 311 712; x_wconf 74' lang='grc' dir='ltr'><strong>ἀδιανόητον,</strong></span> <span class='ocrx_word' id='word_1_99' title='bbox 325 678 341 712; x_wconf 83' lang='grc' dir='ltr'>ἢ</span> <span class='ocrx_word' id='word_1_100' title='bbox 358 679 472 713; x_wconf 81' lang='grc' dir='ltr'>πρᾶγμα</span> <span class='ocrx_word' id='word_1_101' title='bbox 494 679 631 713; x_wconf 79' lang='grc' dir='ltr'>ἀνόνητον,</span> <span class='ocrx_word' id='word_1_102' title='bbox 647 678 663 712; x_wconf 82' lang='grc' dir='ltr'><strong>ἢ</strong></span> <span class='ocrx_word' id='word_1_103' title='bbox 681 676 759 711; x_wconf 77' lang='grc' dir='ltr'>βουλὴ</span> <span class='ocrx_word' id='word_1_104' title='bbox 779 676 930 702; x_wconf 62' lang='grc' dir='ltr'>ἁνυπόςταν</span> 
     </span>
    </p>
   </div>
   <div class='ocr_carea' id='block_1_17' title="bbox 145 720 930 758">
    <p class='ocr_par' dir='ltr' id='par_1_17' title="bbox 145 720 930 758">
     <span class='ocr_line' id='line_1_17' title="bbox 145 720 930 758; baseline -0.005 -9"><span class='ocrx_word' id='word_1_105' title='bbox 145 732 200 755; x_wconf 82' lang='grc' dir='ltr'>τος,</span> <span class='ocrx_word' id='word_1_106' title='bbox 221 723 237 758; x_wconf 84' lang='grc' dir='ltr'>ἢ</span> <span class='ocrx_word' id='word_1_107' title='bbox 258 723 358 758; x_wconf 82' lang='grc' dir='ltr'>σπουδὴ</span> <span class='ocrx_word' id='word_1_108' title='bbox 383 723 465 758; x_wconf 78' lang='grc' dir='ltr'>πέρας</span> <span class='ocrx_word' id='word_1_109' title='bbox 490 723 536 749; x_wconf 79' lang='grc' dir='ltr'><strong>οὐκ</strong></span> <span class='ocrx_word' id='word_1_110' title='bbox 552 723 658 758; x_wconf 74' lang='grc' dir='ltr'>ἔχουσα,</span> <span class='ocrx_word' id='word_1_111' title='bbox 674 722 691 756; x_wconf 85' lang='grc' dir='ltr'>ἢ</span> <span class='ocrx_word' id='word_1_112' title='bbox 711 721 822 747; x_wconf 76' lang='grc' dir='ltr'>καθόλου</span> <span class='ocrx_word' id='word_1_113' title='bbox 837 720 866 746; x_wconf 80' lang='grc' dir='ltr'><strong>τὸ</strong></span> <span class='ocrx_word' id='word_1_114' title='bbox 884 720 930 746; x_wconf 73' lang='grc' dir='ltr'><strong>ἐπὶ</strong></span> 
     </span>
    </p>
   </div>
   <div class='ocr_carea' id='block_1_18' title="bbox 146 767 930 803">
    <p class='ocr_par' dir='ltr' id='par_1_18' title="bbox 146 767 930 803">
     <span class='ocr_line' id='line_1_18' title="bbox 146 767 930 803; baseline -0.005 -8"><span class='ocrx_word' id='word_1_115' title='bbox 146 769 228 795; x_wconf 67' lang='grc' dir='ltr'>παντὶ</span> <span class='ocrx_word' id='word_1_116' title='bbox 241 769 420 795; x_wconf 76' lang='grc' dir='ltr'>λυςιτελοῦντι</span> <span class='ocrx_word' id='word_1_117' title='bbox 435 769 616 803; x_wconf 79' lang='grc' dir='ltr'>ἀνύπαρκτον.</span> <span class='ocrx_word' id='word_1_118' title='bbox 634 769 665 793; x_wconf 83' lang='grc' dir='ltr'><strong>Εἰ</strong></span> <span class='ocrx_word' id='word_1_119' title='bbox 682 768 712 802; x_wconf 83' lang='grc' dir='ltr'><strong>δὴ</strong></span> <span class='ocrx_word' id='word_1_120' title='bbox 727 767 849 801; x_wconf 66' lang='grc' dir='ltr'>νενόηται</span> <span class='ocrx_word' id='word_1_121' title='bbox 867 767 930 800; x_wconf 81' lang='grc' dir='ltr'>ἡμῖν</span> 
     </span>
    </p>
   </div>
   <div class='ocr_carea' id='block_1_19' title="bbox 146 811 930 849">
    <p class='ocr_par' dir='ltr' id='par_1_19' title="bbox 146 811 930 849">
     <span class='ocr_line' id='line_1_19' title="bbox 146 811 930 849; baseline -0.005 -9"><span class='ocrx_word' id='word_1_122' title='bbox 146 814 192 840; x_wconf 84' lang='grc' dir='ltr'>τοῦ</span> <span class='ocrx_word' id='word_1_123' title='bbox 211 814 352 849; x_wconf 78' lang='grc' dir='ltr'>ματαίουὴ</span> <span class='ocrx_word' id='word_1_124' title='bbox 368 814 464 844; x_wconf 71' lang='grc' dir='ltr'>ἔννοια,</span> <span class='ocrx_word' id='word_1_125' title='bbox 479 813 631 846; x_wconf 74' lang='grc' dir='ltr'><strong>ἐξεταστέον</strong></span> <span class='ocrx_word' id='word_1_126' title='bbox 645 813 676 839; x_wconf 80' lang='grc' dir='ltr'>ἂν</span> <span class='ocrx_word' id='word_1_127' title='bbox 698 812 751 848; x_wconf 80' lang='grc' dir='ltr'>εἴη,</span> <span class='ocrx_word' id='word_1_128' title='bbox 767 812 791 838; x_wconf 79' lang='grc' dir='ltr'>τί</span> <span class='ocrx_word' id='word_1_129' title='bbox 809 811 930 846; x_wconf 76' lang='grc' dir='ltr'>βούλεται</span> 
     </span>
    </p>
   </div>
   <div class='ocr_carea' id='block_1_20' title="bbox 146 855 934 896">
    <p class='ocr_par' dir='ltr' id='par_1_20' title="bbox 146 855 934 896">
     <span class='ocr_line' id='line_1_20' title="bbox 146 855 934 896; baseline -0.005 -12"><span class='ocrx_word' id='word_1_130' title='bbox 146 860 163 894; x_wconf 81' lang='grc' dir='ltr'>ἡ</span> <span class='ocrx_word' id='word_1_131' title='bbox 191 859 338 894; x_wconf 71' lang='grc' dir='ltr'>ματαιότης</span> <span class='ocrx_word' id='word_1_132' title='bbox 361 858 415 884; x_wconf 77' lang='grc' dir='ltr'><strong>τῶν</strong></span> <span class='ocrx_word' id='word_1_133' title='bbox 446 859 640 896; x_wconf 70' lang='grc' dir='ltr'>ματαιοτήτων.</span> <span class='ocrx_word' id='word_1_134' title='bbox 665 857 742 891; x_wconf 83' lang='grc' dir='ltr'><strong>Τάχα</strong></span> <span class='ocrx_word' id='word_1_135' title='bbox 768 856 789 881; x_wconf 80' lang='grc' dir='ltr'><strong>δ’</strong></span> <span class='ocrx_word' id='word_1_136' title='bbox 813 855 846 882; x_wconf 83' lang='grc' dir='ltr'><strong>ἂν</strong></span> <span class='ocrx_word' id='word_1_137' title='bbox 870 855 934 889; x_wconf 76' lang='grc' dir='ltr'>ἡμῖν</span> 
     </span>
    </p>
   </div>
   <div class='ocr_carea' id='block_1_21' title="bbox 147 901 933 940">
    <p class='ocr_par' dir='ltr' id='par_1_21' title="bbox 147 901 933 940">
     <span class='ocr_line' id='line_1_21' title="bbox 147 901 933 940; baseline -0.005 -10"><span class='ocrx_word' id='word_1_138' title='bbox 147 904 355 940; x_wconf 78' lang='grc' dir='ltr'>γνωριμώτερον</span> <span class='ocrx_word' id='word_1_139' title='bbox 369 903 398 929; x_wconf 77' lang='grc' dir='ltr'>τὸ</span> <span class='ocrx_word' id='word_1_140' title='bbox 421 903 584 938; x_wconf 79' lang='grc' dir='ltr'>ζητούμενον</span> <span class='ocrx_word' id='word_1_141' title='bbox 608 902 695 937; x_wconf 81' lang='grc' dir='ltr'>νόημα</span> <span class='ocrx_word' id='word_1_142' title='bbox 718 902 830 936; x_wconf 81' lang='grc' dir='ltr'>γένοιτο,</span> <span class='ocrx_word' id='word_1_143' title='bbox 847 902 871 927; x_wconf 85' lang='grc' dir='ltr'>εἰ</span> <span class='ocrx_word' id='word_1_144' title='bbox 885 901 933 935; x_wconf 75' lang='grc' dir='ltr'><strong>τὴν</strong></span> 
     </span>
    </p>
   </div>
   <div class='ocr_carea' id='block_1_22' title="bbox 148 947 936 984">
    <p class='ocr_par' dir='ltr' id='par_1_22' title="bbox 148 947 936 984">
     <span class='ocr_line' id='line_1_22' title="bbox 148 947 936 984; baseline -0.008 -8"><span class='ocrx_word' id='word_1_145' title='bbox 148 949 284 984; x_wconf 64' lang='grc' dir='ltr'>γραφικὴν</span> <span class='ocrx_word' id='word_1_146' title='bbox 304 948 445 983; x_wconf 78' lang='grc' dir='ltr'>συνήθειαν</span> <span class='ocrx_word' id='word_1_147' title='bbox 463 949 508 974; x_wconf 76' lang='grc' dir='ltr'><strong>ἐπὶ</strong></span> <span class='ocrx_word' id='word_1_148' title='bbox 523 948 575 974; x_wconf 81' lang='grc' dir='ltr'><strong>τῶν</strong></span> <span class='ocrx_word' id='word_1_149' title='bbox 598 947 664 982; x_wconf 75' lang='grc' dir='ltr'><strong>πρὸς</strong></span> <span class='ocrx_word' id='word_1_150' title='bbox 683 947 712 972; x_wconf 79' lang='grc' dir='ltr'>τὸ</span> <span class='ocrx_word' id='word_1_151' title='bbox 727 947 847 981; x_wconf 77' lang='grc' dir='ltr'>κρεῖττον</span> <span class='ocrx_word' id='word_1_152' title='bbox 862 954 936 971; x_wconf 86' lang='grc' dir='ltr'>νοου-</span> 
     </span>
    </p>
   </div>
   <div class='ocr_carea' id='block_1_23' title="bbox 149 989 936 1029">
    <p class='ocr_par' dir='ltr' id='par_1_23' title="bbox 149 989 936 1029">
     <span class='ocr_line' id='line_1_23' title="bbox 149 989 936 1029; baseline -0.008 -9"><span class='ocrx_word' id='word_1_153' title='bbox 149 994 253 1029; x_wconf 80' lang='grc' dir='ltr'>μένων,</span> <span class='ocrx_word' id='word_1_154' title='bbox 270 993 504 1028; x_wconf 77' lang='grc' dir='ltr'>συνεξετάσαιμεν,</span> <span class='ocrx_word' id='word_1_155' title='bbox 526 992 557 1018; x_wconf 83' lang='grc'><strong>’11</strong></span> <span class='ocrx_word' id='word_1_156' title='bbox 582 992 635 1018; x_wconf 84' lang='grc' dir='ltr'><strong>τῶν</strong></span> <span class='ocrx_word' id='word_1_157' title='bbox 656 990 810 1024; x_wconf 76' lang='grc' dir='ltr'>ἀναγκαίων</span> <span class='ocrx_word' id='word_1_158' title='bbox 834 998 863 1015; x_wconf 82' lang='grc' dir='ltr'><strong>τε</strong></span> <span class='ocrx_word' id='word_1_159' title='bbox 889 989 936 1015; x_wconf 79' lang='grc' dir='ltr'>καὶ</span> 
     </span>
    </p>
   </div>
   <div class='ocr_carea' id='block_1_24' title="bbox 150 1034 934 1074">
    <p class='ocr_par' dir='ltr' id='par_1_24' title="bbox 150 1034 934 1074">
     <span class='ocr_line' id='line_1_24' title="bbox 150 1034 934 1074; baseline 0.001 -9"><span class='ocrx_word' id='word_1_160' title='bbox 150 1039 341 1074; x_wconf 65' lang='grc' dir='ltr'>συμφερόντων</span> <span class='ocrx_word' id='word_1_161' title='bbox 353 1038 460 1073; x_wconf 75' lang='grc' dir='ltr'>πρᾶξις,</span> <span class='ocrx_word' id='word_1_162' title='bbox 486 1037 564 1072; x_wconf 75' lang='grc' dir='ltr'>ἔργον</span> <span class='ocrx_word' id='word_1_163' title='bbox 588 1035 664 1071; x_wconf 78' lang='grc' dir='ltr'>παρὰ</span> <span class='ocrx_word' id='word_1_164' title='bbox 685 1036 733 1070; x_wconf 80' lang='grc' dir='ltr'><strong>τῆς</strong></span> <span class='ocrx_word' id='word_1_165' title='bbox 753 1034 864 1070; x_wconf 71' lang='grc' dir='ltr'>Γρκφῆς</span> <span class='ocrx_word' id='word_1_166' title='bbox 879 1035 934 1060; x_wconf 72' lang='grc' dir='ltr'>ὀνο-</span> 
     </span>
    </p>
   </div>
   <div class='ocr_carea' id='block_1_25' title="bbox 149 1080 934 1120">
    <p class='ocr_par' dir='ltr' id='par_1_25' title="bbox 149 1080 934 1120">
     <span class='ocr_line' id='line_1_25' title="bbox 149 1080 934 1120; baseline -0.008 -9"><span class='ocrx_word' id='word_1_167' title='bbox 149 1085 280 1120; x_wconf 58' lang='grc' dir='ltr'>μὲζεταυ</span> <span class='ocrx_word' id='word_1_168' title='bbox 305 1084 372 1110; x_wconf 81' lang='grc' dir='ltr'><strong>ἀλλὰ</strong></span> <span class='ocrx_word' id='word_1_169' title='bbox 396 1084 428 1110; x_wconf 77' lang='grc' dir='ltr'>τὰ</span> <span class='ocrx_word' id='word_1_170' title='bbox 451 1083 648 1118; x_wconf 77' lang='grc' dir='ltr'>ὑπερϐαίνοντα</span> <span class='ocrx_word' id='word_1_171' title='bbox 673 1082 725 1108; x_wconf 83' lang='grc' dir='ltr'><strong>τῶν</strong></span> <span class='ocrx_word' id='word_1_172' title='bbox 752 1080 934 1115; x_wconf 80' lang='grc' dir='ltr'>σπουδαζομέ-</span> 
     </span>
    </p>
   </div>
   <div class='ocr_carea' id='block_1_26' title="bbox 149 1126 935 1164">
    <p class='ocr_par' dir='ltr' id='par_1_26' title="bbox 149 1126 935 1164">
     <span class='ocr_line' id='line_1_26' title="bbox 149 1126 935 1164; baseline -0.005 -8"><span class='ocrx_word' id='word_1_173' title='bbox 149 1139 211 1158; x_wconf 83' lang='grc' dir='ltr'>νων,</span> <span class='ocrx_word' id='word_1_174' title='bbox 224 1131 273 1156; x_wconf 72' lang='grc' dir='ltr'><strong>ὅσα</strong></span> <span class='ocrx_word' id='word_1_175' title='bbox 290 1130 329 1161; x_wconf 80' lang='grc' dir='ltr'><strong>εἰς</strong></span> <span class='ocrx_word' id='word_1_176' title='bbox 344 1129 426 1164; x_wconf 80' lang='grc' dir='ltr'>αὐτὴν</span> <span class='ocrx_word' id='word_1_177' title='bbox 443 1130 492 1164; x_wconf 76' lang='grc' dir='ltr'><strong>ὁρᾷ</strong></span> <span class='ocrx_word' id='word_1_178' title='bbox 508 1130 556 1164; x_wconf 82' lang='grc' dir='ltr'><strong>τὴν</strong></span> <span class='ocrx_word' id='word_1_179' title='bbox 571 1128 617 1154; x_wconf 79' lang='grc' dir='ltr'>τοῦ</span> <span class='ocrx_word' id='word_1_180' title='bbox 630 1127 696 1154; x_wconf 75' lang='grc' dir='ltr'>Θεοῦ</span> <span class='ocrx_word' id='word_1_181' title='bbox 717 1127 853 1161; x_wconf 80' lang='grc' dir='ltr'>λατρείαν,</span> <span class='ocrx_word' id='word_1_182' title='bbox 868 1126 935 1161; x_wconf 78' lang='grc' dir='ltr'>ἔργα</span> 
     </span>
    </p>
   </div>
   <div class='ocr_carea' id='block_1_27' title="bbox 149 1173 934 1211">
    <p class='ocr_par' dir='ltr' id='par_1_27' title="bbox 149 1173 934 1211">
     <span class='ocr_line' id='line_1_27' title="bbox 149 1173 934 1211; baseline -0.005 -9"><span class='ocrx_word' id='word_1_183' title='bbox 149 1176 236 1211; x_wconf 84' lang='grc' dir='ltr'>ἔργων</span> <span class='ocrx_word' id='word_1_184' title='bbox 253 1175 370 1209; x_wconf 74' lang='grc' dir='ltr'>λέγεται,</span> <span class='ocrx_word' id='word_1_185' title='bbox 389 1175 479 1206; x_wconf 77' lang='grc' dir='ltr'>καθὼς</span> <span class='ocrx_word' id='word_1_186' title='bbox 503 1176 519 1209; x_wconf 85' lang='grc' dir='ltr'>ὴ</span> <span class='ocrx_word' id='word_1_187' title='bbox 544 1174 648 1209; x_wconf 77' lang='grc' dir='ltr'>ῑστορὶα</span> <span class='ocrx_word' id='word_1_188' title='bbox 671 1173 754 1208; x_wconf 81' lang='grc' dir='ltr'><strong>δηλοῖ.</strong></span> <span class='ocrx_word' id='word_1_189' title='bbox 773 1173 934 1203; x_wconf 78' lang='grc' dir='ltr'>δεικνύντος,</span> 
     </span>
    </p>
   </div>
   <div class='ocr_carea' id='block_1_28' title="bbox 149 1217 935 1257">
    <p class='ocr_par' dir='ltr' id='par_1_28' title="bbox 149 1217 935 1257">
     <span class='ocr_line' id='line_1_28' title="bbox 149 1217 935 1257; baseline -0.006 -9"><span class='ocrx_word' id='word_1_190' title='bbox 149 1220 235 1257; x_wconf 79' lang='grc' dir='ltr'>οἶμαι,</span> <span class='ocrx_word' id='word_1_191' title='bbox 251 1221 297 1248; x_wconf 80' lang='grc' dir='ltr'><strong>τοῦ</strong></span> <span class='ocrx_word' id='word_1_192' title='bbox 313 1221 402 1255; x_wconf 75' lang='grc' dir='ltr'>λόγου,</span> <span class='ocrx_word' id='word_1_193' title='bbox 424 1221 467 1247; x_wconf 84' lang='grc' dir='ltr'>διά</span> <span class='ocrx_word' id='word_1_194' title='bbox 489 1229 560 1252; x_wconf 84' lang='grc' dir='ltr'>τινος</span> <span class='ocrx_word' id='word_1_195' title='bbox 580 1219 724 1253; x_wconf 81' lang='grc' dir='ltr'>ἀναλογίας</span> <span class='ocrx_word' id='word_1_196' title='bbox 747 1219 812 1254; x_wconf 81' lang='grc' dir='ltr'>ἡμῖν</span> <span class='ocrx_word' id='word_1_197' title='bbox 837 1218 868 1244; x_wconf 70' lang='grc' dir='ltr'>ἐκ</span> <span class='ocrx_word' id='word_1_198' title='bbox 889 1217 935 1243; x_wconf 80' lang='grc' dir='ltr'>τοῦ</span> 
     </span>
    </p>
   </div>
   <div class='ocr_carea' id='block_1_29' title="bbox 149 1263 936 1303">
    <p class='ocr_par' dir='ltr' id='par_1_29' title="bbox 149 1263 936 1303">
     <span class='ocr_line' id='line_1_29' title="bbox 149 1263 936 1303; baseline -0.008 -9"><span class='ocrx_word' id='word_1_199' title='bbox 149 1267 230 1303; x_wconf 76' lang='grc' dir='ltr'>ἔργου</span> <span class='ocrx_word' id='word_1_200' title='bbox 244 1267 296 1293; x_wconf 83' lang='grc' dir='ltr'><strong>τῶν</strong></span> <span class='ocrx_word' id='word_1_201' title='bbox 310 1266 408 1302; x_wconf 76' lang='grc' dir='ltr'>ἔργων,</span> <span class='ocrx_word' id='word_1_202' title='bbox 425 1266 451 1292; x_wconf 83' lang='grc' dir='ltr'>τί</span> <span class='ocrx_word' id='word_1_203' title='bbox 465 1267 496 1292; x_wconf 87' lang='grc' dir='ltr'>τδ</span> <span class='ocrx_word' id='word_1_204' title='bbox 516 1267 544 1292; x_wconf 77' lang='grc' dir='ltr'><strong>ἐν</strong></span> <span class='ocrx_word' id='word_1_205' title='bbox 566 1267 622 1297; x_wconf 86' lang='grc' dir='ltr'>τοῖς</span> <span class='ocrx_word' id='word_1_206' title='bbox 641 1264 864 1299; x_wconf 82' lang='grc' dir='ltr'>σπουδαζομὲνοις</span> <span class='ocrx_word' id='word_1_207' title='bbox 879 1263 936 1289; x_wconf 72' lang='grc' dir='ltr'>ἐστὶ</span> 
     </span>
    </p>
   </div>
   <div class='ocr_carea' id='block_1_30' title="bbox 150 1308 934 1348">
    <p class='ocr_par' dir='ltr' id='par_1_30' title="bbox 150 1308 934 1348">
     <span class='ocr_line' id='line_1_30' title="bbox 150 1308 934 1348; baseline -0.005 -10"><span class='ocrx_word' id='word_1_208' title='bbox 150 1312 354 1348; x_wconf 79' lang='grc' dir='ltr'>προτιμότερον.</span> <span class='ocrx_word' id='word_1_209' title='bbox 377 1313 424 1338; x_wconf 84' lang='lat' dir='ltr'><strong>&quot;Uv</strong></span> <span class='ocrx_word' id='word_1_210' title='bbox 444 1312 498 1347; x_wconf 75' lang='grc' dir='ltr'>γὰρ</span> <span class='ocrx_word' id='word_1_211' title='bbox 513 1311 604 1346; x_wconf 76' lang='grc' dir='ltr'>ἐπέχει</span> <span class='ocrx_word' id='word_1_212' title='bbox 622 1310 698 1344; x_wconf 79' lang='grc' dir='ltr'>λόγον</span> <span class='ocrx_word' id='word_1_213' title='bbox 716 1310 783 1345; x_wconf 74' lang='grc' dir='ltr'>πρὸς</span> <span class='ocrx_word' id='word_1_214' title='bbox 806 1310 855 1344; x_wconf 83' lang='grc' dir='ltr'><strong>τὴν</strong></span> <span class='ocrx_word' id='word_1_215' title='bbox 874 1308 934 1335; x_wconf 80' lang='grc' dir='ltr'>καο-</span> 
     </span>
    </p>
   </div>
   <div class='ocr_carea' id='block_1_31' title="bbox 149 1352 936 1393">
    <p class='ocr_par' dir='ltr' id='par_1_31' title="bbox 149 1352 936 1393">
     <span class='ocr_line' id='line_1_31' title="bbox 149 1352 936 1393; baseline -0.006 -9"><span class='ocrx_word' id='word_1_216' title='bbox 149 1358 211 1384; x_wconf 69' lang='grc' dir='ltr'>ὀλου</span> <span class='ocrx_word' id='word_1_217' title='bbox 228 1357 325 1393; x_wconf 73' lang='grc' dir='ltr'>ἀργῐαν</span> <span class='ocrx_word' id='word_1_218' title='bbox 347 1357 364 1392; x_wconf 84' lang='grc' dir='ltr'><strong>ἡ</strong></span> <span class='ocrx_word' id='word_1_219' title='bbox 384 1357 445 1392; x_wconf 80' lang='grc' dir='ltr'>περὶ</span> <span class='ocrx_word' id='word_1_220' title='bbox 468 1356 502 1382; x_wconf 77' lang='grc' dir='ltr'>τὰ</span> <span class='ocrx_word' id='word_1_221' title='bbox 523 1355 591 1391; x_wconf 69' lang='grc' dir='ltr'>ἔργα</span> <span class='ocrx_word' id='word_1_222' title='bbox 614 1354 723 1389; x_wconf 81' lang='grc' dir='ltr'>σπουδὴ,</span> <span class='ocrx_word' id='word_1_223' title='bbox 741 1353 859 1380; x_wconf 74' lang='grc' dir='ltr'>τοιοῦτον</span> <span class='ocrx_word' id='word_1_224' title='bbox 881 1352 936 1388; x_wconf 73' lang='grc' dir='ltr'>ἔχει</span> 
     </span>
    </p>
   </div>
   <div class='ocr_carea' id='block_1_32' title="bbox 150 1398 937 1437">
    <p class='ocr_par' dir='ltr' id='par_1_32' title="bbox 150 1398 937 1437">
     <span class='ocr_line' id='line_1_32' title="bbox 150 1398 937 1437; baseline -0.006 -8"><span class='ocrx_word' id='word_1_225' title='bbox 150 1403 228 1437; x_wconf 87' lang='grc' dir='ltr'>λόγον</span> <span class='ocrx_word' id='word_1_226' title='bbox 242 1402 309 1437; x_wconf 77' lang='grc' dir='ltr'>πρὸς</span> <span class='ocrx_word' id='word_1_227' title='bbox 322 1402 356 1428; x_wconf 73' lang='grc' dir='ltr'>τὰ</span> <span class='ocrx_word' id='word_1_228' title='bbox 376 1401 457 1428; x_wconf 80' lang='grc' dir='ltr'>λοιπὰ</span> <span class='ocrx_word' id='word_1_229' title='bbox 473 1401 540 1436; x_wconf 78' lang='grc' dir='ltr'>ἔργα</span> <span class='ocrx_word' id='word_1_230' title='bbox 558 1402 575 1436; x_wconf 85' lang='grc' dir='ltr'>ἡ</span> <span class='ocrx_word' id='word_1_231' title='bbox 595 1400 662 1436; x_wconf 80' lang='grc' dir='ltr'>πρὸς</span> <span class='ocrx_word' id='word_1_232' title='bbox 673 1400 707 1426; x_wconf 82' lang='grc' dir='ltr'>τὰ</span> <span class='ocrx_word' id='word_1_233' title='bbox 722 1399 872 1434; x_wconf 67' lang='grc' dir='ltr'>ὑψηλότερα</span> <span class='ocrx_word' id='word_1_234' title='bbox 890 1398 937 1425; x_wconf 81' lang='grc' dir='ltr'>καὶ</span> 
     </span>
    </p>
   </div>
   <div class='ocr_carea' id='block_1_33' title="bbox 152 1443 936 1483">
    <p class='ocr_par' dir='ltr' id='par_1_33' title="bbox 152 1443 936 1483">
     <span class='ocr_line' id='line_1_33' title="bbox 152 1443 936 1483; baseline -0.006 -9"><span class='ocrx_word' id='word_1_235' title='bbox 152 1448 334 1483; x_wconf 73' lang='grc' dir='ltr'>προτιμότερα</span> <span class='ocrx_word' id='word_1_236' title='bbox 348 1447 400 1473; x_wconf 81' lang='grc' dir='ltr'>τῶν</span> <span class='ocrx_word' id='word_1_237' title='bbox 415 1445 636 1481; x_wconf 75' lang='grc' dir='ltr'>σπουδαζομένων</span> <span class='ocrx_word' id='word_1_238' title='bbox 653 1445 784 1480; x_wconf 72' lang='grc' dir='ltr'>ἐνέργεια.</span> <span class='ocrx_word' id='word_1_239' title='bbox 801 1443 878 1470; x_wconf 70' lang='grc' dir='ltr'>Οὕτω</span> <span class='ocrx_word' id='word_1_240' title='bbox 891 1444 936 1470; x_wconf 83' lang='grc' dir='ltr'>καὶ</span> 
     </span>
    </p>
   </div>
   <div class='ocr_carea' id='block_1_34' title="bbox 151 1491 935 1531">
    <p class='ocr_par' dir='ltr' id='par_1_34' title="bbox 151 1491 935 1531">
     <span class='ocr_line' id='line_1_34' title="bbox 151 1491 935 1531; baseline -0.009 -8"><span class='ocrx_word' id='word_1_241' title='bbox 151 1492 226 1531; x_wconf 66' lang='grc' dir='ltr'>ἅγιόν</span> <span class='ocrx_word' id='word_1_242' title='bbox 248 1505 273 1522; x_wconf 83' lang='grc' dir='ltr'><strong>τι</strong></span> <span class='ocrx_word' id='word_1_243' title='bbox 290 1496 363 1530; x_wconf 71' lang='grc' dir='ltr'>παρὰ</span> <span class='ocrx_word' id='word_1_244' title='bbox 380 1496 413 1530; x_wconf 81' lang='grc' dir='ltr'>τῇ</span> <span class='ocrx_word' id='word_1_245' title='bbox 430 1495 524 1531; x_wconf 85' lang='grc' dir='ltr'>Γραφῇ</span> <span class='ocrx_word' id='word_1_246' title='bbox 547 1494 668 1527; x_wconf 82' lang='grc' dir='ltr'>λέγεται·</span> <span class='ocrx_word' id='word_1_247' title='bbox 688 1493 734 1519; x_wconf 77' lang='grc' dir='ltr'><strong>καὶ</strong></span> <span class='ocrx_word' id='word_1_248' title='bbox 756 1492 835 1518; x_wconf 74' lang='grc' dir='ltr'>πάλιν</span> <span class='ocrx_word' id='word_1_249' title='bbox 859 1491 935 1525; x_wconf 74' lang='grc' dir='ltr'>ἅγιον</span> 
     </span>
    </p>
   </div>
   <div class='ocr_carea' id='block_1_35' title="bbox 151 1537 934 1576">
    <p class='ocr_par' dir='ltr' id='par_1_35' title="bbox 151 1537 934 1576">
     <span class='ocr_line' id='line_1_35' title="bbox 151 1537 934 1576; baseline -0.005 -8"><span class='ocrx_word' id='word_1_250' title='bbox 151 1542 245 1576; x_wconf 86' lang='grc' dir='ltr'>ἁγίων,</span> <span class='ocrx_word' id='word_1_251' title='bbox 260 1542 297 1572; x_wconf 76' lang='grc' dir='ltr'><strong>ὡς</strong></span> <span class='ocrx_word' id='word_1_252' title='bbox 318 1542 366 1575; x_wconf 77' lang='grc' dir='ltr'><strong>ἴσῳ</strong></span> <span class='ocrx_word' id='word_1_253' title='bbox 390 1541 428 1575; x_wconf 84' lang='grc' dir='ltr'><strong>τῷ</strong></span> <span class='ocrx_word' id='word_1_254' title='bbox 444 1540 534 1575; x_wconf 81' lang='grc' dir='ltr'>μέτρῳ</span> <span class='ocrx_word' id='word_1_255' title='bbox 560 1539 606 1566; x_wconf 86' lang='grc' dir='ltr'><strong>τοῦ</strong></span> <span class='ocrx_word' id='word_1_256' title='bbox 617 1545 644 1563; x_wconf 79' lang='grc' dir='ltr'><strong>τε</strong></span> <span class='ocrx_word' id='word_1_257' title='bbox 657 1538 686 1570; x_wconf 81' lang='grc' dir='ltr'>ἐξ</span> <span class='ocrx_word' id='word_1_258' title='bbox 707 1537 783 1572; x_wconf 76' lang='grc' dir='ltr'>ἁγίου</span> <span class='ocrx_word' id='word_1_259' title='bbox 807 1538 837 1564; x_wconf 84' lang='grc' dir='ltr'><strong>τὸ</strong></span> <span class='ocrx_word' id='word_1_260' title='bbox 859 1538 934 1570; x_wconf 76' lang='grc' dir='ltr'>ἆγιον</span> 
     </span>
    </p>
   </div>
   <div class='ocr_carea' id='block_1_36' title="bbox 152 1583 934 1623">
    <p class='ocr_par' dir='ltr' id='par_1_36' title="bbox 152 1583 934 1623">
     <span class='ocr_line' id='line_1_36' title="bbox 152 1583 934 1623; baseline -0.008 -9"><span class='ocrx_word' id='word_1_261' title='bbox 152 1587 291 1623; x_wconf 79' lang='grc' dir='ltr'>ὑπερέχων</span> <span class='ocrx_word' id='word_1_262' title='bbox 314 1587 342 1612; x_wconf 84' lang='grc' dir='ltr'>ὲν</span> <span class='ocrx_word' id='word_1_263' title='bbox 366 1587 500 1620; x_wconf 80' lang='grc' dir='ltr'>ἁγιότητι·</span> <span class='ocrx_word' id='word_1_264' title='bbox 530 1585 577 1612; x_wconf 73' lang='grc' dir='ltr'>καὶ</span> <span class='ocrx_word' id='word_1_265' title='bbox 601 1584 693 1610; x_wconf 82' lang='grc' dir='ltr'>τούτου</span> <span class='ocrx_word' id='word_1_266' title='bbox 715 1583 805 1612; x_wconf 76' lang='grc' dir='ltr'>πάλιν,</span> <span class='ocrx_word' id='word_1_267' title='bbox 829 1583 858 1609; x_wconf 71' lang='grc' dir='ltr'>τὸ</span> <span class='ocrx_word' id='word_1_268' title='bbox 881 1583 934 1608; x_wconf 85' lang='grc' dir='ltr'>τῶν</span> 
     </span>
    </p>
   </div>
   <div class='ocr_carea' id='block_1_37' title="bbox 152 1628 935 1667">
    <p class='ocr_par' dir='ltr' id='par_1_37' title="bbox 152 1628 935 1667">
     <span class='ocr_line' id='line_1_37' title="bbox 152 1628 935 1667; baseline -0.008 -7"><span class='ocrx_word' id='word_1_269' title='bbox 152 1634 235 1667; x_wconf 81' lang='grc' dir='ltr'>ἁγίων</span> <span class='ocrx_word' id='word_1_270' title='bbox 255 1633 342 1667; x_wconf 73' lang='grc' dir='ltr'>ἅγιον,</span> <span class='ocrx_word' id='word_1_271' title='bbox 364 1633 394 1658; x_wconf 81' lang='grc' dir='ltr'>τὺ</span> <span class='ocrx_word' id='word_1_272' title='bbox 417 1631 476 1658; x_wconf 64' lang='grc' dir='ltr'>καῐν</span> <span class='ocrx_word' id='word_1_273' title='bbox 501 1630 643 1666; x_wconf 78' lang='grc' dir='ltr'>ὑπέρθεσιν</span> <span class='ocrx_word' id='word_1_274' title='bbox 669 1630 698 1655; x_wconf 80' lang='grc' dir='ltr'>ἐν</span> <span class='ocrx_word' id='word_1_275' title='bbox 720 1628 846 1664; x_wconf 75' lang='grc' dir='ltr'>ἁγιασμῷ</span> <span class='ocrx_word' id='word_1_276' title='bbox 870 1628 935 1654; x_wconf 75' lang='grc' dir='ltr'>θεω-</span> 
     </span>
    </p>
   </div>
   <div class='ocr_carea' id='block_1_38' title="bbox 153 1679 293 1715">
    <p class='ocr_par' dir='ltr' id='par_1_38' title="bbox 153 1679 293 1715">
     <span class='ocr_line' id='line_1_38' title="bbox 153 1679 293 1715; baseline 0 -10"><span class='ocrx_word' id='word_1_277' title='bbox 153 1679 199 1715; x_wconf 86' lang='grc' dir='ltr'>ρού</span> <span class='ocrx_word' id='word_1_278' title='bbox 205 1688 293 1714; x_wconf 85' lang='grc' dir='ltr'>μενον,</span> 
     </span>
    </p>
   </div>
   <div class='ocr_carea' id='block_1_39' title="bbox 980 220 1764 257">
    <p class='ocr_par' dir='ltr' id='par_1_39' title="bbox 980 220 1764 257">
     <span class='ocr_line' id='line_1_39' title="bbox 980 220 1764 257; baseline 0 -9"><span class='ocrx_word' id='word_1_279' title='bbox 980 222 1090 257; x_wconf 78' lang='lat' dir='ltr'><strong>quando</strong></span> <span class='ocrx_word' id='word_1_280' title='bbox 1105 221 1239 257; x_wconf 82' lang='lat' dir='ltr'><strong>quispiam</strong></span> <span class='ocrx_word' id='word_1_281' title='bbox 1256 220 1290 248; x_wconf 87' lang='lat' dir='ltr'><strong>ad</strong></span> <span class='ocrx_word' id='word_1_282' title='bbox 1308 228 1419 255; x_wconf 85' lang='lat' dir='ltr'><strong>scopum</strong></span> <span class='ocrx_word' id='word_1_283' title='bbox 1434 220 1552 256; x_wconf 83' lang='lat' dir='ltr'><strong>aliquem</strong></span> <span class='ocrx_word' id='word_1_284' title='bbox 1569 221 1721 256; x_wconf 87' lang='lat' dir='ltr'><strong>aspiciens,</strong></span> <span class='ocrx_word' id='word_1_285' title='bbox 1736 225 1764 249; x_wconf 79' lang='lat' dir='ltr'><strong>et</strong></span> 
     </span>
    </p>
   </div>
   <div class='ocr_carea' id='block_1_40' title="bbox 981 265 1762 301">
    <p class='ocr_par' dir='ltr' id='par_1_40' title="bbox 981 265 1762 301">
     <span class='ocr_line' id='line_1_40' title="bbox 981 265 1762 301; baseline -0.003 -8"><span class='ocrx_word' id='word_1_286' title='bbox 981 271 1110 301; x_wconf 82' lang='lat' dir='ltr'><strong>tanquam</strong></span> <span class='ocrx_word' id='word_1_287' title='bbox 1131 266 1197 292; x_wconf 88' lang='lat' dir='ltr'><strong>utile</strong></span> <span class='ocrx_word' id='word_1_288' title='bbox 1214 265 1352 300; x_wconf 80' lang='lat' dir='ltr'><strong>quidpiam</strong></span> <span class='ocrx_word' id='word_1_289' title='bbox 1370 273 1402 292; x_wconf 78' lang='lat' dir='ltr'><strong>ex</strong></span> <span class='ocrx_word' id='word_1_290' title='bbox 1419 265 1453 293; x_wconf 86' lang='lat' dir='ltr'><strong>iis</strong></span> <span class='ocrx_word' id='word_1_291' title='bbox 1469 273 1529 300; x_wconf 66' lang='lat' dir='ltr'><strong>quze</strong></span> <span class='ocrx_word' id='word_1_292' title='bbox 1545 269 1609 293; x_wconf 86' lang='lat' dir='ltr'><strong>sunt</strong></span> <span class='ocrx_word' id='word_1_293' title='bbox 1625 266 1762 300; x_wconf 85' lang='lat' dir='ltr'><strong>proposita</strong></span> 
     </span>
    </p>
   </div>
   <div class='ocr_carea' id='block_1_41' title="bbox 980 311 1764 346">
    <p class='ocr_par' dir='ltr' id='par_1_41' title="bbox 980 311 1764 346">
     <span class='ocr_line' id='line_1_41' title="bbox 980 311 1764 346; baseline -0.001 -7"><span class='ocrx_word' id='word_1_294' title='bbox 980 313 1069 339; x_wconf 88' lang='lat' dir='ltr'><strong>studio</strong></span> <span class='ocrx_word' id='word_1_295' title='bbox 1084 312 1234 339; x_wconf 81' lang='lat' dir='ltr'><strong>vehementi</strong></span> <span class='ocrx_word' id='word_1_296' title='bbox 1250 319 1430 345; x_wconf 77' lang='lat' dir='ltr'><strong>persequens,</strong></span> <span class='ocrx_word' id='word_1_297' title='bbox 1449 312 1504 346; x_wconf 76' lang='lat' dir='ltr'><strong>agit</strong></span> <span class='ocrx_word' id='word_1_298' title='bbox 1519 311 1626 345; x_wconf 79' lang='lat' dir='ltr'><strong>singula</strong></span> <span class='ocrx_word' id='word_1_299' title='bbox 1640 321 1647 344; x_wconf 85' lang='lat'><strong>;</strong></span> <span class='ocrx_word' id='word_1_300' title='bbox 1665 311 1764 338; x_wconf 86' lang='lat' dir='ltr'><strong>deinde</strong></span> 
     </span>
    </p>
   </div>
   <div class='ocr_carea' id='block_1_42' title="bbox 979 357 1764 392">
    <p class='ocr_par' dir='ltr' id='par_1_42' title="bbox 979 357 1764 392">
     <span class='ocr_line' id='line_1_42' title="bbox 979 357 1764 392; baseline -0.001 -7"><span class='ocrx_word' id='word_1_301' title='bbox 979 365 1040 386; x_wconf 88' lang='lat' dir='ltr'><strong>cum</strong></span> <span class='ocrx_word' id='word_1_302' title='bbox 1058 358 1160 392; x_wconf 87' lang='lat' dir='ltr'><strong>aliquid</strong></span> <span class='ocrx_word' id='word_1_303' title='bbox 1177 357 1342 384; x_wconf 87' lang='lat' dir='ltr'><strong>contrarium</strong></span> <span class='ocrx_word' id='word_1_304' title='bbox 1358 358 1495 388; x_wconf 84' lang='lat' dir='ltr'><strong>evenerit,</strong></span> <span class='ocrx_word' id='word_1_305' title='bbox 1511 357 1590 384; x_wconf 87' lang='lat' dir='ltr'><strong>labor</strong></span> <span class='ocrx_word' id='word_1_306' title='bbox 1604 357 1685 384; x_wconf 88' lang='lat' dir='ltr'><strong>fuerit</strong></span> <span class='ocrx_word' id='word_1_307' title='bbox 1700 358 1764 384; x_wconf 78' lang='lat' dir='ltr'><strong>irri-</strong></span> 
     </span>
    </p>
   </div>
   <div class='ocr_carea' id='block_1_43' title="bbox 981 403 1767 438">
    <p class='ocr_par' dir='ltr' id='par_1_43' title="bbox 981 403 1767 438">
     <span class='ocr_line' id='line_1_43' title="bbox 981 403 1767 438; baseline 0 -8"><span class='ocrx_word' id='word_1_308' title='bbox 981 409 1040 432; x_wconf 85' lang='lat' dir='ltr'><strong>tus:</strong></span> <span class='ocrx_word' id='word_1_309' title='bbox 1052 407 1077 430; x_wconf 78' lang='lat' dir='ltr'><strong>et</strong></span> <span class='ocrx_word' id='word_1_310' title='bbox 1088 407 1151 430; x_wconf 88' lang='lat' dir='ltr'><strong>tunc</strong></span> <span class='ocrx_word' id='word_1_311' title='bbox 1162 403 1234 438; x_wconf 88' lang='lat' dir='ltr'><strong>quod</strong></span> <span class='ocrx_word' id='word_1_312' title='bbox 1247 411 1277 430; x_wconf 77' lang='lat' dir='ltr'><strong>ex</strong></span> <span class='ocrx_word' id='word_1_313' title='bbox 1289 410 1321 430; x_wconf 86' lang='lat' dir='ltr'><strong>eo</strong></span> <span class='ocrx_word' id='word_1_314' title='bbox 1330 411 1426 438; x_wconf 82' lang='lat' dir='ltr'><strong>magno</strong></span> <span class='ocrx_word' id='word_1_315' title='bbox 1437 403 1530 430; x_wconf 83' lang='lat' dir='ltr'><strong>labore</strong></span> <span class='ocrx_word' id='word_1_316' title='bbox 1542 403 1608 430; x_wconf 87' lang='lat' dir='ltr'><strong>nihil</strong></span> <span class='ocrx_word' id='word_1_317' title='bbox 1623 408 1694 430; x_wconf 85' lang='lat' dir='ltr'><strong>recte</strong></span> <span class='ocrx_word' id='word_1_318' title='bbox 1705 410 1767 430; x_wconf 85' lang='lat' dir='ltr'><strong>suc-</strong></span> 
     </span>
    </p>
   </div>
   <div class='ocr_carea' id='block_1_44' title="bbox 979 448 1765 489">
    <p class='ocr_par' dir='ltr' id='par_1_44' title="bbox 979 448 1765 489">
     <span class='ocr_line' id='line_1_44' title="bbox 979 448 1765 489; baseline -0.001 -13"><span class='ocrx_word' id='word_1_319' title='bbox 979 449 1093 476; x_wconf 86' lang='lat' dir='ltr'><strong>cesserit</strong></span> <span class='ocrx_word' id='word_1_320' title='bbox 1105 468 1112 480; x_wconf 84' lang='lat'><strong>,</strong></span> <span class='ocrx_word' id='word_1_321' title='bbox 1129 449 1180 475; x_wconf 87' lang='lat' dir='ltr'><strong>hoc</strong></span> <span class='ocrx_word' id='word_1_322' title='bbox 1197 449 1258 476; x_wconf 83' lang='lat' dir='ltr'><strong>vani</strong></span> <span class='ocrx_word' id='word_1_323' title='bbox 1277 449 1359 476; x_wconf 88' lang='lat' dir='ltr'><strong>verbo</strong></span> <span class='ocrx_word' id='word_1_324' title='bbox 1377 449 1556 483; x_wconf 81' lang='lat' dir='ltr'><strong>signiﬁcatur.</strong></span> <span class='ocrx_word' id='word_1_325' title='bbox 1576 448 1612 475; x_wconf 88' lang='lat' dir='ltr'><strong>De</strong></span> <span class='ocrx_word' id='word_1_326' title='bbox 1635 449 1668 475; x_wconf 85' lang='lat' dir='ltr'><strong>iis</strong></span> <span class='ocrx_word' id='word_1_327' title='bbox 1692 449 1765 489; x_wconf 83' lang='lat' dir='ltr'><strong>enim</strong></span> 
     </span>
    </p>
   </div>
   <div class='ocr_carea' id='block_1_45' title="bbox 980 493 1764 528">
    <p class='ocr_par' dir='ltr' id='par_1_45' title="bbox 980 493 1764 528">
     <span class='ocr_line' id='line_1_45' title="bbox 980 493 1764 528; baseline 0.001 -8"><span class='ocrx_word' id='word_1_328' title='bbox 980 502 1040 528; x_wconf 59' lang='lat' dir='ltr'><strong>qua:</strong></span> <span class='ocrx_word' id='word_1_329' title='bbox 1056 498 1119 521; x_wconf 90' lang='lat' dir='ltr'><strong>sunt</strong></span> <span class='ocrx_word' id='word_1_330' title='bbox 1133 494 1267 528; x_wconf 82' lang='lat' dir='ltr'><strong>ejusmodi</strong></span> <span class='ocrx_word' id='word_1_331' title='bbox 1283 495 1353 522; x_wconf 84' lang='lat' dir='ltr'><strong>solet</strong></span> <span class='ocrx_word' id='word_1_332' title='bbox 1369 494 1424 521; x_wconf 93' lang='lat' dir='ltr'><strong>dici</strong></span> <span class='ocrx_word' id='word_1_333' title='bbox 1439 504 1445 521; x_wconf 74' lang='grc' dir='ltr'>ε</span> <span class='ocrx_word' id='word_1_334' title='bbox 1463 493 1492 521; x_wconf 82' lang='lat' dir='ltr'><strong>In</strong></span> <span class='ocrx_word' id='word_1_335' title='bbox 1510 502 1608 521; x_wconf 88' lang='lat' dir='ltr'><strong>vanum</strong></span> <span class='ocrx_word' id='word_1_336' title='bbox 1625 495 1764 524; x_wconf 81' lang='lat' dir='ltr'><strong>laboravi.</strong></span> 
     </span>
    </p>
   </div>
   <div class='ocr_carea' id='block_1_46' title="bbox 981 539 1765 574">
    <p class='ocr_par' dir='ltr' id='par_1_46' title="bbox 981 539 1765 574">
     <span class='ocr_line' id='line_1_46' title="bbox 981 539 1765 574; baseline 0.003 -9"><span class='ocrx_word' id='word_1_337' title='bbox 981 540 1006 566; x_wconf 91' lang='lat' dir='ltr'><strong>in</strong></span> <span class='ocrx_word' id='word_1_338' title='bbox 1030 546 1126 565; x_wconf 88' lang='lat' dir='ltr'><strong>vanum</strong></span> <span class='ocrx_word' id='word_1_339' title='bbox 1146 539 1268 574; x_wconf 80' lang='lat' dir='ltr'><strong>speravi,</strong></span> <span class='ocrx_word' id='word_1_340' title='bbox 1297 543 1324 566; x_wconf 83' lang='lat' dir='ltr'><strong>et</strong></span> <span class='ocrx_word' id='word_1_341' title='bbox 1350 540 1377 566; x_wconf 91' lang='lat' dir='ltr'><strong>in</strong></span> <span class='ocrx_word' id='word_1_342' title='bbox 1407 547 1505 566; x_wconf 89' lang='lat' dir='ltr'><strong>vanum</strong></span> <span class='ocrx_word' id='word_1_343' title='bbox 1533 541 1633 567; x_wconf 84' lang='lat' dir='ltr'><strong>mullos</strong></span> <span class='ocrx_word' id='word_1_344' title='bbox 1659 541 1765 568; x_wconf 90' lang='lat' dir='ltr'><strong>labores</strong></span> 
     </span>
    </p>
   </div>
   <div class='ocr_carea' id='block_1_47' title="bbox 981 585 1803 621">
    <p class='ocr_par' dir='ltr' id='par_1_47' title="bbox 981 585 1803 621">
     <span class='ocr_line' id='line_1_47' title="bbox 981 585 1803 621; baseline 0.002 -9"><span class='ocrx_word' id='word_1_345' title='bbox 981 585 1061 612; x_wconf 85' lang='lat' dir='ltr'><strong>subii.</strong></span> <span class='ocrx_word' id='word_1_346' title='bbox 1077 586 1107 611; x_wconf 84' lang='lat' dir='ltr'><strong>Et</strong></span> <span class='ocrx_word' id='word_1_347' title='bbox 1123 593 1156 612; x_wconf 91' lang='lat' dir='ltr'><strong>ne</strong></span> <span class='ocrx_word' id='word_1_348' title='bbox 1170 586 1274 620; x_wconf 73' lang='lat' dir='ltr'><strong>singula</strong></span> <span class='ocrx_word' id='word_1_349' title='bbox 1288 593 1490 620; x_wconf 80' lang='lat' dir='ltr'><strong>persequamur,</strong></span> <span class='ocrx_word' id='word_1_350' title='bbox 1506 587 1533 614; x_wconf 92' lang='lat' dir='ltr'><strong>in</strong></span> <span class='ocrx_word' id='word_1_351' title='bbox 1547 587 1647 621; x_wconf 85' lang='lat' dir='ltr'><strong>quibus</strong></span> <span class='ocrx_word' id='word_1_352' title='bbox 1661 587 1766 614; x_wconf 85' lang='lat' dir='ltr'><strong>vanita-</strong></span> <span class='ocrx_word' id='word_1_353' title='bbox 1800 599 1803 606; x_wconf 65' lang='grc' dir='ltr'><em>π</em></span> 
     </span>
    </p>
   </div>
   <div class='ocr_carea' id='block_1_48' title="bbox 981 631 1765 669">
    <p class='ocr_par' dir='ltr' id='par_1_48' title="bbox 981 631 1765 669">
     <span class='ocr_line' id='line_1_48' title="bbox 981 631 1765 669; baseline 0.004 -12"><span class='ocrx_word' id='word_1_354' title='bbox 981 631 1016 658; x_wconf 88' lang='lat' dir='ltr'><strong>tis</strong></span> <span class='ocrx_word' id='word_1_355' title='bbox 1032 639 1128 658; x_wconf 86' lang='lat' dir='ltr'><strong>nomen</strong></span> <span class='ocrx_word' id='word_1_356' title='bbox 1146 633 1283 666; x_wconf 85' lang='lat' dir='ltr'><strong>proprium</strong></span> <span class='ocrx_word' id='word_1_357' title='bbox 1300 633 1410 664; x_wconf 72' lang='lat' dir='ltr'><strong>dicitur,</strong></span> <span class='ocrx_word' id='word_1_358' title='bbox 1424 636 1518 668; x_wconf 85' lang='lat' dir='ltr'><strong>paucis</strong></span> <span class='ocrx_word' id='word_1_359' title='bbox 1527 634 1607 669; x_wconf 82' lang='lat' dir='ltr'><strong>hujus</strong></span> <span class='ocrx_word' id='word_1_360' title='bbox 1615 635 1689 661; x_wconf 80' lang='lat' dir='ltr'><strong>vocis</strong></span> <span class='ocrx_word' id='word_1_361' title='bbox 1701 642 1765 661; x_wconf 88' lang='lat' dir='ltr'><strong>sen-</strong></span> 
     </span>
    </p>
   </div>
   <div class='ocr_carea' id='block_1_49' title="bbox 981 673 1766 712">
    <p class='ocr_par' dir='ltr' id='par_1_49' title="bbox 981 673 1766 712">
     <span class='ocr_line' id='line_1_49' title="bbox 981 673 1766 712; baseline 0.004 -11"><span class='ocrx_word' id='word_1_362' title='bbox 981 683 1040 701; x_wconf 87' lang='lat' dir='ltr'><strong>sum</strong></span> <span class='ocrx_word' id='word_1_363' title='bbox 1056 675 1328 710; x_wconf 83' lang='lat' dir='ltr'><strong>comprehendamus.</strong></span> <span class='ocrx_word' id='word_1_364' title='bbox 1343 675 1452 703; x_wconf 82' lang='lat' dir='ltr'><strong>Vanitas</strong></span> <span class='ocrx_word' id='word_1_365' title='bbox 1463 682 1505 704; x_wconf 85' lang='lat' dir='ltr'><strong>est</strong></span> <span class='ocrx_word' id='word_1_366' title='bbox 1517 677 1557 704; x_wconf 86' lang='lat' dir='ltr'><strong>vel</strong></span> <span class='ocrx_word' id='word_1_367' title='bbox 1572 678 1681 704; x_wconf 84' lang='lat' dir='ltr'><strong>verbum</strong></span> <span class='ocrx_word' id='word_1_368' title='bbox 1692 673 1766 712; x_wconf 80' lang='lat' dir='ltr'><strong>quod</strong></span> 
     </span>
    </p>
   </div>
   <div class='ocr_carea' id='block_1_50' title="bbox 981 719 1767 757">
    <p class='ocr_par' dir='ltr' id='par_1_50' title="bbox 981 719 1767 757">
     <span class='ocr_line' id='line_1_50' title="bbox 981 719 1767 757; baseline 0.005 -12"><span class='ocrx_word' id='word_1_369' title='bbox 981 727 1034 745; x_wconf 91' lang='lat' dir='ltr'><strong>non</strong></span> <span class='ocrx_word' id='word_1_370' title='bbox 1050 719 1122 746; x_wconf 89' lang='lat' dir='ltr'><strong>cadit</strong></span> <span class='ocrx_word' id='word_1_371' title='bbox 1135 720 1185 746; x_wconf 88' lang='lat' dir='ltr'><strong>sub</strong></span> <span class='ocrx_word' id='word_1_372' title='bbox 1201 721 1394 755; x_wconf 79' lang='lat' dir='ltr'><strong>cogitationem</strong></span> <span class='ocrx_word' id='word_1_373' title='bbox 1417 725 1443 748; x_wconf 82' lang='lat' dir='ltr'><strong>et</strong></span> <span class='ocrx_word' id='word_1_374' title='bbox 1470 721 1677 757; x_wconf 85' lang='lat' dir='ltr'><strong>intelligentiam</strong></span> <span class='ocrx_word' id='word_1_375' title='bbox 1689 743 1696 755; x_wconf 87' lang='lat'><strong>,</strong></span> <span class='ocrx_word' id='word_1_376' title='bbox 1724 723 1767 749; x_wconf 84' lang='lat' dir='ltr'><strong>vel</strong></span> 
     </span>
    </p>
   </div>
   <div class='ocr_carea' id='block_1_51' title="bbox 981 765 1768 802">
    <p class='ocr_par' dir='ltr' id='par_1_51' title="bbox 981 765 1768 802">
     <span class='ocr_line' id='line_1_51' title="bbox 981 765 1768 802; baseline 0.006 -12"><span class='ocrx_word' id='word_1_377' title='bbox 981 772 1024 791; x_wconf 85' lang='lat' dir='ltr'><strong>res</strong></span> <span class='ocrx_word' id='word_1_378' title='bbox 1040 765 1161 797; x_wconf 85' lang='lat' dir='ltr'><strong>inutilis,</strong></span> <span class='ocrx_word' id='word_1_379' title='bbox 1179 766 1219 792; x_wconf 87' lang='lat' dir='ltr'><strong>vel</strong></span> <span class='ocrx_word' id='word_1_380' title='bbox 1244 766 1386 793; x_wconf 88' lang='lat' dir='ltr'><strong>consilium</strong></span> <span class='ocrx_word' id='word_1_381' title='bbox 1403 767 1474 801; x_wconf 92' lang='lat' dir='ltr'><strong>quod</strong></span> <span class='ocrx_word' id='word_1_382' title='bbox 1490 775 1543 794; x_wconf 94' lang='lat' dir='ltr'><strong>non</strong></span> <span class='ocrx_word' id='word_1_383' title='bbox 1560 773 1646 802; x_wconf 78' lang='lat' dir='ltr'><strong>potest</strong></span> <span class='ocrx_word' id='word_1_384' title='bbox 1661 768 1768 795; x_wconf 80' lang='lat' dir='ltr'><strong>consis-</strong></span> 
     </span>
    </p>
   </div>
   <div class='ocr_carea' id='block_1_52' title="bbox 982 810 1766 846">
    <p class='ocr_par' dir='ltr' id='par_1_52' title="bbox 982 810 1766 846">
     <span class='ocr_line' id='line_1_52' title="bbox 982 810 1766 846; baseline 0.004 -11"><span class='ocrx_word' id='word_1_385' title='bbox 982 812 1055 840; x_wconf 79' lang='lat' dir='ltr'><strong>tere.</strong></span> <span class='ocrx_word' id='word_1_386' title='bbox 1074 810 1116 836; x_wconf 89' lang='lat' dir='ltr'><strong>vel</strong></span> <span class='ocrx_word' id='word_1_387' title='bbox 1132 810 1252 837; x_wconf 88' lang='lat' dir='ltr'><strong>studium</strong></span> <span class='ocrx_word' id='word_1_388' title='bbox 1268 811 1339 845; x_wconf 88' lang='lat' dir='ltr'><strong>quod</strong></span> <span class='ocrx_word' id='word_1_389' title='bbox 1355 819 1408 838; x_wconf 91' lang='lat' dir='ltr'><strong>non</strong></span> <span class='ocrx_word' id='word_1_390' title='bbox 1425 812 1545 846; x_wconf 87' lang='lat' dir='ltr'><strong>pervenit</strong></span> <span class='ocrx_word' id='word_1_391' title='bbox 1560 812 1592 839; x_wconf 88' lang='lat' dir='ltr'><strong>ad</strong></span> <span class='ocrx_word' id='word_1_392' title='bbox 1609 813 1687 840; x_wconf 84' lang='lat' dir='ltr'><strong>ﬁnem</strong></span> <span class='ocrx_word' id='word_1_393' title='bbox 1700 833 1707 843; x_wconf 85' lang='lat'><strong>,</strong></span> <span class='ocrx_word' id='word_1_394' title='bbox 1724 813 1766 840; x_wconf 86' lang='lat' dir='ltr'><strong>vel</strong></span> 
     </span>
    </p>
   </div>
   <div class='ocr_carea' id='block_1_53' title="bbox 985 854 1768 892">
    <p class='ocr_par' dir='ltr' id='par_1_53' title="bbox 985 854 1768 892">
     <span class='ocr_line' id='line_1_53' title="bbox 985 854 1768 892; baseline 0.006 -12"><span class='ocrx_word' id='word_1_395' title='bbox 985 857 1014 880; x_wconf 90' lang='lat' dir='ltr'><strong>ut</strong></span> <span class='ocrx_word' id='word_1_396' title='bbox 1028 854 1054 880; x_wconf 91' lang='lat' dir='ltr'><strong>in</strong></span> <span class='ocrx_word' id='word_1_397' title='bbox 1070 862 1177 882; x_wconf 88' lang='lat' dir='ltr'><strong>summa</strong></span> <span class='ocrx_word' id='word_1_398' title='bbox 1190 855 1278 882; x_wconf 90' lang='lat' dir='ltr'><strong>dicam</strong></span> <span class='ocrx_word' id='word_1_399' title='bbox 1291 875 1297 886; x_wconf 86' lang='lat'><strong><em>,</em></strong></span> <span class='ocrx_word' id='word_1_400' title='bbox 1313 855 1339 882; x_wconf 88' lang='lat' dir='ltr'><strong>id</strong></span> <span class='ocrx_word' id='word_1_401' title='bbox 1354 856 1426 890; x_wconf 90' lang='lat' dir='ltr'><strong>quod</strong></span> <span class='ocrx_word' id='word_1_402' title='bbox 1443 857 1469 883; x_wconf 92' lang='lat' dir='ltr'><strong>in</strong></span> <span class='ocrx_word' id='word_1_403' title='bbox 1485 858 1581 892; x_wconf 82' lang='lat' dir='ltr'><strong>quavis</strong></span> <span class='ocrx_word' id='word_1_404' title='bbox 1595 866 1623 885; x_wconf 88' lang='lat' dir='ltr'><strong>re</strong></span> <span class='ocrx_word' id='word_1_405' title='bbox 1639 858 1696 884; x_wconf 85' lang='lat' dir='ltr'><strong>utili</strong></span> <span class='ocrx_word' id='word_1_406' title='bbox 1712 865 1768 885; x_wconf 90' lang='lat' dir='ltr'><strong>non</strong></span> 
     </span>
    </p>
   </div>
   <div class='ocr_carea' id='block_1_54' title="bbox 986 900 1767 937">
    <p class='ocr_par' dir='ltr' id='par_1_54' title="bbox 986 900 1767 937">
     <span class='ocr_line' id='line_1_54' title="bbox 986 900 1767 937; baseline 0.006 -12"><span class='ocrx_word' id='word_1_407' title='bbox 986 903 1077 934; x_wconf 76' lang='lat' dir='ltr'><strong>potest</strong></span> <span class='ocrx_word' id='word_1_408' title='bbox 1092 900 1252 928; x_wconf 80' lang='lat' dir='ltr'><strong>consistere.</strong></span> <span class='ocrx_word' id='word_1_409' title='bbox 1277 903 1364 936; x_wconf 86' lang='lat' dir='ltr'><strong>Atque</strong></span> <span class='ocrx_word' id='word_1_410' title='bbox 1382 902 1405 929; x_wconf 92' lang='lat' dir='ltr'><strong>si</strong></span> <span class='ocrx_word' id='word_1_411' title='bbox 1420 902 1476 936; x_wconf 78' lang='lat' dir='ltr'><strong>jam</strong></span> <span class='ocrx_word' id='word_1_412' title='bbox 1499 903 1607 937; x_wconf 85' lang='lat' dir='ltr'><strong>quidem</strong></span> <span class='ocrx_word' id='word_1_413' title='bbox 1631 903 1767 931; x_wconf 76' lang='lat' dir='ltr'><strong>intellexi-</strong></span> 
     </span>
    </p>
   </div>
   <div class='ocr_carea' id='block_1_55' title="bbox 986 945 1768 981">
    <p class='ocr_par' dir='ltr' id='par_1_55' title="bbox 986 945 1768 981">
     <span class='ocr_line' id='line_1_55' title="bbox 986 945 1768 981; baseline 0.008 -11"><span class='ocrx_word' id='word_1_414' title='bbox 986 952 1046 971; x_wconf 90' lang='lat' dir='ltr'><strong>mus</strong></span> <span class='ocrx_word' id='word_1_415' title='bbox 1061 945 1184 979; x_wconf 78' lang='lat' dir='ltr'><strong>quisnam</strong></span> <span class='ocrx_word' id='word_1_416' title='bbox 1206 946 1241 973; x_wconf 84' lang='lat' dir='ltr'><strong>sit</strong></span> <span class='ocrx_word' id='word_1_417' title='bbox 1265 947 1328 973; x_wconf 89' lang='lat' dir='ltr'><strong>vani</strong></span> <span class='ocrx_word' id='word_1_418' title='bbox 1355 955 1467 981; x_wconf 82' lang='lat' dir='ltr'><strong>sensus,</strong></span> <span class='ocrx_word' id='word_1_419' title='bbox 1495 949 1702 976; x_wconf 77' lang='lat' dir='ltr'><strong>examinandum</strong></span> <span class='ocrx_word' id='word_1_420' title='bbox 1727 953 1768 976; x_wconf 83' lang='lat' dir='ltr'><strong>est</strong></span> 
     </span>
    </p>
   </div>
   <div class='ocr_carea' id='block_1_56' title="bbox 985 990 1766 1029">
    <p class='ocr_par' dir='ltr' id='par_1_56' title="bbox 985 990 1766 1029">
     <span class='ocr_line' id='line_1_56' title="bbox 985 990 1766 1029; baseline 0.006 -13"><span class='ocrx_word' id='word_1_421' title='bbox 985 990 1048 1023; x_wconf 87' lang='lat' dir='ltr'><strong>quid</strong></span> <span class='ocrx_word' id='word_1_422' title='bbox 1067 990 1118 1016; x_wconf 89' lang='lat' dir='ltr'><strong>sibi</strong></span> <span class='ocrx_word' id='word_1_423' title='bbox 1135 991 1200 1018; x_wconf 85' lang='lat' dir='ltr'><strong>velit</strong></span> <span class='ocrx_word' id='word_1_424' title='bbox 1216 992 1322 1019; x_wconf 85' lang='lat' dir='ltr'><strong>vanitas</strong></span> <span class='ocrx_word' id='word_1_425' title='bbox 1340 993 1500 1020; x_wconf 88' lang='lat' dir='ltr'><strong>vanitatum.</strong></span> <span class='ocrx_word' id='word_1_426' title='bbox 1524 994 1655 1028; x_wconf 84' lang='lat' dir='ltr'><strong>Quisnam</strong></span> <span class='ocrx_word' id='word_1_427' title='bbox 1677 1000 1766 1029; x_wconf 78' lang='lat' dir='ltr'><strong>autem</strong></span> 
     </span>
    </p>
   </div>
   <div class='ocr_carea' id='block_1_57' title="bbox 985 1035 1766 1074">
    <p class='ocr_par' dir='ltr' id='par_1_57' title="bbox 985 1035 1766 1074">
     <span class='ocr_line' id='line_1_57' title="bbox 985 1035 1766 1074; baseline 0.009 -14"><span class='ocrx_word' id='word_1_428' title='bbox 985 1035 1019 1061; x_wconf 89' lang='lat' dir='ltr'><strong>sit</strong></span> <span class='ocrx_word' id='word_1_429' title='bbox 1047 1036 1092 1069; x_wconf 92' lang='lat' dir='ltr'><strong>qui</strong></span> <span class='ocrx_word' id='word_1_430' title='bbox 1117 1036 1249 1070; x_wconf 67' lang='lat' dir='ltr'><strong>quan-itur</strong></span> <span class='ocrx_word' id='word_1_431' title='bbox 1271 1045 1388 1070; x_wconf 88' lang='lat' dir='ltr'><strong>sensus,</strong></span> <span class='ocrx_word' id='word_1_432' title='bbox 1412 1038 1493 1066; x_wconf 84' lang='lat' dir='ltr'><strong>fuerit</strong></span> <span class='ocrx_word' id='word_1_433' title='bbox 1514 1041 1592 1067; x_wconf 85' lang='lat' dir='ltr'><strong>nobis</strong></span> <span class='ocrx_word' id='word_1_434' title='bbox 1611 1042 1719 1074; x_wconf 83' lang='lat' dir='ltr'><strong>notius,</strong></span> <span class='ocrx_word' id='word_1_435' title='bbox 1744 1042 1766 1069; x_wconf 85' lang='lat' dir='ltr'><strong>si</strong></span> 
     </span>
    </p>
   </div>
   <div class='ocr_carea' id='block_1_58' title="bbox 986 1080 1768 1122">
    <p class='ocr_par' dir='ltr' id='par_1_58' title="bbox 986 1080 1768 1122">
     <span class='ocr_line' id='line_1_58' title="bbox 986 1080 1768 1122; baseline 0.012 -16"><span class='ocrx_word' id='word_1_436' title='bbox 986 1080 1134 1115; x_wconf 73' lang='lat' dir='ltr'><strong>Scriptura:</strong></span> <span class='ocrx_word' id='word_1_437' title='bbox 1156 1083 1378 1111; x_wconf 75' lang='lat' dir='ltr'><strong>consuatudinem</strong></span> <span class='ocrx_word' id='word_1_438' title='bbox 1404 1085 1590 1119; x_wconf 75' lang='lat' dir='ltr'><strong>examinemns</strong></span> <span class='ocrx_word' id='word_1_439' title='bbox 1618 1087 1644 1114; x_wconf 91' lang='lat' dir='ltr'><strong>in</strong></span> <span class='ocrx_word' id='word_1_440' title='bbox 1660 1087 1693 1114; x_wconf 89' lang='lat' dir='ltr'><strong>iis</strong></span> <span class='ocrx_word' id='word_1_441' title='bbox 1707 1096 1768 1122; x_wconf 70' lang='lat' dir='ltr'><strong>qum</strong></span> 
     </span>
    </p>
   </div>
   <div class='ocr_carea' id='block_1_59' title="bbox 986 1126 1766 1165">
    <p class='ocr_par' dir='ltr' id='par_1_59' title="bbox 986 1126 1766 1165">
     <span class='ocr_line' id='line_1_59' title="bbox 986 1126 1766 1165; baseline 0.012 -14"><span class='ocrx_word' id='word_1_442' title='bbox 986 1126 1172 1161; x_wconf 79' lang='lat' dir='ltr'><strong>intelliguntur</strong></span> <span class='ocrx_word' id='word_1_443' title='bbox 1189 1135 1249 1155; x_wconf 80' lang='lat' dir='ltr'><strong>esse</strong></span> <span class='ocrx_word' id='word_1_444' title='bbox 1266 1129 1378 1156; x_wconf 83' lang='lat' dir='ltr'><strong>meliora</strong></span> <span class='ocrx_word' id='word_1_445' title='bbox 1395 1137 1426 1157; x_wconf 85' lang='lat' dir='ltr'><strong>ac</strong></span> <span class='ocrx_word' id='word_1_446' title='bbox 1444 1132 1642 1165; x_wconf 67' lang='lat' dir='ltr'><strong>prrestantiora.</strong></span> <span class='ocrx_word' id='word_1_447' title='bbox 1666 1132 1766 1160; x_wconf 87' lang='lat' dir='ltr'><strong>Eorum</strong></span> 
     </span>
    </p>
   </div>
   <div class='ocr_carea' id='block_1_60' title="bbox 985 1173 1768 1212">
    <p class='ocr_par' dir='ltr' id='par_1_60' title="bbox 985 1173 1768 1212">
     <span class='ocr_line' id='line_1_60' title="bbox 985 1173 1768 1212; baseline 0.01 -15"><span class='ocrx_word' id='word_1_448' title='bbox 985 1178 1045 1206; x_wconf 82' lang='lat' dir='ltr'><strong>quae</strong></span> <span class='ocrx_word' id='word_1_449' title='bbox 1071 1176 1134 1198; x_wconf 83' lang='lat' dir='ltr'><strong>sunt</strong></span> <span class='ocrx_word' id='word_1_450' title='bbox 1152 1173 1306 1199; x_wconf 81' lang='lat' dir='ltr'><strong>necessaria</strong></span> <span class='ocrx_word' id='word_1_451' title='bbox 1323 1178 1351 1201; x_wconf 90' lang='lat' dir='ltr'><strong>et</strong></span> <span class='ocrx_word' id='word_1_452' title='bbox 1381 1175 1457 1202; x_wconf 84' lang='lat' dir='ltr'><strong>utilia</strong></span> <span class='ocrx_word' id='word_1_453' title='bbox 1478 1176 1561 1207; x_wconf 86' lang='lat' dir='ltr'><strong>actio,</strong></span> <span class='ocrx_word' id='word_1_454' title='bbox 1587 1184 1656 1212; x_wconf 89' lang='lat' dir='ltr'><strong>opus</strong></span> <span class='ocrx_word' id='word_1_455' title='bbox 1678 1179 1768 1205; x_wconf 91' lang='lat' dir='ltr'><strong>nomi-</strong></span> 
     </span>
    </p>
   </div>
   <div class='ocr_carea' id='block_1_61' title="bbox 985 1217 1766 1256">
    <p class='ocr_par' dir='ltr' id='par_1_61' title="bbox 985 1217 1766 1256">
     <span class='ocr_line' id='line_1_61' title="bbox 985 1217 1766 1256; baseline 0.013 -15"><span class='ocrx_word' id='word_1_456' title='bbox 985 1219 1066 1243; x_wconf 83' lang='lat' dir='ltr'><strong>natur</strong></span> <span class='ocrx_word' id='word_1_457' title='bbox 1093 1224 1108 1243; x_wconf 90' lang='lat' dir='ltr'><strong>a</strong></span> <span class='ocrx_word' id='word_1_458' title='bbox 1137 1217 1295 1252; x_wconf 81' lang='lat' dir='ltr'><strong>Scriptura;</strong></span> <span class='ocrx_word' id='word_1_459' title='bbox 1320 1219 1366 1246; x_wconf 90' lang='lat' dir='ltr'><strong>sed</strong></span> <span class='ocrx_word' id='word_1_460' title='bbox 1389 1227 1482 1247; x_wconf 89' lang='lat' dir='ltr'><strong>eorum</strong></span> <span class='ocrx_word' id='word_1_461' title='bbox 1510 1221 1536 1248; x_wconf 93' lang='lat' dir='ltr'><strong>in</strong></span> <span class='ocrx_word' id='word_1_462' title='bbox 1560 1229 1620 1256; x_wconf 67' lang='lat' dir='ltr'><strong>quae</strong></span> <span class='ocrx_word' id='word_1_463' title='bbox 1647 1224 1766 1251; x_wconf 87' lang='lat' dir='ltr'><strong>studium</strong></span> 
     </span>
    </p>
   </div>
   <div class='ocr_carea' id='block_1_62' title="bbox 986 1263 1768 1305">
    <p class='ocr_par' dir='ltr' id='par_1_62' title="bbox 986 1263 1768 1305">
     <span class='ocr_line' id='line_1_62' title="bbox 986 1263 1768 1305; baseline 0.009 -16"><span class='ocrx_word' id='word_1_464' title='bbox 986 1263 1134 1296; x_wconf 77' lang='lat' dir='ltr'><strong>confertur,</strong></span> <span class='ocrx_word' id='word_1_465' title='bbox 1150 1272 1319 1299; x_wconf 69' lang='lat' dir='ltr'><strong>qumcunque</strong></span> <span class='ocrx_word' id='word_1_466' title='bbox 1335 1266 1485 1299; x_wconf 86' lang='lat' dir='ltr'><strong>excellunt,</strong></span> <span class='ocrx_word' id='word_1_467' title='bbox 1510 1273 1535 1295; x_wconf 90' lang='lat' dir='ltr'><strong>et</strong></span> <span class='ocrx_word' id='word_1_468' title='bbox 1560 1277 1620 1303; x_wconf 68' lang='lat' dir='ltr'><strong>qua:</strong></span> <span class='ocrx_word' id='word_1_469' title='bbox 1643 1274 1768 1305; x_wconf 85' lang='lat' dir='ltr'><strong>spectant</strong></span> 
     </span>
    </p>
   </div>
   <div class='ocr_carea' id='block_1_63' title="bbox 986 1308 1767 1348">
    <p class='ocr_par' dir='ltr' id='par_1_63' title="bbox 986 1308 1767 1348">
     <span class='ocr_line' id='line_1_63' title="bbox 986 1308 1767 1348; baseline 0.012 -13"><span class='ocrx_word' id='word_1_470' title='bbox 986 1308 1020 1336; x_wconf 79' lang='lat' dir='ltr'><strong>ad</strong></span> <span class='ocrx_word' id='word_1_471' title='bbox 1036 1309 1124 1344; x_wconf 91' lang='lat' dir='ltr'><strong>ipsum</strong></span> <span class='ocrx_word' id='word_1_472' title='bbox 1142 1309 1188 1337; x_wconf 85' lang='lat' dir='ltr'><strong>Dei</strong></span> <span class='ocrx_word' id='word_1_473' title='bbox 1205 1310 1307 1338; x_wconf 92' lang='lat' dir='ltr'><strong>cultum</strong></span> <span class='ocrx_word' id='word_1_474' title='bbox 1318 1331 1326 1344; x_wconf 89' lang='lat'>,</span> <span class='ocrx_word' id='word_1_475' title='bbox 1341 1311 1469 1339; x_wconf 88' lang='lat' dir='ltr'><strong>dicuntur</strong></span> <span class='ocrx_word' id='word_1_476' title='bbox 1483 1321 1563 1348; x_wconf 87' lang='lat' dir='ltr'><strong>opera</strong></span> <span class='ocrx_word' id='word_1_477' title='bbox 1585 1322 1696 1348; x_wconf 89' lang='lat' dir='ltr'><strong>operum</strong></span> <span class='ocrx_word' id='word_1_478' title='bbox 1707 1336 1714 1347; x_wconf 94' lang='lat'><strong>,</strong></span> <span class='ocrx_word' id='word_1_479' title='bbox 1731 1317 1767 1343; x_wconf 87' lang='lat' dir='ltr'><strong>si-</strong></span> 
     </span>
    </p>
   </div>
   <div class='ocr_carea' id='block_1_64' title="bbox 986 1355 1768 1396">
    <p class='ocr_par' dir='ltr' id='par_1_64' title="bbox 986 1355 1768 1396">
     <span class='ocr_line' id='line_1_64' title="bbox 986 1355 1768 1396; baseline 0.01 -14"><span class='ocrx_word' id='word_1_480' title='bbox 986 1358 1032 1382; x_wconf 88' lang='lat' dir='ltr'><strong>cut</strong></span> <span class='ocrx_word' id='word_1_481' title='bbox 1047 1355 1166 1382; x_wconf 80' lang='lat' dir='ltr'><strong>declarat</strong></span> <span class='ocrx_word' id='word_1_482' title='bbox 1182 1356 1324 1391; x_wconf 84' lang='lat' dir='ltr'><strong>Scriptura</strong></span> <span class='ocrx_word' id='word_1_483' title='bbox 1335 1377 1343 1388; x_wconf 83' lang='lat'><strong>,</strong></span> <span class='ocrx_word' id='word_1_484' title='bbox 1358 1358 1535 1393; x_wconf 87' lang='lat' dir='ltr'><strong>ostendente,</strong></span> <span class='ocrx_word' id='word_1_485' title='bbox 1562 1365 1590 1388; x_wconf 87' lang='lat' dir='ltr'><strong>ut</strong></span> <span class='ocrx_word' id='word_1_486' title='bbox 1617 1366 1682 1396; x_wconf 83' lang='lat' dir='ltr'><strong>puto</strong></span> <span class='ocrx_word' id='word_1_487' title='bbox 1693 1383 1700 1394; x_wconf 83' lang='lat'><strong><em>,</em></strong></span> <span class='ocrx_word' id='word_1_488' title='bbox 1717 1362 1768 1390; x_wconf 85' lang='lat' dir='ltr'><strong>hac</strong></span> 
     </span>
    </p>
   </div>
   <div class='ocr_carea' id='block_1_65' title="bbox 986 1400 1767 1443">
    <p class='ocr_par' dir='ltr' id='par_1_65' title="bbox 986 1400 1767 1443">
     <span class='ocr_line' id='line_1_65' title="bbox 986 1400 1767 1443; baseline 0.013 -17"><span class='ocrx_word' id='word_1_489' title='bbox 986 1400 1121 1432; x_wconf 85' lang='lat' dir='ltr'><strong>dictione,</strong></span> <span class='ocrx_word' id='word_1_490' title='bbox 1138 1409 1185 1435; x_wconf 87' lang='lat' dir='ltr'><strong>per</strong></span> <span class='ocrx_word' id='word_1_491' title='bbox 1198 1403 1342 1436; x_wconf 80' lang='lat' dir='ltr'><strong>quamdam</strong></span> <span class='ocrx_word' id='word_1_492' title='bbox 1359 1404 1525 1439; x_wconf 80' lang='lat' dir='ltr'><strong>analogiam,</strong></span> <span class='ocrx_word' id='word_1_493' title='bbox 1548 1414 1579 1434; x_wconf 81' lang='lat' dir='ltr'><strong>ex</strong></span> <span class='ocrx_word' id='word_1_494' title='bbox 1600 1415 1682 1441; x_wconf 87' lang='lat' dir='ltr'><strong>opere</strong></span> <span class='ocrx_word' id='word_1_495' title='bbox 1701 1415 1767 1443; x_wconf 91' lang='lat' dir='ltr'><strong>ope-</strong></span> 
     </span>
    </p>
   </div>
   <div class='ocr_carea' id='block_1_66' title="bbox 987 1447 1769 1488">
    <p class='ocr_par' dir='ltr' id='par_1_66' title="bbox 987 1447 1769 1488">
     <span class='ocr_line' id='line_1_66' title="bbox 987 1447 1769 1488; baseline 0.01 -16"><span class='ocrx_word' id='word_1_496' title='bbox 987 1453 1065 1477; x_wconf 88' lang='lat' dir='ltr'><strong>rum,</strong></span> <span class='ocrx_word' id='word_1_497' title='bbox 1078 1447 1207 1481; x_wconf 89' lang='lat' dir='ltr'><strong>quidnam</strong></span> <span class='ocrx_word' id='word_1_498' title='bbox 1225 1447 1260 1475; x_wconf 90' lang='lat' dir='ltr'><strong>sit</strong></span> <span class='ocrx_word' id='word_1_499' title='bbox 1279 1449 1531 1482; x_wconf 64' lang='lat' dir='ltr'><strong>praestantissimum</strong></span> <span class='ocrx_word' id='word_1_500' title='bbox 1548 1459 1580 1478; x_wconf 77' lang='lat' dir='ltr'><strong>ex</strong></span> <span class='ocrx_word' id='word_1_501' title='bbox 1606 1453 1639 1480; x_wconf 87' lang='lat' dir='ltr'><strong>iis</strong></span> <span class='ocrx_word' id='word_1_502' title='bbox 1660 1454 1686 1480; x_wconf 89' lang='lat' dir='ltr'><strong>in</strong></span> <span class='ocrx_word' id='word_1_503' title='bbox 1709 1462 1769 1488; x_wconf 64' lang='lat' dir='ltr'><strong>quae</strong></span> 
     </span>
    </p>
   </div>
   <div class='ocr_carea' id='block_1_67' title="bbox 987 1491 1768 1529">
    <p class='ocr_par' dir='ltr' id='par_1_67' title="bbox 987 1491 1768 1529">
     <span class='ocr_line' id='line_1_67' title="bbox 987 1491 1768 1529; baseline 0.012 -11"><span class='ocrx_word' id='word_1_504' title='bbox 987 1491 1107 1518; x_wconf 85' lang='lat' dir='ltr'><strong>studium</strong></span> <span class='ocrx_word' id='word_1_505' title='bbox 1123 1492 1271 1520; x_wconf 80' lang='lat' dir='ltr'><strong>confertur.</strong></span> <span class='ocrx_word' id='word_1_506' title='bbox 1294 1492 1362 1520; x_wconf 84' lang='lat' dir='ltr'><strong>Nam</strong></span> <span class='ocrx_word' id='word_1_507' title='bbox 1385 1503 1467 1529; x_wconf 91' lang='lat' dir='ltr'><strong>quam</strong></span> <span class='ocrx_word' id='word_1_508' title='bbox 1491 1496 1570 1524; x_wconf 88' lang='lat' dir='ltr'><strong>habet</strong></span> <span class='ocrx_word' id='word_1_509' title='bbox 1587 1499 1717 1526; x_wconf 77' lang='lat' dir='ltr'><strong>rationem</strong></span> <span class='ocrx_word' id='word_1_510' title='bbox 1734 1501 1768 1527; x_wconf 90' lang='lat' dir='ltr'><strong>ad</strong></span> 
     </span>
    </p>
   </div>
   <div class='ocr_carea' id='block_1_68' title="bbox 987 1538 1767 1576">
    <p class='ocr_par' dir='ltr' id='par_1_68' title="bbox 987 1538 1767 1576">
     <span class='ocr_line' id='line_1_68' title="bbox 987 1538 1767 1576; baseline 0.01 -12"><span class='ocrx_word' id='word_1_511' title='bbox 987 1538 1072 1564; x_wconf 89' lang='lat' dir='ltr'><strong>otium</strong></span> <span class='ocrx_word' id='word_1_512' title='bbox 1085 1539 1111 1566; x_wconf 93' lang='lat' dir='ltr'><strong>in</strong></span> <span class='ocrx_word' id='word_1_513' title='bbox 1124 1547 1221 1573; x_wconf 73' lang='lat' dir='ltr'><strong>genere</strong></span> <span class='ocrx_word' id='word_1_514' title='bbox 1232 1539 1256 1566; x_wconf 90' lang='lat' dir='ltr'><strong>id</strong></span> <span class='ocrx_word' id='word_1_515' title='bbox 1270 1540 1340 1574; x_wconf 89' lang='lat' dir='ltr'><strong>q‘uod</strong></span> <span class='ocrx_word' id='word_1_516' title='bbox 1353 1541 1379 1567; x_wconf 91' lang='lat' dir='ltr'><strong>in</strong></span> <span class='ocrx_word' id='word_1_517' title='bbox 1391 1548 1472 1575; x_wconf 86' lang='lat' dir='ltr'><strong>opera</strong></span> <span class='ocrx_word' id='word_1_518' title='bbox 1484 1543 1621 1570; x_wconf 76' lang='lat' dir='ltr'><strong>confertur</strong></span> <span class='ocrx_word' id='word_1_519' title='bbox 1631 1545 1748 1572; x_wconf 85' lang='lat' dir='ltr'><strong>studium</strong></span> <span class='ocrx_word' id='word_1_520' title='bbox 1760 1566 1767 1576; x_wconf 93' lang='grc'><strong>,</strong></span> 
     </span>
    </p>
   </div>
   <div class='ocr_carea' id='block_1_69' title="bbox 987 1583 1769 1623">
    <p class='ocr_par' dir='ltr' id='par_1_69' title="bbox 987 1583 1769 1623">
     <span class='ocr_line' id='line_1_69' title="bbox 987 1583 1769 1623; baseline 0.012 -14"><span class='ocrx_word' id='word_1_521' title='bbox 987 1583 1109 1623; x_wconf 77' lang='lat' dir='ltr'><strong>eaindem</strong></span> <span class='ocrx_word' id='word_1_522' title='bbox 1125 1584 1205 1611; x_wconf 81' lang='lat' dir='ltr'><strong>habet</strong></span> <span class='ocrx_word' id='word_1_523' title='bbox 1221 1586 1352 1613; x_wconf 86' lang='lat' dir='ltr'><strong>rationem</strong></span> <span class='ocrx_word' id='word_1_524' title='bbox 1369 1587 1400 1613; x_wconf 83' lang='lat' dir='ltr'><strong>ad</strong></span> <span class='ocrx_word' id='word_1_525' title='bbox 1415 1587 1466 1614; x_wconf 88' lang='lat' dir='ltr'><strong>alia</strong></span> <span class='ocrx_word' id='word_1_526' title='bbox 1481 1595 1562 1622; x_wconf 84' lang='lat' dir='ltr'><strong>opera</strong></span> <span class='ocrx_word' id='word_1_527' title='bbox 1577 1597 1637 1623; x_wconf 66' lang='lat' dir='ltr'><strong>quae</strong></span> <span class='ocrx_word' id='word_1_528' title='bbox 1652 1591 1678 1617; x_wconf 94' lang='lat' dir='ltr'><strong>in</strong></span> <span class='ocrx_word' id='word_1_529' title='bbox 1693 1592 1769 1618; x_wconf 61' lang='lat' dir='ltr'><strong>altis«</strong></span> 
     </span>
    </p>
   </div>
   <div class='ocr_carea' id='block_1_70' title="bbox 989 1621 1768 1669">
    <p class='ocr_par' dir='ltr' id='par_1_70' title="bbox 989 1621 1768 1669">
     <span class='ocr_line' id='line_1_70' title="bbox 989 1621 1768 1669; baseline 0.013 -15"><span class='ocrx_word' id='word_1_530' title='bbox 989 1621 1066 1655; x_wconf 79' lang='lat' dir='ltr'><strong>simis</strong></span> <span class='ocrx_word' id='word_1_531' title='bbox 1081 1635 1105 1656; x_wconf 89' lang='lat' dir='ltr'><strong>et</strong></span> <span class='ocrx_word' id='word_1_532' title='bbox 1128 1631 1362 1664; x_wconf 59' lang='lat' dir='ltr'><strong>praistantissimis</strong></span> <span class='ocrx_word' id='word_1_533' title='bbox 1378 1640 1488 1664; x_wconf 84' lang='lat' dir='ltr'><strong>eorum.</strong></span> <span class='ocrx_word' id='word_1_534' title='bbox 1513 1634 1540 1661; x_wconf 94' lang='lat' dir='ltr'><strong>in</strong></span> <span class='ocrx_word' id='word_1_535' title='bbox 1565 1643 1624 1669; x_wconf 73' lang='lat' dir='ltr'><strong>qua:</strong></span> <span class='ocrx_word' id='word_1_536' title='bbox 1647 1637 1768 1665; x_wconf 88' lang='lat' dir='ltr'><strong>studium</strong></span> 
     </span>
    </p>
   </div>
   <div class='ocr_carea' id='block_1_71' title="bbox 989 1673 1768 1710">
    <p class='ocr_par' dir='ltr' id='par_1_71' title="bbox 989 1673 1768 1710">
     <span class='ocr_line' id='line_1_71' title="bbox 989 1673 1768 1710; baseline 0.014 -11"><span class='ocrx_word' id='word_1_537' title='bbox 989 1673 1137 1704; x_wconf 76' lang='lat' dir='ltr'><strong>confertur.</strong></span> <span class='ocrx_word' id='word_1_538' title='bbox 1154 1675 1265 1709; x_wconf 85' lang='lat' dir='ltr'><strong>ponitur</strong></span> <span class='ocrx_word' id='word_1_539' title='bbox 1278 1677 1408 1710; x_wconf 85' lang='lat' dir='ltr'><strong>operatio.</strong></span> <span class='ocrx_word' id='word_1_540' title='bbox 1428 1677 1466 1704; x_wconf 88' lang='lat' dir='ltr'><strong>lta</strong></span> <span class='ocrx_word' id='word_1_541' title='bbox 1482 1679 1563 1706; x_wconf 79' lang='lat' dir='ltr'><strong>etiam</strong></span> <span class='ocrx_word' id='word_1_542' title='bbox 1582 1685 1705 1709; x_wconf 85' lang='lat' dir='ltr'><strong>sanetum</strong></span> <span class='ocrx_word' id='word_1_543' title='bbox 1719 1684 1768 1710; x_wconf 81' lang='lat' dir='ltr'><strong>ali-</strong></span> 
     </span>
    </p>
   </div>
   <div class='ocr_carea' id='block_1_72' title="bbox 152 1721 1769 1762">
    <p class='ocr_par' dir='ltr' id='par_1_72' title="bbox 152 1721 1769 1762">
     <span class='ocr_line' id='line_1_72' title="bbox 152 1721 1769 1762; baseline 0.002 -10"><span class='ocrx_word' id='word_1_544' title='bbox 152 1726 217 1760; x_wconf 87' lang='lat' dir='ltr'><strong>quid</strong></span> <span class='ocrx_word' id='word_1_545' title='bbox 241 1725 341 1752; x_wconf 83' lang='lat' dir='ltr'><strong>dicitur</strong></span> <span class='ocrx_word' id='word_1_546' title='bbox 363 1725 389 1751; x_wconf 93' lang='lat' dir='ltr'><strong>in</strong></span> <span class='ocrx_word' id='word_1_547' title='bbox 414 1722 555 1757; x_wconf 85' lang='lat' dir='ltr'><strong>Scriptura</strong></span> <span class='ocrx_word' id='word_1_548' title='bbox 568 1743 576 1755; x_wconf 89' lang='lat'><strong>,</strong></span> <span class='ocrx_word' id='word_1_549' title='bbox 597 1727 624 1749; x_wconf 87' lang='lat' dir='ltr'><strong>et</strong></span> <span class='ocrx_word' id='word_1_550' title='bbox 645 1729 740 1749; x_wconf 82' lang='lat' dir='ltr'><strong>rursus</strong></span> <span class='ocrx_word' id='word_1_551' title='bbox 762 1726 886 1749; x_wconf 91' lang='lat' dir='ltr'><strong>sanclum</strong></span> <span class='ocrx_word' id='word_1_552' title='bbox 915 1725 1090 1752; x_wconf 86' lang='lat' dir='ltr'><strong>sanctorum,</strong></span> <span class='ocrx_word' id='word_1_553' title='bbox 1115 1721 1183 1748; x_wconf 79' lang='lat' dir='ltr'><strong>adeo</strong></span> <span class='ocrx_word' id='word_1_554' title='bbox 1208 1726 1237 1748; x_wconf 88' lang='lat' dir='ltr'><strong>ut</strong></span> <span class='ocrx_word' id='word_1_555' title='bbox 1254 1723 1311 1757; x_wconf 89' lang='lat' dir='ltr'><strong>pari</strong></span> <span class='ocrx_word' id='word_1_556' title='bbox 1329 1731 1456 1751; x_wconf 84' lang='lat' dir='ltr'><strong>mensura</strong></span> <span class='ocrx_word' id='word_1_557' title='bbox 1471 1729 1498 1751; x_wconf 86' lang='lat' dir='ltr'><strong>et</strong></span> <span class='ocrx_word' id='word_1_558' title='bbox 1518 1729 1642 1752; x_wconf 88' lang='lat' dir='ltr'><strong>sanctum</strong></span> <span class='ocrx_word' id='word_1_559' title='bbox 1658 1733 1769 1762; x_wconf 85' lang='lat' dir='ltr'><strong>superet</strong></span> 
     </span>
    </p>
   </div>
   <div class='ocr_carea' id='block_1_73' title="bbox 154 1769 1766 1806">
    <p class='ocr_par' dir='ltr' id='par_1_73' title="bbox 154 1769 1766 1806">
     <span class='ocr_line' id='line_1_73' title="bbox 154 1769 1766 1806; baseline -0.002 -7"><span class='ocrx_word' id='word_1_560' title='bbox 154 1772 295 1806; x_wconf 88' lang='lat' dir='ltr'><strong>profanum</strong></span> <span class='ocrx_word' id='word_1_561' title='bbox 316 1773 343 1799; x_wconf 93' lang='lat' dir='ltr'><strong>in</strong></span> <span class='ocrx_word' id='word_1_562' title='bbox 357 1772 511 1803; x_wconf 80' lang='lat' dir='ltr'><strong>sanctitate,</strong></span> <span class='ocrx_word' id='word_1_563' title='bbox 540 1774 566 1798; x_wconf 87' lang='lat' dir='ltr'><strong>et</strong></span> <span class='ocrx_word' id='word_1_564' title='bbox 582 1770 634 1798; x_wconf 86' lang='lat' dir='ltr'><strong>hoc</strong></span> <span class='ocrx_word' id='word_1_565' title='bbox 666 1777 760 1797; x_wconf 88' lang='lat' dir='ltr'><strong>rursus</strong></span> <span class='ocrx_word' id='word_1_566' title='bbox 775 1773 897 1797; x_wconf 84' lang='lat' dir='ltr'><strong>sanctum</strong></span> <span class='ocrx_word' id='word_1_567' title='bbox 913 1772 1069 1796; x_wconf 84' lang='lat' dir='ltr'><strong>sanctorum</strong></span> <span class='ocrx_word' id='word_1_568' title='bbox 1081 1789 1088 1801; x_wconf 84' lang='lat'><strong><em>,</em></strong></span> <span class='ocrx_word' id='word_1_569' title='bbox 1104 1769 1175 1804; x_wconf 86' lang='lat' dir='ltr'><strong>quod</strong></span> <span class='ocrx_word' id='word_1_570' title='bbox 1191 1776 1296 1796; x_wconf 88' lang='lat' dir='ltr'><strong>summe</strong></span> <span class='ocrx_word' id='word_1_571' title='bbox 1311 1773 1338 1796; x_wconf 89' lang='lat' dir='ltr'><strong>et</strong></span> <span class='ocrx_word' id='word_1_572' title='bbox 1359 1777 1407 1804; x_wconf 89' lang='lat' dir='ltr'><strong>per</strong></span> <span class='ocrx_word' id='word_1_573' title='bbox 1422 1771 1657 1806; x_wconf 75' lang='lat' dir='ltr'><strong>exsuperationem</strong></span> <span class='ocrx_word' id='word_1_574' title='bbox 1674 1776 1766 1802; x_wconf 84' lang='lat' dir='ltr'><strong>consi-</strong></span> 
     </span>
    </p>
   </div>
   <div class='ocr_carea' id='block_1_74' title="bbox 153 1818 842 1850">
    <p class='ocr_par' dir='ltr' id='par_1_74' title="bbox 153 1818 842 1850">
     <span class='ocr_line' id='line_1_74' title="bbox 153 1818 842 1850; baseline -0.003 -5"><span class='ocrx_word' id='word_1_575' title='bbox 153 1818 264 1846; x_wconf 83' lang='lat' dir='ltr'><strong>deratur</strong></span> <span class='ocrx_word' id='word_1_576' title='bbox 278 1818 305 1844; x_wconf 91' lang='lat' dir='ltr'><strong>in</strong></span> <span class='ocrx_word' id='word_1_577' title='bbox 321 1818 546 1844; x_wconf 73' lang='lat' dir='ltr'><strong>sanctificatione.</strong></span> <span class='ocrx_word' id='word_1_578' title='bbox 837 1845 842 1850; x_wconf 49' lang='grc'><strong>,</strong></span> 
     </span>
    </p>
   </div>
   <div class='ocr_carea' id='block_1_75' title="bbox 189 1861 932 1898">
    <p class='ocr_par' dir='ltr' id='par_1_75' title="bbox 189 1861 932 1898">
     <span class='ocr_line' id='line_1_75' title="bbox 189 1861 932 1898; baseline 0 -10"><span class='ocrx_word' id='word_1_579' title='bbox 189 1864 279 1898; x_wconf 79' lang='grc' dir='ltr'>Ὅπερ</span> <span class='ocrx_word' id='word_1_580' title='bbox 295 1861 341 1889; x_wconf 83' lang='grc' dir='ltr'>οὖν</span> <span class='ocrx_word' id='word_1_581' title='bbox 362 1863 408 1888; x_wconf 74' lang='grc' dir='ltr'><strong>ὲπὶ</strong></span> <span class='ocrx_word' id='word_1_582' title='bbox 423 1862 469 1888; x_wconf 82' lang='grc' dir='ltr'>τοῦ</span> <span class='ocrx_word' id='word_1_583' title='bbox 486 1863 638 1897; x_wconf 82' lang='grc' dir='ltr'>κρείττονος</span> <span class='ocrx_word' id='word_1_584' title='bbox 655 1862 829 1897; x_wconf 74' lang='grc' dir='ltr'>ἐδιδάχθημεν</span> <span class='ocrx_word' id='word_1_585' title='bbox 846 1863 932 1896; x_wconf 74' lang='grc' dir='ltr'>λόγου,</span> 
     </span>
    </p>
   </div>
   <div class='ocr_carea' id='block_1_76' title="bbox 153 1907 935 1943">
    <p class='ocr_par' dir='ltr' id='par_1_76' title="bbox 153 1907 935 1943">
     <span class='ocr_line' id='line_1_76' title="bbox 153 1907 935 1943; baseline 0 -9"><span class='ocrx_word' id='word_1_586' title='bbox 153 1908 202 1942; x_wconf 79' lang='grc' dir='ltr'><strong>τῆς</strong></span> <span class='ocrx_word' id='word_1_587' title='bbox 218 1908 357 1942; x_wconf 66' lang='grc' dir='ltr'>γραφικῆς</span> <span class='ocrx_word' id='word_1_588' title='bbox 375 1907 516 1942; x_wconf 70' lang='grc' dir='ltr'>συνηθείας</span> <span class='ocrx_word' id='word_1_589' title='bbox 532 1907 571 1943; x_wconf 79' lang='grc' dir='ltr'>τῷ</span> <span class='ocrx_word' id='word_1_590' title='bbox 586 1907 697 1942; x_wconf 79' lang='grc' dir='ltr'>τοιούτῳ</span> <span class='ocrx_word' id='word_1_591' title='bbox 719 1907 782 1933; x_wconf 77' lang='grc' dir='ltr'>εἴδει</span> <span class='ocrx_word' id='word_1_592' title='bbox 804 1907 853 1942; x_wconf 84' lang='grc' dir='ltr'><strong>τὴν</strong></span> <span class='ocrx_word' id='word_1_593' title='bbox 876 1909 935 1934; x_wconf 76' lang='grc' dir='ltr'><strong>ἐπί‹</strong></span> 
     </span>
    </p>
   </div>
   <div class='ocr_carea' id='block_1_77' title="bbox 152 1952 936 1989">
    <p class='ocr_par' dir='ltr' id='par_1_77' title="bbox 152 1952 936 1989">
     <span class='ocr_line' id='line_1_77' title="bbox 152 1952 936 1989; baseline 0.001 -11"><span class='ocrx_word' id='word_1_594' title='bbox 152 1956 232 1979; x_wconf 64' lang='grc' dir='ltr'>λιασιν</span> <span class='ocrx_word' id='word_1_595' title='bbox 241 1952 287 1978; x_wconf 77' lang='grc' dir='ltr'>τοῦ</span> <span class='ocrx_word' id='word_1_596' title='bbox 305 1953 482 1987; x_wconf 80' lang='grc' dir='ltr'>ὑποκειμένου</span> <span class='ocrx_word' id='word_1_597' title='bbox 498 1954 632 1988; x_wconf 80' lang='grc' dir='ltr'>νοήματος</span> <span class='ocrx_word' id='word_1_598' title='bbox 649 1953 841 1989; x_wconf 77' lang='grc' dir='ltr'>σημαινούσης,</span> <span class='ocrx_word' id='word_1_599' title='bbox 859 1954 936 1979; x_wconf 83' lang='grc' dir='ltr'>τοῦτο</span> 
     </span>
    </p>
   </div>
   <div class='ocr_carea' id='block_1_78' title="bbox 153 1998 934 2034">
    <p class='ocr_par' dir='ltr' id='par_1_78' title="bbox 153 1998 934 2034">
     <span class='ocr_line' id='line_1_78' title="bbox 153 1998 934 2034; baseline 0.001 -9"><span class='ocrx_word' id='word_1_600' title='bbox 153 1998 202 2025; x_wconf 74' lang='grc' dir='ltr'>καὶ</span> <span class='ocrx_word' id='word_1_601' title='bbox 215 1998 261 2024; x_wconf 71' lang='grc' dir='ltr'><strong>ἐπὶ</strong></span> <span class='ocrx_word' id='word_1_602' title='bbox 276 1998 324 2033; x_wconf 82' lang='grc' dir='ltr'><strong>τῆς</strong></span> <span class='ocrx_word' id='word_1_603' title='bbox 339 1998 391 2025; x_wconf 81' lang='grc' dir='ltr'><strong>τῶν</strong></span> <span class='ocrx_word' id='word_1_604' title='bbox 404 2000 590 2033; x_wconf 83' lang='grc' dir='ltr'>ματαιοτήτων</span> <span class='ocrx_word' id='word_1_605' title='bbox 607 2000 785 2034; x_wconf 78' lang='grc' dir='ltr'>ματαιότητος</span> <span class='ocrx_word' id='word_1_606' title='bbox 803 1999 934 2031; x_wconf 81' lang='grc' dir='ltr'>νοοῦντες,</span> 
     </span>
    </p>
   </div>
   <div class='ocr_carea' id='block_1_79' title="bbox 153 2043 937 2080">
    <p class='ocr_par' dir='ltr' id='par_1_79' title="bbox 153 2043 937 2080">
     <span class='ocr_line' id='line_1_79' title="bbox 153 2043 937 2080; baseline 0.004 -11"><span class='ocrx_word' id='word_1_607' title='bbox 153 2044 182 2070; x_wconf 81' lang='grc' dir='ltr'>οὐ</span> <span class='ocrx_word' id='word_1_608' title='bbox 202 2043 403 2078; x_wconf 71' lang='grc' dir='ltr'>οφαλησόμεοα.</span> <span class='ocrx_word' id='word_1_609' title='bbox 420 2044 498 2078; x_wconf 78' lang='grc' dir='ltr'>Λέγει</span> <span class='ocrx_word' id='word_1_610' title='bbox 514 2045 566 2080; x_wconf 87' lang='grc' dir='ltr'>γὰρ</span> <span class='ocrx_word' id='word_1_611' title='bbox 581 2045 628 2080; x_wconf 84' lang='grc' dir='ltr'>οὐχ</span> <span class='ocrx_word' id='word_1_612' title='bbox 644 2045 734 2076; x_wconf 78' lang='grc' dir='ltr'>ἁπλῶς</span> <span class='ocrx_word' id='word_1_613' title='bbox 749 2043 818 2072; x_wconf 74' lang='grc' dir='ltr'>εἶναι</span> <span class='ocrx_word' id='word_1_614' title='bbox 836 2046 937 2080; x_wconf 74' lang='grc' dir='ltr'>μάταια</span> 
     </span>
    </p>
   </div>
   <div class='ocr_carea' id='block_1_80' title="bbox 153 2087 937 2126">
    <p class='ocr_par' dir='ltr' id='par_1_80' title="bbox 153 2087 937 2126">
     <span class='ocr_line' id='line_1_80' title="bbox 153 2087 937 2126; baseline 0.003 -11"><span class='ocrx_word' id='word_1_615' title='bbox 153 2090 183 2115; x_wconf 84' lang='grc' dir='ltr'>ὲν</span> <span class='ocrx_word' id='word_1_616' title='bbox 202 2091 257 2120; x_wconf 77' lang='grc' dir='ltr'>τοῖς</span> <span class='ocrx_word' id='word_1_617' title='bbox 276 2087 335 2116; x_wconf 77' lang='grc' dir='ltr'>οὖσι</span> <span class='ocrx_word' id='word_1_618' title='bbox 356 2089 514 2125; x_wconf 74' lang='grc' dir='ltr'>φαινόμενα,</span> <span class='ocrx_word' id='word_1_619' title='bbox 530 2090 596 2117; x_wconf 78' lang='grc' dir='ltr'><strong>ἀλλὰ</strong></span> <span class='ocrx_word' id='word_1_620' title='bbox 613 2091 682 2117; x_wconf 76' lang='grc' dir='ltr'>κατὰ</span> <span class='ocrx_word' id='word_1_621' title='bbox 706 2091 849 2126; x_wconf 78' lang='grc' dir='ltr'>ὑπέρϐεσίν</span> <span class='ocrx_word' id='word_1_622' title='bbox 877 2100 937 2118; x_wconf 87' lang='grc' dir='ltr'>τινα</span> 
     </span>
    </p>
   </div>
   <div class='ocr_carea' id='block_1_81' title="bbox 152 2134 935 2171">
    <p class='ocr_par' dir='ltr' id='par_1_81' title="bbox 152 2134 935 2171">
     <span class='ocr_line' id='line_1_81' title="bbox 152 2134 935 2171; baseline 0.001 -10"><span class='ocrx_word' id='word_1_623' title='bbox 152 2135 201 2170; x_wconf 82' lang='grc' dir='ltr'><strong>τῆς</strong></span> <span class='ocrx_word' id='word_1_624' title='bbox 221 2134 291 2161; x_wconf 83' lang='grc' dir='ltr'>κατὰ</span> <span class='ocrx_word' id='word_1_625' title='bbox 316 2135 346 2161; x_wconf 72' lang='grc' dir='ltr'>τὸ</span> <span class='ocrx_word' id='word_1_626' title='bbox 372 2136 484 2170; x_wconf 84' lang='grc' dir='ltr'>μάταιον</span> <span class='ocrx_word' id='word_1_627' title='bbox 505 2136 641 2171; x_wconf 75' lang='grc' dir='ltr'>σημασίας</span> <span class='ocrx_word' id='word_1_628' title='bbox 658 2134 726 2162; x_wconf 75' lang='grc' dir='ltr'>εἶναι</span> <span class='ocrx_word' id='word_1_629' title='bbox 744 2137 871 2163; x_wconf 76' lang='grc' dir='ltr'>τοιαῦτα·</span> <span class='ocrx_word' id='word_1_630' title='bbox 899 2137 935 2168; x_wconf 82' lang='grc' dir='ltr'><strong>ὡς</strong></span> 
     </span>
    </p>
   </div>
   <div class='ocr_carea' id='block_1_82' title="bbox 153 2179 936 2217">
    <p class='ocr_par' dir='ltr' id='par_1_82' title="bbox 153 2179 936 2217">
     <span class='ocr_line' id='line_1_82' title="bbox 153 2179 936 2217; baseline 0.003 -11"><span class='ocrx_word' id='word_1_631' title='bbox 153 2179 180 2206; x_wconf 76' lang='grc' dir='ltr'>εἰ</span> <span class='ocrx_word' id='word_1_632' title='bbox 194 2189 234 2211; x_wconf 83' lang='grc' dir='ltr'>τις</span> <span class='ocrx_word' id='word_1_633' title='bbox 254 2180 327 2212; x_wconf 77' lang='grc' dir='ltr'>λέγοι</span> <span class='ocrx_word' id='word_1_634' title='bbox 344 2181 390 2206; x_wconf 77' lang='grc' dir='ltr'>τοῦ</span> <span class='ocrx_word' id='word_1_635' title='bbox 407 2181 503 2215; x_wconf 85' lang='grc' dir='ltr'>νεκροῦ</span> <span class='ocrx_word' id='word_1_636' title='bbox 521 2182 689 2217; x_wconf 73' lang='grc' dir='ltr'>νεκρότερον,</span> <span class='ocrx_word' id='word_1_637' title='bbox 708 2182 754 2208; x_wconf 67' lang='grc' dir='ltr'>καὶ</span> <span class='ocrx_word' id='word_1_638' title='bbox 773 2182 818 2208; x_wconf 79' lang='grc' dir='ltr'>τοῦ</span> <span class='ocrx_word' id='word_1_639' title='bbox 835 2181 936 2216; x_wconf 50' lang='grc' dir='ltr'>ἀψύχου</span> 
     </span>
    </p>
   </div>
   <div class='ocr_carea' id='block_1_83' title="bbox 1023 1858 1767 1900">
    <p class='ocr_par' dir='ltr' id='par_1_83' title="bbox 1023 1858 1767 1900">
     <span class='ocr_line' id='line_1_83' title="bbox 1023 1858 1767 1900; baseline 0.009 -13"><span class='ocrx_word' id='word_1_640' title='bbox 1023 1858 1098 1894; x_wconf 79' lang='lat' dir='ltr'><strong>Quod</strong></span> <span class='ocrx_word' id='word_1_641' title='bbox 1113 1869 1177 1896; x_wconf 81' lang='lat' dir='ltr'><strong>ergo</strong></span> <span class='ocrx_word' id='word_1_642' title='bbox 1195 1861 1338 1889; x_wconf 86' lang='lat' dir='ltr'><strong>didicimus</strong></span> <span class='ocrx_word' id='word_1_643' title='bbox 1355 1862 1380 1889; x_wconf 83' lang='lat' dir='ltr'><strong>in</strong></span> <span class='ocrx_word' id='word_1_644' title='bbox 1399 1870 1428 1889; x_wconf 86' lang='lat' dir='ltr'><strong>re</strong></span> <span class='ocrx_word' id='word_1_645' title='bbox 1455 1863 1565 1891; x_wconf 84' lang='lat' dir='ltr'><strong>meliore</strong></span> <span class='ocrx_word' id='word_1_646' title='bbox 1585 1872 1615 1891; x_wconf 83' lang='lat' dir='ltr'><strong>ac</strong></span> <span class='ocrx_word' id='word_1_647' title='bbox 1636 1870 1767 1900; x_wconf 56' lang='lat' dir='ltr'><strong>praestan-</strong></span> 
     </span>
    </p>
   </div>
   <div class='ocr_carea' id='block_1_84' title="bbox 987 1907 1767 1944">
    <p class='ocr_par' dir='ltr' id='par_1_84' title="bbox 987 1907 1767 1944">
     <span class='ocr_line' id='line_1_84' title="bbox 987 1907 1767 1944; baseline 0.009 -11"><span class='ocrx_word' id='word_1_648' title='bbox 987 1907 1059 1939; x_wconf 88' lang='lat' dir='ltr'><strong>tiori,</strong></span> <span class='ocrx_word' id='word_1_649' title='bbox 1077 1907 1224 1942; x_wconf 70' lang='lat' dir='ltr'><strong>Scriptum</strong></span> <span class='ocrx_word' id='word_1_650' title='bbox 1243 1908 1440 1935; x_wconf 75' lang='lat' dir='ltr'><strong>consuetudine</strong></span> <span class='ocrx_word' id='word_1_651' title='bbox 1459 1910 1630 1944; x_wconf 78' lang='lat' dir='ltr'><strong>significante</strong></span> <span class='ocrx_word' id='word_1_652' title='bbox 1656 1911 1706 1939; x_wconf 81' lang='lat' dir='ltr'><strong>hac</strong></span> <span class='ocrx_word' id='word_1_653' title='bbox 1727 1921 1767 1940; x_wconf 87' lang='lat' dir='ltr'><strong>ra-</strong></span> 
     </span>
    </p>
   </div>
   <div class='ocr_carea' id='block_1_85' title="bbox 987 1953 1766 1989">
    <p class='ocr_par' dir='ltr' id='par_1_85' title="bbox 987 1953 1766 1989">
     <span class='ocr_line' id='line_1_85' title="bbox 987 1953 1766 1989; baseline 0.008 -10"><span class='ocrx_word' id='word_1_654' title='bbox 987 1954 1060 1980; x_wconf 85' lang='lat' dir='ltr'><strong>tione</strong></span> <span class='ocrx_word' id='word_1_655' title='bbox 1080 1953 1257 1980; x_wconf 87' lang='lat' dir='ltr'><strong>intentionem</strong></span> <span class='ocrx_word' id='word_1_656' title='bbox 1284 1954 1320 1981; x_wconf 92' lang='lat' dir='ltr'><strong>rei</strong></span> <span class='ocrx_word' id='word_1_657' title='bbox 1345 1961 1404 1988; x_wconf 63' lang='lat' dir='ltr'><strong>quae</strong></span> <span class='ocrx_word' id='word_1_658' title='bbox 1427 1954 1605 1989; x_wconf 78' lang='lat' dir='ltr'><strong>intelligitur:</strong></span> <span class='ocrx_word' id='word_1_659' title='bbox 1622 1956 1673 1983; x_wconf 91' lang='lat' dir='ltr'><strong>hoc</strong></span> <span class='ocrx_word' id='word_1_660' title='bbox 1685 1958 1766 1985; x_wconf 90' lang='lat' dir='ltr'><strong>etiam</strong></span> 
     </span>
    </p>
   </div>
   <div class='ocr_carea' id='block_1_86' title="bbox 987 1998 1768 2034">
    <p class='ocr_par' dir='ltr' id='par_1_86' title="bbox 987 1998 1768 2034">
     <span class='ocr_line' id='line_1_86' title="bbox 987 1998 1768 2034; baseline 0.009 -11"><span class='ocrx_word' id='word_1_661' title='bbox 987 1998 1014 2024; x_wconf 91' lang='lat' dir='ltr'><strong>in</strong></span> <span class='ocrx_word' id='word_1_662' title='bbox 1028 1999 1176 2024; x_wconf 86' lang='lat' dir='ltr'><strong>vanitaan</strong></span> <span class='ocrx_word' id='word_1_663' title='bbox 1194 1998 1311 2025; x_wconf 80' lang='lat' dir='ltr'><strong>vanitate</strong></span> <span class='ocrx_word' id='word_1_664' title='bbox 1327 1998 1517 2034; x_wconf 78' lang='lat' dir='ltr'><strong>intelligentes,</strong></span> <span class='ocrx_word' id='word_1_665' title='bbox 1535 2001 1643 2028; x_wconf 88' lang='lat' dir='ltr'><strong>minime</strong></span> <span class='ocrx_word' id='word_1_666' title='bbox 1659 2002 1768 2030; x_wconf 79' lang='lat' dir='ltr'><strong>aberra-</strong></span> 
     </span>
    </p>
   </div>
   <div class='ocr_carea' id='block_1_87' title="bbox 989 2042 1767 2082">
    <p class='ocr_par' dir='ltr' id='par_1_87' title="bbox 989 2042 1767 2082">
     <span class='ocr_line' id='line_1_87' title="bbox 989 2042 1767 2082; baseline 0.008 -14"><span class='ocrx_word' id='word_1_667' title='bbox 989 2042 1086 2069; x_wconf 82' lang='lat' dir='ltr'><strong>bimus.</strong></span> <span class='ocrx_word' id='word_1_668' title='bbox 1105 2042 1170 2068; x_wconf 86' lang='lat' dir='ltr'><strong>Dicit</strong></span> <span class='ocrx_word' id='word_1_669' title='bbox 1195 2043 1266 2069; x_wconf 91' lang='lat' dir='ltr'><strong>enim</strong></span> <span class='ocrx_word' id='word_1_670' title='bbox 1287 2050 1340 2069; x_wconf 93' lang='lat' dir='ltr'><strong>non</strong></span> <span class='ocrx_word' id='word_1_671' title='bbox 1362 2044 1487 2071; x_wconf 87' lang='lat' dir='ltr'><strong>absolute</strong></span> <span class='ocrx_word' id='word_1_672' title='bbox 1501 2052 1562 2072; x_wconf 86' lang='lat' dir='ltr'><strong>esse</strong></span> <span class='ocrx_word' id='word_1_673' title='bbox 1576 2053 1644 2072; x_wconf 86' lang='lat' dir='ltr'><strong>vana</strong></span> <span class='ocrx_word' id='word_1_674' title='bbox 1662 2053 1721 2082; x_wconf 68' lang='lat' dir='ltr'><strong>quae</strong></span> <span class='ocrx_word' id='word_1_675' title='bbox 1739 2048 1767 2075; x_wconf 90' lang='lat' dir='ltr'><strong>in</strong></span> 
     </span>
    </p>
   </div>
   <div class='ocr_carea' id='block_1_88' title="bbox 987 2088 1767 2127">
    <p class='ocr_par' dir='ltr' id='par_1_88' title="bbox 987 2088 1767 2127">
     <span class='ocr_line' id='line_1_88' title="bbox 987 2088 1767 2127; baseline 0.008 -14"><span class='ocrx_word' id='word_1_676' title='bbox 987 2089 1069 2114; x_wconf 87' lang='lat' dir='ltr'><strong>rebus</strong></span> <span class='ocrx_word' id='word_1_677' title='bbox 1093 2091 1243 2122; x_wconf 80' lang='lat' dir='ltr'><strong>apparent.</strong></span> <span class='ocrx_word' id='word_1_678' title='bbox 1266 2088 1312 2115; x_wconf 74' lang='lat' dir='ltr'><strong>sud</strong></span> <span class='ocrx_word' id='word_1_679' title='bbox 1339 2096 1369 2115; x_wconf 83' lang='lat' dir='ltr'><strong>ea</strong></span> <span class='ocrx_word' id='word_1_680' title='bbox 1387 2097 1449 2117; x_wconf 84' lang='lat' dir='ltr'><strong>esse</strong></span> <span class='ocrx_word' id='word_1_681' title='bbox 1471 2090 1604 2124; x_wconf 72' lang='lat' dir='ltr'><strong>ejusmodi</strong></span> <span class='ocrx_word' id='word_1_682' title='bbox 1627 2092 1653 2118; x_wconf 92' lang='lat' dir='ltr'><strong>in</strong></span> <span class='ocrx_word' id='word_1_683' title='bbox 1677 2093 1767 2127; x_wconf 86' lang='lat' dir='ltr'><strong>aliqua</strong></span> 
     </span>
    </p>
   </div>
   <div class='ocr_carea' id='block_1_89' title="bbox 988 2135 1768 2171">
    <p class='ocr_par' dir='ltr' id='par_1_89' title="bbox 988 2135 1768 2171">
     <span class='ocr_line' id='line_1_89' title="bbox 988 2135 1768 2171; baseline 0.004 -10"><span class='ocrx_word' id='word_1_684' title='bbox 988 2135 1194 2168; x_wconf 70' lang='lat' dir='ltr'><strong>exsuperalione</strong></span> <span class='ocrx_word' id='word_1_685' title='bbox 1217 2135 1279 2161; x_wconf 91' lang='lat' dir='ltr'><strong>vani</strong></span> <span class='ocrx_word' id='word_1_686' title='bbox 1306 2135 1534 2169; x_wconf 75' lang='lat' dir='ltr'><strong>significationis:</strong></span> <span class='ocrx_word' id='word_1_687' title='bbox 1563 2137 1673 2171; x_wconf 85' lang='lat' dir='ltr'><strong>perinde</strong></span> <span class='ocrx_word' id='word_1_688' title='bbox 1696 2145 1726 2164; x_wconf 86' lang='lat' dir='ltr'><strong>ac</strong></span> <span class='ocrx_word' id='word_1_689' title='bbox 1744 2139 1768 2165; x_wconf 87' lang='lat' dir='ltr'><strong>si</strong></span> 
     </span>
    </p>
   </div>
   <div class='ocr_carea' id='block_1_90' title="bbox 988 2179 1770 2214">
    <p class='ocr_par' dir='ltr' id='par_1_90' title="bbox 988 2179 1770 2214">
     <span class='ocr_line' id='line_1_90' title="bbox 988 2179 1770 2214; baseline 0.005 -9"><span class='ocrx_word' id='word_1_690' title='bbox 988 2179 1048 2213; x_wconf 90' lang='lat' dir='ltr'><strong>quis</strong></span> <span class='ocrx_word' id='word_1_691' title='bbox 1063 2180 1134 2205; x_wconf 73' lang='lat' dir='ltr'><strong>dicat</strong></span> <span class='ocrx_word' id='word_1_692' title='bbox 1151 2184 1256 2206; x_wconf 88' lang='lat' dir='ltr'><strong>mortuo</strong></span> <span class='ocrx_word' id='word_1_693' title='bbox 1270 2180 1356 2214; x_wconf 73' lang='lat' dir='ltr'><strong>magis</strong></span> <span class='ocrx_word' id='word_1_694' title='bbox 1372 2184 1518 2212; x_wconf 87' lang='lat' dir='ltr'><strong>mortuum,</strong></span> <span class='ocrx_word' id='word_1_695' title='bbox 1536 2185 1563 2207; x_wconf 89' lang='lat' dir='ltr'><strong>et</strong></span> <span class='ocrx_word' id='word_1_696' title='bbox 1578 2182 1698 2209; x_wconf 85' lang='lat' dir='ltr'><strong>inanimo</strong></span> <span class='ocrx_word' id='word_1_697' title='bbox 1712 2191 1770 2209; x_wconf 87' lang='lat' dir='ltr'><strong>ma-</strong></span> 
     </span>
    </p>
   </div>
   <div class='ocr_carea' id='block_1_91' title="bbox 153 2223 934 2264">
    <p class='ocr_par' dir='ltr' id='par_1_91' title="bbox 153 2225 934 2263">
     <span class='ocr_line' id='line_1_91' title="bbox 153 2225 934 2263; baseline 0.005 -12"><span class='ocrx_word' id='word_1_698' title='bbox 153 2225 334 2260; x_wconf 78' lang='grc' dir='ltr'>ἀψυχότερον·</span> <span class='ocrx_word' id='word_1_699' title='bbox 359 2226 405 2252; x_wconf 83' lang='grc' dir='ltr'><strong>καί</strong></span> <span class='ocrx_word' id='word_1_700' title='bbox 429 2235 469 2252; x_wconf 84' lang='grc' dir='ltr'><strong>τοι</strong></span> <span class='ocrx_word' id='word_1_701' title='bbox 488 2227 504 2261; x_wconf 85' lang='grc' dir='ltr'>ἡ</span> <span class='ocrx_word' id='word_1_702' title='bbox 525 2227 686 2263; x_wconf 81' lang='grc' dir='ltr'>συγκριτικὴ</span> <span class='ocrx_word' id='word_1_703' title='bbox 709 2228 831 2258; x_wconf 70' lang='grc' dir='ltr'>ἐπίτασις</span> <span class='ocrx_word' id='word_1_704' title='bbox 846 2228 934 2263; x_wconf 79' lang='grc' dir='ltr'>χώραν</span> 
     </span>
    </p>
   </div>
   <div class='ocr_carea' id='block_1_92' title="bbox 985 2223 1769 2264">
    <p class='ocr_par' dir='ltr' id='par_1_92' title="bbox 989 2223 1769 2259">
     <span class='ocr_line' id='line_1_92' title="bbox 989 2223 1769 2259; baseline 0.008 -11"><span class='ocrx_word' id='word_1_705' title='bbox 989 2223 1029 2257; x_wconf 69' lang='lat' dir='ltr'><strong>gis</strong></span> <span class='ocrx_word' id='word_1_706' title='bbox 1063 2223 1232 2250; x_wconf 89' lang='lat' dir='ltr'><strong>inanimum:</strong></span> <span class='ocrx_word' id='word_1_707' title='bbox 1255 2224 1361 2251; x_wconf 79' lang='lat' dir='ltr'><strong>etiamsi</strong></span> <span class='ocrx_word' id='word_1_708' title='bbox 1384 2226 1567 2259; x_wconf 84' lang='lat' dir='ltr'><strong>comparativa</strong></span> <span class='ocrx_word' id='word_1_709' title='bbox 1593 2226 1706 2254; x_wconf 89' lang='lat' dir='ltr'><strong>inlentio</strong></span> <span class='ocrx_word' id='word_1_710' title='bbox 1731 2228 1769 2254; x_wconf 92' lang='lat' dir='ltr'><strong>lo-</strong></span> 
     </span>
    </p>
   </div>
   <div class='ocr_carea' id='block_1_93' title="bbox 154 2271 937 2308">
    <p class='ocr_par' dir='ltr' id='par_1_93' title="bbox 154 2271 937 2308">
     <span class='ocr_line' id='line_1_93' title="bbox 154 2271 937 2308; baseline 0.004 -12"><span class='ocrx_word' id='word_1_711' title='bbox 154 2271 200 2297; x_wconf 75' lang='grc' dir='ltr'><strong>ἐπὶ</strong></span> <span class='ocrx_word' id='word_1_712' title='bbox 216 2272 268 2297; x_wconf 68' lang='grc' dir='ltr'>τῶν</span> <span class='ocrx_word' id='word_1_713' title='bbox 283 2271 409 2297; x_wconf 80' lang='grc' dir='ltr'>τοιούτων</span> <span class='ocrx_word' id='word_1_714' title='bbox 424 2272 474 2298; x_wconf 81' lang='grc' dir='ltr'><strong>οὐκ</strong></span> <span class='ocrx_word' id='word_1_715' title='bbox 489 2271 553 2307; x_wconf 79' lang='grc' dir='ltr'>ἔχει,</span> <span class='ocrx_word' id='word_1_716' title='bbox 570 2273 627 2299; x_wconf 75' lang='grc' dir='ltr'><strong>ἀλλ’</strong></span> <span class='ocrx_word' id='word_1_717' title='bbox 642 2274 716 2308; x_wconf 83' lang='grc' dir='ltr'>ὅμως</span> <span class='ocrx_word' id='word_1_718' title='bbox 731 2273 838 2307; x_wconf 77' lang='grc' dir='ltr'>λέγεται</span> <span class='ocrx_word' id='word_1_719' title='bbox 852 2273 937 2308; x_wconf 80' lang='grc' dir='ltr'>τούτῳ</span> 
     </span>
    </p>
   </div>
   <div class='ocr_carea' id='block_1_94' title="bbox 154 2316 936 2354">
    <p class='ocr_par' dir='ltr' id='par_1_94' title="bbox 154 2316 936 2354">
     <span class='ocr_line' id='line_1_94' title="bbox 154 2316 936 2354; baseline -0.004 -7"><span class='ocrx_word' id='word_1_720' title='bbox 154 2316 193 2350; x_wconf 76' lang='grc' dir='ltr'><strong>τῷ</strong></span> <span class='ocrx_word' id='word_1_721' title='bbox 206 2316 318 2350; x_wconf 72' lang='grc' dir='ltr'>ῥήματιι</span> <span class='ocrx_word' id='word_1_722' title='bbox 334 2316 402 2350; x_wconf 72' lang='grc' dir='ltr'><strong>πρὸς</strong></span> <span class='ocrx_word' id='word_1_723' title='bbox 418 2316 467 2351; x_wconf 76' lang='grc' dir='ltr'><strong>τὴν</strong></span> <span class='ocrx_word' id='word_1_724' title='bbox 481 2317 529 2351; x_wconf 67' lang='grc' dir='ltr'><strong>τῆς</strong></span> <span class='ocrx_word' id='word_1_725' title='bbox 547 2318 699 2353; x_wconf 74' lang='grc' dir='ltr'>ὑπερϐολῆς</span> <span class='ocrx_word' id='word_1_726' title='bbox 714 2318 759 2344; x_wconf 75' lang='grc' dir='ltr'><strong>τοῦ</strong></span> <span class='ocrx_word' id='word_1_727' title='bbox 776 2318 936 2354; x_wconf 77' lang='grc' dir='ltr'>δηλουμένου</span> 
     </span>
    </p>
   </div>
   <div class='ocr_carea' id='block_1_95' title="bbox 156 2361 937 2399">
    <p class='ocr_par' dir='ltr' id='par_1_95' title="bbox 156 2361 937 2399">
     <span class='ocr_line' id='line_1_95' title="bbox 156 2361 937 2399; baseline 0.005 -13"><span class='ocrx_word' id='word_1_728' title='bbox 156 2362 312 2396; x_wconf 70' lang='grc' dir='ltr'>σαφήνειαν.</span> <span class='ocrx_word' id='word_1_729' title='bbox 323 2361 424 2397; x_wconf 77' lang='grc' dir='ltr'>Ὥσπερ</span> <span class='ocrx_word' id='word_1_730' title='bbox 434 2361 479 2389; x_wconf 79' lang='grc' dir='ltr'><strong>οὖν</strong></span> <span class='ocrx_word' id='word_1_731' title='bbox 489 2364 545 2389; x_wconf 72' lang='grc' dir='ltr'>ἐστι</span> <span class='ocrx_word' id='word_1_732' title='bbox 554 2364 587 2390; x_wconf 81' lang='grc' dir='ltr'>τὰ</span> <span class='ocrx_word' id='word_1_733' title='bbox 598 2364 666 2399; x_wconf 75' lang='grc' dir='ltr'>ἔργα</span> <span class='ocrx_word' id='word_1_734' title='bbox 680 2364 733 2390; x_wconf 81' lang='grc' dir='ltr'><strong>τῶν</strong></span> <span class='ocrx_word' id='word_1_735' title='bbox 745 2364 842 2399; x_wconf 80' lang='grc' dir='ltr'>ἔργων,</span> <span class='ocrx_word' id='word_1_736' title='bbox 851 2365 896 2390; x_wconf 73' lang='grc' dir='ltr'>καὶ</span> <span class='ocrx_word' id='word_1_737' title='bbox 905 2365 937 2390; x_wconf 82' lang='grc' dir='ltr'>τὰ</span> 
     </span>
    </p>
   </div>
   <div class='ocr_carea' id='block_1_96' title="bbox 155 2406 938 2445">
    <p class='ocr_par' dir='ltr' id='par_1_96' title="bbox 155 2406 938 2445">
     <span class='ocr_line' id='line_1_96' title="bbox 155 2406 938 2445; baseline 0.005 -13"><span class='ocrx_word' id='word_1_738' title='bbox 155 2408 222 2440; x_wconf 75' lang='grc' dir='ltr'>ἅγια</span> <span class='ocrx_word' id='word_1_739' title='bbox 235 2407 289 2433; x_wconf 80' lang='grc' dir='ltr'><strong>τῶν</strong></span> <span class='ocrx_word' id='word_1_740' title='bbox 303 2408 388 2441; x_wconf 78' lang='grc' dir='ltr'>ἁγίων</span> <span class='ocrx_word' id='word_1_741' title='bbox 405 2408 546 2443; x_wconf 84' lang='grc' dir='ltr'>νοούμενα,</span> <span class='ocrx_word' id='word_1_742' title='bbox 560 2406 597 2436; x_wconf 84' lang='grc' dir='ltr'>ὧν</span> <span class='ocrx_word' id='word_1_743' title='bbox 615 2411 631 2444; x_wconf 86' lang='grc' dir='ltr'><strong>ἡ</strong></span> <span class='ocrx_word' id='word_1_744' title='bbox 648 2410 810 2445; x_wconf 81' lang='grc' dir='ltr'>ὑπεροετικὴ</span> <span class='ocrx_word' id='word_1_745' title='bbox 829 2410 895 2444; x_wconf 74' lang='grc' dir='ltr'><strong>πρὸς</strong></span> <span class='ocrx_word' id='word_1_746' title='bbox 908 2410 938 2436; x_wconf 84' lang='grc' dir='ltr'>τὺ</span> 
     </span>
    </p>
   </div>
   <div class='ocr_carea' id='block_1_97' title="bbox 155 2452 937 2489">
    <p class='ocr_par' dir='ltr' id='par_1_97' title="bbox 155 2452 937 2489">
     <span class='ocr_line' id='line_1_97' title="bbox 155 2452 937 2489; baseline 0.004 -11"><span class='ocrx_word' id='word_1_747' title='bbox 155 2454 275 2487; x_wconf 78' lang='grc' dir='ltr'>κρεῖττον</span> <span class='ocrx_word' id='word_1_748' title='bbox 292 2452 402 2485; x_wconf 79' lang='grc' dir='ltr'>ἔνδειξις</span> <span class='ocrx_word' id='word_1_749' title='bbox 416 2454 595 2488; x_wconf 76' lang='grc' dir='ltr'>ἑρμηνεύεται</span> <span class='ocrx_word' id='word_1_750' title='bbox 609 2464 615 2469; x_wconf 90' lang='grc'><strong>·</strong></span> <span class='ocrx_word' id='word_1_751' title='bbox 629 2455 699 2480; x_wconf 78' lang='grc' dir='ltr'>οὔτω</span> <span class='ocrx_word' id='word_1_752' title='bbox 719 2455 763 2481; x_wconf 82' lang='grc' dir='ltr'><strong>καὶ</strong></span> <span class='ocrx_word' id='word_1_753' title='bbox 778 2456 793 2489; x_wconf 85' lang='grc' dir='ltr'><strong>ἡ</strong></span> <span class='ocrx_word' id='word_1_754' title='bbox 812 2455 865 2480; x_wconf 83' lang='grc' dir='ltr'><strong>τῶν</strong></span> <span class='ocrx_word' id='word_1_755' title='bbox 887 2464 937 2489; x_wconf 89' lang='grc' dir='ltr'>μα-</span> 
     </span>
    </p>
   </div>
   <div class='ocr_carea' id='block_1_98' title="bbox 155 2498 938 2535">
    <p class='ocr_par' dir='ltr' id='par_1_98' title="bbox 155 2498 938 2535">
     <span class='ocr_line' id='line_1_98' title="bbox 155 2498 938 2535; baseline 0.004 -12"><span class='ocrx_word' id='word_1_756' title='bbox 155 2498 302 2532; x_wconf 77' lang='grc' dir='ltr'>ταιοτὴτων</span> <span class='ocrx_word' id='word_1_757' title='bbox 317 2499 474 2533; x_wconf 80' lang='grc' dir='ltr'>ματαιότης,</span> <span class='ocrx_word' id='word_1_758' title='bbox 492 2500 520 2525; x_wconf 76' lang='grc' dir='ltr'>τὸ</span> <span class='ocrx_word' id='word_1_759' title='bbox 527 2500 708 2534; x_wconf 79' lang='grc' dir='ltr'>ἀνυπέροετον</span> <span class='ocrx_word' id='word_1_760' title='bbox 720 2500 838 2526; x_wconf 79' lang='grc' dir='ltr'>δείκνυσι</span> <span class='ocrx_word' id='word_1_761' title='bbox 851 2502 900 2535; x_wconf 82' lang='grc' dir='ltr'><strong>τῆς</strong></span> <span class='ocrx_word' id='word_1_762' title='bbox 909 2501 938 2527; x_wconf 80' lang='grc' dir='ltr'>ὲν</span> 
     </span>
    </p>
   </div>
   <div class='ocr_carea' id='block_1_99' title="bbox 155 2543 939 2581">
    <p class='ocr_par' dir='ltr' id='par_1_99' title="bbox 155 2543 939 2581">
     <span class='ocr_line' id='line_1_99' title="bbox 155 2543 939 2581; baseline 0.005 -13"><span class='ocrx_word' id='word_1_763' title='bbox 155 2543 194 2577; x_wconf 80' lang='grc' dir='ltr'>τῷ</span> <span class='ocrx_word' id='word_1_764' title='bbox 206 2544 311 2578; x_wconf 76' lang='grc' dir='ltr'>ματαίῳ</span> <span class='ocrx_word' id='word_1_765' title='bbox 325 2544 484 2579; x_wconf 69' lang='grc' dir='ltr'><strong>ὑπερϐολῆς.</strong></span> <span class='ocrx_word' id='word_1_766' title='bbox 501 2546 554 2571; x_wconf 78' lang='grc' dir='ltr'>Καὶ</span> <span class='ocrx_word' id='word_1_767' title='bbox 568 2546 661 2580; x_wconf 78' lang='grc' dir='ltr'>μηδεὶς</span> <span class='ocrx_word' id='word_1_768' title='bbox 675 2546 805 2572; x_wconf 78' lang='grc' dir='ltr'>ὐπολάΰοι</span> <span class='ocrx_word' id='word_1_769' title='bbox 820 2555 939 2581; x_wconf 82' lang='grc' dir='ltr'>κατηγο-</span> 
     </span>
    </p>
   </div>
   <div class='ocr_carea' id='block_1_100' title="bbox 156 2587 938 2627">
    <p class='ocr_par' dir='ltr' id='par_1_100' title="bbox 156 2587 938 2627">
     <span class='ocr_line' id='line_1_100' title="bbox 156 2587 938 2627; baseline 0.006 -13"><span class='ocrx_word' id='word_1_770' title='bbox 156 2589 216 2624; x_wconf 60' lang='grc' dir='ltr'>ρῖηςιν</span> <span class='ocrx_word' id='word_1_771' title='bbox 228 2587 297 2616; x_wconf 85' lang='grc' dir='ltr'>εἶναι</span> <span class='ocrx_word' id='word_1_772' title='bbox 307 2591 354 2625; x_wconf 82' lang='grc' dir='ltr'>τῆς</span> <span class='ocrx_word' id='word_1_773' title='bbox 364 2591 477 2621; x_wconf 77' lang='grc' dir='ltr'>κτίσεως</span> <span class='ocrx_word' id='word_1_774' title='bbox 485 2591 518 2616; x_wconf 79' lang='grc' dir='ltr'>τὰ</span> <span class='ocrx_word' id='word_1_775' title='bbox 528 2591 660 2626; x_wconf 79' lang='grc' dir='ltr'>λεγόμενα</span> <span class='ocrx_word' id='word_1_776' title='bbox 670 2601 675 2606; x_wconf 93' lang='grc'><strong>·</strong></span> <span class='ocrx_word' id='word_1_777' title='bbox 687 2592 835 2627; x_wconf 66' lang='grc' dir='ltr'>καὶγὰρᾶν</span> <span class='ocrx_word' id='word_1_778' title='bbox 844 2593 883 2623; x_wconf 79' lang='grc' dir='ltr'><strong>εἰς</strong></span> <span class='ocrx_word' id='word_1_779' title='bbox 893 2593 938 2618; x_wconf 79' lang='grc' dir='ltr'><strong>τὸν</strong></span> 
     </span>
    </p>
   </div>
   <div class='ocr_carea' id='block_1_101' title="bbox 156 2635 938 2672">
    <p class='ocr_par' dir='ltr' id='par_1_101' title="bbox 156 2635 938 2672">
     <span class='ocr_line' id='line_1_101' title="bbox 156 2635 938 2672; baseline 0.005 -13"><span class='ocrx_word' id='word_1_780' title='bbox 156 2635 324 2668; x_wconf 77' lang='grc' dir='ltr'>πεποιηκότα</span> <span class='ocrx_word' id='word_1_781' title='bbox 347 2635 435 2661; x_wconf 84' lang='grc' dir='ltr'>πάντα</span> <span class='ocrx_word' id='word_1_782' title='bbox 453 2636 583 2662; x_wconf 75' lang='grc' dir='ltr'>διαΰαίνοι</span> <span class='ocrx_word' id='word_1_783' title='bbox 604 2637 634 2662; x_wconf 75' lang='grc' dir='ltr'><strong>τὸ</strong></span> <span class='ocrx_word' id='word_1_784' title='bbox 647 2637 781 2672; x_wconf 77' lang='grc' dir='ltr'>ἔγκλημα,</span> <span class='ocrx_word' id='word_1_785' title='bbox 798 2639 822 2663; x_wconf 80' lang='grc' dir='ltr'><strong>ει</strong></span> <span class='ocrx_word' id='word_1_786' title='bbox 836 2637 938 2663; x_wconf 81' lang='grc' dir='ltr'>τούτων</span> 
     </span>
    </p>
   </div>
   <div class='ocr_carea' id='block_1_102' title="bbox 155 2679 936 2717">
    <p class='ocr_par' dir='ltr' id='par_1_102' title="bbox 155 2679 936 2717">
     <span class='ocr_line' id='line_1_102' title="bbox 155 2679 936 2717; baseline 0.005 -13"><span class='ocrx_word' id='word_1_787' title='bbox 155 2681 222 2714; x_wconf 76' lang='grc' dir='ltr'>ἡμῖν</span> <span class='ocrx_word' id='word_1_788' title='bbox 238 2679 400 2715; x_wconf 75' lang='grc' dir='ltr'>δημιουργὸς</span> <span class='ocrx_word' id='word_1_789' title='bbox 412 2681 571 2717; x_wconf 65' lang='grc' dir='ltr'>ἀναφανείη,</span> <span class='ocrx_word' id='word_1_790' title='bbox 595 2684 608 2708; x_wconf 81' lang='grc' dir='ltr'>ὁ</span> <span class='ocrx_word' id='word_1_791' title='bbox 624 2683 826 2717; x_wconf 72' lang='grc' dir='ltr'>συστησάμενος</span> <span class='ocrx_word' id='word_1_792' title='bbox 844 2683 872 2715; x_wconf 77' lang='grc' dir='ltr'>ἐξ</span> <span class='ocrx_word' id='word_1_793' title='bbox 886 2683 936 2709; x_wconf 80' lang='grc' dir='ltr'><strong>οὐκ</strong></span> 
     </span>
    </p>
   </div>
   <div class='ocr_carea' id='block_1_103' title="bbox 156 2725 935 2762">
    <p class='ocr_par' dir='ltr' id='par_1_103' title="bbox 156 2725 935 2762">
     <span class='ocr_line' id='line_1_103' title="bbox 156 2725 935 2762; baseline 0.004 -11"><span class='ocrx_word' id='word_1_794' title='bbox 156 2725 239 2751; x_wconf 70' lang='grc' dir='ltr'>ὄντων</span> <span class='ocrx_word' id='word_1_795' title='bbox 255 2725 288 2750; x_wconf 73' lang='grc' dir='ltr'>τὰ</span> <span class='ocrx_word' id='word_1_796' title='bbox 310 2725 406 2758; x_wconf 75' lang='grc' dir='ltr'>πάντα,</span> <span class='ocrx_word' id='word_1_797' title='bbox 423 2727 500 2760; x_wconf 80' lang='grc' dir='ltr'>εἴπερ</span> <span class='ocrx_word' id='word_1_798' title='bbox 519 2727 696 2762; x_wconf 70' lang='grc' dir='ltr'>ματαιότητος</span> <span class='ocrx_word' id='word_1_799' title='bbox 722 2728 761 2762; x_wconf 72' lang='grc' dir='ltr'><strong>εἴη</strong></span> <span class='ocrx_word' id='word_1_800' title='bbox 780 2728 813 2754; x_wconf 77' lang='grc' dir='ltr'>τὰ</span> <span class='ocrx_word' id='word_1_801' title='bbox 838 2729 935 2754; x_wconf 76' lang='grc' dir='ltr'>πάντα.</span> 
     </span>
    </p>
   </div>
   <div class='ocr_carea' id='block_1_104' title="bbox 163 2769 936 2806">
    <p class='ocr_par' dir='ltr' id='par_1_104' title="bbox 163 2769 936 2806">
     <span class='ocr_line' id='line_1_104' title="bbox 163 2769 936 2806; baseline 0.004 -11"><span class='ocrx_word' id='word_1_802' title='bbox 163 2769 230 2795; x_wconf 75' lang='grc' dir='ltr'><strong>“Δ)).“</strong></span> <span class='ocrx_word' id='word_1_803' title='bbox 247 2769 338 2804; x_wconf 68' lang='grc' dir='ltr'>ἐπειδὴ</span> <span class='ocrx_word' id='word_1_804' title='bbox 358 2770 437 2804; x_wconf 72' lang='grc' dir='ltr'><strong>δττ.λῆ</strong></span> <span class='ocrx_word' id='word_1_805' title='bbox 451 2771 498 2804; x_wconf 75' lang='grc' dir='ltr'>μέν</span> <span class='ocrx_word' id='word_1_806' title='bbox 512 2773 583 2797; x_wconf 72' lang='grc' dir='ltr'>ἐστιν</span> <span class='ocrx_word' id='word_1_807' title='bbox 632 2772 678 2797; x_wconf 69' lang='grc' dir='ltr'>τοῦ</span> <span class='ocrx_word' id='word_1_808' title='bbox 695 2772 835 2806; x_wconf 55' lang='grc' dir='ltr'>ἀνθρώπου</span> <span class='ocrx_word' id='word_1_809' title='bbox 854 2782 936 2798; x_wconf 62' lang='grc' dir='ltr'>κατα-</span> 
     </span>
    </p>
   </div>
   <div class='ocr_carea' id='block_1_105' title="bbox 159 2814 935 2852">
    <p class='ocr_par' dir='ltr' id='par_1_105' title="bbox 159 2814 935 2852">
     <span class='ocr_line' id='line_1_105' title="bbox 159 2814 935 2852; baseline 0.006 -14"><span class='ocrx_word' id='word_1_810' title='bbox 159 2815 251 2848; x_wconf 76' lang='grc' dir='ltr'>σκ;υὴ,</span> <span class='ocrx_word' id='word_1_811' title='bbox 267 2814 353 2848; x_wconf 49' lang='grc' dir='ltr'>ψυχῆς</span> <span class='ocrx_word' id='word_1_812' title='bbox 370 2815 473 2849; x_wconf 69' lang='grc' dir='ltr'>σώματι</span> <span class='ocrx_word' id='word_1_813' title='bbox 492 2816 708 2850; x_wconf 45' lang='grc' dir='ltr'>τυνδραμούςης</span> <span class='ocrx_word' id='word_1_814' title='bbox 733 2818 891 2852; x_wconf 53' lang='grc' dir='ltr'>μῑιέριςται</span> <span class='ocrx_word' id='word_1_815' title='bbox 910 2819 935 2844; x_wconf 62' lang='grc' dir='ltr'><strong>ΕΞ</strong></span> 
     </span>
    </p>
   </div>
   <div class='ocr_carea' id='block_1_106' title="bbox 989 2269 1770 2304">
    <p class='ocr_par' dir='ltr' id='par_1_106' title="bbox 989 2269 1770 2304">
     <span class='ocr_line' id='line_1_106' title="bbox 989 2269 1770 2304; baseline 0.006 -9"><span class='ocrx_word' id='word_1_816' title='bbox 989 2276 1050 2296; x_wconf 90' lang='lat' dir='ltr'><strong>cum</strong></span> <span class='ocrx_word' id='word_1_817' title='bbox 1075 2276 1128 2295; x_wconf 90' lang='lat' dir='ltr'><strong>non</strong></span> <span class='ocrx_word' id='word_1_818' title='bbox 1143 2269 1224 2295; x_wconf 85' lang='lat' dir='ltr'><strong>habet</strong></span> <span class='ocrx_word' id='word_1_819' title='bbox 1240 2269 1266 2295; x_wconf 94' lang='lat' dir='ltr'><strong>in</strong></span> <span class='ocrx_word' id='word_1_820' title='bbox 1288 2269 1321 2296; x_wconf 90' lang='lat' dir='ltr'><strong>iis</strong></span> <span class='ocrx_word' id='word_1_821' title='bbox 1339 2277 1398 2303; x_wconf 67' lang='lat' dir='ltr'><strong>qua:</strong></span> <span class='ocrx_word' id='word_1_822' title='bbox 1424 2274 1488 2298; x_wconf 88' lang='lat' dir='ltr'><strong>sunt</strong></span> <span class='ocrx_word' id='word_1_823' title='bbox 1509 2271 1661 2304; x_wconf 86' lang='lat' dir='ltr'><strong>ejusmodi;</strong></span> <span class='ocrx_word' id='word_1_824' title='bbox 1682 2276 1709 2299; x_wconf 83' lang='lat' dir='ltr'><strong>et</strong></span> <span class='ocrx_word' id='word_1_825' title='bbox 1729 2277 1770 2300; x_wconf 85' lang='lat' dir='ltr'><strong>ta-</strong></span> 
     </span>
    </p>
   </div>
   <div class='ocr_carea' id='block_1_107' title="bbox 988 2315 1769 2353">
    <p class='ocr_par' dir='ltr' id='par_1_107' title="bbox 988 2315 1769 2353">
     <span class='ocr_line' id='line_1_107' title="bbox 988 2315 1769 2353; baseline 0.006 -12"><span class='ocrx_word' id='word_1_826' title='bbox 988 2322 1048 2342; x_wconf 90' lang='lat' dir='ltr'><strong>men</strong></span> <span class='ocrx_word' id='word_1_827' title='bbox 1066 2315 1116 2341; x_wconf 87' lang='lat' dir='ltr'><strong>hoc</strong></span> <span class='ocrx_word' id='word_1_828' title='bbox 1129 2315 1210 2342; x_wconf 86' lang='lat' dir='ltr'><strong>verbo</strong></span> <span class='ocrx_word' id='word_1_829' title='bbox 1221 2315 1321 2343; x_wconf 86' lang='lat' dir='ltr'><strong>dicitur</strong></span> <span class='ocrx_word' id='word_1_830' title='bbox 1332 2316 1364 2343; x_wconf 92' lang='lat' dir='ltr'><strong>ad</strong></span> <span class='ocrx_word' id='word_1_831' title='bbox 1379 2316 1568 2344; x_wconf 85' lang='lat' dir='ltr'><strong>declarandam</strong></span> <span class='ocrx_word' id='word_1_832' title='bbox 1582 2320 1769 2353; x_wconf 82' lang='lat' dir='ltr'><strong>exsuperalio-</strong></span> 
     </span>
    </p>
   </div>
   <div class='ocr_carea' id='block_1_108' title="bbox 989 2361 1771 2400">
    <p class='ocr_par' dir='ltr' id='par_1_108' title="bbox 989 2361 1771 2400">
     <span class='ocr_line' id='line_1_108' title="bbox 989 2361 1771 2400; baseline 0.006 -13"><span class='ocrx_word' id='word_1_833' title='bbox 989 2369 1050 2387; x_wconf 88' lang='lat' dir='ltr'><strong>nem</strong></span> <span class='ocrx_word' id='word_1_834' title='bbox 1073 2361 1133 2395; x_wconf 84' lang='lat' dir='ltr'><strong>ejus</strong></span> <span class='ocrx_word' id='word_1_835' title='bbox 1149 2361 1221 2395; x_wconf 89' lang='lat' dir='ltr'><strong>quod</strong></span> <span class='ocrx_word' id='word_1_836' title='bbox 1239 2362 1419 2396; x_wconf 72' lang='lat' dir='ltr'><strong>significatur.</strong></span> <span class='ocrx_word' id='word_1_837' title='bbox 1436 2362 1578 2395; x_wconf 85' lang='lat' dir='ltr'><strong>Quomodo</strong></span> <span class='ocrx_word' id='word_1_838' title='bbox 1593 2372 1657 2400; x_wconf 74' lang='lat' dir='ltr'><strong>ergo</strong></span> <span class='ocrx_word' id='word_1_839' title='bbox 1674 2365 1771 2392; x_wconf 84' lang='lat' dir='ltr'><strong>intelli-</strong></span> 
     </span>
    </p>
   </div>
   <div class='ocr_carea' id='block_1_109' title="bbox 987 2407 1770 2446">
    <p class='ocr_par' dir='ltr' id='par_1_109' title="bbox 987 2407 1770 2446">
     <span class='ocr_line' id='line_1_109' title="bbox 987 2407 1770 2446; baseline 0.005 -12"><span class='ocrx_word' id='word_1_840' title='bbox 987 2407 1076 2442; x_wconf 77' lang='lat' dir='ltr'><strong>gimus</strong></span> <span class='ocrx_word' id='word_1_841' title='bbox 1095 2415 1176 2441; x_wconf 87' lang='lat' dir='ltr'><strong>opera</strong></span> <span class='ocrx_word' id='word_1_842' title='bbox 1193 2415 1318 2442; x_wconf 81' lang='lat' dir='ltr'><strong>operum,</strong></span> <span class='ocrx_word' id='word_1_843' title='bbox 1343 2412 1370 2435; x_wconf 87' lang='lat' dir='ltr'><strong>et</strong></span> <span class='ocrx_word' id='word_1_844' title='bbox 1395 2414 1489 2436; x_wconf 84' lang='lat' dir='ltr'><strong>sancta</strong></span> <span class='ocrx_word' id='word_1_845' title='bbox 1511 2415 1679 2443; x_wconf 82' lang='lat' dir='ltr'><strong>sanctorum,</strong></span> <span class='ocrx_word' id='word_1_846' title='bbox 1702 2420 1770 2446; x_wconf 84' lang='lat' dir='ltr'><strong>quo-</strong></span> 
     </span>
    </p>
   </div>
   <div class='ocr_carea' id='block_1_110' title="bbox 989 2454 1769 2490">
    <p class='ocr_par' dir='ltr' id='par_1_110' title="bbox 989 2454 1769 2490">
     <span class='ocr_line' id='line_1_110' title="bbox 989 2454 1769 2490; baseline 0.004 -10"><span class='ocrx_word' id='word_1_847' title='bbox 989 2461 1048 2480; x_wconf 90' lang='lat' dir='ltr'><strong>rum</strong></span> <span class='ocrx_word' id='word_1_848' title='bbox 1065 2454 1216 2488; x_wconf 87' lang='lat' dir='ltr'><strong>explicatur</strong></span> <span class='ocrx_word' id='word_1_849' title='bbox 1230 2455 1403 2486; x_wconf 80' lang='lat' dir='ltr'><strong>exsuperatio</strong></span> <span class='ocrx_word' id='word_1_850' title='bbox 1414 2455 1440 2480; x_wconf 96' lang='lat' dir='ltr'><strong>in</strong></span> <span class='ocrx_word' id='word_1_851' title='bbox 1455 2462 1487 2482; x_wconf 89' lang='lat' dir='ltr'><strong>eo</strong></span> <span class='ocrx_word' id='word_1_852' title='bbox 1503 2456 1574 2490; x_wconf 90' lang='lat' dir='ltr'><strong>quod</strong></span> <span class='ocrx_word' id='word_1_853' title='bbox 1589 2461 1631 2483; x_wconf 89' lang='lat' dir='ltr'><strong>est</strong></span> <span class='ocrx_word' id='word_1_854' title='bbox 1653 2457 1769 2484; x_wconf 80' lang='lat' dir='ltr'><strong>Inelius:</strong></span> 
     </span>
    </p>
   </div>
   <div class='ocr_carea' id='block_1_111' title="bbox 990 2498 1769 2535">
    <p class='ocr_par' dir='ltr' id='par_1_111' title="bbox 990 2498 1769 2535">
     <span class='ocr_line' id='line_1_111' title="bbox 990 2498 1769 2535; baseline 0.005 -11"><span class='ocrx_word' id='word_1_855' title='bbox 990 2503 1024 2525; x_wconf 83' lang='lat' dir='ltr'><strong>ita</strong></span> <span class='ocrx_word' id='word_1_856' title='bbox 1041 2498 1122 2526; x_wconf 88' lang='lat' dir='ltr'><strong>etiam</strong></span> <span class='ocrx_word' id='word_1_857' title='bbox 1138 2499 1244 2526; x_wconf 86' lang='lat' dir='ltr'><strong>vanitas</strong></span> <span class='ocrx_word' id='word_1_858' title='bbox 1257 2499 1407 2526; x_wconf 85' lang='lat' dir='ltr'><strong>vanitatnm</strong></span> <span class='ocrx_word' id='word_1_859' title='bbox 1421 2500 1538 2527; x_wconf 85' lang='lat' dir='ltr'><strong>ostendit</strong></span> <span class='ocrx_word' id='word_1_860' title='bbox 1561 2501 1769 2535; x_wconf 80' lang='lat' dir='ltr'><strong>insnpcrabilem</strong></span> 
     </span>
    </p>
   </div>
   <div class='ocr_carea' id='block_1_112' title="bbox 991 2544 1771 2580">
    <p class='ocr_par' dir='ltr' id='par_1_112' title="bbox 991 2544 1771 2580">
     <span class='ocr_line' id='line_1_112' title="bbox 991 2544 1771 2580; baseline 0.005 -10"><span class='ocrx_word' id='word_1_861' title='bbox 991 2545 1017 2571; x_wconf 92' lang='lat' dir='ltr'><strong>in</strong></span> <span class='ocrx_word' id='word_1_862' title='bbox 1035 2544 1156 2571; x_wconf 83' lang='lat' dir='ltr'><strong>vanitate</strong></span> <span class='ocrx_word' id='word_1_863' title='bbox 1172 2545 1420 2579; x_wconf 68' lang='lat' dir='ltr'><strong>exsuperationem.</strong></span> <span class='ocrx_word' id='word_1_864' title='bbox 1434 2545 1526 2580; x_wconf 83' lang='lat' dir='ltr'><strong>Neque</strong></span> <span class='ocrx_word' id='word_1_865' title='bbox 1544 2555 1608 2573; x_wconf 88' lang='lat' dir='ltr'><strong>vero</strong></span> <span class='ocrx_word' id='word_1_866' title='bbox 1633 2547 1771 2574; x_wconf 79' lang='lat' dir='ltr'><strong>existinth</strong></span> 
     </span>
    </p>
   </div>
   <div class='ocr_carea' id='block_1_113' title="bbox 989 2591 1771 2626">
    <p class='ocr_par' dir='ltr' id='par_1_113' title="bbox 989 2591 1771 2626">
     <span class='ocr_line' id='line_1_113' title="bbox 989 2591 1771 2626; baseline 0.004 -9"><span class='ocrx_word' id='word_1_867' title='bbox 989 2591 1124 2626; x_wconf 86' lang='lat' dir='ltr'><strong>quispiam</strong></span> <span class='ocrx_word' id='word_1_868' title='bbox 1145 2599 1176 2618; x_wconf 82' lang='lat' dir='ltr'><strong>ea</strong></span> <span class='ocrx_word' id='word_1_869' title='bbox 1202 2599 1262 2626; x_wconf 71' lang='lat' dir='ltr'><strong>quae</strong></span> <span class='ocrx_word' id='word_1_870' title='bbox 1286 2592 1431 2624; x_wconf 84' lang='lat' dir='ltr'><strong>dicuntur,</strong></span> <span class='ocrx_word' id='word_1_871' title='bbox 1452 2597 1583 2620; x_wconf 70' lang='lat' dir='ltr'><strong>creatum</strong></span> <span class='ocrx_word' id='word_1_872' title='bbox 1609 2601 1669 2620; x_wconf 86' lang='lat' dir='ltr'><strong>esse</strong></span> <span class='ocrx_word' id='word_1_873' title='bbox 1689 2601 1771 2620; x_wconf 71' lang='lat' dir='ltr'><strong>ascu-</strong></span> 
     </span>
    </p>
   </div>
   <div class='ocr_carea' id='block_1_114' title="bbox 990 2636 1769 2672">
    <p class='ocr_par' dir='ltr' id='par_1_114' title="bbox 990 2636 1769 2672">
     <span class='ocr_line' id='line_1_114' title="bbox 990 2636 1769 2672; baseline 0.001 -9"><span class='ocrx_word' id='word_1_874' title='bbox 990 2637 1133 2663; x_wconf 73' lang='lat' dir='ltr'><strong>sationem.</strong></span> <span class='ocrx_word' id='word_1_875' title='bbox 1156 2636 1259 2663; x_wconf 78' lang='lat' dir='ltr'><strong>Revera</strong></span> <span class='ocrx_word' id='word_1_876' title='bbox 1279 2637 1352 2664; x_wconf 87' lang='lat' dir='ltr'><strong>enim</strong></span> <span class='ocrx_word' id='word_1_877' title='bbox 1369 2638 1395 2663; x_wconf 90' lang='lat' dir='ltr'><strong>in</strong></span> <span class='ocrx_word' id='word_1_878' title='bbox 1412 2645 1472 2664; x_wconf 89' lang='lat' dir='ltr'><strong>cum</strong></span> <span class='ocrx_word' id='word_1_879' title='bbox 1488 2638 1535 2672; x_wconf 91' lang='lat' dir='ltr'><strong>qui</strong></span> <span class='ocrx_word' id='word_1_880' title='bbox 1554 2638 1655 2664; x_wconf 85' lang='lat' dir='ltr'><strong>creavit</strong></span> <span class='ocrx_word' id='word_1_881' title='bbox 1668 2638 1769 2668; x_wconf 80' lang='lat' dir='ltr'><strong>omnia.</strong></span> 
     </span>
    </p>
   </div>
   <div class='ocr_carea' id='block_1_115' title="bbox 989 2682 1770 2716">
    <p class='ocr_par' dir='ltr' id='par_1_115' title="bbox 989 2682 1770 2716">
     <span class='ocr_line' id='line_1_115' title="bbox 989 2682 1770 2716; baseline 0.001 -9"><span class='ocrx_word' id='word_1_882' title='bbox 989 2683 1116 2709; x_wconf 84' lang='lat' dir='ltr'><strong>transiret</strong></span> <span class='ocrx_word' id='word_1_883' title='bbox 1128 2682 1294 2714; x_wconf 86' lang='lat' dir='ltr'><strong>criminatio,</strong></span> <span class='ocrx_word' id='word_1_884' title='bbox 1311 2683 1332 2708; x_wconf 89' lang='lat' dir='ltr'><strong>si</strong></span> <span class='ocrx_word' id='word_1_885' title='bbox 1349 2690 1443 2709; x_wconf 91' lang='lat' dir='ltr'><strong>eorum</strong></span> <span class='ocrx_word' id='word_1_886' title='bbox 1461 2683 1538 2709; x_wconf 88' lang='lat' dir='ltr'><strong>nobis</strong></span> <span class='ocrx_word' id='word_1_887' title='bbox 1554 2683 1694 2709; x_wconf 66' lang='lat' dir='ltr'><strong>exsisteret</strong></span> <span class='ocrx_word' id='word_1_888' title='bbox 1710 2683 1770 2716; x_wconf 79' lang='lat' dir='ltr'><strong>opi—</strong></span> 
     </span>
    </p>
   </div>
   <div class='ocr_carea' id='block_1_116' title="bbox 989 2726 1771 2760">
    <p class='ocr_par' dir='ltr' id='par_1_116' title="bbox 989 2726 1771 2760">
     <span class='ocr_line' id='line_1_116' title="bbox 989 2726 1771 2760; baseline 0 -7"><span class='ocrx_word' id='word_1_889' title='bbox 989 2727 1042 2756; x_wconf 63' lang='lat' dir='ltr'><strong>fex.</strong></span> <span class='ocrx_word' id='word_1_890' title='bbox 1062 2727 1107 2760; x_wconf 93' lang='lat' dir='ltr'><strong>qui</strong></span> <span class='ocrx_word' id='word_1_891' title='bbox 1123 2735 1155 2753; x_wconf 76' lang='lat' dir='ltr'><strong>ex</strong></span> <span class='ocrx_word' id='word_1_892' title='bbox 1178 2726 1212 2752; x_wconf 87' lang='lat' dir='ltr'><strong>iis</strong></span> <span class='ocrx_word' id='word_1_893' title='bbox 1231 2734 1292 2760; x_wconf 67' lang='lat' dir='ltr'><strong>qum</strong></span> <span class='ocrx_word' id='word_1_894' title='bbox 1308 2734 1360 2752; x_wconf 91' lang='lat' dir='ltr'><strong>non</strong></span> <span class='ocrx_word' id='word_1_895' title='bbox 1383 2730 1460 2753; x_wconf 87' lang='lat' dir='ltr'><strong>erant</strong></span> <span class='ocrx_word' id='word_1_896' title='bbox 1481 2727 1603 2754; x_wconf 79' lang='lat' dir='ltr'><strong>condidit</strong></span> <span class='ocrx_word' id='word_1_897' title='bbox 1625 2726 1727 2756; x_wconf 76' lang='lat' dir='ltr'><strong>omnia,</strong></span> <span class='ocrx_word' id='word_1_898' title='bbox 1747 2727 1771 2754; x_wconf 82' lang='lat' dir='ltr'><strong>sl</strong></span> 
     </span>
    </p>
   </div>
   <div class='ocr_carea' id='block_1_117' title="bbox 989 2771 1770 2807">
    <p class='ocr_par' dir='ltr' id='par_1_117' title="bbox 989 2771 1770 2807">
     <span class='ocr_line' id='line_1_117' title="bbox 989 2771 1770 2807; baseline 0 -9"><span class='ocrx_word' id='word_1_899' title='bbox 989 2773 1096 2807; x_wconf 73' lang='lat' dir='ltr'><strong>quidem</strong></span> <span class='ocrx_word' id='word_1_900' title='bbox 1119 2776 1211 2798; x_wconf 70' lang='lat' dir='ltr'><strong>essunt</strong></span> <span class='ocrx_word' id='word_1_901' title='bbox 1229 2772 1319 2798; x_wconf 81' lang='lat' dir='ltr'><strong>olnnia</strong></span> <span class='ocrx_word' id='word_1_902' title='bbox 1335 2773 1470 2798; x_wconf 73' lang='lat' dir='ltr'><strong>vanitatis.</strong></span> <span class='ocrx_word' id='word_1_903' title='bbox 1495 2772 1546 2798; x_wconf 78' lang='lat' dir='ltr'><strong>Sed</strong></span> <span class='ocrx_word' id='word_1_904' title='bbox 1571 2771 1697 2806; x_wconf 86' lang='lat' dir='ltr'><strong>quoniam</strong></span> <span class='ocrx_word' id='word_1_905' title='bbox 1720 2772 1770 2798; x_wconf 76' lang='lat' dir='ltr'><strong>du-</strong></span> 
     </span>
    </p>
   </div>
   <div class='ocr_carea' id='block_1_118' title="bbox 991 2818 1771 2854">
    <p class='ocr_par' dir='ltr' id='par_1_118' title="bbox 991 2818 1771 2854">
     <span class='ocr_line' id='line_1_118' title="bbox 991 2818 1771 2854; baseline 0.001 -10"><span class='ocrx_word' id='word_1_906' title='bbox 991 2820 1022 2854; x_wconf 60' lang='lat' dir='ltr'><strong>pi:</strong></span> <span class='ocrx_word' id='word_1_907' title='bbox 1037 2827 1049 2846; x_wconf 68' lang='grc' dir='ltr'>χ</span> <span class='ocrx_word' id='word_1_908' title='bbox 1067 2823 1106 2845; x_wconf 73' lang='lat' dir='ltr'><strong>est</strong></span> <span class='ocrx_word' id='word_1_909' title='bbox 1131 2818 1250 2845; x_wconf 84' lang='lat' dir='ltr'><strong>hominis</strong></span> <span class='ocrx_word' id='word_1_910' title='bbox 1270 2819 1448 2851; x_wconf 83' lang='lat' dir='ltr'><strong>constructio,</strong></span> <span class='ocrx_word' id='word_1_911' title='bbox 1470 2826 1530 2843; x_wconf 79' lang='lat' dir='ltr'><strong>(-um</strong></span> <span class='ocrx_word' id='word_1_912' title='bbox 1549 2818 1636 2843; x_wconf 85' lang='lat' dir='ltr'><strong>anima</strong></span> <span class='ocrx_word' id='word_1_913' title='bbox 1654 2824 1771 2845; x_wconf 80' lang='lat' dir='ltr'><strong>concur-</strong></span> 
     </span>
    </p>
   </div>
  </div>
