1989 3070
232 162 283 190 6'23

831 156 857 183 S.
875 153 1038 182 GltEGURll
1060 153 1205 182 NYSSENI

1794 149 1853 178 ‘62}

233 229 274 250 rat
293 230 355 250 cum
372 228 495 255 corpore,
518 219 710 247 convenit-nter
730 220 818 243 autem
843 215 951 248 utrique
967 220 1012 239 co-

1073 212 1238 248 ιαταλλήλως
1260 214 1380 249 ἑκατέρῳ
1399 213 1452 240 τῶν
1468 214 1496 239 ὲν
1512 213 1577 248 ἡμῖν
1593 209 1784 245 θεωρουμένων
1800 208 1850 235 καὶ

233 277 292 296 rum
314 275 374 302 qua:
395 268 420 294 in
442 267 521 294 nobis
544 265 761 295 considerantur,
779 261 952 296 dispertitum
973 263 1014 285 est

236 316 294 342 vita:
309 321 413 348 genus:
436 313 486 339 alia
500 305 571 339 enim
587 315 627 338 est
648 310 754 340 animaa,
771 308 822 334 alia
849 307 901 334 vita
919 312 1016 339 corpo-

235 362 272 388 ris
286 370 291 386 :
308 367 369 386 nam
387 359 442 386 h.rc
459 358 567 393 quidem
580 361 622 384 est
635 355 768 385 tuortalis,
787 357 814 380 ct
828 353 854 379 in
875 359 933 379 eam
945 350 1016 377 cadit

235 407 360 435 interitus
379 415 385 433 :
406 405 449 431 illa
471 408 559 432 aLtem
581 400 740 436 impatibilis
762 404 788 426 et
808 397 895 425 aliena
916 397 950 424 ab
981 396 1018 422 iu-

235 454 334 481 teritu.
353 456 378 479 et
401 451 456 478 hsce
472 450 579 484 quidem
598 448 695 482 aspicit
713 449 818 473 tantum
839 443 911 478 quod
929 442 1016 472 adest,

235 505 261 528 et
275 498 347 534 quod
364 505 484 532 prmsous
503 499 544 522 est
558 504 564 527 ;
582 495 654 520 illius
667 497 757 519 autent
771 497 870 524 scopus
884 488 970 515 tendit
984 487 1017 514 ad

236 544 424 571 aeternitatem.
443 541 576 573 Quoniam
592 547 656 573 ergo
673 537 786 564 multum
804 534 892 563 dillert
907 534 1019 561 immor-

237 591 289 617 tale
304 598 319 616 a
339 588 457 618 mortali,
479 591 505 613 et
525 589 655 612 aeternum
671 592 685 610 a
700 581 850 617 temporali,
864 580 917 606 huc
933 579 1019 606 tendit

237 643 286 662 vox
308 634 489 663 Ecclesiastae,
517 639 569 657 non
595 632 721 664 oportere
745 628 778 653 ad
802 627 872 653 hanc
891 625 1018 653 sensilem

238 680 337 708 intueri
354 681 436 706 vitam
451 687 456 704 :
471 685 530 712 qua:
545 676 567 703 si
587 674 745 702 conferatur
757 679 819 699 cum
837 679 868 698 ea
883 677 943 705 quae
958 677 1020 697 vere

237 732 278 755 est
294 727 360 758 vita,
377 733 430 752 non
446 727 498 756 est,
519 729 569 749 nec
586 724 674 756 potest
688 718 848 746 consistere.
865 715 918 744 Sed
935 715 1020 742 nihilo

239 774 327 800 secius
350 770 449 798 dixerit
473 768 610 804 quispiam
636 768 686 793 hoc
701 771 811 799 quooue
837 763 939 790 dictum
961 768 1020 788 esse

240 827 292 846 non
309 818 378 845 citra
391 815 523 843 creatoris
543 811 772 841 criminationem,
790 809 899 844 quando
912 807 1020 842 quidem

239 865 272 892 ab
286 872 318 892 eo
332 867 374 891 est
389 863 480 890 anima
497 864 524 887 ct
538 866 649 893 corpus.
662 856 729 883 Nam
742 857 764 883 si
777 863 838 890 quae
853 861 900 889 per
911 860 1020 880 carnem

239 911 327 945 agitur
345 909 408 941 vita,
437 908 592 937 accusatur,
615 902 708 930 carnis
730 905 821 928 autem
847 902 955 926 creator
980 901 1021 924 est

241 958 320 984 heus.
347 955 374 981 iu
400 953 475 980 illum
499 949 655 978 necessario
680 947 818 974 confertur
847 945 905 971 haec
929 951 1020 978 repre-

240 1001 344 1028 hensio.

275 1047 327 1074 Sed
349 1047 405 1072 ha‘c
431 1043 539 1078 quidem
568 1041 640 1067 dicet
663 1038 775 1066 omnino
799 1036 946 1071 quispiam,
964 1029 1021 1069 .qai

239 1093 358 1120 uomlum
381 1094 421 1117 est
437 1093 513 1116 extra
532 1093 651 1114 carnem.
671 1090 758 1118 neque
781 1082 814 1108 ad
836 1080 1022 1108 sublimiorem

241 1140 321 1165 vitam
344 1137 487 1169 diligenter
512 1137 538 1160 et
560 1134 688 1158 accurate
707 1128 824 1164 aspexit.
841 1128 907 1154 Nam
928 1126 975 1161 qui
995 1126 1021 1152 in

241 1184 342 1212 divinis
353 1187 395 1210 est
407 1181 531 1209 eruditus
545 1177 695 1213 mysteriis,
710 1183 765 1203 non
777 1175 882 1210 ignorat
899 1173 1021 1204 omnino,

240 1231 311 1266 quod
327 1227 483 1256 hominibus
504 1225 614 1260 quidem
635 1221 801 1250 conveniens
822 1223 849 1247 et
872 1218 1022 1247 secundum

239 1263 365 1307 naturam
389 1277 431 1301 est
446 1273 511 1302 vita.
530 1278 590 1305 qua:
604 1268 703 1296 divinat
719 1270 760 1294 est
775 1269 879 1293 naturae
900 1263 999 1291 similis
1015 1271 1022 1289 :

240 1323 293 1348 vita
320 1323 410 1347 autem
432 1317 551 1347 seusilis,
579 1322 640 1349 quae
658 1320 707 1348 per
721 1318 850 1339 sensuum
867 1309 1023 1336 traducitur

240 1367 436 1402 operationem,
453 1363 485 1389 ad
499 1363 551 1388 hoc
565 1361 628 1388 data
640 1363 681 1386 est
692 1361 805 1388 naturae,
818 1360 846 1382 ut
859 1363 952 1383 eorum
964 1362 1023 1388 quae

241 1400 292 1440 sub
305 1415 444 1446 aspectum
466 1408 569 1435 cadunt
592 1405 722 1442 cognitio,
751 1403 806 1430 dux
822 1402 857 1429 sit
878 1401 975 1428 anima:
991 1400 1023 1427 ad

241 1457 364 1485 notitiam
382 1462 476 1482 eorum
503 1460 563 1487 quae
584 1459 638 1478 non
663 1452 728 1477 sunt
749 1446 936 1482 aspectabilia,
954 1452 1023 1480 quo-

242 1504 321 1531 modo
341 1502 407 1529 dicit
425 1498 565 1534 Sapientia
575 1497 610 1521 ³³ε
621 1506 630 1521 (
643 1495 681 1522 Ex
702 1493 888 1529 magnitudine
903 1492 1023 1527 pulchri-

242 1547 344 1576 tudinis
373 1549 562 1572 creaturarum
593 1549 640 1575 per
665 1539 872 1575 proportionem
899 1537 1021 1572 conspici

242 1593 361 1620 omnium
377 1590 538 1626 genitorem,
551 1591 577 1614 et
592 1590 754 1613 creatorem.
771 1594 779 1609 ι
794 1584 919 1610 llumana
934 1587 1023 1609 autem

243 1637 350 1667 consilii
366 1640 483 1671 egestas,
500 1642 553 1661 non
567 1641 613 1668 per
627 1639 668 1663 ea,
683 1638 743 1666 qua:
758 1630 938 1665 aspiciuntur,
953 1628 1027 1662 videt

243 1691 304 1711 eum
324 1682 370 1717 qui
392 1681 506 1708 habetur
528 1680 554 1705 in
575 1678 764 1707 admiratione,
785 1676 832 1702 sed
851 1675 923 1710 quod
940 1673 1024 1703 videt,

243 1728 403 1756 admiratur.
425 1726 558 1759 Quoniam
579 1731 643 1758 ergo
660 1726 702 1749 est
724 1721 900 1755 temporaria,
918 1723 944 1746 et
964 1726 1025 1753 quae

243 1782 305 1801 mox
320 1773 422 1804 interit,
436 1778 564 1799 sensuum
582 1768 715 1804 operatio,
731 1774 778 1802 per
793 1766 935 1794 sublimem
956 1765 1024 1791 hanc

242 1827 335 1847 vorem
348 1819 400 1846 hoc
415 1817 559 1846 discimus.
577 1815 647 1850 quod
668 1814 712 1848 qui
732 1813 765 1840 ad
780 1813 837 1839 hate
855 1812 962 1846 aspicit,
982 1811 1024 1837 ni-

243 1866 279 1893 hil
293 1864 400 1900 aspicit.
423 1863 473 1895 Qui
491 1867 579 1889 autem
597 1869 644 1896 per
666 1861 722 1887 lucc
737 1859 882 1886 deducitur
899 1857 932 1884 ad
952 1857 1023 1890 ejus,

242 1909 314 1945 quod
334 1914 385 1938 est,
401 1906 620 1941 intelligentiam,
633 1910 658 1932 et
673 1913 718 1939 per
733 1912 763 1931 ea
788 1911 848 1938 quze
870 1907 1026 1937 prtetercur-

244 1959 316 1988 runt,
336 1953 461 1981 stabiletu
477 1952 602 1985 intelligit
630 1956 770 1983 naturam,
790 1953 817 1977 et
832 1953 922 1976 mente
941 1948 1024 1982 agitat

243 2001 270 2028 id
283 2000 354 2035 quod
370 2005 477 2032 semper
491 1997 617 2024 similiter
640 2000 666 2022 et
683 1996 776 2035 eodem
791 1995 871 2021 modo
888 2002 917 2021 se
935 1994 1024 2024 halat,

245 2033 315 2073 videt
332 2049 359 2072 et
381 2044 452 2078 quod
471 2049 532 2069 vere
547 2046 589 2068 est
602 2033 712 2070 bonum.
731 2045 758 2067 et
777 2039 848 2074 quod
863 2039 945 2071 videt,
965 2045 1027 2072 pos-

243 2092 324 2131 sidet,
344 2090 444 2117 ctenim
468 2087 608 2123 possessio
629 2086 693 2114 boni
719 2087 800 2120 hujus
820 2084 1023 2118 contemplatio.

246 2148 255 2163 ι
273 2136 344 2170 Quid
362 2135 434 2163 enim
455 2137 579 2169 superest
596 2132 710 2163 homini,
732 2142 741 2157 1
760 2131 857 2165 ῑιιίιῒιῑι,
875 2139 883 2154 t
909 2130 935 2156 in
951 2129 1024 2156 omni

244 2183 336 2210 labore
358 2188 412 2216 quo
439 2180 544 2206 laborat
561 2178 619 2205 sub
634 2177 721 2204 οωιοῖ
745 2186 753 2201 ι
772 2176 838 2208 Qum
859 2176 885 2201 in
911 2181 1025 2208 corpore

1066 259 1114 293 τῆς
1127 259 1199 293 ζωῆς
1217 258 1295 291 εἶδος.
1313 260 1395 295 Ἄλλη
1411 259 1464 294 γὰρ
1479 259 1576 293 ψυχῆς,
1591 257 1638 284 καὶ
1658 256 1738 290 ἑτέρα
1756 254 1850 288 σώμα-

1065 306 1110 337 τός
1128 307 1184 332 ἐστι
1201 306 1256 341 ζωή
1269 314 1277 321 ⁴
1295 307 1312 341 ἡ
1339 307 1387 341 μὲν
1404 306 1468 340 γὰρ,
1485 304 1567 340 θνητὴ
1593 303 1638 330 καὶ
1660 302 1808 337 ὲπίκηρος·
1833 300 1850 334 ἠ

1065 352 1102 382 δὲ,
1119 352 1227 388 ἀπαθὴς
1241 353 1288 378 καὶ
1301 353 1448 388 ἀκήρατος
1463 351 1510 378 καὶ
1525 350 1594 384 αὕτη
1611 350 1658 384 μὲν
1673 350 1713 379 είς
1725 348 1755 374 τὺ
1766 347 1851 382 παρὸν

1068 397 1159 431 βλέπει
1175 398 1264 433 μόνον,
1281 399 1329 432 τῆς
1338 399 1368 424 δὲ
1382 399 1396 423 ὸ
1412 397 1510 428 σκοπὸς
1525 398 1564 428 εἰς
1581 396 1610 422 τὸ
1623 395 1743 430 διηνεκὲς
1762 401 1850 429 παρα-

1067 444 1192 470 τείνεται.
1218 444 1291 470 Ἐπεὶ
1308 442 1354 470 οὖν
1367 443 1448 478 πολλὴ
1468 442 1584 478 διαφορὰ
1599 441 1647 467 τοῦ
1665 439 1761 476 θνητοῦ
1784 438 1851 476 πρὸς

1067 489 1096 515 τὸ
1122 489 1264 518 ἀθάνατον.
1283 489 1329 515 καὶ
1350 489 1396 514 τοῦ
1421 488 1588 523 προσκαίρου
1612 486 1680 521 πρὸς
1702 485 1733 511 τὸ
1756 484 1850 516 ἀΐδιον,

1069 536 1135 571 πρὸς
1149 535 1228 561 τοῦτο
1243 535 1274 570 φέ
1280 544 1320 571 ρει
1333 535 1380 561 τοῦ
1402 533 1611 570 Ἐκκλησιαστοῦ
1628 534 1643 567 ὴ
1666 531 1752 567 φωνὴ,
1764 531 1794 558 τὺ
1814 531 1851 566 μὴ

1068 581 1122 607 δεῖν
1139 580 1206 616 πρὸς
1220 581 1269 616 τὴν
1286 581 1416 616 αἰσθητὴν
1438 580 1539 615 ταύτην
1561 579 1668 614 βλέπειν
1683 578 1770 613 ζωήν·
1791 578 1852 612 ἣτις

1071 628 1268 661 συγκρινομένη
1288 627 1354 662 πρὸς
1366 626 1415 661 τὴν
1431 627 1514 656 ὅντως
1531 625 1613 659 ζωὴν,
1630 623 1800 658 ἀνύπαρκτός
1812 631 1852 653 τις

1070 673 1116 698 καὶ
1131 673 1314 703 ἀνυπόστατός
1331 673 1415 700 ἐστιν.
1441 671 1508 697 Ἀλλ’
1531 670 1606 697 οὐδὲν
1627 668 1707 706 ἦττον
1725 669 1796 695 εἶποι
1812 677 1853 700 τις

1070 717 1102 744 ἂν
1119 717 1154 752 μὴ
1170 718 1221 750 ἔξω
1236 718 1284 753 τῆς
1298 718 1344 744 τοῦ
1360 717 1524 752 δημιουργοῦ
1543 717 1709 752 κατηγορίας
1727 716 1774 743 καὶ
1790 715 1854 741 τοῦ-

1070 772 1115 789 τον
1138 762 1206 789 εἶναι
1223 764 1268 789 τὸν
1287 763 1374 797 λόγον,
1412 766 1478 792 διότι
1503 763 1567 798 παρ’
1581 762 1662 789 αὑτοῦ
1680 763 1726 789 καὶ
1742 763 1758 797 ἡ
1780 761 1853 796 ψυχὴ

1072 809 1118 836 καὶ
1130 809 1160 835 τὸ
1175 810 1263 844 σῶμα.
1289 809 1332 840 Ὠς
1345 810 1367 835 εί
1380 811 1395 844 ὴ
1411 808 1454 835 διὰ
1470 809 1568 845 σαρκὸς
1584 809 1774 843 κατηγορεῖται
1786 808 1853 841 ζωὴ,

1073 855 1172 890 σαρκὸς
1191 855 1218 880 δὲ
1236 855 1349 890 ποιητὴς
1362 857 1375 881 ὁ
1391 854 1465 887 Θεὸς,
1490 855 1529 885 εἰς
1544 856 1646 881 ἐκεῖνον
1659 854 1813 887 ἀναγκαίως
1837 854 1854 887 ἡ

1072 901 1181 935 τοιαύτη
1199 901 1301 936 μέμψ.ς
1315 901 1363 936 τὴν
1378 900 1516 935 ἀναφορὰν
1534 900 1600 934 ἔχοι.

1115 1038 1192 1064 Ἀλλὰ
1206 1038 1289 1064 ταῦτα
1305 1038 1354 1072 μὲν
1367 1039 1423 1072 ἐρεῖ
1438 1038 1543 1068 πάντως
1566 1038 1579 1063 ό
1594 1037 1629 1072 μή
1644 1047 1685 1063 πω
1695 1037 1744 1071 τῆς
1755 1037 1856 1072 eripvi;

1073 1085 1124 1117 ἔξω
1141 1085 1293 1118 γενόμενος,
1310 1084 1376 1118 μηδὲ
1401 1084 1521 1117 ἀκριὸὧς
1539 1084 1605 1118 πρὸς
1624 1084 1671 1118 τὴν
1688 1083 1855 1118 ὑψηλοτέραν

1072 1129 1206 1163 διακύψας
1229 1129 1309 1164 ζωήν.
1337 1129 1411 1155 Ἐπεὶ
1430 1129 1444 1154 ὅ
1462 1138 1492 1162 γε
1516 1128 1726 1163 πεπαιδευμένος
1746 1129 1779 1155 τὰ
1797 1129 1856 1154 θεῖα

1075 1177 1220 1211 μυστήρια,
1246 1176 1296 1201 οὐκ
1321 1175 1412 1209 ἀγνοεῖ
1436 1175 1552 1206 πάντως,
1568 1175 1607 1201 ὅτι
1623 1175 1710 1201 οίκεία
1732 1175 1781 1210 μὲν
1809 1175 1856 1201 καὶ

1073 1222 1142 1248 κατὰ
1166 1222 1244 1255 φύσιν
1259 1222 1313 1252 τοῖς
1330 1220 1483 1255 ἀνθρώποις
1498 1219 1570 1246 ἐστὶν
1583 1221 1599 1254 ἡ
1618 1220 1673 1254 ζωὴ
1688 1221 1703 1254 ἠ
1725 1220 1792 1255 πρὸς
1806 1221 1855 1254 τὴν

1074 1265 1148 1292 θείαν
1168 1266 1248 1300 φύσιν
1268 1266 1448 1300 ὼμοιωμένη·
1475 1266 1491 1299 ἡ
1514 1265 1541 1291 δὲ
1563 1265 1706 1300 αἰσθητικὴ
1729 1265 1794 1301 ζωὴ,
1812 1266 1856 1292 διὰ

1073 1312 1122 1345 τῆς
1147 1311 1200 1337 τῶν
1226 1311 1409 1346 αίσθητηρίων
1436 1311 1572 1346 ἐνεργείας
1597 1311 1790 1346 διεξαγομὲνη,
1811 1312 1856 1337 ἐπὶ

1074 1357 1160 1392 τούτῳ
1185 1357 1263 1390 φύσει
1289 1357 1402 1387 δέδοται,
1431 1357 1473 1391 ἐφ’
1496 1353 1518 1390 ᾧ
1539 1357 1586 1392 τὴν
1610 1357 1663 1383 τῶν
1688 1357 1857 1392 φαινομένων

1074 1404 1173 1438 γνῶσιν
1192 1403 1287 1438 ὁδηγὸν
1312 1402 1437 1436 γενέσθαι
1460 1403 1508 1436 τῆς
1533 1402 1621 1436 ψυχῆς
1646 1402 1713 1437 πρὸς
1737 1402 1786 1437 τὴν
1801 1403 1856 1428 τῶν

1074 1450 1194 1483 ἀοράτων
1209 1449 1353 1482 ἐπίγνωσιν
1363 1456 1369 1462 ·
1385 1447 1474 1479 καθώς
1490 1457 1570 1482 φησιν
1584 1449 1599 1482 ἡ
1613 1447 1705 1481 Σοφία.
1720 1458 1728 1474 ι
1750 1449 1796 1474 Ἐκ
1810 1457 1858 1483 με-

1073 1495 1170 1528 γέθους
1192 1495 1321 1527 καλλολῆς
1339 1494 1503 1528 κτισμάτων,
1526 1493 1664 1527 ἀναλόγως
1684 1493 1728 1519 τὸν
1751 1494 1858 1520 πάντων

1035 1550 1058 1579 c
1075 1540 1261 1574 γενεσιουργδν
1277 1539 1470 1573 καθορᾶσθαι.»
1481 1538 1512 1564 Ἠ
1526 1537 1553 1563 δὲ
1565 1539 1720 1574 ἀνθρωπίνη
1735 1539 1857 1571 ἀϐουλία,

1076 1587 1105 1612 οὐ
1123 1586 1152 1612 τὸ
1169 1585 1212 1611 διὰ
1230 1584 1283 1611 τῶν
1300 1584 1466 1619 ψαινομὲνων
1488 1584 1692 1619 θαυμαζόμενον
1709 1582 1788 1615 εἶδεν,
1801 1584 1858 1610 ἀλλ’

1074 1632 1087 1657 δ
1110 1629 1178 1657 εἶδεν
1206 1630 1369 1665 ἐθαιὶμασεν.
1403 1630 1478 1655 Ἐπεῖ
1498 1628 1544 1656 οὖν
1572 1630 1736 1664 πρόσκαιρός
1761 1638 1788 1655 τε
1811 1631 1859 1656 καὶ

1075 1677 1217 1712 ὠκύμορος
1234 1677 1249 1711 ἡ
1264 1676 1317 1701 τῶν
1335 1675 1518 1710 αἰσθητηρίων
1534 1675 1666 1711 ἐνέργεια,
1695 1675 1772 1701 τοῦτο
1790 1684 1857 1710 μαν-

1075 1721 1191 1756 θάνομεν
1213 1721 1256 1747 διὰ
1279 1721 1328 1755 τῆς
1345 1720 1447 1754 ὑψηλῆς
1464 1720 1565 1754 ταύτης
1582 1720 1681 1754 φωνῆς,
1698 1720 1737 1746 ὅτι
1760 1722 1773 1747 ὁ
1791 1721 1861 1756 πρὸς

1074 1766 1158 1792 ταῦτα
1174 1766 1287 1800 βλέπων,
1306 1765 1396 1800 βλέπει
1412 1765 1496 1791 οὐδέν.
1519 1765 1548 1791 '0
1570 1765 1596 1791 δὲ
1617 1765 1659 1792 διὰ
1674 1765 1774 1792 τούτων
1791 1767 1859 1801 προς

1075 1813 1123 1847 τὴν
1137 1811 1183 1838 τοῦ
1198 1812 1272 1843 ὄντος
1288 1811 1450 1845 κατανόησιν
1470 1810 1657 1845 ὀδηγούμενος,
1681 1811 1726 1836 καὶ
1748 1811 1791 1837 διὰ
1805 1811 1859 1837 τῶν

1075 1858 1300 1894 παρατρεχόντων
1313 1858 1362 1892 τὴν
1376 1857 1505 1891 στάσιμον
1520 1856 1600 1889 φύσιν
1617 1857 1796 1891 κατανοήσας.
1811 1856 1858 1882 καὶ

1075 1905 1121 1931 τοῦ
1137 1905 1179 1931 ἀεὶ
1195 1903 1323 1934 ὡσαύτως
1340 1903 1446 1938 ἔχοντος
1461 1903 1488 1928 ἐν
1504 1902 1626 1937 περινοίᾳ
1640 1902 1792 1936 γενόμενος,
1805 1900 1858 1929 εἶδέ

1074 1960 1104 1977 τε
1121 1951 1150 1976 τὸ
1164 1951 1246 1981 ὅντως
1261 1949 1289 1975 ὂν
1303 1949 1402 1982 ἀγαθὸν
1427 1947 1472 1974 καὶ
1486 1947 1499 1973 ὃ
1517 1945 1584 1973 εἶδεν
1598 1947 1731 1982 ἐκτήσατο
1743 1956 1749 1961 ·
1763 1947 1860 1979 κτῆσις

1076 1998 1129 2032 γάρ
1151 1998 1207 2022 ἐστι
1221 1995 1266 2021 τοῦ
1282 1994 1382 2028 ἀγαθοῦ
1398 1993 1490 2020 τούτου
1510 1994 1526 2028 ὴ
1545 1993 1654 2028 εἴδησις.
1669 2002 1678 2018 ι
1696 1991 1744 2023 Τίς
1763 2002 1772 2017 ι
1792 1993 1856 2027 γιδρ,

1077 2043 1152 2078 φησὶ,
1175 2051 1184 2067 ι
1208 2041 1351 2075 περισσεία
1373 2039 1412 2073 τῷ
1439 2038 1583 2073 ἀνθρώπῳ,
1609 2039 1638 2063 ἐν
1663 2038 1743 2064 παντὶ
1768 2036 1860 2072 μόχθῳ

1076 2088 1158 2115 αὑτοῦ
1214 2087 1308 2122 μοχθεῖ
1325 2086 1376 2111 ὑπὸ
1389 2085 1434 2111 τὸν
1450 2085 1543 2119 ἥλιον;
1562 2094 1570 2109 ι
1591 2084 1646 2118 Τὴν
1660 2085 1689 2109 ὲν
1702 2083 1740 2118 τῷ
1754 2083 1859 2118 σώματι

1077 2132 1148 2168 ζωὴν
1164 2131 1368 2167 προσηγόρευσε
1382 2129 1490 2165 μόχθον,
1504 2129 1550 2154 ἐπὶ
1563 2129 1656 2164 μηδενὶ
1669 2127 1860 2164 κατορθώματι

1078 2177 1170 2213 κέρδος
1187 2175 1478 2210 σπουδαζόμενον.ιΤίς
1494 2173 1547 2208 γὰρ
1561 2171 1712 2209 περισσεία,
1729 2173 1804 2208 φησὶ,
1821 2172 1860 2208 τῷ

244 2228 333 2262 agitur
356 2226 420 2258 vita,
445 2223 592 2260 appellavit
618 2223 749 2253 laborem,
777 2221 823 2255 qui
850 2220 924 2247 nullo
951 2222 1022 2245 recte

1078 2221 1396 2258 ἀνθρώπῳςιτουτέστι,
1422 2220 1448 2246 τί
1474 2218 1640 2253 περιγίνεται
1666 2219 1698 2253 τῇ
1723 2217 1793 2252 ψυχῇ
1817 2217 1860 2244 διά

245 2273 316 2300 facto
337 2272 442 2298 lucrum
457 2270 563 2304 quaerit.
580 2279 590 2294 ἰ
614 2267 685 2301 Quid
707 2267 778 2294 enim
802 2269 937 2300 superest,
956 2274 965 2289 ν
983 2265 1026 2290 iu-

243 2320 311 2353 quit,
339 2327 348 2343 ε
365 2317 490 2344 homini?
508 2325 516 2341 ι
536 2315 587 2342 hoc
608 2318 660 2344 est.
678 2314 743 2348 quid
766 2312 834 2339 rellit
856 2311 889 2338 ad
908 2312 1024 2338 animam

245 2372 293 2400 per
307 2364 426 2390 Iahorem
439 2362 486 2396 qui
500 2369 548 2395 pro
563 2361 637 2387 victu
651 2359 809 2394 suscipitur,
825 2358 858 2385 iis
869 2358 916 2393 qui
931 2357 1026 2384 vivunt

245 2412 402 2445 spectantes
421 2407 447 2434 id
465 2407 536 2441 quod
554 2406 679 2433 videtur?
693 2405 720 2431 lu
737 2412 854 2440 quonam
877 2408 918 2430 est
935 2407 1024 2430 autem

243 2456 317 2483 vita?
338 2453 472 2487 Quidnam
495 2461 526 2480 ex
554 2453 587 2479 iis
612 2459 672 2486 quae
694 2452 744 2479 sub
761 2456 900 2485 aspectum
925 2449 1027 2476 cadunt

244 2501 333 2533 bonis,
351 2500 422 2527 idem
444 2499 552 2526 manet?
572 2497 618 2525 Sol
640 2492 719 2525 s‘uum
743 2497 846 2532 peragit
866 2495 1024 2526 circuitum,

243 2547 365 2574 vicissim
386 2544 564 2579 resplentlens
578 2549 605 2571 et
621 2544 797 2574 obscuratus,
823 2546 848 2568 et
867 2541 1025 2568 illuminans

244 2593 290 2628 qui
307 2599 390 2627 super
405 2599 456 2618 nos
469 2594 511 2618 est
529 2598 631 2623 aerem,
649 2596 710 2616 cum
729 2596 758 2616 se
770 2588 851 2615 terris
865 2586 1024 2618 ostenderit,

243 2642 270 2666 et
282 2637 409 2664 tenebras
426 2643 473 2670 per
489 2643 616 2663 occasum
630 2634 781 2661 attrahens.
799 2632 857 2659 Stat
870 2636 958 2659 autem
971 2635 1026 2659 ter-

244 2691 286 2714 ra,
299 2685 324 2710 et
337 2682 363 2709 in
379 2680 468 2708 Slahili
483 2684 574 2707 manet
589 2679 754 2711 immobilis;
766 2681 792 2704 et
806 2676 877 2711 quod
892 2680 954 2706 stat,
972 2683 1024 2702 non

245 2731 379 2757 moretur,
395 2729 422 2752 et
437 2733 491 2752 non
505 2728 558 2752 stat
577 2723 649 2757 quod
664 2726 797 2750 movetur.
811 2721 908 2748 Omnia
931 2729 978 2756 per
997 2729 1026 2749 se

245 2772 272 2800 ht
286 2771 361 2799 oumi
383 2770 525 2798 intervallo
545 2769 686 2803 temporis,
708 2768 776 2795 nihil
798 2775 859 2795 esse
876 2766 1025 2800 ostendun-

280 2859 302 2876 ³³
313 2859 379 2893 Sap.
391 2865 451 2890 xttl,
472 2858 515 2884 ib.

1077 2268 1123 2295 τοῦ
1139 2266 1264 2302 βιωτικοῦ
1277 2265 1375 2300 μόχθου
1391 2265 1446 2295 τοῖς
1462 2264 1530 2299 πρὸς
1545 2263 1575 2289 τδ
1590 2262 1750 2297 φαινόμενον
1761 2262 1859 2294 (cito-tv;

1084 2315 1128 2341 Ἐν
1143 2313 1197 2339 τίνι
1210 2313 1238 2339 δὲ
1256 2312 1302 2338 καὶ
1319 2311 1392 2337 ἔστιν
1408 2311 1424 2344 ἡ
1441 2308 1513 2344 (toﬁ;
1530 2308 1562 2334 Τί
1576 2308 1649 2343 μένει
1667 2307 1719 2333 τῶν
1737 2307 1863 2342 φαινομέ-

1078 2369 1130 2386 νων
1141 2358 1231 2386 καλῶν
1244 2359 1273 2383 ἐν
1284 2356 1438 2390 ταυτότητις
1452 2354 1544 2385 Ἥλιος
1555 2353 1727 2388 περιέρχεται
1738 2352 1783 2378 τὸν
1796 2351 1862 2377 ῐδιον

1077 2405 1174 2440 δρόμον
1199 2403 1313 2437 λάμπων
1329 2400 1379 2427 ἀνὰ
1396 2398 1477 2434 μέρος
1497 2398 1543 2425 καὶ
1565 2397 1763 2432 σκοτιζόμενος,
1779 2395 1861 2430 φωτί-

1078 2449 1133 2482 ζων
1159 2449 1203 2476 τὸν
1231 2446 1426 2482 ὑπερκείμενον
1442 2445 1508 2479 ἡμῖν
1534 2443 1611 2478 ἀέρα,
1634 2443 1697 2468 ὅταν
1724 2441 1794 2476 ὑπὲρ
1809 2441 1862 2475 γῆς

1078 2494 1173 2522 ἑαυτὸν
1191 2492 1274 2527 δείξῃ,
1292 2491 1338 2516 καὶ
1358 2490 1451 2520 σκότος
1464 2487 1507 2514 διὰ
1522 2487 1575 2513 τῶν
1593 2485 1701 2520 δυσμῶν
1714 2484 1862 2519 ἐφελκόμε-

1078 2549 1131 2571 νος.
1149 2539 1266 2572 ’Ἐστηκε
1279 2537 1307 2562 δὲ
1323 2537 1339 2570 ἡ
1352 2535 1397 2569 γῆ,
1414 2533 1460 2560 καὶ
1476 2533 1549 2567 μένει
1563 2532 1591 2557 ὲν
1605 2530 1643 2565 τῷ
1659 2529 1749 2564 παγίῳ
1765 2529 1862 2564 ἀκίνη-

1077 2593 1133 2616 τος,
1150 2582 1243 2610 καὶτὸ
1264 2581 1341 2612 ἑστὸς
1364 2580 1394 2605 οὐ
1419 2580 1541 2610 κινεῖται,
1561 2577 1606 2603 καὶ
1628 2576 1677 2611 οὐχ
1700 2575 1806 2602 ἵσταται
1832 2575 1862 2601 τὸ

1078 2630 1244 2664 κινούμενον.
1266 2626 1359 2652 Πάντα
1377 2625 1410 2651 δι’
1427 2623 1515 2650 αὐτῶν
1538 2623 1566 2648 ὲν
1583 2621 1664 2648 παντὶ
1686 2620 1725 2656 τῷ
1744 2619 1862 2655 χρονικῷ

1078 2676 1239 2710 διαστήματι
1263 2671 1397 2698 δείκνυται
1423 2670 1481 2695 κατ’
1499 2667 1585 2699 οὐδὲν,
1608 2666 1650 2693 διὰ
1669 2667 1718 2700 τῆς
1738 2665 1808 2701 πρὸς
1829 2666 1861 2692 τὸ

1079 2720 1233 2754 καινότερον
1260 2715 1408 2751 μεταϐολῆς
1431 2713 1638 2747 ἀλλασσόμενον,
1672 2711 1779 2746 Δοχεῖόν
1803 2712 1861 2736 ἐστί

1079 2766 1133 2792 τῶν
1148 2761 1313 2797 πανταχόθεν
1329 2760 1495 2796 συρρεόντων
1512 2758 1615 2785 ὑδάτων
1632 2759 1648 2792 ἡ
1664 2757 1794 2787 θάλασσα.
1813 2754 1860 2781 καὶ
