1989 3070
88 94 142 122 629
172 110 174 112 τ

635 96 666 122 ΙΝ
680 96 947 125 εεειΕειΑεΤΕΝ.
969 97 1112 125 HOMlLlA
1132 98 1152 124 l.

1659 96 1710 124 630

89 151 175 186 ὑλικῷ
192 151 240 186 βίῳ
254 149 327 183 καὶῆ
347 161 378 177 ατ
387 151 495 185 ὀλανσις
512 162 589 179 συνα·
600 155 722 189 ἔμεινεν·
747 155 875 189 ὲψέλκον-

931 156 1032 183 suerint
1058 156 1189 184 studium.
1216 155 1283 184 Nam
1309 163 1370 184 cum
1398 157 1451 184 vita
1478 146 1607 183 materiali
1629 155 1710 183 simul

89 206 133 224 ται
148 197 176 224 δὲ
192 198 250 233 μεθ’
265 197 367 224 ἑαυτῶν
389 199 463 225 οὶδὲν
480 200 520 226 ὅτι
539 199 575 234 μὴ
596 201 645 235 τὴν
661 201 812 235 συνείδησιν
827 200 873 236 μό-

89 251 148 277 νην.
165 243 198 269 Ὄ
214 251 257 278 μοι
270 242 342 268 δοκεῖ
354 244 400 269 καὶ
414 244 428 268 ὁ
441 243 527 278 μέγας
545 244 766 280 Ἑκκλησιαστὴς,
781 245 874 280 ὥσπερ

89 289 140 325 ἤδη
156 289 259 315 τούτων
281 289 332 322 ἔξω
349 290 503 324 γενόμενος,
524 291 570 316 καὶ
587 292 677 326 γυμνῇ
691 292 724 325 τῇ
739 291 811 326 ψυχῇ
826 290 874 324 τῆς

90 335 173 362 ἀΰλου
189 333 260 369 ζωῆς
275 334 453 366 ἐπιϐατεύων,
472 335 563 362 ἐκεῖνα
577 333 660 366 εἶπεν,
684 335 700 362 ἂ
721 336 793 366 εἰκός
811 344 874 362 ποτε

91 382 138 408 καὶ
151 382 224 416 ἡμᾶς
241 382 337 413 εἰπεῖν,
358 381 421 407 ὅταν
445 381 496 413 ἔξω
516 382 562 408 τοῦ
576 381 708 416 παραλίου
724 382 820 408 τούτου
833 382 875 408 τό·

91 436 143 454 που
160 427 312 462 γενώμεθα,
331 428 394 462 ’περὶ
409 427 438 453 ὃν
459 427 601 462 ἡψὰμμος
623 428 705 458 ἐστὶν,
729 429 744 462 ἡ
759 428 810 454 ὑπὸ
827 428 875 462 τῆς

90 474 137 500 τοῦ
163 474 220 508 βίου
243 473 380 508 θαλάσσης
395 474 566 508 ἐκπτυομένη
577 493 584 505 ,
609 474 656 500 καὶ
673 474 780 501 πάντων
796 482 876 508 χωρι-

91 520 199 554 σθῶμεν
226 519 279 545 τῶν
306 519 545 554 περικτυποὺντων
572 520 644 554 ἡμᾶς
671 520 717 546 καὶ
740 520 876 554 καταίὶιμ-

92 566 210 592 ϐούντων
224 565 361 600 κυμάτων,
374 566 406 592 ἐκ
420 566 468 600 τῆς
485 565 626 601 νοηθείσης
640 566 776 600 Θαλάσσης
794 565 876 600 μόνην

91 612 140 647 τὴν
157 612 266 646 μνήμην
279 611 332 637 τῶν
347 609 397 637 ὦδε
415 611 634 638 σπουδασθέντων
655 611 818 645 ἐπαγόμενοι
835 610 877 636 λέ-

92 664 175 692 γομεν
192 657 238 688 τὸ,
265 667 273 681 ι
288 657 443 692 Ματαιότης
462 658 657 692 ματαιοτὴτιον.
680 656 726 682 καὶ
742 656 775 682 τὰ
792 656 878 682 πάντα

95 701 259 736 ματαιότης,
284 702 330 727 καὶ
357 700 430 732 οὕτις
461 700 605 736 περισσεία
634 700 672 735 τῷ
696 699 832 734 ἀνθρώπῳ
856 696 877 732 ᾧ

94 747 189 782 μοχθεῖ
210 747 262 773 ὑπὸ
278 747 322 773 τὸν
339 747 422 782 ἥλιον.
449 757 457 772 ι
487 747 579 778 Οὕτως
595 746 659 782 γὰρ,
685 747 755 773 κατά
777 755 808 780 γε
833 746 877 772 τὸν

92 794 157 827 ὲμδν
172 793 263 827 λόγον,
287 793 376 829 πάσης
392 794 449 819 ἐστὶ
470 793 557 828 ψυχῆς
579 789 656 824 οὗτος
671 794 685 818 ό
700 793 793 827 λόγος,
815 793 877 818 ὃταν

925 206 1015 228 manet
1030 201 1183 235 delectatio,
1200 209 1292 229 secum
1312 206 1401 230 autem
1418 202 1488 229 nihil
1505 202 1618 229 trahunt
1639 209 1710 236 pra:—

925 251 966 273 ter
982 247 1067 274 solam
1089 247 1296 274 conscientiam.
1315 246 1497 280 Quamobrem
1520 247 1587 274 mihi
1605 247 1711 274 videtur

926 300 1043 326 magnus
1059 291 1254 324 Ecclesiastes,
1277 296 1306 319 ut
1324 292 1369 327 qui
1384 292 1441 327 jam
1459 297 1535 319 extra
1559 292 1616 320 haec
1627 297 1710 322 esset,

925 342 952 364 et
972 338 1044 364 nuda
1063 345 1095 364 ae
1122 342 1248 373 separata
1275 337 1365 364 anima
1392 338 1419 364 in
1446 338 1500 364 vita
1525 338 1645 364 materiae
1665 345 1712 364 ex—

927 387 1000 417 perte
1016 383 1158 414 insideret,
1178 383 1223 409 illa
1239 383 1341 410 dixisse
1358 390 1417 417 qum
1431 390 1481 410 nos
1495 390 1604 417 quoque
1623 382 1712 409 dictu—

926 436 970 455 ros
985 433 1028 455 est
1042 433 1268 461 consentaneum,
1285 429 1394 464 quando
1407 429 1538 456 fuerimus
1549 433 1625 456 extra
1637 428 1709 455 hunc

926 483 1015 502 meum
1036 468 1255 506 maritimnm,'in
1280 483 1334 510 quo
1353 479 1395 502 e51
1413 481 1504 506 arena,
1529 481 1588 508 quae
1604 481 1619 500 a
1642 474 1710 500 mari

926 521 1008 555 hujus
1025 521 1085 546 vitae
1097 521 1249 554 exspuitur,
1272 524 1298 547 et
1314 519 1432 554 separati
1451 519 1584 546 fuerimus
1600 519 1632 545 ab
1653 511 1711 544 om;

927 567 1007 594 nibus
1024 555 1150 594 fluctibus
1167 566 1212 600 qui
1226 573 1276 593 nos
1284 566 1521 593 cireumsonantet
1537 565 1708 592 circumstre-
1733 570 1737 573 ”

927 617 1004 648 punt,
1022 620 1054 639 ex
1070 612 1136 638 mari
1149 611 1221 646 quod
1240 611 1283 638 hic
1308 611 1494 646 intelligimus,
1519 610 1604 637 solum
1622 618 1711 645 repor-

927 663 1015 686 tantes
1033 659 1191 686 memoriam
1206 665 1298 684 eorum
1316 657 1342 683 in
1364 665 1423 692 qua:
1444 656 1564 684 studitth
1586 660 1710 683 nostrum

928 705 1104 736 contulimus,
1130 704 1246 731 dicimus
1278 713 1283 730 :
1318 702 1454 730 (Vanitas
1485 702 1646 733 vanitatum,
1687 707 1712 729 et

928 750 1018 777 omnia
1035 750 1151 776 vanitas.
1177 748 1269 783 Neque
1289 748 1438 783 quidquam
1463 752 1588 782 superest
1610 747 1711 774 homini

928 805 961 824 ex
980 796 1053 822 0nn1i
1076 796 1169 822 labore
1193 795 1239 830 qui
1263 799 1304 821 est
1321 794 1373 821 sub
1397 794 1465 820 sole.
1480 802 1489 819 ι
1506 792 1609 820 Revera
1626 792 1710 823 enim,

93 838 268 873 γυμνωθεῖσα
282 839 336 864 τῶν
349 839 412 874 τῇδε
431 839 497 874 πρὸς
511 839 556 864 τὸν
569 837 744 873 ἐλπιζόμενον
760 846 877 872 μετοικι-

931 845 957 869 ut
987 849 1037 876 ego
1063 841 1172 876 quidem
1192 839 1296 875 judico,
1319 839 1441 873 cujusvis
1462 838 1559 865 animae
1587 841 1628 865 est
1656 837 1712 864 hinc

93 884 144 918 σθῇ
162 883 228 918 βίον.
252 884 312 910 Εἴτε
336 884 390 919 γάρ
406 893 432 910 τι
448 884 501 910 τῶν
518 884 690 920 ὑψηλοτέρων
713 884 741 910 ὲν
767 885 800 918 τῇ
821 883 875 918 ζωῇ

93 928 179 965 ταύτῃ
200 929 373 964 κατώρθωσε,
398 930 545 964 κατηγορεῖ
568 928 661 954 τούτου
685 929 713 954 ὲν
738 925 760 962 ᾧ
781 927 825 963 ἦν,
844 929 876 963 τῇ

94 975 162 1010 πρὸς
184 975 214 1001 τὸ
234 975 342 1010 εὑρεθὲν
367 976 524 1010 συγκρίσει,
543 975 572 1001 τὸ
587 974 719 1011 παρελθόν
734 983 759 1001 τι
780 974 877 1008 ἀτιμά-

95 1021 188 1052 ζουσα,
199 1021 253 1046 εἴτε
265 1021 311 1046 καὶ
325 1020 488 1056 προσπαθῶς
499 1021 563 1055 περὶ
577 1021 624 1055 τὴν
639 1019 704 1054 ὓλην
716 1019 876 1050 διατεθεῖσα,

94 1067 143 1093 ἴδοι
161 1066 193 1093 τὰ
208 1066 408 1102 ἀπροσδόκητα,
421 1066 468 1093 καὶ
485 1068 517 1102 τῇ
536 1068 617 1102 πείρᾳ
633 1066 712 1102 μάθοι
729 1066 782 1092 τῶν
798 1074 879 1092 σπου-

93 1112 244 1139 δασθέντων
268 1112 332 1147 περὶ
356 1113 400 1138 τον
425 1112 481 1147 βίον
503 1112 570 1147 αὐτῇ
596 1111 625 1138 τὸ
648 1111 794 1146 ἀνόνητον·
819 1110 878 1136 τότε

94 1158 229 1194 Θρηνοῦσα
253 1158 302 1194 τὴν
329 1159 419 1194 φωνὴν
442 1157 544 1191 ταύτην
576 1157 752 1192 προοὶσεται,
781 1154 823 1183 οἷα
847 1156 878 1191 δὴ

94 1203 224 1238 ποιοῦμεν
241 1204 272 1230 ὲκ
293 1203 473 1238 μεταμελείας
486 1204 510 1229 οι
527 1203 673 1238 ἅνθρωποι,
690 1203 739 1234 τὰς
755 1202 880 1233 ἀϐουλίας

94 1250 198 1278 ἑαυτῶν
213 1251 242 1276 ὲν
261 1252 316 1282 τοῖς
333 1250 492 1285 ὀλοφυρμοῖς
508 1249 689 1284 διηγούμενοι,
703 1247 880 1278 τὸ,‹Ματαιό-

94 1304 144 1331 της
170 1297 356 1331 ματαιοτήτων
370 1296 448 1325 ,ικαὶ
470 1295 505 1321 τὰ
526 1295 681 1330 λειπόμενα.
713 1303 721 1319 ι
737 1294 840 1325 Πάντες
855 1294 879 1319 οί

93 1342 178 1376 λόγοι,
190 1351 200 1369 ι
217 1342 309 1376 φησὶν,
329 1351 336 1367 ι
349 1341 470 1375 ἔγκοποι,
489 1342 535 1368 καὶ
551 1341 579 1367 οὐ
595 1341 736 1376 δυνήσεται
752 1339 820 1375 ἀνὴρ
834 1339 879 1366 τοῦ

95 1387 192 1413 λαλεῖν.
210 1396 219 1412 ι
241 1387 296 1413 Καὶ
314 1386 375 1420 μὴν,
391 1386 466 1412 οὐδὲν
481 1386 512 1412 ὲκ
526 1385 571 1412 τοῦ
584 1384 726 1420 προχείρου
742 1385 880 1419 νομίζεται

94 1432 142 1459 τοῦ
160 1432 248 1459 λαλεῖν
261 1432 453 1467 εὐκολώτερον.
470 1431 518 1463 Τίς
534 1431 588 1467 γάρ
605 1432 662 1457 ἐστι
678 1431 761 1462 κόπος
779 1430 817 1465 τῷ
834 1430 881 1456 λα-

95 1478 185 1505 λοῦντι
206 1479 220 1505 ὃ
236 1486 277 1509 τις
293 1477 430 1512 βούλεται;
452 1477 538 1512 ’Υγρὰ
553 1478 569 1513 ή
586 1477 694 1511 γλῶσσα
708 1476 755 1502 καὶ
769 1475 880 1510 εὔστρο-

96 1532 156 1558 φος,
172 1524 218 1550 καὶ
233 1508 299 1559 πρὸς
319 1508 518 1558 ὅτιπερῐὲθέλοι
536 1508 665 1557 prie-my;
686 1520 755 1553 εἶδος
776 1508 881 1551 ἀπόνως
895 1508 915 1537 C

97 1571 195 1605 ἑαυτὴν
210 1570 376 1605 σχηματίζοι)
383 1578 414 1595 σα
427 1577 434 1585 ’
459 1568 596 1600 ἀκώλυτος
610 1570 626 1604 ὴ
648 1568 713 1603 ὁλκὴ
727 1567 773 1594 τοῦ
789 1567 880 1602 ἀερὶου

97 1616 258 1650 πνεύματος.
268 1612 289 1649 ᾦ
298 1615 505 1650 συγκεχρημένη
516 1616 577 1647 τοὺς
586 1615 718 1649 φθόγγους
726 1613 880 1650 ἐργάζεται·

97 1663 198 1693 ἄλυπος
212 1663 270 1694 ταῖς
299 1663 424 1697 παρειαῖς
437 1663 453 1695 ἡ
475 1661 619 1696 ὑπουργία,
638 1661 684 1687 καὶ
698 1662 753 1692 τοῖς
767 1660 881 1695 χείλεσιν

97 1709 156 1741 ἅμα
171 1709 187 1742 ἡ
203 1708 270 1742 πρὸς
286 1707 334 1742 τὴν
343 1707 495 1742 ἐκφύγωσιν
506 1706 552 1732 τοῦ
570 1706 713 1741 λεγομένου
727 1706 879 1741 συνέργεια.

97 1754 164 1780 Τίνα
183 1752 229 1780 οὖν
250 1754 330 1788 ἐνορᾷ
364 1753 402 1789 τῷ
427 1753 498 1788 λόγῳ
518 1752 563 1779 τὸν
580 1752 676 1783 κόποις
702 1751 738 1778 Οὐ
759 1752 813 1787 γὰρ
831 1751 882 1786 γῆν

98 1801 273 1831 σκάπτοντες,
287 1799 304 1835 ἢ
319 1799 419 1834 πέτρας
434 1798 636 1829 ἀνακυλίοντες,
649 1798 665 1832 ἢ
679 1798 724 1823 ἐπὶ
738 1797 790 1823 τῶν
801 1797 882 1832 ὤμων

98 1845 322 1881 ἀχθοφοροῦντες,
341 1845 357 1879 ἢ
374 1844 437 1870 ἄλλο
453 1852 478 1870 τι
495 1844 550 1870 τῶν
566 1843 701 1870 ἐπιπόνων
717 1843 882 1878 κατεργαζό-

99 1899 184 1926 μενοι,
209 1891 254 1916 τὺν
280 1889 357 1923 λόγον
379 1889 560 1923 διεξοδεὺομεν
574 1896 580 1902 ·
609 1888 676 1914 ἀλλὰ
698 1888 728 1915 τὸ
744 1890 841 1915 συστὰν
855 1890 883 1915 ἐν

97 1938 164 1971 ἡμῖν
179 1936 267 1970 νόημα
283 1935 326 1961 διὰ
347 1934 438 1969 φωνῆς
461 1933 640 1967 ἐκκαλυφθὲν,
664 1933 741 1968 λόγος
765 1934 881 1967 ἐγένετο.

105 1982 174 2008 Ἀλλ’
187 1981 279 2016 ἐπειδὴ
293 1982 306 2007 ό
320 1980 437 2012 τοιοῦτος
452 1980 529 2014 λόγος
542 1980 625 2007 κόπον
635 1980 684 2006 οὐκ
695 1979 760 2015 ἔχει,
776 1981 883 2014 νοητὲον

99 2027 133 2054 ἂν
148 2028 189 2062 εἴη
205 2027 275 2058 τίνες
296 2028 321 2053 οἱ
343 2026 491 2056 κοπιῶντες
513 2025 599 2059 λόγοι,
625 2022 665 2056 οἷς
691 2025 721 2051 οὺ
742 2025 883 2060 δυνήσεται

98 2075 169 2110 ἀνὴρ
189 2073 235 2100 τοῦ
254 2073 351 2100 λαλεῖν.
368 2083 377 2098 ι
395 2074 425 2099 Οἱ
439 2072 625 2108 πρεσϐύτεροι,
643 2081 652 2097 ι
667 2072 741 2107 φησὶ,
763 2082 771 2097 ι
787 2071 882 2106 διπλῆς

97 2120 181 2155 τιμῆς
194 2119 388 2151 ἀξιούσθωσαν,
406 2118 521 2153 μάλιστα
535 2119 559 2144 οἱ
572 2118 720 2150 κοπιῶντες
736 2119 764 2144 ἐν
777 2117 856 2152 λόγῳ.
872 2127 879 2141 ι

928 889 1025 920 oratio,
1038 889 1147 924 quando
1162 889 1195 915 iis
1208 896 1266 923 qua:
1281 887 1325 915 hic
1342 891 1405 913 sunt
1420 887 1546 921 spoliata,
1571 886 1605 912 ad
1627 885 1711 911 vitam
1754 918 1759 925 ν

929 943 988 969 quin
1003 939 1129 970 speratur
1148 934 1315 968 migraverit.
1332 932 1399 959 Nam
1417 933 1473 960 sive
1490 931 1556 967 quid
1570 934 1641 958 recte
1650 937 1712 964 ges-

929 982 964 1008 sit
975 989 1007 1008 ex
1024 981 1057 1008 iis
1071 989 1130 1016 qua:
1148 981 1173 1007 in
1191 980 1241 1007 liae
1257 979 1311 1006 vita
1327 983 1390 1006 sunt
1402 978 1572 1008 sublimiora,
1585 976 1613 1004 id
1629 983 1711 1003 accu—

930 1032 970 1054 sat
985 1027 1012 1054 in
1030 1035 1084 1061 quo
1096 1031 1165 1057 erat,
1188 1025 1209 1053 si
1221 1024 1378 1051 conferatur
1395 1031 1456 1050 cum
1472 1031 1504 1050 eo
1524 1023 1596 1057 quod
1610 1027 1651 1050 est
1670 1022 1712 1048 in-

930 1071 1212 1105 ventum,despicatui
1233 1070 1338 1096 habens
1355 1069 1379 1095 id
1395 1068 1467 1103 quod
1485 1068 1623 1102 praeteriit.
1651 1066 1713 1094 Sive

930 1117 1011 1143 etiam
1029 1124 1091 1143 cum
1106 1116 1184 1142 valde
1197 1114 1291 1142 aﬂ‘eela
1314 1114 1394 1140 fuerit
1409 1114 1435 1140 in
1452 1113 1603 1144 materiam,
1617 1112 1714 1139 viderit

930 1170 960 1189 ea
974 1169 1034 1196 quae
1050 1165 1199 1188 evenerunt
1222 1165 1320 1195 praeter
1333 1159 1577 1193 exspectationem,
1594 1162 1618 1184 et
1633 1165 1713 1191 expc-

930 1208 1027 1234 rieutia
1042 1207 1178 1238 didicerit,
1195 1210 1296 1241 quanta
1321 1205 1355 1232 sit
1374 1205 1487 1232 stultitia
1511 1204 1538 1230 in
1561 1205 1594 1231 iis
1614 1203 1640 1230 in
1653 1211 1714 1238 qua:

931 1255 1051 1281 studium
1069 1252 1209 1281 confertur
1235 1253 1260 1279 in
1278 1252 1328 1278 hac
1344 1252 1397 1278 vita
1415 1261 1421 1278 :
1439 1255 1503 1278 tunc
1530 1250 1623 1285 lugens
1643 1249 1714 1276 hanc

931 1300 1034 1327 emittet
1061 1307 1166 1330 vocem,
1193 1298 1285 1333 qualia
1311 1305 1361 1324 nos
1385 1297 1508 1324 homines
1533 1295 1659 1327 facimus,
1681 1303 1713 1322 ex

931 1346 1090 1381 poenitentia
1106 1345 1188 1372 stulta
1207 1348 1299 1371 nostra
1311 1343 1426 1370 consilia
1440 1343 1466 1370 in
1483 1341 1584 1369 nostris
1597 1348 1714 1368 narran-

931 1395 973 1419 tes
986 1391 1143 1425 ejulatibus,
1157 1395 1183 1418 et
1198 1391 1318 1418 dicentes
1336 1399 1342 1416 :
1359 1399 1368 1415 ι
1385 1389 1499 1416 Vanitas
1525 1388 1686 1420 vanitatum,
1704 1397 1712 1412 ι

931 1441 958 1464 et
969 1444 1000 1464 ea
1020 1444 1080 1471 qua:
1100 1439 1261 1470 sequuntur.
1288 1445 1296 1461 ι
1310 1433 1421 1465 Omnes,
1435 1444 1443 1459 ›
1461 1434 1558 1468 inquit,
1588 1444 1596 1459 ι
1610 1441 1714 1460 sermo-

933 1490 981 1510 nes
997 1487 1062 1510 sunt
1075 1481 1214 1513 laboriosi,
1229 1485 1256 1508 et
1275 1488 1328 1507 non
1355 1481 1456 1515 poterit
1477 1479 1519 1506 vir
1545 1486 1592 1506 eos
1604 1479 1688 1513 loqui.
1705 1489 1714 1504 ι

933 1528 1013 1562 Διιιυί
1037 1535 1087 1554 nec
1112 1527 1137 1554 in
1161 1530 1286 1561 promptu
1298 1529 1424 1552 censetur
1439 1524 1586 1559 quidquam
1609 1523 1716 1550 facilius

933 1581 1014 1609 quam
1031 1573 1115 1608 loqui.
1134 1573 1200 1605 Quis
1213 1576 1254 1600 cst
1269 1572 1340 1599 enim
1366 1572 1442 1598 labor
1458 1570 1481 1598 ei
1498 1570 1543 1605 qui
1563 1569 1637 1604 quod
1660 1569 1716 1596 vult

934 1619 1076 1654 loquitur?
1092 1619 1197 1654 Lingua
1217 1622 1257 1646 est
1275 1617 1398 1648 humida,
1415 1621 1441 1644 et
1454 1616 1602 1647 versatilis,
1613 1616 1715 1642 ctcitra

933 1666 1052 1693 laborem
1082 1673 1110 1692 se
1129 1665 1233 1700 [ingens
1256 1664 1289 1690 ad
1310 1663 1492 1698 quodcunque
1509 1669 1595 1696 genus
1618 1660 1716 1687 verbo—

933 1720 993 1738 rum
1012 1720 1018 1738 '.
1040 1711 1109 1739 citra
1132 1710 1357 1744 impedimentum
1387 1713 1429 1736 est
1448 1708 1575 1735 alti-actio
1600 1707 1717 1741 spiritus

933 1759 1017 1789 aerii,
1043 1765 1098 1792 quo
1129 1761 1210 1784 utens
1235 1764 1318 1783 sonos
1348 1755 1429 1782 ciﬁcit
1447 1764 1453 1781 :
1471 1755 1539 1782 citra
1565 1753 1716 1780 molestiam

934 1811 1009 1838 genae
1025 1808 1089 1831 sunt
1104 1803 1127 1829 ei
1144 1802 1314 1829 administras
1333 1806 1358 1828 et
1371 1801 1446 1828 labra
1464 1800 1545 1827 simul
1572 1806 1651 1833 opem
1675 1797 1716 1824 fe-

933 1854 998 1876 runt
1025 1849 1057 1876 ad
1087 1856 1154 1876 voce
1177 1847 1378 1874 enuntiandum
1401 1846 1427 1873 id
1455 1845 1528 1880 quod
1551 1845 1662 1871 dicitur.
1687 1842 1716 1869 In

935 1901 1060 1922 sermone
1079 1901 1146 1928 ergo
1163 1900 1310 1927 quemnam
1324 1892 1397 1918 videt
1413 1890 1552 1918 laborem?
1569 1889 1627 1916 Non
1643 1889 1716 1915 enim

935 1945 1035 1968 terram
1050 1939 1195 1970 fodientes,
1214 1942 1260 1965 aut
1280 1941 1372 1973 petras
1385 1937 1535 1967 volventes,
1552 1939 1599 1962 aut
1615 1935 1642 1961 in
1662 1935 1714 1960 hu-

935 1987 1019 2014 meris
1034 1993 1117 2013 onera
1146 1984 1274 2016 ferentes,
1301 1988 1348 2010 aut
1365 1984 1456 2018 aliquo
1474 1983 1529 2009 alio
1553 1982 1646 2008 labore
1668 1987 1718 2007 nos

935 2036 1093 2061 exercentes
1114 2038 1268 2060 scrutantem
1293 2031 1519 2062 transmittimus,
1548 2028 1595 2056 sed
1614 2022 1718 2063 quaelin

935 2079 1015 2106 nobis
1032 2078 1162 2105 consistit
1175 2077 1321 2111 conceptio
1343 2076 1442 2104 mentis
1461 2083 1509 2109 per
1522 2082 1617 2102 vocem
1642 2081 1718 2101 rcvc-

936 2124 1001 2156 lata,
1020 2131 1073 2150 vox
1091 2123 1212 2154 exsistit,
1227 2123 1275 2150 sed
1294 2123 1424 2158 quouiam
1443 2121 1487 2148 hic
1501 2127 1591 2148 sermo
1613 2120 1717 2146 nullum

98 2165 303 2200 Πρεσϐύτερος,
326 2165 395 2191 κατὰ
423 2165 471 2200 τὴν
501 2164 664 2199 συνήθειαν,
688 2165 702 2190 ὁ
727 2163 810 2193 ἐκϐὰς
834 2162 880 2196 τὴν

936 2169 1019 2195 habet
1034 2168 1166 2198 laborem,
1190 2168 1366 2202 cogitandum
1391 2170 1432 2194 est
1449 2168 1560 2201 quinam
1587 2166 1642 2192 sint
1660 2172 1719 2192 scr-

99 2211 214 2238 ἄτακτον
229 2211 334 2246 ἡλικίαν
349 2211 396 2237 καὶ
413 2211 441 2237 ἐν
455 2211 542 2246 γηρεᾷ
562 2209 724 2236 καταστάσει
740 2209 883 2242 γενόμενος

98 2256 217 2289 λέγεται,
238 2257 274 2287 ὠς
290 2256 316 2282 εἴ
330 2256 362 2289 γέ
378 2265 418 2288 τις
435 2256 562 2290 ἀστατοίη
585 2255 623 2290 τῷ
644 2255 776 2290 λογισμῷ,
793 2255 839 2280 καὶ
854 2254 882 2279 ἐν

99 2301 198 2336 ἀταξίᾳ.
212 2302 256 2329 τὸν
278 2302 414 2342 βίονῐέχοι,
429 2302 505 2328 οῠπω
521 2302 703 2338 πρεσϐύτερος
723 2301 735 2326 ὁ
753 2300 882 2330 τοιοῦτος,

100 2349 151 2375 κᾶν
166 2351 194 2375 ὲν
209 2349 288 2384 πολιᾷ
302 2349 377 2384 τύχοι
391 2349 562 2384 φαινόμενος,
579 2347 635 2374 ἀλλ’
651 2348 690 2373 ἔτι
711 2347 789 2381 ἁνήρ.
814 2346 884 2372 υὺκ-

100 2395 147 2421 οὖν
163 2395 186 2420 οι
200 2394 271 2428 λόγοι
287 2394 313 2420 οῖ
328 2403 358 2428 γε
376 2394 482 2430 ἀληθῶς
501 2394 585 2428 λόγοι,
603 2394 627 2420 οἱ
650 2393 716 2428 πρὸς
740 2393 769 2418 τὸ
792 2392 883 2426 ψυχω-

100 2441 179 2475 φελές
188 2449 216 2466 τε
229 2441 273 2467 καὶ
285 2441 417 2475 χρήσιμον
430 2440 482 2466 τῶν
494 2439 643 2475 ἀνθρώπων
655 2438 799 2473 γινόμενοι,
812 2435 884 2463 οὖτοι

101 2487 213 2522 πλήρεις
232 2486 349 2521 ἱδρώτων
364 2486 415 2512 εἰσὶ
428 2486 474 2512 καὶ
489 2487 587 2517 πόνων,
604 2486 650 2511 κοιλ¹
668 2485 750 2510 πολὺν
768 2483 884 2516 ἐπάγον-

100 2541 145 2559 ται
159 2533 251 2564 κόπον,
269 2533 312 2558 ἵνα
327 2532 456 2565 γένωνται
472 2532 555 2566 λόγοι.
585 2540 593 2556 ι
615 2530 666 2556 Τὸν
679 2531 732 2564 γὰρ
748 2528 899 2556 κοπιῶντα

101 2578 222 2613 γεωργὸν
254 2579 294 2605 δεῖ
327 2577 433 2612 πρῶτον
460 2577 506 2604 τὸν
538 2576 642 2611 καρπὸν
656 2574 880 2609 χπολαμῆάνεινμ

101 2624 184 2659 φησὶν
199 2625 213 2650 ὸ
226 2624 279 2650 τῶν
294 2623 420 2650 τοιούτων
444 2623 528 2657 λόγων
552 2617 693 2658 τεχνίτης,
712 2622 749 2652 ὡς
772 2621 829 2647 δέον
848 2620 885 2656 μὴ

103 2671 178 2706 ῥῆμα
192 2669 311 2695 νοεῖσθαι
327 2669 371 2695 τὸν
388 2668 482 2702 λόγον,
508 2667 574 2698 ἀλλὰ
595 2668 644 2702 τὴν
668 2668 696 2694 ὲν
718 2667 773 2698 τοῖς
795 2665 885 2701 ἔργοις

139 2812 160 2828 ⁵⁸
176 2812 187 2838 ι
207 2810 326 2838 Timotli.
339 2818 364 2842 γ,
386 2810 429 2838 17.

934 2220 1029 2240 mones
1041 2212 1207 2244 laborantes,
1217 2219 1287 2246 quos
1305 2210 1428 2244 virloqui
1442 2217 1494 2236 non
1508 2208 1615 2243 poterit.
1627 2217 1636 2233 ι
1652 2207 1717 2234 Pre-

935 2258 1067 2293 sbyteri,»
1093 2257 1189 2291 inquit,
1219 2255 1342 2289 «duplici
1364 2255 1466 2281 honore
1489 2253 1565 2288 digni
1597 2252 1719 2279 habean-

934 2306 990 2332 tur,
1006 2301 1122 2328 maxime
1137 2301 1183 2335 qui
1198 2300 1323 2326 laborant
1341 2298 1368 2325 in
1390 2306 1516 2325 sermone
1525 2298 1557 2323 “.
1573 2307 1581 2322 ι
1598 2297 1716 2332 Presby-

935 2351 985 2378 ter,
1003 2346 1079 2373 idest
1095 2346 1197 2376 senior,
1214 2345 1268 2372 dici
1283 2345 1362 2378 solet,
1386 2344 1431 2379 qui
1451 2342 1614 2370 insolentem
1631 2347 1657 2370 et
1679 2342 1719 2369 in-

936 2392 1089 2420 ordinatam
1106 2392 1226 2419 excessit
1241 2395 1361 2423 aetatem,
1379 2396 1405 2418 et
1423 2391 1467 2425 qui
1486 2390 1518 2417 ad
1528 2389 1641 2418 senilem
1659 2393 1718 2418 sta-

935 2443 992 2466 tum
1010 2439 1141 2473 pervenit.
1157 2438 1216 2471 Quo
1231 2439 1259 2465 iit
1279 2442 1308 2465 ut
1332 2439 1354 2465 si
1373 2438 1434 2472 quis
1452 2437 1488 2464 sit
1515 2440 1605 2464 mente
1632 2436 1719 2464 insta-

935 2485 1008 2516 bilis,
1032 2488 1058 2510 et
1073 2484 1155 2510 vitam
1182 2487 1244 2518 agat
1268 2482 1462 2514 inordinatam,
1488 2481 1511 2508 is
1533 2481 1653 2508 nondum
1677 2485 1719 2508 est

934 2530 1088 2566 presbyter,
1103 2530 1210 2557 etiamsi
1229 2529 1353 2556 videatur
1372 2528 1473 2555 habere
1489 2535 1584 2557 canos,
1603 2527 1651 2554 sed
1671 2527 1719 2554 ad-

935 2576 989 2603 huc
1003 2575 1045 2602 vir
1060 2579 1113 2602 est.
1132 2574 1277 2602 Sermones
1295 2581 1360 2608 ergo
1382 2573 1419 2599 illi
1436 2573 1481 2607 qui
1498 2580 1560 2599 vere
1577 2575 1642 2598 sunt
1664 2578 1720 2598 ser-

935 2628 1042 2653 mones,
1057 2620 1102 2655 qui
1129 2620 1196 2646 ﬁunt
1207 2619 1240 2647 ad
1261 2620 1413 2646 animarum
1427 2618 1616 2650 utilitatem,et
1631 2617 1719 2643 homi-

938 2666 1022 2694 nibus
1037 2669 1100 2694 sunt
1117 2665 1314 2696 conducibiles,
1334 2664 1351 2690 ii
1368 2664 1438 2699 pleni
1457 2667 1519 2691 sunt
1533 2663 1679 2690 sudoribus
1693 2665 1719 2688 et
