1989 3070
129 103 182 132 633

677 110 708 137 IN
729 111 991 140 ECCLESIASTEN.
1014 112 1154 141 llOMiLlA
1175 114 1195 142 l.

1691 120 1745 148 654

130 162 329 209 πεποιημένονς
344 173 353 189 ι
363 164 446 196 Αὐτὸ,
457 175 465 191 ι
476 166 553 201 φησὶ,
563 175 572 192 ι
584 167 614 193 τὸ
627 168 847 204 ποιηθησόμενον.
860 180 870 196 ι
883 170 899 196 Ἰ

966 175 1025 204 est;
1041 173 1144 207 etquid
1162 178 1205 200 cst
1228 173 1300 207 quod
1319 173 1423 200 factum
1446 173 1509 201 est?
1528 172 1681 209 ldipsum,»
1708 174 1749 200 in-

129 204 175 232 οὗν
188 206 311 241 βούλεται
323 209 352 235 τὸ
362 209 506 246 ἐρώτημα;
523 211 568 245 ‘Ei
582 212 741 246 ἀκολουθίας
757 215 834 249 ἡμῶν
845 215 913 250 πρὸς

129 252 209 278 αὑτὸν
232 253 278 288 ὰφ”
298 249 336 281 ὥν
353 256 553 293 μεμαθήκαμεν
565 278 572 289 ,
598 259 785 287 ἁντιτιθέντων
807 262 853 287 καὶ
868 249 913 288 λε-

129 297 230 331 γόντων
244 307 249 313 ”
265 298 297 327 El
317 300 404 329 ταῦτα
425 303 512 330 πάντα
530 305 687 340 ματαιότης.
710 305 829 340 δηλονότι
851 307 911 335 οὔτε

128 342 239 376 γέγονεν
261 343 290 370 ἓν
314 354 339 372 τι
359 346 460 373 τούτων
475 347 492 375 ἃ
506 348 558 383 οὐχ
569 349 715 384 ὑφέστηκε.
737 350 773 377 Τὸ
787 351 841 387 γὰρ
859 352 911 387 μά-

127 396 202 415 ταιον
218 389 326 422 πάντως
346 392 527 428 ἀνύπαρκτον.
556 395 591 421 Τὺ
613 395 640 421 δὲ
663 396 844 431 ἀνύπαρκτον,
862 398 911 425 οὐκ

127 433 160 460 ἄν
179 442 221 466 τις
238 435 266 461 ὲν
289 437 345 468 τοῖς
358 438 479 472 γεγονόσι
495 439 638 474 λογίσαιτο.
659 441 690 468 El
709 443 740 477 δὴ
762 443 846 470 ταῦτα
862 445 910 472 οὐκ

127 479 211 512 ἐστιν,
236 482 294 508 εἰπὲ
312 482 337 509 τί
358 483 414 510 ἐστι
433 484 464 511 τὸ
480 485 632 521 γενόμενον,
648 487 664 522 ἢ
681 489 710 514 ὲν
726 488 764 524 τῷ
778 486 845 516 εἶναι
862 490 910 524 μέ-

127 532 175 551 νει.
198 525 330 562 Σύντομος
346 526 393 554 οὖν
409 529 483 564 αὑτῷ
505 530 571 565 πρὸς
595 531 624 557 τὸ
646 533 782 568 ἐρωτηθὲν
804 535 820 569 ἡ
843 535 910 561 ἀπό-

126 578 217 605 κρισις
228 580 234 586 -
246 569 341 598 Βούλει
354 573 453 608 γνῶναι
467 574 492 601 τί
507 575 566 604 ἐστι,
577 575 606 602 τὸ
620 577 778 612 γενόμενον;
804 579 907 614 Nemori

125 616 152 643 τί
165 618 222 644 ἐστι
236 617 265 644 τὸ
278 619 414 654 ἐσόμενον,
431 620 477 647 καὶ
498 621 636 657 ὲπιγνὼσῃ
658 622 671 648 ὃ
694 623 798 658 γέγονε.
825 624 909 651 Τοῦτο

125 661 154 689 δέ
168 664 225 689 ἐστι
239 663 280 696 τὸ,
291 665 395 700 Νόησόν
409 674 464 702 μοι,
478 663 501 693 ὦ
512 667 648 703 ἄνθρωπε,
660 667 716 700 οἷος
737 670 839 706 γενήσῃ
863 671 907 698 διὰ

124 709 174 743 τῆς
189 709 288 744 ἀρετῆς
303 711 398 739 ἑαυτὸν
420 712 540 747 ὑψώσας,
556 714 580 740 εί
603 715 672 742 κατὰ
689 715 776 742 πάντα
793 716 837 743 διὰ
853 717 907 743 τῶν

124 754 234 787 ἀγαθῶν
249 758 428 792 χαρακτήρων
442 758 491 793 τὴν
505 758 592 794 ψυχὴν
611 760 791 796 μορφωθείης,
810 763 833 788 εί
848 762 906 794 -ἔξω

125 799 213 833 γένοιο
228 801 281 827 τῶν
295 802 343 836 τῆς
357 803 455 836 κακίας
471 804 594 840 κηλίδων,
610 807 633 832 εί
649 807 737 833 πάντα
752 807 836 843 ῥύπον
853 808 906 835 τῶν

963 217 1033 252 quit,
1053 228 1061 243 ι
1076 219 1148 253 quod
1169 218 1325 246 faciendum
1341 223 1392 247 est.
1405 228 1415 246 ι
1438 219 1509 252 Quid
1529 226 1594 254 ergo
1611 220 1663 247 sibi
1692 219 1749 246 vult

965 263 1021 290 haec
1037 263 1234 299 interrogatio?
1248 264 1316 291 Cum
1328 272 1378 292 nos
1396 273 1427 292 ex
1448 265 1646 299 consequentia
1666 273 1698 291 ex
1714 265 1747 292 iis

962 317 1022 344 qua:
1046 310 1194 337 didicimus
1216 311 1240 337 ci
1267 311 1452 345 objicercmns
1473 315 1501 338 et
1526 311 1681 338 diceremus
1696 317 1701 335 :
1716 309 1744 337 Si

961 355 1019 382 hinc
1029 356 1120 382 omnia
1134 360 1198 383 sunt
1210 356 1508 391 vanitas,perspicuum
1521 361 1562 384 est
1576 357 1648 391 quod
1658 365 1746 390 neque

961 400 1012 427 fuit
1027 401 1176 436 quidquam
1199 410 1230 428 ex
1255 401 1288 429 iis
1304 410 1365 436 qua:
1391 410 1445 429 non
1467 403 1660 429 constiterunt.
1677 402 1743 429 Nam

960 447 1032 480 quod
1050 454 1149 473 vanum
1174 451 1226 479 est,
1250 448 1362 475 omnino
1390 456 1443 474 non
1469 452 1559 482 potest
1579 448 1743 474 consistere.

960 489 1037 522 Quod
1053 495 1145 517 autem
1170 498 1222 518 non
1255 497 1343 526 potest
1363 492 1526 524 emisisterc.
1557 500 1637 519 nemo
1661 492 1688 518 in
1711 493 1744 519 iis

959 543 1020 569 qua:
1032 536 1142 563 luerunt
1159 538 1337 571 reputaverit.
1353 538 1401 564 Sin
1419 542 1510 566 autem
1526 538 1583 565 haec
1598 546 1652 564 non
1669 543 1743 569 sunt,

959 581 1002 608 dic
1017 581 1082 616 quid
1102 582 1137 609 sit
1152 583 1223 617 quod
1237 583 1296 614 fuit.
1312 587 1361 610 aut
1385 583 1613 618 quemadmodum
1636 588 1744 611 maneat

959 626 985 653 in
1001 617 1133 655 essrntia.
1146 628 1186 654 Ad
1203 633 1327 663 rogatum
1340 637 1406 664 ergo
1421 629 1513 656 brevis
1525 633 1568 656 est
1586 629 1610 656 ei
1627 637 1744 663 respon-

958 672 999 699 sio
1019 671 1085 701 :Vis
1096 673 1167 700 scire
1178 673 1244 708 quid
1263 675 1299 701 sit
1324 675 1397 708 quod
1415 674 1474 705 fuit,
1500 675 1589 709 cogita
1612 675 1677 708 quid
1704 675 1742 701 sit

957 717 1028 752 quod
1044 722 1086 745 est
1099 717 1233 750 futurum,
1249 723 1276 746 et
1291 726 1442 754 cognosces
1460 719 1485 746 id
1502 719 1575 754 quod
1598 719 1658 746 fuit.
1686 718 1742 747 lloc

956 767 1046 791 autem
1062 767 1103 791 est
1123 772 1129 790 :
1146 759 1251 799 Cogita,
1266 772 1282 790 ο
1298 766 1389 797 homo,
1405 765 1494 799 qualis
1512 765 1621 792 futurus
1633 765 1739 800 sis.qui

957 811 982 834 te
999 815 1046 843 per
1061 808 1190 836 virtutem
1203 809 1230 837 in
1248 809 1332 836 altum
1351 810 1485 841 extulisti.
1517 811 1540 837 si
1564 811 1590 837 in
1611 811 1741 838 omnibus

125 846 224 872 ὑλικῶν
236 847 414 883 μολυσμάτων
424 850 473 884 τῆς
483 851 579 878 ἑαυτοῦ
593 852 698 886 φύσεως
713 854 899 886 άποκλύσειας.

957 853 1076 880 animant
1103 853 1267 882 formaveris
1298 854 1378 882 bonis
1406 854 1623 887 characteribns,
1654 855 1677 882 si
1707 855 1742 882 ab

123 891 149 918 τί
168 893 272 932 ,γενήσῃ
296 893 340 920 διά
355 894 409 921 τῶν
423 895 549 922 τοιούτων
568 897 800 932 καλλωπιζόμενος
813 918 820 931 ,
846 900 905 926 οἵαν

123 938 228 973 σεαυτῷ
255 940 412 975 περιθήσεις
445 943 564 977 μορφήν,
595 943 657 970 Ἐὰν
681 944 759 970 τοῦτο
784 944 905 982 λογισμῷ

122 984 300 1021 κατανοήσῃς,
311 984 451 1021 ἐδιδάχθης
463 986 494 1013 τὸ
506 988 534 1013 ἐν
549 989 603 1019 τοῖς
619 989 736 1024 πρώτοις
749 990 903 1026 γενόμενον,

121 1028 150 1054 τὸ
164 1030 222 1056 κατ’
240 1030 330 1057 εἰκόνα
350 1031 416 1057 Θεοῦ
435 1033 479 1058 καὶ
494 1032 631 1067 ὁμοίωσιν.
657 1035 711 1061 Καὶ
734 1035 784 1062 ποῦ
809 1036 856 1062 νῦν
875 1038 903 1063 ὲ-

120 1074 193 1100 κεῖνό
208 1075 292 1108 ἐστιν,
306 1076 359 1111 ἐρῶ
382 1076 449 1112 πρὸς
458 1077 545 1104 ταῦτα
559 1078 726 1112 διδάσκοντα,
744 1080 758 1106 ὅ
779 1089 844 1108 ποτε
859 1082 904 1115 γέ-

120 1126 180 1151 γονε
195 1138 202 1150 ,
226 1120 274 1146 καὶ
287 1115 335 1152 ἐἰς
359 1121 470 1155 ὕστερον
494 1121 570 1155 αὖθις
587 1124 734 1157 ἐλπίζεται,
751 1125 797 1152 νῦν
811 1126 839 1153 δὲ
854 1127 903 1154 οὐκ

119 1162 208 1196 ἔστινς
241 1164 309 1191 Ἀλλ’
331 1165 505 1201 ἀποκρίνεται
522 1168 630 1200 πάντως
654 1169 698 1195 τὸν
722 1170 802 1196 αὐτὸν
824 1170 902 1204 λόγον

119 1209 184 1243 ἡμῖν
198 1210 212 1235 ὁ
225 1209 258 1236 τὰ
272 1210 360 1244 ὑψηλὰ
376 1211 518 1245 παιδεύων,
531 1212 571 1239 ὅτι
586 1212 628 1239 διὰ
643 1213 721 1241 τοῦτο
734 1214 769 1242 τὰ
781 1216 903 1251 παρόντα

120 1255 266 1290 ματαιότης
279 1255 445 1291 ὠνόμασται,
463 1257 528 1284 διότι
543 1260 633 1285 ἐκεῖνα
655 1261 683 1286 ὲν
699 1261 754 1292 τοῖς
770 1261 902 1297 παροῦσιν

117 1300 167 1326 οὐκ
190 1300 257 1328 ἔστι.
283 1302 337 1328 Καὶ
359 1302 394 1335 τί,
412 1304 494 1339 φησὶ,
516 1304 545 1330 τὸ
562 1305 760 1340 πεποιημένονς
781 1307 852 1334 Αὐτὸ
872 1307 902 1334 τδ

117 1346 339 1382 ποιηθησόμενον.
367 1349 469 1384 Μηδεὶς
490 1350 544 1376 τῶν
564 1351 716 1378 ἀκουόντων
741 1352 901 1388 πολυλογίαν

117 1388 235 1423 ἡγείσθω
254 1390 300 1416 καὶ
316 1391 432 1426 ματαίαν
447 1393 509 1419 τινὰ
533 1395 662 1429 ῥημάτων
676 1396 855 1432 ἐπανάληψιν,
872 1400 900 1425 ἐν

116 1435 149 1468 τῇ
173 1434 287 1471 διαφορᾷ
314 1436 360 1462 τοῦ
387 1438 527 1472 γεγονότος
553 1441 599 1467 καὶ
629 1440 675 1467 τοῦ
705 1443 898 1478 πεποιημένου.

116 1481 239 1508 Δείκνυσι
254 1482 308 1518 γὰρ
323 1483 355 1509 δι’
371 1484 500 1521 ἐκατέρου
517 1486 570 1513 τῶν
583 1487 713 1523 ῥημάτων
727 1489 740 1516 ὁ
752 1489 829 1523 λόγος
850 1491 899 1526 τὴν

116 1526 164 1560 τῆς
189 1526 276 1562 ψυχῆς
302 1528 370 1562 πρὸς
397 1529 446 1564 τὴν
468 1530 556 1565 σάρκα
580 1531 720 1568 διαφοράν.
746 1534 858 1568 Γέγονεν
882 1536 898 1570 ἡ

114 1570 198 1606 ψυχὴ,
211 1571 257 1598 καὶ
270 1573 300 1599 τὸ
313 1573 391 1608 σῶμα
402 1575 556 1610 πεποίηται,
572 1577 630 1603 Οὐκ
643 1578 735 1614 ἐπειδὴ
746 1579 809 1606 ἄλλο
818 1589 843 1606 τι
854 1582 899 1608 καὶ

114 1615 178 1641 ἄλλο
193 1617 318 1651 σημαίνει
340 1618 393 1645 τῶν
410 1620 540 1655 ῥημάτων
556 1621 572 1656 ή
594 1621 711 1657 ἔμφασις
734 1625 767 1660 τῇ
784 1624 898 1662 διαφορᾷ.

113 1661 198 1697 ταύτῃ
212 1663 342 1699 κέχρηται
359 1664 413 1692 τῶν
430 1666 560 1703 ῥημάτων
578 1667 620 1702 ἐφ’
638 1669 766 1706 ἐκατέρου
781 1671 835 1698 τῶν

115 1708 283 1743 μαινομένων
303 1710 318 1736 ὀ
334 1710 411 1745 λόγος
423 1719 430 1726 ·
453 1712 509 1738 ἀλλ’
525 1713 567 1740 ἵνα
592 1722 632 1741 σοι
650 1714 688 1751 δῷ
703 1716 737 1743 τὰ
756 1717 898 1754 πρόσφορα

114 1753 177 1788 περὶ
192 1754 323 1791 ἑκατέρου
337 1755 501 1791 λογίζεσθαι,
515 1759 602 1786 έκεῖνο
612 1761 672 1786 κατ’
687 1761 774 1797 ἀρχὰς
788 1753 897 1797 γέγονεν

113 1799 129 1833 ἡ
146 1799 227 1834 ψυχὴ,
240 1800 254 1826 ὃ
265 1801 304 1833 είς
319 1800 431 1837 ὕστερον
446 1803 650 1840 καθαρισθεῖσα.
666 1807 747 1835 πάλιν
760 1808 898 1845 ἀναφανή-

114 1852 199 1871 σεται.
232 1845 334 1872 Ἐκεῖνο
358 1848 505 1883 πεποίηται
526 1851 586 1882 ταῖς
609 1853 686 1887 χερσὶ
708 1853 755 1880 τοῦ
777 1854 844 1881 Θεοῦ
867 1855 896 1882 τὸ

113 1888 193 1923 σῶμα
208 1889 402 1925 πλαττόμενον,
421 1893 435 1919 ὃ
451 1893 532 1927 δείξει
549 1896 605 1927 τοῖς
621 1896 771 1931 καθήκουσι
791 1899 895 1934 χρόνοις

111 1934 203 1969 αὺτδή
221 1935 376 1968 ἀνάστασις.
398 1938 503 1966 Ὁποῖον
515 1941 569 1976 γὰρ
582 1941 625 1968 ἀεὶ
638 1944 707 1977 μετὰ
717 1943 766 1979 τὴν
779 1945 896 1972 ἀνάστα⁸

113 1987 156 2005 σιν
170 1979 245 2011 ῐδοις,
256 1980 375 2008 τοιοῦτον
387 1983 496 2016 πάντως
510 1986 584 2021 παρὰ
595 1986 642 2022 τὴν
655 1987 766 2023 πρώτην
779 1990 895 2026 πεποίη-

110 2034 166 2072 ται.
196 2026 263 2053 οὐδὲ
289 2027 342 2063 γὰρ
365 2026 430 2055 ἄλλο
453 2029 479 2058 τί
502 2031 576 2058 ἐστιν
596 2034 612 2067 ἠ
637 2029 793 2067 ἀνάστασις,
817 2037 894 2072 εἰμὴ

110 2071 219 2104 πάντως
234 2073 250 2108 ή
266 2073 306 2104 είς
320 2073 349 2100 τὺ
363 2074 473 2110 ἀρχαῖον
487 2077 716 2111 ἀποκατάστασις.

143 2209 189 2236 Διδ
202 2211 306 2243 τούτοις
321 2212 419 2245 ἐπάγει
441 2213 488 2239 καὶ
509 2214 539 2240 τὸ
561 2215 707 2242 ἀκόλουθον
725 2217 826 2252 λέγων.
852 2219 892 2247 ὃτι

108 2254 161 2287 ἕξω
173 2255 218 2281 τοῦ
231 2256 344 2292 ἀρχαίου
359 2257 433 2284 ἐστὶν
448 2258 533 2285 οὐδέν.
560 2269 569 2285 ι
582 2260 638 2287 Οὐκ
654 2260 712 2287 ἐστι
725 2261 801 2298 ιγὰρ,
814 2265 890 2298 φησὶ,

113 2301 183 2327 «πᾶν
191 2299 344 2335 πρόσφατον
352 2301 456 2329 ὐπὺτὺν
474 2303 563 2338 ἥλιον·
587 2313 597 2330 ι
623 2305 661 2337 ὡς
681 2305 714 2332 ἂν
733 2307 758 2332 εί
780 2306 887 2342 ἔλεγεν1

107 2344 185 2370 δτιεί
201 2344 238 2380 μὴ
257 2345 326 2372 κατὰ
346 2346 376 2372 τὸ
390 2346 501 2382 ἀρχαῖόν
517 2349 607 2381 ἐστιν,
628 2350 705 2377 οὐδέν
724 2351 797 2378 ἐστιν
813 2352 890 2385 ὅλως,

108 2389 176 2416 ἀλλὰ
197 2390 346 2425 νομίζεται.
372 2392 409 2417 Οὐ
425 2392 479 2428 γάρ
492 2393 566 2425 ἐστι,
589 2395 671 2430 φησὶ,
694 2396 847 2430 πρόσφατόν
866 2406 891 2424 τι

108 2435 161 2462 ὑπὸ
173 2436 218 2463 τὸν
231 2436 314 2472 ἥλιον,
330 2437 400 2464 ὥστε
421 2438 535 2474 λαλῆσαί
553 2448 614 2467 τινα
635 2441 681 2469 καὶ
701 2442 785 2475 δεῖξαί
799 2452 825 2469 τι
837 2443 890 2469 τῶν

106 2482 319 2517 ἐπιγινομένων,
345 2484 384 2510 ὅτι
407 2484 497 2511 καινόν
523 2486 580 2512 ἐστι
603 2486 681 2513 τοῦτο
705 2488 752 2514 καὶ
774 2487 812 2523 τῷ
834 2488 890 2515 δντι

106 2526 268 2562 ὑφέστηκεν.
294 2528 368 2563 Αὕτη
385 2529 440 2555 τῶν
462 2530 614 2565 εἰρημένων
629 2532 709 2558 ’ἐστὶν
734 2533 749 2567 ή
775 2533 887 2561 διάνοια.

111 2573 143 2599 Ἦ
156 2573 184 2599 δὲ
197 2573 267 2606 λέξις
280 2574 372 2601 τοῦτον
386 2575 441 2610 ἔχει
453 2577 498 2602 τὸν
512 2577 608 2612 τρόπον
620 2578 686 2605 ’Καὶ
700 2579 749 2605 οὐκ
762 2579 819 2605 ἐστι
836 2581 890 2607 πᾶν

105 2620 261 2653 πρόσφατον
281 2620 332 2646 ὑπὸ
348 2621 391 2647 τὸν
406 2621 479 2655 ἥλιον
502 2621 531 2653 ὃς
548 2622 658 2658 λαλήσει
683 2624 729 2650 καὶ
752 2624 818 2659 ὲρεί,
837 2625 888 2651 Ἴδε

106 2665 187 2691 τοῦτο
201 2666 293 2693 καινόν
307 2667 375 2693 ἐστι.
388 2667 442 2694 Καὶ
456 2668 653 2701 ἐπαγωνίζεται
667 2670 723 2701 τοῖς
736 2670 888 2705 εἰρημένοις

103 2711 150 2737 διὰ
167 2710 222 2738 τῶν
236 2711 333 2746 ἑφεξῆς
346 2711 432 2746 λέγων
442 2721 448 2728 ·
472 2722 481 2737 ι
494 2711 528 2738 Εἴ
541 2721 566 2738 τι
581 2713 697 2748 ἀληθῶς,
717 2715 792 2749 φησὶ,
810 2714 888 2749 γέγο-

102 2765 158 2788 νεν,
175 2757 262 2784 ἐκεῖνό
276 2758 360 2789 ἔστιν,
378 2759 392 2784 ὃ
410 2759 438 2784 ὲν
457 2760 511 2790 τοῖς
533 2758 628 2785 αἰῶσιν
644 2760 751 2793 ἐγένετο
767 2762 819 2792 τοῖς
836 2761 887 2796 πρὸ

101 2801 191 2837 ἡμῶν.
210 2812 220 2829 ι
248 2802 355 2839 Ταύτην
375 2804 427 2840 γὰρ
447 2804 610 2834 ἐνδείκνυται
627 2805 674 2842 τὴν
690 2805 805 2834 διάνοιαν
821 2807 887 2834 αὐτὰ

955 899 1082 927 omnibus
1101 900 1158 926 vitii
1174 900 1294 928 maculis
1310 900 1395 928 fueris
1413 905 1543 933 remotus,
1573 901 1595 928 si
1615 902 1741 928 materia-

956 944 1021 970 lium
1040 945 1309 979 inquinamentornm
1329 946 1424 973 sordes
1440 953 1455 972 a
1475 949 1522 973 tua
1548 950 1646 974 natura
1663 946 1740 974 elue-

954 990 1010 1022 ris,
1027 990 1103 1025 quid,
1115 990 1237 1025 inquam.
1256 990 1368 1019 futurus
1384 992 1450 1023 eris,
1464 991 1486 1018 si
1503 991 1542 1019 sis
1554 992 1594 1018 sic
1610 996 1736 1022 ornatus.

953 1041 980 1063 et
997 1035 1070 1075 quali
1099 1040 1126 1063 te
1151 1035 1240 1063 forma
1264 1044 1295 1064 es
1319 1036 1476 1065 induturus.
1497 1037 1526 1064 Si
1551 1037 1608 1064 inec
1631 1037 1738 1065 ratione

953 1082 1206 1116 comprehenderis,
1222 1082 1343 1110 didicisti
1358 1083 1424 1118 quid
1448 1083 1484 1111 sit
1500 1083 1525 1111 id
1543 1083 1616 1118 quod
1640 1083 1692 1111 fuit
1707 1083 1734 1111 in

953 1124 1060 1158 primis,
1081 1132 1176 1160 nempe
1188 1126 1260 1161 quod
1278 1126 1328 1153 fuit
1344 1126 1377 1154 ad
1393 1125 1438 1154 Dei
1457 1127 1601 1162 imaginem
1613 1132 1639 1154 et
1653 1127 1732 1155 simi-

952 1171 1105 1199 litudinem.
1119 1171 1152 1199 Et
1167 1173 1212 1200 ubi
1231 1180 1303 1200 nunc
1316 1173 1383 1200 illud
1402 1177 1444 1201 est
1456 1173 1555 1208 (dicam
1575 1173 1599 1201 ei
1615 1174 1660 1208 qui
1682 1174 1739 1202 hac

952 1217 1042 1251 docet)
1059 1217 1130 1253 quod
1144 1217 1196 1245 fuit
1219 1217 1377 1254 aliquando,
1397 1222 1424 1246 et
1441 1219 1619 1254 in-posterum
1640 1226 1738 1246 rursus

952 1268 1091 1298 speratur,
1108 1271 1181 1290 nunc
1194 1267 1285 1291 autem
1296 1271 1357 1295 non
1370 1264 1433 1291 est?
1446 1263 1518 1292 ldeui
1542 1270 1633 1292 autem
1657 1265 1738 1291 nobis

952 1308 1108 1343 respondet,
1124 1309 1171 1344 qui
1187 1317 1239 1338 nos
1252 1309 1331 1337 docet
1346 1310 1493 1338 sublimia:
1511 1310 1582 1345 quod
1593 1314 1737 1345 propterea

951 1354 1097 1388 praesentia
1118 1355 1260 1382 nominata
1283 1359 1348 1383 sunt
1368 1356 1488 1387 vanitas,
1510 1355 1583 1390 quod
1606 1356 1652 1383 illa
1682 1363 1736 1382 non

951 1405 1015 1428 sunt
1031 1400 1101 1428 inter
1121 1403 1278 1436 przescntia.
1304 1401 1336 1428 Et
1351 1401 1417 1436 quid
1428 1407 1469 1430 est
1484 1401 1557 1437 quod
1573 1401 1672 1429 factum
1683 1400 1738 1430 est?

952 1446 1040 1480 lpsum
1059 1446 1132 1481 quod
1156 1447 1311 1474 iaciendum
1333 1451 1384 1475 est.
1414 1447 1499 1474 Nemo
1518 1455 1550 1474 ex
1572 1447 1607 1475 iis
1622 1447 1668 1482 qui
1688 1455 1737 1475 au-

950 1490 1040 1522 diunt,
1053 1491 1193 1519 existimet
1201 1499 1262 1519 esse
1276 1499 1505 1527 supervacaneam
1514 1496 1541 1519 et
1554 1492 1662 1519 inanem
1676 1500 1737 1519 ver-

951 1536 1049 1573 borum
1065 1537 1254 1571 repetitionem
1281 1537 1308 1564 in
1326 1537 1481 1565 dill'crentia
1506 1538 1565 1572 ejus
1591 1537 1663 1572 quod
1687 1538 1737 1565 fuit

951 1585 977 1608 et
991 1581 1064 1616 quod
1087 1582 1189 1609 factum
1213 1586 1265 1610 est.
1282 1582 1334 1610 Per
1357 1587 1503 1618 utrumque
1522 1583 1594 1610 enim
1623 1583 1735 1611 verbum

950 1626 1071 1654 ostendit
1084 1627 1174 1654 oratio
1188 1627 1286 1654 animae
1310 1634 1324 1653 a
1351 1634 1436 1654 carne
1458 1627 1651 1654 cliﬂ‘erentiam.
1673 1626 1737 1653 Fuit

950 1679 998 1700 seu
1014 1678 1074 1699 orta
1086 1677 1128 1700 est
1141 1673 1244 1704 anima,
1259 1675 1285 1699 et
1301 1680 1401 1707 corpus
1413 1672 1514 1699 factum
1529 1677 1580 1700 est.
1592 1671 1650 1699 Non
1665 1680 1735 1705 quo-

950 1717 1024 1743 niam
1037 1716 1111 1743 aliud
1130 1720 1156 1743 et
1173 1716 1247 1743 aliud
1265 1717 1403 1752 signiﬁcat
1426 1717 1571 1744 verborum
1593 1717 1736 1750 emphasis

948 1762 999 1789 hac
1012 1763 1154 1789 verborum
1170 1763 1254 1790 utitur
1270 1761 1420 1790 iliﬂ‘erenlia
1447 1763 1474 1789 in
1495 1763 1732 1797 utroque-signiﬁ-

949 1813 1021 1840 cato,
1037 1807 1085 1835 sed
1099 1812 1125 1835 et
1141 1808 1190 1835 tibi
1209 1807 1340 1835 conced.-.t
1355 1815 1386 1835 ea
1405 1816 1466 1844 quae
1489 1815 1608 1843 congrua
1623 1812 1687 1835 sunt
1701 1807 1735 1835 de

949 1856 1064 1888 utroque
1080 1853 1234 1886 mstimare;
1265 1853 1292 1880 In
1318 1852 1453 1888 principio
1469 1852 1535 1880 illud
1558 1853 1609 1879 fuit
1631 1852 1733 1885 anima,

948 1897 1019 1932 quod
1035 1898 1170 1932 posterius
1185 1902 1298 1934 purgata
1312 1905 1410 1925 rursus
1434 1898 1584 1933 apparebit.
1607 1897 1674 1924 lllud
1694 1897 1735 1924 fa-

949 1946 1022 1969 ctum
1037 1945 1078 1969 est
1093 1941 1138 1970 Dei
1152 1937 1289 1975 manibus,
1307 1942 1379 1978 quod
1395 1946 1422 1970 et
1447 1941 1539 1969 [iclum
1559 1945 1602 1970 est
1621 1949 1732 1977 corpus,

948 1988 1020 2023 quod
1038 1988 1125 2024 ipsum
1155 1989 1381 2017 convenientibus
1410 1988 1578 2023 temporibus
1607 1987 1734 2016 ostendet

949 2035 1124 2062 resurrectio.
1144 2034 1230 2068 Quale
1251 2035 1323 2063 enim
1342 2042 1450 2070 semper
1476 2035 1579 2062 videris
1602 2039 1663 2069 post
1689 2042 1731 2062 re-

948 2080 1156 2111 surrectionem,
1175 2081 1229 2108 tale
1248 2083 1359 2108 omnino
1383 2081 1470 2116 primo
1486 2080 1586 2108 factum
1606 2085 1659 2108 est.
1677 2079 1731 2107 Ne.

948 2133 1000 2160 que
1012 2126 1084 2153 enim
1099 2130 1141 2153 est
1157 2126 1258 2161 aliquid
1272 2127 1345 2154 aliud
1360 2127 1539 2157 resurrectio.
1556 2127 1609 2153 nisi
1624 2134 1684 2161 qua:
1699 2127 1728 2153 lit

944 2172 1055 2199 omnino
1072 2171 1098 2198 in
1114 2172 1259 2206 pristinum
1272 2176 1372 2200 statum
1390 2173 1536 2201 restitutio.

979 2217 1160 2250 Quamobrem
1176 2218 1219 2245 his
1241 2218 1335 2252 adjicit
1352 2217 1379 2244 id
1397 2219 1469 2253 quod
1484 2222 1525 2245 est
1541 2225 1729 2252 eonsoquens,

943 2261 1050 2294 dicens,
1063 2262 1131 2290 nihil
1145 2270 1207 2291 esse
1218 2266 1295 2290 extra
1310 2262 1336 2289 id
1350 2262 1422 2297 quod
1435 2267 1477 2290 est
1491 2263 1525 2289 ab
1541 2262 1628 2289 initio.
1648 2271 1657 2287 I
1678 2261 1726 2288 Ni-

943 2308 981 2335 hil
1001 2312 1044 2336 est
1057 2315 1067 2332 I
1078 2308 1162 2343 enim,
1188 2308 1286 2343 inquit,
1299 2319 1308 2334 ι
1323 2316 1420 2336 recens
1434 2309 1485 2335 sub
1494 2308 1551 2335 sole
1566 2316 1572 2335 :
1594 2317 1602 2333 I
1618 2307 1730 2342 perinde

942 2362 974 2381 ac
988 2354 1011 2382 si
1026 2355 1143 2382 diceret:
1160 2354 1219 2383 Nisi
1230 2355 1265 2382 sit
1278 2359 1308 2382 ut
1326 2354 1376 2381 fuit
1391 2355 1543 2389 antiquitus
1557 2354 1626 2381 etab
1640 2354 1729 2384 initio,

942 2398 1009 2425 nihil
1023 2402 1066 2426 est
1084 2399 1206 2438 omnino,
1227 2399 1274 2427 sed
1289 2399 1472 2426 existimatur.
1487 2397 1559 2425 Nihil
1584 2401 1627 2426 est
1642 2398 1727 2430 enim,

942 2443 1041 2478 inquit,
1057 2451 1156 2472 recens
1171 2444 1223 2472 sub
1240 2443 1308 2476 sole,
1328 2449 1356 2471 ut
1370 2443 1472 2479 aliquis
1489 2443 1576 2478 possit
1600 2443 1685 2478 loqui,
1702 2447 1729 2470 et

941 2491 1084 2517 ostendere
1100 2489 1203 2524 aliquid
1218 2489 1296 2517 exiis
1313 2497 1372 2525 qua:
1387 2493 1449 2524 post
1466 2489 1544 2520 ﬁunt,
1560 2488 1611 2516 hoc
1626 2496 1727 2515 novum

940 2543 1001 2564 esse
1025 2541 1052 2564 et
1078 2543 1172 2563 revera
1203 2536 1366 2564 consistere.
1391 2535 1440 2562 llic
1454 2538 1497 2561 est
1514 2541 1611 2562 sensus
1630 2541 1734 2560 corum‘

939 2589 999 2615 qua:
1015 2581 1087 2609 dicta
1108 2587 1184 2609 sunt.
1203 2580 1259 2608 lloc
1283 2581 1363 2609 modo
1378 2586 1468 2608 autem
1493 2588 1523 2608 se
1537 2580 1619 2608 habet
1634 2580 1731 2608 dictio:

940 2626 1011 2653 Nihil
1019 2631 1061 2655 est
1067 2627 1117 2654 sub
1126 2627 1183 2654 sole
1197 2634 1303 2657 recens.
1311 2634 1360 2654 nec
1368 2630 1409 2654 est
1416 2626 1461 2661 qui
1471 2627 1597 2661 loquatur
1604 2629 1632 2653 et
1643 2626 1729 2660 possit

939 2671 1039 2703 dicere,
1050 2671 1118 2699 Ecce
1129 2671 1180 2698 hoc
1190 2675 1232 2698 est
1243 2678 1348 2699 recens.
1357 2670 1391 2698 lis
1400 2675 1488 2698 autem
1498 2678 1558 2706 quae
1567 2671 1638 2697 dicta
1651 2674 1725 2700 sunt.

940 2725 986 2751 per
1001 2725 1032 2744 ea
1048 2724 1108 2751 qua:
1121 2717 1252 2751 deinceps
1267 2721 1430 2751 sequuntur,
1450 2716 1550 2743 addere
1570 2714 1724 2744 contendit,

939 2763 1052 2790 dicens:
1072 2772 1080 2787 ι
1099 2762 1126 2789 Si
1138 2762 1214 2797 quid,
1236 2772 1245 2788 ι
1268 2763 1365 2797 inquit,
1386 2772 1394 2787 ι
1420 2769 1482 2790 vere
1500 2762 1560 2793 fuit,
1590 2761 1657 2788 illud
1682 2764 1726 2788 est

943 2808 1013 2843 quod
1047 2807 1097 2835 fuit
1123 2808 1149 2835 in
1182 2808 1290 2837 swculis
1317 2816 1377 2844 qu.e
1407 2807 1519 2837 fuerunt
1544 2811 1605 2834 ante
1633 2813 1684 2833 nos
1710 2814 1721 2832 ι
