1989 3070
79 131 130 159 637

114 186 206 213 Ταῦτα
221 184 265 213 οὖν
284 189 296 213 ὁ
312 188 434 223 ἀληθινὸς
456 190 668 225 Ἐκκλησιαττὴς
684 191 859 226 διεξέρχεται,
877 197 898 221 Α

77 231 220 263 διδάσκων,
236 231 321 267 οἶμαι,
345 233 375 259 τὸ
394 233 464 268 μέγα
487 235 535 270 τῆς
551 236 689 268 εὐσεϐείας
706 237 862 271 μυστήριον,

77 276 138 302 ὅτου
150 277 228 311 χᾶτριν
240 277 268 302 ἐν
283 278 362 312 σαρκὶ
373 278 386 303 ὀ
397 278 461 304 Θεὸς
477 280 645 315 ἐφανερώθη,
666 291 674 305 ι
684 281 789 307 "eam
798 281 861 315 γὰρ,

79 322 153 356 φησι.
172 321 219 356 τὴν
237 322 350 357 καρδίαν
369 331 417 356 μου
435 323 481 349 τοῦ
497 314 645 359 έκζητῆσαι
658 326 704 352 καὶ
721 326 766 351 τοῦ
781 335 863 352 κατα-

79 367 228 401 σκέψασθαι
244 368 272 393 ἐν
287 369 368 403 σοφίᾳ
381 370 443 403 περὶ
459 370 566 396 πάντων
580 371 632 396 τῶν
648 371 800 405 γενομένων
810 371 863 397 ὑπὸ

78 412 122 440 τὸν
145 413 266 448 οὐρανόν.
284 423 293 438 ι
320 414 391 449 Λῦτη
419 416 434 450 ἡ
461 415 534 441 αἰτία
560 416 605 441 τοῦ
633 417 799 452 ἐπιδημῆσαι
820 417 863 444 διὰ

79 458 178 492 σαρκὸς
201 460 256 490 τοῖς
282 460 433 494 ἀνθρώποις
449 461 493 486 τὸν
509 460 609 495 Κύριον
622 482 630 494 ,
658 461 688 488 τὸ
709 461 798 488 δοῦναι
815 461 863 497 τὴν

78 504 191 538 καρδίαν
205 503 288 530 αὐτοῦ
305 505 344 536 εἰς
359 505 389 530 τὸ
404 506 602 540 ἐπισκέψασθαι
617 507 644 532 ὲν
656 508 689 542 τῇ
704 507 784 542 σοφίᾳ
799 507 859 533 tam

76 549 123 575 τοῦ
141 549 271 584 περὶτῶν
295 550 346 576 ὑπὸ
361 551 405 575 τὸν
428 551 542 586 οὐρανὸν
567 552 727 586 γενομένων.
755 552 794 578 Τὰ
809 552 862 587 γὰρ

78 594 148 629 ὑπὲρ
160 594 205 620 τὸν
222 596 334 629 οὐρανὸν
349 596 397 622 οὐκ
411 596 494 623 ἐδεῖτο
507 596 554 623 τοῦ
570 597 811 631 ἐπισκεπτομένου,
825 597 862 629 ὡς

77 640 137 665 ouis
161 639 206 665 τοῦ
225 639 393 674 ἰατρεύοντος
413 641 443 667 τὸ
463 641 499 676 μὴ
519 643 551 676 τῇ
575 642 644 676 νόσῳ
660 642 860 677 κρατούμενονο

77 685 137 710 ἐπεὶ
154 683 200 711 οὖν
216 686 279 720 περὶ
294 686 344 720 γῆν
361 685 395 712 τὰ
413 687 494 713 κακά.
518 687 554 712 Τὸ
569 687 623 722 γὰρ
639 687 800 722 ἑρπυστικὺν
815 689 862 714 καὶ

78 725 164 764 β’ίαιον
181 729 273 765 θηρίον
292 731 306 756 ὁ
331 731 391 765 ὄφις
415 732 460 757 ἐπὶ
483 731 521 766 τῷ
547 732 640 766 στήθει
657 732 702 758 καὶ
718 733 750 767 τῇ
775 733 862 768 κοιλίᾳ

78 774 234 809 συρόμενος,
259 775 355 810 βρῶμα
380 778 495 802 ποιεῖται
509 776 558 812 τὴν
572 777 633 811 γῆν,
650 777 725 802 οὐδὲν
739 776 794 802 τῶν
815 777 860 803 ού-

79 820 176 854 ρανίων
190 820 356 855 σιτούμενος,
371 820 425 847 ἀλλ’
441 823 469 847 ὲν
480 822 517 856 τῷ
532 822 690 857 πατουμένῳ
704 821 860 857 συρόμενος,

622 135 654 161 IN
674 132 939 162 ECCLESIASTEN.
955 130 1091 158 “0):”le
1114 129 1146 155 ll.

1644 127 1695 156 658

949 188 1010 215 Ilaec
1024 195 1088 222 ergo
1099 186 1271 222 persequitur
1284 192 1363 212 verus
1375 183 1566 219 Ecclesnastes,
1583 187 1698 221 docens.

916 238 944 260 ut
964 233 1092 265 arbitror,
1122 239 1249 265 magnum
1274 232 1382 265 pietatis
1413 234 1584 268 mysterium,
1602 241 1698 268 nempe

914 287 1033 313 quartam
1051 278 1084 305 de
1097 285 1180 304 causa
1208 277 1278 304 Deus
1297 278 1323 304 in
1339 285 1422 305 carne
1442 279 1478 305 sit
1494 279 1696 307 manifestatus.

917 333 926 350 ‹
951 324 1026 355 Dedi,
1049 333 1057 349 ι
1080 323 1177 358 inquit,
1206 332 1214 348 ι
1245 331 1293 349 cor
1318 331 1406 350 meum
1435 329 1464 350 ut
1492 331 1640 358 quaererem
1670 329 1697 353 et

914 371 1107 404 investigarent
1123 370 1150 396 iu
1166 370 1299 404 sapientia
1321 370 1355 396 de
1383 370 1511 397 omnibus
1538 378 1598 405 qua:
1627 371 1696 398 facta

914 415 1040 442 suntsub
1056 415 1123 441 sole.
1147 423 1156 440 ι
1188 413 1249 441 [hec
1268 417 1309 441 est
1340 421 1423 441 causa
1441 421 1491 440 cur
1510 414 1642 442 Dominus
1669 417 1696 442 in

913 467 996 487 carne
1009 460 1042 487 ad
1061 459 1186 486 homines
1200 459 1352 491 advenerit,
1372 463 1398 486 et
1421 459 1493 486 inter
1508 467 1556 486 eos
1585 460 1621 487 sit
1637 468 1697 487 ver-

913 510 999 537 satus,
1012 513 1109 539 nempe
1125 509 1154 532 ut
1171 505 1249 532 daret
1263 512 1311 531 cor
1326 512 1405 532 suum
1417 505 1450 531 ad
1467 505 1696 532 considerandum

913 551 939 577 in
955 550 1086 584 sapientia
1103 558 1162 581 sua,
1183 550 1217 577 de
1232 550 1361 577 omnibus
1373 557 1433 584 qua:
1462 549 1533 576 facta
1564 554 1627 577 sunt
1645 549 1697 577 sub

913 596 992 623 ctelo.
1006 595 1072 622 Nam
1088 603 1148 630 quae
1163 599 1226 622 sunt
1246 603 1327 630 super
1341 595 1452 626 ctelum.
1467 603 1522 622 non
1535 602 1603 630 opus
1613 595 1696 623 habe-

913 641 978 668 bant
993 642 1085 675 aliquo
1102 641 1149 675 qui
1169 640 1329 675 inquireret,
1348 648 1436 675 neque
1452 648 1484 668 eo
1507 641 1554 676 qui
1573 641 1696 668 medere-

913 690 957 713 tur
973 687 999 714 ei
1014 686 1086 721 quod
1100 687 1194 713 morbo
1211 694 1265 713 non
1290 685 1442 712 laborabat.
1471 685 1604 718 Quoniam
1631 693 1696 721 ergo

913 732 941 758 in
959 737 1032 758 terra
1045 734 1110 758 sunt
1126 730 1195 756 mala
1209 739 1217 763 ς
1237 730 1343 765 reptilis
1353 730 1426 757 enim
1438 735 1464 757 et
1477 731 1595 757 violenta
1609 731 1695 758 bestia

913 785 1043 811 serpens,
1065 785 1125 812 qua:
1148 776 1270 811 rependo
1296 776 1419 811 graditur
1436 783 1518 811 supra
1549 780 1645 811 pectus
1670 779 1698 804 et

913 828 1045 852 ventrem.
1062 827 1162 849 terram
1178 821 1307 853 comedit,
1331 826 1357 849 et
1373 822 1447 848 nulla
1463 829 1491 848 re
1522 829 1635 849 vescens
1662 830 1696 849 ex

77 864 145 899 πρὸς
160 865 189 891 τὸ
207 866 375 900 πατούμενον
398 867 440 892 ἀεὶ
457 867 560 901 βλέπει,
574 867 664 902 τηρῶν
681 867 728 902 τὴν
745 868 862 903 πτέρναν

914 868 1071 895 emleslibus
1084 868 1119 900 ",
1138 867 1186 895 sed
1201 871 1312 902 reptans
1331 867 1358 894 in
1376 875 1409 894 eo
1423 867 1494 902 quod
1510 868 1642 899 calcatur,
1663 868 1696 895 ad

76 910 124 944 τῆς
142 910 313 946 ἀνθρωπίνης
335 911 457 947 πορείας,
475 912 519 938 καὶ
536 912 580 938 τὴν
597 913 633 938 ἰὸν
655 913 735 944 ἐνιεὶς
749 913 862 944 ἐκείνοις

77 956 132 985 τοῖς
143 954 190 990 τὴν
202 955 324 987 ἐξουσίαν
338 955 384 981 τοῦ
398 957 491 982 πατεῖν
503 956 593 982 ἐπάνω
603 956 689 991 ὄφεων
703 957 860 985 ἀπολέσασι.

76 1001 126 1026 Διὰ
150 1001 226 1027 τοῦτο
244 1002 326 1027 ἔδωκε
343 1002 391 1036 τὴν
404 1001 516 1036 καρδίαν
536 1002 617 1028 αὑτοῦ
645 1003 793 1038 ἐκζητῆσαι
817 1004 862 1030 καὶ

77 1046 300 1081 κατασκέψασθαι
317 1047 380 1082 περὶ
398 1047 506 1073 πάντων
521 1048 574 1074 τῶν
587 1049 739 1082 γενομένων
754 1049 806 1075 ὑπὸ
817 1049 862 1076 τὸν

76 1093 199 1128 οὐρανόν.
218 1093 273 1119 liii:
289 1093 342 1128 γὰρ
359 1095 413 1124 τοῖς
430 1095 556 1130 ὑπεράνω
576 1094 628 1121 τῶν
649 1095 770 1129 οὐρανῶν
795 1096 861 1121 ἀτα-

76 1140 205 1166 πείνωτον
224 1139 314 1172 ᾖὶέπει
332 1140 379 1174 τὴν
396 1139 470 1166 θείαν
495 1140 730 1175 μεγαλοπρέπειαν
756 1142 770 1167 ὁ
792 1141 862 1176 Προ-

77 1185 164 1220 φήτης
188 1185 271 1217 λέγων
286 1204 292 1215 ,
321 1185 505 1220 ὄτιιἘπήρθη
529 1187 544 1220 ἡ
573 1185 792 1220 μεγαλοπρέπεια
815 1195 861 1212 σου

76 1230 204 1266 ὑπεράνω
229 1231 281 1256 τῶν
305 1231 425 1266 οὐρανῶν
445 1232 571 1268 ἰἑπειδὴ
590 1232 634 1257 καὶ
658 1231 687 1258 τὸ
702 1233 862 1267 ἐπουράνιον

77 1276 159 1311 μέρος
181 1277 223 1302 διὰ
236 1277 285 1312 τῆς
300 1277 398 1309 κακίας
416 1278 594 1313 ἐταπεινώθη.
622 1277 700 1305 υῦτω
712 1278 765 1314 γάρ
781 1286 861 1313 φησιν

75 1323 89 1348 ὁ
108 1323 134 1348 Ψ
135 1322 267 1357 αλμῳδὸς,
282 1323 322 1349 ὅτι
338 1322 381 1349 διὰ
397 1323 445 1354 τὰς
460 1324 594 1358 ἁμαρτίας
610 1323 698 1350 αὐτῶν
713 1324 861 1352 ἐταπεινώ-

76 1366 274 1408 θησανκΤοῦτο
287 1365 368 1403 ἦλθεν
387 1368 401 1394 ὁ
422 1369 636 1405 Ἐκκλησιαστὴς
652 1369 860 1404 ἐπισκέψασθαι,

74 1412 100 1438 τί
117 1412 227 1446 γέγονεν
246 1413 297 1439 ὑπὸ
310 1414 354 1440 τὸν
367 1413 490 1449 οὐρανὸν,
505 1414 519 1440 ὃ
538 1415 574 1449 μὴ
590 1414 721 1450 πρότερον
736 1413 769 1451 ἦν
781 1424 788 1431 ·
804 1415 862 1447 πῶς

74 1457 197 1492 είσῆλθεν
212 1459 227 1494 ἡ
244 1459 390 1494 ματαιότης
401 1478 408 1490 ,
434 1459 491 1490 πῶς
508 1459 678 1495 ἐπεκράτησε
694 1460 723 1486 τὺ
740 1459 862 1496 ἀνύπαρ-

52 1507 54 1510 ‘
73 1511 148 1534 κτον,
166 1503 207 1534 τίς
222 1504 237 1538 ἡ
252 1503 395 1530 δυναστεία
419 1505 465 1530 τοῦ
493 1505 529 1540 μὴ
555 1505 731 1540 ὑπάρχοντος.
756 1506 791 1532 Τὸ
806 1506 860 1541 γὰρ
875 1527 896 1557 c

74 1549 158 1575 κακὸν
182 1550 375 1582 ἀνυπόστατον,
392 1551 432 1577 ὅτι
452 1553 484 1577 ἐκ
508 1551 554 1578 τοῦ
580 1551 616 1586 μὴ
640 1552 715 1583 ὄντος
732 1551 779 1587 τὴν
795 1552 862 1578 ὑπό-

75 1603 169 1621 στασιν
182 1595 252 1629 ἔχει·
269 1596 298 1622 τὸ
309 1596 336 1622 δὲ
349 1597 380 1622 ἐκ
393 1596 438 1622 τοῦ
451 1597 525 1629 ὄντος
541 1597 579 1633 μὴ
593 1597 633 1629 ὃν,
647 1597 708 1624 οὐδέ
723 1599 779 1624 ἐστι
798 1598 863 1624 πάν-

73 1651 127 1674 τως
144 1643 213 1669 κατὰ
226 1642 274 1677 τὴν
291 1643 357 1669 ίδίαν
370 1643 449 1678 φύσιν
461 1652 468 1660 ·
483 1644 538 1670 ἀλλ’
554 1644 628 1680 ὅμως
640 1645 692 1671 τῶν
704 1647 736 1680 τῇ
751 1645 862 1680 ματαιό-

72 1696 135 1722 τητι
148 1688 333 1723 ὁμοιωθέντων
350 1689 495 1724 ἐπικρατεῖ
513 1689 673 1724 ματαιότης,

72 1734 183 1768 quidem
201 1739 243 1761 est
262 1735 411 1761 secundum
427 1742 504 1761 suam
522 1739 667 1768 naturam;
681 1738 708 1762 et
724 1741 814 1763 tamen
830 1735 857 1762 in
873 1742 905 1762 ea
920 1740 980 1768 quae
1000 1735 1065 1759 sunt
1081 1731 1195 1758 vanitati
1212 1731 1375 1762 assimilala,

75 1783 122 1806 net
137 1779 253 1806 vanitas.

109 1824 212 1852 ’Ἦλθεν
224 1822 270 1851 οὖν
292 1823 440 1858 ὲκζητῆσαι
455 1824 487 1858 τῇ
505 1822 600 1849 ἑαυτοῦ
615 1822 695 1858 σοφίᾳ
709 1822 735 1848 τί
751 1823 861 1856 γέγονεν

74 1871 128 1900 ὑπὸ
142 1871 187 1897 τὸν
202 1871 288 1904 ἥλιον,
302 1870 344 1900 τίς
359 1870 375 1904 ἡ
390 1869 519 1903 σύγχυσις
536 1869 589 1894 τῶν
604 1869 665 1903 τῇδε
681 1869 860 1904 πραγμάτων,

73 1917 133 1948 πῶς
146 1915 279 1950 ἐδουλώθη
291 1915 321 1941 τὸ
331 1915 360 1941 ὃν
369 1914 406 1948 τῷ
419 1914 455 1949 μὴ
466 1914 536 1940 ὅντι-
555 1914 612 1945 πῶς
625 1913 780 1940 δυναστεύει
791 1914 862 1940 κατὰ

72 1962 121 1989 τοῦ
147 1961 222 1990 ὄντος
245 1960 275 1986 τὸ
302 1960 494 1985 ἀνυπόστατον.
526 1968 535 1984 ‹
550 1960 604 1991 Καὶ
624 1958 692 1985 οἶδεν
716 1959 756 1985 ὃτι
782 1967 861 1993 περι-

74 2007 200 2042 σπασμὸν
216 2005 330 2041 πονηρὸν
353 2005 450 2031 ἔδωκεν
475 2005 489 2031 ό
509 2005 574 2036 Θεὸς
591 2005 648 2036 τοῖς
669 2005 735 2036 υἱοῖς
757 2004 861 2039 ἀνθρώ-

73 2062 144 2087 πων,
161 2052 207 2078 τοῦ
228 2051 410 2085 περισπᾶσθαι
427 2052 454 2077 ἑν
469 2050 553 2085 αὐτῷ.
575 2060 584 2076 ›
609 2050 694 2076 Τοῦτο
708 2050 745 2081 δὲ,
763 2051 810 2084 οὐχ
825 2050 862 2081 ὼς

73 2101 106 2127 ἄν
119 2108 161 2130 τις
179 2099 210 2124 ἐκ
223 2097 269 2124 τοῦ
290 2096 433 2132 προχείρου
450 2097 566 2132 νοήσειε,
584 2096 693 2127 εὐσεϐές
714 2097 787 2122 ἐστιν
806 2097 860 2122 οἴε-

75 2146 147 2175 σθαι,
159 2143 285 2174 ὅτιαῦτὸς
301 2142 398 2168 ἔδωκεν
406 2143 420 2168 ό
430 2142 494 2172 Θεὸς
504 2141 549 2167 τὸν
559 2141 674 2176 πονηρὸν
683 2142 738 2172 τοῖς
751 2140 858 2175 ἀνθρώ-

75 2199 136 2222 ποις
153 2188 357 2223 περισπατμόν·
383 2186 401 2223 ἦ
422 2188 474 2222 γὰρ
489 2188 522 2214 ἂν
538 2189 577 2219 εἰς
592 2189 693 2214 ἐκεῖνον
713 2189 729 2223 ἡ
745 2188 798 2214 τῶν
814 2197 862 2214 κα-

914 914 939 949 id
956 921 1062 948 semper
1078 914 1177 949 aspicit
1195 913 1267 948 quod
1287 913 1422 943 calcatur,
1441 912 1590 940 observans
1607 913 1698 939 calca--

913 968 993 987 neum
1008 967 1119 995 gressus
1144 959 1273 990 hominis,
1305 966 1440 986 venenum
1469 958 1618 986 immittens
1643 959 1696 986 illis

913 1005 958 1039 qui
975 1006 1128 1032 amiserunt
1142 1009 1303 1040 potestatem
1314 1004 1437 1031 calcaudi
1452 1011 1533 1038 super
1544 1009 1696 1039 serpentes;

913 1056 1054 1085 propterea
1070 1050 1145 1078 dedit.
1162 1058 1210 1077 cor
1225 1058 1304 1077 suum
1317 1050 1350 1076 ad
1368 1050 1562 1085 inquirendum
1585 1054 1612 1077 et
1631 1058 1698 1077 con-

913 1095 1089 1122 siderandum
1105 1095 1139 1121 de
1156 1095 1285 1121 onmibus
1302 1102 1363 1128 quae
1375 1094 1446 1121 facta
1461 1098 1526 1121 sunt
1545 1095 1597 1122 sub
1616 1095 1697 1122 CCBIO.

913 1143 941 1169 In
961 1142 995 1169 iis
1010 1141 1082 1168 enim
1097 1149 1158 1175 quae
1178 1145 1242 1167 sunt
1258 1148 1339 1175 supra
1355 1141 1452 1171 caelos,
1475 1141 1588 1168 minime
1604 1141 1696 1176 depri-

913 1183 1037 1211 mendam
1066 1182 1185 1209 divinam
1211 1183 1284 1209 videt
1305 1182 1534 1216 magniﬁcentiam
1560 1182 1697 1218 Propheta

913 1229 1006 1256 dicens
1021 1237 1029 1254 :
1046 1237 1055 1254 ‹
1075 1228 1182 1255 Elevata
1195 1231 1236 1255 est
1252 1228 1454 1263 magniﬁcentia
1468 1227 1528 1262 ejus
1544 1236 1626 1263 supra
1640 1235 1696 1256 cm-

913 1274 991 1302 los“.
1015 1283 1024 1299 ›
1040 1272 1269 1308 Quandoquidem
1285 1280 1317 1300 ea
1331 1280 1394 1307 pars
1413 1281 1473 1307 qua:
1486 1277 1527 1300 est
1538 1273 1590 1301 sub
1607 1274 1695 1304 cmlis,

913 1320 1040 1354 depressa
1056 1325 1082 1347 et
1110 1319 1216 1354 abjecta
1235 1317 1286 1345 fuit
1303 1326 1351 1353 per
1377 1319 1484 1346 vitium.
1502 1319 1548 1346 Sic
1571 1319 1642 1347 enim
1660 1319 1698 1346 ait

912 1365 1277 1401 Psalmographus,Propter
1285 1370 1397 1400 peccata
1410 1373 1459 1392 sua
1472 1366 1606 1393 humili-ali
1621 1369 1697 1393 sunt.

912 1412 952 1439 Ad
969 1412 1020 1438 hoc
1036 1411 1264 1438 considerandum
1288 1411 1363 1438 venit
1380 1411 1571 1443 Ecclesiastes,
1601 1419 1698 1446 nempe

912 1456 1041 1491 quidnam
1057 1456 1157 1483 factum
1173 1456 1210 1483 sit
1224 1456 1275 1484 sub
1291 1458 1372 1489 t-(elo,
1388 1456 1459 1492 quod
1470 1458 1546 1491 prius
1559 1465 1613 1484 non
1627 1462 1697 1490 erat,

913 1502 1139 1537 quemadmodum
1160 1501 1281 1537 ingressa
1305 1503 1340 1529 sit
1366 1503 1491 1529 vanitas:
1521 1501 1698 1537 quemadmo-

915 1547 978 1574 dum
995 1546 1021 1573 id
1040 1547 1111 1581 quod
1133 1555 1186 1573 non
1204 1551 1247 1574 est
1271 1547 1426 1580 invaluerit,
1456 1555 1582 1582 quaenam
1604 1548 1640 1574 sit
1658 1547 1701 1574 vis

914 1593 974 1628 ejus
993 1593 1064 1627 quod
1080 1600 1133 1619 non
1149 1597 1211 1619 est:
1231 1593 1331 1620 malum
1343 1593 1415 1619 enim
1430 1601 1483 1619 non
1498 1598 1586 1627 potest
1604 1593 1698 1620 consi-

915 1646 996 1672 stere,
1006 1641 1068 1666 cum
1080 1647 1112 1665 ex
1125 1646 1158 1665 eo
1170 1638 1242 1672 quod
1256 1646 1309 1665 non
1325 1643 1376 1670 est,
1385 1638 1482 1665 habeat
1496 1639 1695 1666 substantiam:

915 1687 985 1722 quod
1000 1689 1090 1712 autem
1109 1693 1161 1712 non
1178 1689 1219 1712 est
1246 1692 1278 1712 ex
1296 1692 1328 1711 eo
1361 1684 1434 1719 quod
1451 1689 1502 1717 est,
1525 1693 1558 1712 ne
1585 1685 1697 1712 omnino

1415 1731 1586 1758 dominatum
1622 1731 1695 1758 obti-

964 1821 1043 1849 Venit
1067 1829 1131 1857 ergo
1160 1822 1193 1848 ad
1209 1821 1400 1856 inquirendum
1423 1830 1470 1856 per
1488 1829 1564 1849 suam
1581 1823 1690 1857 sapien-

911 1867 992 1900 tiam,
1019 1868 1147 1902 quidnam
1181 1867 1283 1895 factum
1311 1868 1346 1895 sit
1376 1868 1428 1894 sub
1460 1868 1534 1895 sole:
1568 1876 1693 1902 quaenam

912 1921 1002 1940 rerum
1015 1920 1075 1948 quin
1088 1913 1132 1940 hic
1152 1917 1226 1945 sunt,
1245 1913 1281 1939 sit
1303 1912 1439 1945 confusio,
1465 1913 1694 1947 quemadmodum

911 1959 937 1986 id
952 1959 1022 1994 quod
1035 1963 1076 1986 est
1089 1959 1213 1986 allectum
1230 1959 1264 1986 sit
1282 1966 1391 1986 servum
1406 1959 1465 1992 ejus
1479 1958 1551 1993 quod
1568 1967 1621 1986 non
1641 1963 1694 1990 est.

913 2005 1144 2039 quemadmodum
1164 2005 1191 2031 in
1210 2005 1235 2031 id
1256 2005 1328 2039 quod
1343 2008 1395 2037 est,
1407 1998 1697 2032 dominatum‘ohtinet

912 2051 938 2077 id
959 2051 1031 2086 quod
1049 2060 1102 2078 non
1119 2055 1207 2086 potest
1223 2051 1384 2078 consistere.
1401 2059 1410 2075 ‹
1432 2050 1465 2076 Ει
1482 2051 1609 2085 cognovit
1624 2050 1697 2085 quod

913 2098 1011 2124 malam
1040 2097 1246 2124 distractionem
1270 2096 1344 2123 dedit
1368 2096 1439 2123 Deus
1459 2096 1521 2123 ﬁliis
1543 2096 1696 2128 hominum,

913 2146 942 2168 ut
958 2142 1179 2170 distraherentur
1194 2141 1221 2168 in
1235 2149 1277 2168 ea.
1301 2151 1309 2166 ι
1328 2139 1385 2167 Hoc
1398 2144 1488 2168 autem
1511 2149 1565 2167 non
1589 2145 1618 2167 ut
1639 2141 1699 2168 cui-

912 2195 993 2222 quam
1010 2187 1036 2214 in
1058 2191 1184 2222 promptu
1205 2185 1287 2213 fuerit
1300 2187 1432 2220 cogitare,
1446 2186 1518 2220 pium
1534 2189 1576 2213 est
1591 2191 1698 2220 putare,

76 2236 132 2262 κῶν
154 2235 228 2262 αἰτία
253 2233 459 2268 ὲπαναφέροιτο.
491 2233 520 2259 '0
533 2233 586 2268 γὰρ
606 2234 638 2268 τῇ
656 2233 734 2267 φύσει
750 2233 860 2266 ἀγαθὸς,

915 2233 986 2268 quod
1014 2234 1072 2267 ipse
1084 2231 1156 2259 Deus
1174 2231 1278 2259 dederit
1296 2232 1396 2258 malam
1421 2231 1578 2258 hominibus
1600 2230 1699 2258 distra-

75 2282 122 2308 καὶ
138 2280 246 2315 ἀγαθῶν
260 2280 366 2310 πάντως
381 2279 545 2314 παρεκτικὸς
565 2279 667 2313 γίνεται
680 2289 687 2295 θ
711 2279 779 2306 διότι
807 2280 860 2305 πᾶν

77 2327 183 2363 δένδρον
204 2326 283 2352 καλὸν
300 2326 422 2361 καρποὺς
445 2325 543 2356 καλοὺς
559 2325 646 2356 ποιεῖ,
671 2325 718 2351 καὶ
731 2324 791 2350 οὔτε
808 2323 861 2350 ἀπὸ

78 2373 203 2402 ἀκανθῶν
219 2372 348 2407 σταφυλὴ,
364 2371 424 2398 οὔτε
443 2371 472 2404 ἐξ
486 2372 607 2407 ἀμπέλου
624 2371 726 2397 ἄκανθα
743 2371 858 2406 φύεται·

77 2421 93 2448 ὂ
114 2418 159 2446 οὖν
181 2420 212 2454 τῇ
230 2417 308 2454 φύσει
327 2418 437 2452 ἀγαθὸν,
460 2419 509 2445 οὐκ
529 2419 561 2445 ἄν
579 2426 606 2444 τι
627 2417 743 2453 πονηρὸν
757 2419 789 2444 ἐκ
807 2418 861 2444 τῶν

77 2465 221 2501 θησαυρῶν
239 2464 319 2491 αὑτοῦ
337 2464 548 2498 προχειρίσαιτο.
567 2464 634 2490 Οὐδὲ
658 2463 711 2499 γὰρ
732 2464 745 2490 ὁ
760 2463 862 2497 ἀγαθὸς

77 2511 218 2546 ἄνθρωπος
236 2512 267 2536 ὲκ
280 2510 326 2536 τοῦ
345 2509 560 2544 περισσεύματος
583 2510 632 2545 τῆς
655 2510 768 2544 καρδίας
791 2509 863 2535 κακὰ

77 2557 164 2587 λαλεῖ,
179 2556 246 2582 ἀλλὰ
260 2556 415 2591 κατάλληλα
429 2557 461 2590 τῇ
477 2550 572 2582 ἑαυτοῦ
594 2556 740 2590 φθέγγεται
762 2557 841 2590 φύσει
853 2564 859 2571 α

77 2603 154 2638 πόσῳ
165 2601 210 2629 οὖν
225 2603 324 2637 μᾶλλον
340 2604 356 2636 ἡ
379 2602 431 2628 τῶν
449 2601 556 2635 ἀγαθῶν
571 2602 646 2636 πηγὴ
657 2602 706 2628 οὐκ
721 2603 752 2629 ἄν
766 2611 790 2628 τι
808 2602 862 2628 τῶν

77 2648 206 2684 πονηρῶν
223 2649 254 2674 ὲκ
268 2648 316 2683 τῆς
332 2647 398 2678 ἰδίας
413 2646 519 2680 φύσεως
541 2647 666 2681 «palm;
689 2647 768 2674 Ἀλλά
786 2647 861 2674 τοῦτς

77 2696 148 2722 νοεῖν
169 2693 324 2720 ὑποτίθεται
341 2694 358 2728 ἡ
373 2691 552 2727 εὐσεϐεστέρα
566 2692 680 2725 διάνοια,
697 2693 737 2719 ὅτι
750 2693 781 2719 τὸ
795 2694 862 2727 ἀγα-

79 2739 126 2767 θὸν
142 2739 189 2766 τοῦ
204 2738 272 2765 Θεοῦ
290 2739 370 2774 δόμα.
396 2737 480 2764 Τοῦτο
503 2737 531 2763 δέ
553 2738 636 2771 ἐστιν,
657 2739 673 2773 ἡ
693 2729 864 2772 αὐτεξούσῖος

117 2826 138 2841 ⁵⁵
151 2826 217 2854 Gen.
231 2833 270 2858 Ill,
288 2826 328 2854 Μ.
368 2825 389 2841 ⁸⁸
401 2825 471 2852 Psal.
483 2833 535 2858 CVI,
550 2826 590 2852 17.
631 2826 651 2841 ⁸⁷
670 2825 763 2853 Matth.
776 2834 823 2859 vn,
840 2826 880 2853 l6.

915 2279 1044 2305 ctionem.
1060 2277 1105 2304 Sic
1118 2278 1191 2304 enim
1211 2277 1342 2304 malorum
1361 2284 1442 2304 causa
1459 2277 1485 2303 iu
1500 2277 1575 2303 illum
1592 2276 1700 2304 confer-

915 2328 1000 2351 retur.
1015 2324 1092 2354 Nam.
1109 2323 1154 2358 qtti
1179 2327 1221 2350 est
1237 2327 1333 2350 natura
1362 2323 1461 2352 bonus.
1488 2322 1560 2349 bona
1590 2330 1700 2357 quoque

915 2370 1016 2405 praebet
1028 2370 1150 2402 omnino,
1166 2370 1294 2404 quoniam
1308 2369 1397 2396 omnis
1415 2369 1499 2396 arbor
1512 2369 1595 2400 bona,
1613 2369 1700 2397 bonos

917 2416 1022 2443 fruetus
1037 2415 1110 2447 facit,
1124 2420 1150 2442 et
1166 2423 1254 2450 neque
1269 2423 1299 2442 ex
1317 2415 1405 2449 spinis
1420 2423 1480 2446 uva,
1498 2422 1585 2449 neque
1600 2422 1631 2441 ex
1647 2415 1700 2442 vite

917 2463 994 2498 spina
1009 2463 1132 2489 nascitur
1144 2462 1175 2489 "’.
1189 2461 1267 2494 Quod
1279 2469 1343 2496 ergo
1354 2468 1402 2487 sua
1419 2465 1460 2488 est
1473 2465 1570 2486 natura
1587 2460 1697 2493 honuni,

915 2517 948 2536 ex
965 2509 1022 2536 Suis
1051 2508 1190 2535 thesauris
1216 2508 1316 2534 malum
1336 2515 1390 2534 non
1409 2507 1577 2541 produxerit.
1606 2506 1700 2540 Neque

916 2556 986 2583 eniln
1006 2556 1093 2583 bonus
1107 2555 1188 2581 homo
1213 2563 1247 2581 ex
1272 2554 1439 2581 abundantia
1456 2553 1546 2581 cordis
1566 2553 1635 2580 mala
1662 2554 1699 2580 lo-

915 2602 1008 2636 quitur
1022 2601 1054 2633 ⁸⁸,
1068 2601 1113 2628 sed
1133 2607 1164 2627 ea
1194 2600 1315 2634 loquitur
1333 2608 1393 2634 quae
1420 2603 1483 2626 sunt
1512 2606 1568 2626 suae
1594 2603 1699 2625 natura:

915 2647 1125 2674 convenientia:
1150 2650 1253 2680 quanto
1281 2653 1345 2679 ergo
1362 2645 1450 2680 magis
1474 2644 1535 2671 forts
1564 2644 1698 2671 bonorum

916 2693 984 2720 nihil
998 2692 1061 2719 mali
1077 2700 1110 2719 ex
1128 2699 1178 2719 sua
1194 2696 1291 2718 natura
1308 2690 1485 2726 profuderit?
1499 2690 1546 2718 sed
1564 2689 1614 2716 hoc
1632 2697 1698 2724 pra:-

917 2738 961 2766 bet
978 2731 1196 2773 intelligendum,
1210 2737 1256 2772 qui
1272 2741 1313 2764 cst
1330 2736 1418 2771 magis
1434 2736 1494 2772 pius
1507 2742 1613 2766 sensus,
1627 2734 1698 2769 quod

920 2826 941 2842 δ’
957 2826 1049 2853 Matth.
1062 2834 1110 2859 xtl,
1129 2826 1161 2854 δι
1174 2847 1181 2860 ,
1194 2825 1258 2853 Luc.
1279 2833 1314 2859 vi,
1335 2825 1377 2853 45.
