1989 3070
107 144 156 172 6H

656 142 689 169 IN
710 140 976 170 ECCLESIASTEN.
988 141 1135 171 HOMILIA
1150 143 1182 171 ll.

1676 147 1730 176 Si!

108 201 214 230 πολλῶν
236 199 294 230 ἐστι
314 200 511 230 πιστώσασθαι.
535 203 562 229 '0
579 201 633 238 γὰρ
653 203 682 228 ὲν
704 203 846 229 παντὶκαὶ
867 203 886 227 ei

947 206 1046 235 potest.
1063 202 1114 236 Qui
1130 203 1204 231 enim
1221 203 1323 239 ubique
1338 207 1364 232 et
1379 203 1451 232 inter
1465 211 1562 233 omnes
1573 205 1730 234 Celebratur

108 248 365 283 πᾶσιμεμνημένος
381 248 496 281 Παῦλος,
521 246 574 275 οἵδε
596 249 642 274 καὶ
656 248 826 282 ὑστερεῖσθαι
848 247 894 273 καὶ

88 290 94 296 ’
106 293 297 329 περισσεύειν·
323 293 371 320 καὶ
387 295 401 320 ό
424 294 467 320 διὰ
488 294 537 328 τῆς
553 294 672 325 ἀσωτίας
691 294 739 327 τὴν
759 293 894 328 πατρικὴν

105 339 266 374 δαπανήσας
286 339 391 370 οὐσίαν,
415 339 494 374 λιμοῦ
515 340 706 374 κατασχόντος,
731 338 832 374 ἤρξατο
846 337 893 364 τοῦ

105 383 278 418 ὑστερεῖσθαι
289 392 295 398 ·
311 384 358 410 καὶ
376 385 438 419 περὶ
463 384 514 411 τῶν
527 384 612 418 ἁγίων
626 385 640 410 ὁ
658 384 762 415 Παῦλος
777 384 891 416 διεξιὼν,

107 430 141 457 τά
149 439 179 458 τε
187 430 253 457 ἄλλα
269 431 335 464 φησι
351 431 414 465 περὶ
430 430 518 457 αὐτῶν
543 431 571 456 ἐν
590 428 630 461 οἷς
653 430 840 457 ἐκακοπάθουν
853 429 892 464 τῷ

108 475 281 510 adipatum!
296 475 373 502 τοῦτο
388 475 574 511 προστίθησιν,
588 477 628 502 δτι
644 475 835 511 ὑστερούμενοι
845 475 892 502 καὶ

105 521 270 556 θλιϐόμενοι.
288 521 392 548 Οὐκοῦν
417 521 464 547 καὶ
480 521 596 548 ἐνταῦθα
620 521 762 556 ὑστέρημα
784 523 798 548 ὁ
814 521 892 556 λόγος

106 565 202 598 εἰπὼν,
220 566 250 592 τὸ
270 565 360 593 λεῖπον
380 566 422 593 διὰ
443 567 492 601 τῆς
511 567 604 601 φωνῆς
628 567 794 600 ἐνεδείξατο·
811 567 841 594 ea
863 567 891 594 δὲ

105 610 198 638 λεῖπον
211 610 370 646 ἐναρίθμιον
385 612 440 642 τοῖς
451 609 509 638 οὖσι
521 612 646 646 γενέσθαι
658 613 688 638 οὐ
702 612 826 639 δύναται.
836 613 891 640 Καὶ

105 657 160 691 γὰρ
176 656 201 682 οἱ
222 655 349 691 μαθηταὶ,
377 655 429 687 ἓως
450 656 499 691 μὲν
517 656 616 688 πάντες
631 654 700 692 ἦσαν
722 658 750 683 ὲν
771 656 810 692 τῷ
833 657 891 691 ἰδίῳ

106 701 285 736 πληρώματι,
297 701 456 728 δυοκαίδεκα
475 699 544 735 ἦσαν
561 702 606 728 τὸν
626 701 757 737 ἀριθμόν’
779 702 840 729 ἐπεὶ
863 703 890 729 δὲ

105 748 230 775 ἀπώλετο
243 749 257 774 ὁ
273 748 329 779 υἱὸς
345 748 394 782 τῆς
409 747 556 779 ἀπωλείας.
573 748 725 783 ὲκολοόὡθη
740 749 753 775 ό
764 748 889 783 ἀριθμὸς,

105 794 144 829 τῷ
161 796 198 829 μή
217 788 440 830 συναριθμεῖσθαι
459 795 516 825 τοῖς
537 793 594 820 οὖσι
615 793 645 820 τὸ
669 793 778 820 λεῖπονο
795 794 890 821 ἕνδεκα

104 840 160 874 γὰρ
178 840 247 875 μετὰ
267 840 312 866 τὸν
332 839 432 866 Ἰούδαν
447 839 493 866 καὶ
508 837 578 874 ἦσαν
596 839 642 866 καὶ
656 839 836 874 ὠνομάζοντο.
853 839 889 866 Τὸ

104 866 151 912 οὖν
174 866 326 921 θστέρημα,
351 886 442 919 φησὶν,
460 885 489 911 ού
509 866 651 919 δυνήσεται
671 866 717 911 τού
735 866 889 920 ἀριθμηθῆ-
904 866 925 892 Β

104 941 158 958 ναι.
180 932 212 958 Τί
228 931 306 958 τοῦτο
321 931 447 966 σημαίνει
467 931 509 957 διὰ
523 930 684 964 τοῦλόγους
702 930 761 957 ’Ὁτι
775 928 809 965 ἦν
824 939 889 957 ποτε

104 978 150 1003 καὶ
167 977 197 1003 τὸ
212 976 271 1003 καθ¹
287 978 363 1012 ἡμᾶς
379 977 416 1011 τῷ
442 976 522 1002 παντὶ
545 975 717 1010 ἐναρίθμιον·
735 975 889 1002 συνετελοῦ-

105 1031 155 1057 μεν
178 1024 232 1058 γὰρ
257 1023 302 1049 καὶ
322 1024 401 1057 ἡμεῖς
420 1023 460 1053 εἰς
473 1022 522 1057 τὴν
537 1021 611 1056 ἱερὰν
624 1021 678 1048 τῶν
692 1021 808 1055 λογικῶν
822 1030 888 1057 προ-

104 1069 193 1095 ϐάτων
218 1069 391 1095 ἐκατοντάδα..
423 1067 532 1102 Ἐπειδὴ
557 1067 585 1093 δὲ
606 1066 812 1102 ἀπεϐουκολήθη
839 1067 888 1102 τῆς

102 1115 192 1151 ὀρείου
217 1114 354 1149 διαγωγῆς
368 1113 397 1140 τὺ
419 1113 446 1139 ’ἐν
463 1112 607 1148 πρόϐατον,
625 1113 641 1148 ὴ
659 1112 781 1148 ἡμετέρα
797 1112 886 1146 φύσις,

102 1161 146 1187 διὰ
161 1160 259 1192 κακίας
274 1160 343 1195 πρὸς
367 1159 411 1185 τὸν
426 1158 555 1193 ἀλμῶντα
567 1157 662 1184 τοῦτον
681 1158 726 1184 καὶ¹
748 1158 887 1193 αὐχμηρὸν

101 1205 184 1232 τόπον
200 1204 430 1235 κατασπασθεῖσα,
455 1203 546 1230 οὐκέτι
566 1203 580 1228 ό
604 1203 684 1235 αὐτὸς
706 1203 820 1238 ἀριθμὸς
842 1204 888 1230 ἐπὶ

102 1251 149 1278 τοῦ
167 1251 290 1286 ποιμνίου
307 1250 362 1276 τῶν
378 1250 504 1276 ἀπλανῶν
521 1249 728 1285 μνημονεύεται,
745 1249 802 1276 ἀλλ’
828 1248 887 1275 ὲνε-

99 1294 217 1331 νήκοντα
225 1287 354 1322 καῖὲννέα
376 1294 619 1328 κατονομάζονται·
640 1293 671 1319 τὸ
695 1293 749 1328 γὰρ
774 1293 886 1328 μάταιον

101 1340 155 1373 ἔξω
171 1340 217 1366 τοῦ
232 1338 347 1374 ἀριθμοῦ
362 1339 416 1365 τῶν
432 1339 594 1373 ὑφεστώτων
610 1338 792 1372 γίνεται,διότι
808 1338 886 1365 ὑστέ-

102 1394 185 1420 ρημα.
202 1385 232 1411 οὐ
256 1385 398 1420 δυνήσεται
420 1385 466 1412 τοῦ
496 1384 690 1420 ἀριθμηθῆναι.
715 1383 817 1410 Ἦλθεν
839 1382 885 1411 οὖν

101 1429 217 1464 ζητῆσαι
239 1429 286 1455 καὶ
301 1429 429 1455 σῶσαιτὸ
447 1429 594 1460 ἀπολωλὸς,
614 1429 659 1455 καὶ
675 1429 721 1454 ἐπὶ
735 1428 788 1455 τῶν
802 1428 885 1462 ὤμων

100 1475 242 1502 ἀναλαόὼν
254 1474 476 1509 ἀποκαταστῆσαι
490 1475 545 1505 τοῖς
561 1472 618 1501 οὖσι
633 1474 662 1500 τὸ
677 1475 708 1509 τῇ
724 1475 884 1509 ματαιότητι

945 246 1058 279 Paulus,
1086 249 1139 276 scit
1157 242 1186 277 et
1209 249 1326 276 deflcere
1353 254 1381 277 et
1406 250 1548 279 abundare
1561 251 1594 278 ⁸⁸.
1622 251 1655 279 Ει
1680 253 1729 287 qui

945 294 1058 328 prodige
1071 294 1190 322 vivendo
1201 299 1332 330 paternas
1346 295 1492 324 facultates
1508 303 1722 333 consumpserat

944 346 1006 366 cum
1033 347 1095 366 eum
1124 339 1211 367 fames
1239 341 1394 373 invasisset,
1411 342 1494 375 coepit
1518 342 1634 370 deficere
1645 343 1678 370 ⁵⁷.
1695 343 1728 371 Et

943 384 977 411 de
994 386 1097 413 sanctis
1113 393 1259 414 recensens
1271 385 1384 418 Paulus,
1395 386 1465 414 inter
1475 391 1588 415 ea-tcras
1603 389 1727 422 corporis

943 429 1104 458 aiilietiones
1121 439 1191 466 quas
1217 431 1291 465 passi
1308 436 1398 462 erant,
1423 431 1495 458 hanc
1515 438 1626 466 quoque
1639 432 1726 466 addit,

942 475 1101 504 deficientes
1124 481 1152 504 ct
1167 476 1258 504 aillicti
1271 476 1305 504 ⁵⁸.
1323 477 1395 512 Ergo
1418 477 1462 504 hic
1479 485 1590 512 quoque
1613 479 1726 506 verbum

942 529 1004 548 curn
1020 521 1137 550 dixisset
1163 522 1314 555 defectum,
1333 530 1380 564 per
1399 530 1425 549 ι’(
1435 530 1493 550 cem
1518 523 1544 550 id
1562 523 1635 558 quod
1650 523 1727 552 deest

941 568 1071 595 ostendit.
1099 568 1177 601 Quod
1197 573 1289 596 autem
1321 569 1408 602 deest,
1436 569 1509 596 inter
1524 576 1556 596 ea
1581 577 1643 605 quae
1662 573 1727 597 sunt

941 620 996 640 non
1023 617 1112 648 potest
1140 615 1291 642 numerari.
1320 613 1427 641 Etenim
1451 614 1591 650 discipuli,
1616 615 1727 650 quando

941 657 1046 693 integer
1059 663 1118 687 erat
1132 666 1227 687 eorum
1241 664 1340 691 metus,
1353 663 1433 687 erant
1444 667 1558 687 nuntero
1568 660 1725 688 duodecim.

941 702 1088 740 Postquam
1104 709 1195 732 autern
1221 705 1303 740 periit
1325 705 1398 733 illius
1416 705 1591 740 perditionis.
1609 713 1725 733 mancus

941 749 992 777 fuit
1009 758 1102 777 eorum
1127 759 1270 782 numerus,
1296 750 1370 785 quod
1396 750 1424 777 id
1449 751 1521 785 quod
1541 751 1645 783 deerat,
1670 759 1725 779 non

940 796 1191 823 connumerabatnr
1204 796 1275 823 inter
1285 803 1333 823 eos
1346 796 1392 830 qui
1407 800 1496 823 erant.
1511 795 1640 824 Undecim
1653 797 1725 824 enim

942 844 1003 875 post
1025 840 1123 867 Jndam
1149 844 1176 868 et
1195 845 1274 868 erant
1290 845 1317 869 et
1341 841 1568 870 nominabantur.
1597 841 1725 870 Defectus

939 893 1019 920 ergo,
1036 886 1136 920 inquit,
1151 893 1206 913 non
1223 887 1326 921 poterit
1344 886 1496 913 numerari.
1514 885 1586 919 Quid
1600 894 1665 921 ergo
1678 894 1726 922 per

941 930 992 957 hoc
1007 930 1205 965 significatur?
1219 930 1334 958 Fuimus
1349 934 1376 958 et
1391 938 1442 959 nos
1453 938 1563 966 quoque
1575 931 1725 966 aliquando

940 976 967 1003 in
997 983 1114 1003 numero
1140 977 1355 1004 universorum:
1381 976 1572 1004 referebamur
1599 978 1673 1005 enim
1696 977 1725 1004 in

939 1021 1090 1054 eatalogum
1118 1021 1209 1048 ovium
1227 1023 1335 1049 ratione
1351 1022 1525 1057 prmditarum
1542 1023 1613 1050 sacri
1630 1027 1724 1050 cente-

939 1065 1019 1092 narii.
1036 1065 1183 1100 Postquam
1201 1072 1290 1093 autem
1316 1074 1331 1093 a
1347 1068 1485 1094 montanis
1510 1067 1622 1102 pascuis
1643 1067 1723 1114 abet;-

938 1109 1009 1136 ravit
1024 1111 1083 1137 ovis
1099 1118 1162 1143 una,
1181 1118 1288 1145 nempe,
1315 1116 1407 1138 nostra
1423 1117 1532 1143 natura,
1555 1119 1604 1146 per
1624 1109 1723 1140 vitium

938 1154 972 1181 ad
990 1154 1063 1181 hunc
1081 1155 1186 1182 aridutn
1202 1159 1229 1182 et
1243 1156 1377 1182 incultum
1392 1157 1483 1183 locum
1498 1157 1649 1189 abstracta,
1667 1165 1721 1185 non

938 1200 1056 1234 amplius
1082 1205 1315 1227 commemoratur
1341 1200 1411 1228 idem
1434 1209 1566 1229 numerus
1592 1202 1620 1228 in
1643 1210 1723 1237 grege

937 1251 1031 1272 earum
1048 1252 1108 1279 qua:
1124 1252 1177 1271 non
1190 1246 1364 1277 aberrarunt,
1378 1245 1426 1273 sed
1441 1246 1618 1273 nominantur
1633 1254 1722 1274 nona-

937 1289 1012 1323 ginta
1027 1294 1054 1317 et
1072 1282 1190 1317 novem:
1208 1297 1270 1317 nam
1293 1298 1393 1317 vanum
1410 1295 1450 1318 est
1476 1296 1555 1318 extra
1578 1299 1720 1320 numerum

936 1333 996 1368 ejus
1015 1333 1087 1368 quod
1103 1335 1231 1361 consistit
1245 1343 1252 1367 ;
1267 1334 1397 1368 quoniam
1412 1334 1536 1362 defectus
1552 1343 1606 1363 non
1623 1337 1722 1370 poterit

937 1380 1086 1407 numerari.
1102 1379 1182 1407 Venit
1193 1388 1258 1415 ergo
1275 1381 1306 1408 ad
1323 1381 1499 1415 quaerendum
1516 1386 1542 1408 et
1556 1382 1720 1409 servandum

937 1424 1009 1460 qttod
1028 1426 1158 1460 perierat,
1176 1430 1202 1452 et
1218 1430 1389 1460 assumptum
1408 1427 1434 1453 in
1460 1427 1602 1459 humeros,
1614 1428 1648 1455 iis
1661 1435 1721 1462 quae

936 1475 1000 1497 sunt
1028 1470 1228 1498 restituettdum
1255 1471 1280 1498 id
1312 1471 1383 1505 quod
1414 1473 1518 1505 peribat
1544 1473 1571 1499 in
1602 1474 1721 1500 vanitate

99 1520 156 1546 τῶν
177 1520 356 1554 ἀνυπάρκτων
379 1519 604 1554 ὲναπολλύμενον,
628 1519 671 1545 ἳνα
691 1519 774 1554 πάλιν,
793 1520 885 1555 ἄρτιος

937 1523 1030 1543 eorum
1049 1524 1110 1550 qua:
1125 1524 1178 1543 non
1194 1520 1269 1549 sunt,
1286 1520 1316 1542 ut
1331 1522 1428 1543 rursus
1453 1517 1528 1544 lieret
1551 1517 1656 1551 integer
1672 1517 1721 1545 Dei

99 1566 211 1601 γένηται
224 1567 237 1592 ό
250 1566 298 1601 τῆς
314 1566 427 1596 κτὲσεως
441 1564 487 1592 τοῦ
501 1565 568 1591 Θεοῦ
588 1564 714 1600 ἀριθμὸς,
730 1565 885 1592 ἀποσωθέν-

99 1620 146 1643 τος
161 1611 208 1638 τοῦ
226 1611 393 1643 ἀπολωλότος
412 1613 467 1643 τοῖς
485 1611 521 1646 μὴ
536 1610 741 1646 ἀπολλυμένοις.

136 1658 183 1689 Τίς
203 1655 249 1684 οὖν
273 1658 288 1692 ἠ
312 1656 358 1682 τοῦ
385 1656 565 1692 πλανηθέντος
585 1656 722 1688 ἐπάνοδος.
753 1657 798 1683 καὶ
815 1657 856 1687 τίς
870 1657 884 1683 ό

98 1703 198 1737 τρόπος
211 1702 258 1737 τῆς
280 1702 333 1728 ἀπὸ
355 1703 409 1727 τῶν
422 1702 514 1728 κακῶν
531 1701 598 1737 πρὸς
611 1701 642 1728 τὺ
664 1701 766 1736 ἀγαθὸν
785 1701 883 1729 ἀναλύ-

101 1757 179 1778 σεως.
194 1749 222 1773 ἐν
235 1748 291 1778 τοῖς
306 1747 406 1782 ἐφεξῆς
422 1746 611 1782 διδασκόμεθα.
640 1747 669 1773 '0
682 1746 735 1782 γὰρ
751 1754 884 1783 πεπειρα-

101 1793 180 1828 μένος
199 1793 268 1820 κατά
283 1793 370 1820 πάντα
397 1793 458 1820 καθ’
475 1793 619 1828 ὁμοιότητα
636 1793 720 1829 χωρὶς
737 1793 882 1829 ἁμαρτίας,

99 1839 131 1864 ὲκ
154 1838 207 1864 τῶν
223 1838 364 1873 ἡμετέρων
388 1839 454 1872 ἡμῖν
468 1838 653 1871 διαλέγεται“ό
673 1837 724 1868 τὰς
743 1838 884 1870 ἀσθενείας

99 1884 178 1919 ήμῶν
199 1883 352 1915 ἀναλαϐὼν,
368 1883 401 1909 δι’
427 1882 518 1909 αὐτῶν
541 1882 594 1908 τῶι
617 1881 813 1917 ἀσθενημάιιων
835 1883 884 1918 τῆς

99 1928 217 1963 φύσεως,
232 1929 280 1963 τὴν
298 1928 350 1961 ἔξω
366 1929 465 1960 κακίας
482 1928 540 1955 ὁδὸν
557 1928 739 1955 ὑποδείκνυσι.
757 1928 814 1954 Νῦν
830 1930 884 1963 γάρ

102 1983 147 2009 μοι
169 1975 264 2009 νόησον
287 1975 336 2009 τὴν
358 1973 459 2009 Σοφίαν
482 1973 511 2006 te
537 1972 619 2000 αὑτοῦ
637 1972 684 1999 τοῦ
709 1973 779 1999 κατὰ
796 1973 884 2009 σάρκα

99 2019 270 2054 Σολομῶντος
292 2018 463 2053 διαλέγεσθαι
471 2027 478 2034 ·
489 2017 659 2052 διαλέγεσθαι
667 2018 695 2044 δὲ
703 2017 838 2051 ταῦτα,δι’
846 2015 883 2045 ὧν

100 2065 217 2100 μάλιστα
225 2065 292 2100 πρὸς
304 2064 453 2099 ὑπεροψίαν
466 2064 665 2099 ὁδηγηθείημεν
676 2063 730 2090 τῶν
741 2063 816 2099 παρά
828 2065 884 2096 τοῖς

97 2110 251 2146 ἀνθρώποις
260 2111 491 2145 σπουδαζομένων.
500 2110 537 2136 Οὐ
545 2109 599 2144 γὰρ
607 2109 667 2136 καθ’
675 2109 820 2144 ὁμοιότητα
829 2109 883 2136 τῶν

98 2156 212 2188 πολλῶν,
237 2153 277 2188 οἷς
293 2156 342 2182 οὑκ
363 2156 419 2182 ἔστι
443 2155 501 2182 κατ’
518 2155 641 2188 ἐξουσίαν
657 2155 686 2180 τὸ
703 2154 881 2190 καταθύμιον,

935 1566 1068 1589 creatura:
1091 1569 1232 1589 numerus.
1249 1566 1413 1588 conservato
1443 1569 1475 1588 80
1503 1561 1574 1596 quod
1593 1563 1719 1597 perierat,

935 1605 970 1634 iis
983 1614 1044 1641 quae
1064 1614 1116 1633 non
1133 1609 1257 1641 pereunt.

972 1652 1105 1685 Quisnam
1121 1659 1186 1686 ergo
1202 1652 1238 1679 sit
1252 1650 1359 1690 reditus
1372 1650 1432 1685 ejus
1447 1651 1519 1686 quod
1534 1651 1720 1683 abcrraverat,

934 1697 1096 1732 etquisnam
1110 1697 1146 1724 sit
1160 1697 1258 1724 modus
1267 1704 1282 1723 a
1294 1696 1373 1723 malis
1384 1696 1417 1723 ad
1434 1691 1534 1724 bonum
1544 1697 1720 1731 reversionis,

933 1743 1065 1777 deinceps
1091 1742 1236 1769 docemur.
1261 1741 1312 1774 Qui
1329 1742 1400 1769 enim
1417 1749 1466 1777 per
1489 1742 1582 1769 omnia
1599 1745 1722 1771 tentatus

934 1785 1025 1813 estad
1048 1785 1257 1813 similitudinem
1282 1785 1386 1820 absque
1413 1789 1538 1819 peccato,
1558 1793 1591 1812 ex
1619 1786 1721 1813 nostris

934 1832 1077 1860 nobiscum
1095 1831 1216 1859 disserit.
1234 1830 1286 1863 Qui
1302 1835 1413 1858 nostras
1429 1831 1580 1866 assumpsit
1595 1831 1721 1859 imbecil-

935 1875 1037 1906 litates,
1050 1883 1098 1910 per
1113 1876 1188 1910 ipsas
1201 1878 1307 1902 natura:
1321 1874 1504 1906 infirmitates,
1515 1874 1636 1902 ostendit
1646 1874 1720 1901 viam

935 1927 995 1955 qua:
1008 1923 1050 1947 est
1064 1923 1140 1947 extra
1154 1919 1262 1946 vitium.
1278 1918 1357 1946 Nunc
1372 1927 1438 1954 ergo
1451 1919 1494 1946 fac
1510 1919 1645 1954 intelligas
1662 1919 1720 1947 dis-

935 1973 1027 1994 serere
1034 1966 1205 2001 Sapientiam
1217 1973 1249 1993 ex
1264 1966 1325 2001 ipso
1337 1964 1493 1998 Salomone,
1507 1966 1552 2000 qui
1568 1969 1609 1992 est
1623 1973 1723 1993 secuti--

934 2011 998 2039 dum
1012 2018 1140 2040 carnem:
1158 2019 1189 2039 ea
1203 2015 1292 2038 autem
1310 2011 1455 2042 disserere,
1471 2018 1519 2046 per
1529 2019 1589 2045 quae
1603 2012 1722 2039 maxime

933 2056 1102 2084 deducantur
1131 2056 1165 2083 ad
1187 2064 1219 2084 ea
1245 2056 1454 2088 contemnenda,
1480 2065 1596 2091 quorum
1630 2058 1722 2085 studio

934 2105 1062 2129 tenentur
1081 2101 1217 2130 homines.
1234 2101 1294 2129 Non
1316 2107 1358 2129 est
1377 2101 1449 2129 enim
1466 2102 1526 2137 ejus
1540 2103 1628 2130 oratio
1645 2104 1722 2130 sinti-

934 2147 968 2175 lis
991 2148 1108 2175 orationi
1135 2148 1300 2179 multorum,
1320 2147 1367 2182 qui
1391 2147 1418 2174 in
1442 2151 1576 2182 potestate
1600 2155 1649 2175 sua
1667 2155 1720 2175 non

98 2202 145 2227 καὶ
160 2202 174 2228 ὁ
198 2203 264 2237 παρ’
285 2201 365 2228 αὐτοῦ
382 2202 483 2234 γίνεται
503 2201 580 2235 λόγος
592 2208 599 2216 ·
619 2201 657 2232 ὡς
673 2200 717 2227 διὰ
734 2200 829 2227 τούτου
851 2200 882 2227 τὸ

937 2192 1037 2220 habent
1060 2193 1087 2220 id
1110 2192 1182 2228 quod
1210 2193 1286 2220 lubet
1313 2197 1341 2220 et
1361 2195 1403 2220 est
1422 2192 1462 2219 eis
1483 2193 1577 2226 cordi;
1608 2193 1676 2220 adeo
1693 2197 1722 2220 ut

97 2247 285 2278 ἀναξιόπιστον
300 2247 355 2282 ἔχει
372 2246 532 2281 κατηγορῶν
548 2247 661 2273 ἐκείνων
676 2242 713 2272 ὦν
732 2247 763 2273 οὐ
785 2246 881 2272 πεπεί-

98 2301 190 2328 ραται.
211 2293 305 2327 Ἡμεῖς
326 2292 379 2326 γὰρ
394 2292 422 2318 οὐ
437 2293 470 2327 τῇ
486 2291 589 2317 ἑαυτῶν
605 2291 687 2327 πείρᾳ
710 2292 798 2318 πάντα
814 2300 881 2326 μαν-

97 2338 230 2372 θάνομεν
257 2337 324 2363 ἀλλὰ
353 2337 397 2363 διὰ
429 2337 516 2371 μόνων
541 2337 594 2363 τῶν
623 2337 760 2372 λογισμῶν
788 2338 880 2363 ἐκεῖνα

96 2382 274 2417 γινώσκομεν,
296 2379 333 2408 ῶν
357 2382 406 2416 τὴν
430 2381 631 2416 ἀπολαυστικὴν
655 2381 709 2408 τῶν
731 2382 817 2416 ἡδέων
831 2382 881 2417 τὴν

97 2428 196 2462 πεῖραν
212 2428 228 2462 ὴ
243 2428 322 2454 πενία
346 2427 456 2454 κωλύει.
480 2428 539 2454 Κάν
554 2437 607 2454 τινι
627 2427 797 2463 προσάγηται
811 2436 881 2462 συμ-

96 2473 178 2507 ϐουλὴ
204 2474 268 2508 παρ’
292 2473 379 2508 ἡμῶν,
396 2473 427 2499 τὸ
451 2473 514 2507 παρ’
529 2473 604 2499 οὐδὲν
626 2472 751 2506 ἡγεῖσθαι
772 2472 827 2499 δεῖν
847 2472 881 2499 τὰ

97 2517 148 2544 ὕπὺ
168 2517 222 2543 τῶν
239 2518 388 2553 ἀνθρώπων
409 2517 562 2552 τιμώμενα,
585 2517 730 2553 πρόχειρος
746 2518 762 2553 ή
789 2525 879 2552 παρα-

99 2563 189 2598 γραφὴ
210 2563 256 2589 τοῦ
280 2563 434 2594 ἀκούοντος,
450 2563 479 2588 τὸ
495 2562 538 2588 διὰ
550 2562 629 2589 τοῦτο
644 2563 718 2597 ἡμᾶς
735 2563 880 2598 ἀτιμάζειν

98 2608 199 2640 ἐκεῖνα,
206 2609 247 2635 ὅτι
257 2608 294 2643 μὴ
301 2609 334 2643 τῇ
341 2608 423 2642 πείρᾳ
432 2608 464 2642 τῇ
474 2608 503 2633 ἐν
511 2607 600 2639 αὐτοῖς
608 2608 804 2643 ἐγνωρίσαμεν.
818 2608 879 2634 Ἐπὶ

97 2652 126 2680 δὲ
135 2652 181 2679 τοῦ
196 2651 282 2689 ταῦτα
292 2652 358 2687 ἡμῖν
375 2651 577 2685 διαλεγομένου,
588 2652 668 2686 ἀργεῖ
682 2651 756 2677 πᾶσα
767 2650 879 2685 τοιαύτη

95 2697 266 2733 ἀντίρρησις.
281 2696 404 2731 Σολομὼν
419 2697 472 2731 γάρ
489 2697 562 2722 ἐστιν
576 2697 589 2722 ό
604 2696 690 2723 ταῦτα
702 2696 789 2730 λέγων
799 2704 806 2711 ·
824 2697 838 2722 ό
851 2696 879 2722 δὲ

96 2743 221 2778 Σολομὼν
251 2740 326 2774 οὗτος
351 2743 441 2777 τρίτος
466 2741 500 2778 ἦν
527 2742 554 2768 ὲν
583 2743 638 2773 τοῖς
666 2742 803 2776 βασιλεῦσι
831 2742 878 2768 τοῦ

473 2831 494 2847 ⁸⁷
506 2831 571 2858 Luc.
593 2839 634 2863 μ’,
651 2831 695 2858 Ἡ.
754 2829 864 2857 "Hebr.
880 2838 908 2862 ιι,

147 2832 172 2848 ³⁸
189 2831 305 2866 Philipp.
325 2839 360 2863 tv,
376 2831 418 2859 l2.

934 2243 1077 2274 propterea
1091 2239 1143 2267 ﬁde
1155 2240 1191 2267 sit
1205 2239 1346 2274 indignus,
1364 2244 1392 2266 ut
1407 2239 1452 2274 qui
1468 2239 1511 2266 illa
1524 2243 1644 2271 accuset,
1661 2247 1721 2274 qua:

934 2292 988 2312 non
1000 2289 1042 2312 est
1054 2289 1194 2319 expertus.
1211 2284 1266 2312 Nos
1280 2285 1353 2312 enim
1371 2291 1423 2312 non
1441 2285 1607 2320 experientia
1626 2289 1719 2313 nostra

933 2330 1025 2358 omnia
1054 2330 1203 2362 discimus,
1233 2329 1280 2358 sed
1305 2337 1354 2364 per
1372 2330 1443 2357 solas
1471 2330 1650 2365 cogitationes
1673 2331 1719 2359 illa

933 2376 1042 2402 demum
1052 2375 1256 2410 cognoscimus,
1271 2383 1388 2410 quorum
1403 2376 1549 2404 suavitatis
1562 2381 1589 2403 et
1600 2377 1720 2405 delecta-

931 2421 1015 2447 tionis
1043 2420 1211 2455 expcrientia
1238 2429 1272 2449 ne
1302 2421 1428 2448 fruamur
1456 2425 1530 2449 vetat
1560 2427 1718 2457 paupertas.

931 2466 1009 2499 Quod
1025 2466 1047 2494 si
1065 2473 1115 2494 nos
1134 2466 1217 2493 alicui
1237 2467 1426 2499 consulamus,
1451 2472 1482 2495 ut
1497 2468 1575 2495 nihili
1590 2468 1672 2496 faciat
1687 2477 1719 2496 ea

931 2520 992 2546 quae
1008 2513 1042 2540 ab
1059 2512 1218 2541 hominibus
1231 2513 1366 2540 habentur
1377 2513 1404 2540 in
1419 2513 1534 2545 honore,
1547 2513 1574 2541 in
1591 2517 1719 2549 promptu

932 2562 974 2585 est
987 2558 1023 2590 ei,
1047 2559 1093 2593 qui
1111 2558 1168 2586 hzec
1181 2558 1267 2591 audit,
1284 2558 1465 2594 praescriptio,
1482 2559 1554 2594 quod
1577 2563 1719 2594 propterea

933 2611 985 2632 nos
1001 2604 1046 2632 illa
1061 2605 1257 2640 despiciamus,
1274 2604 1348 2640 quod
1363 2612 1395 2632 ea
1417 2605 1496 2632 nobis
1514 2609 1577 2632 nota
1591 2613 1644 2632 non
1664 2606 1719 2633 sint

932 2651 1111 2685 experientia.
1139 2650 1167 2677 In
1189 2658 1222 2678 eo
1246 2654 1335 2678 autem
1350 2651 1397 2686 qui
1423 2650 1480 2678 haec
1499 2651 1578 2678 nobis
1595 2651 1716 2682 disserit.

933 2701 1022 2724 cessat
1039 2696 1130 2724 omnis
1154 2696 1286 2729 ejusmodi
1307 2695 1501 2723 contradictio.
1518 2689 1651 2723 Est‘enim
1668 2695 1717 2722 Sa-

934 2743 1024 2769 lomon
1045 2743 1091 2777 qni
1115 2743 1172 2769 haec
1187 2741 1263 2769 dicit.
1285 2741 1334 2768 llic
1353 2746 1442 2769 autern
1464 2741 1589 2768 Salomon
1605 2746 1646 2768 est
1662 2744 1718 2768 ter-

930 2829 976 2858 37.
