1989 3070
158 136 213 166 665

695 135 729 161 IN
747 133 1016 162 ECCLESIASTEN.
1037 132 1177 161 llOMlLlA
1197 133 1228 160 ll.

1734 135 1788 164 640

163 202 173 218 ι
193 191 239 218 καὶ
262 191 415 227 ἐπιστήμην
437 191 538 226 ἕγνωψ
559 201 568 217 ι
585 191 716 222 τουτέστι,
731 191 780 226 τὴν
804 190 833 223 ὲξ
857 189 952 216 ἀναλο-

1006 188 1164 223 gnitionem.
1180 197 1189 214 (
1206 188 1259 216 Sed
1273 192 1299 215 et
1313 188 1468 222 parabolas,
1492 198 1501 214 ι
1516 188 1616 225 inquit,
1634 199 1643 216 (
1658 196 1683 218 et
1697 192 1788 220 scien-

160 237 223 272 γίας
235 238 383 273 γενομένην
399 238 445 264 τοῦ
462 237 658 273 ὑπερκειμένου
673 236 834 271 κατάληψιν,
847 236 890 262 διὰ
902 236 951 270 τῆς

162 283 339 319 παραθέσεως
353 283 406 309 τῶν
421 282 639 318 παρακειμένων.
654 283 708 308 Καὶ
728 281 812 308 ταῦτα
827 280 951 316 μεμαθη-

161 329 238 356 κέναι
251 330 340 363 λέγει·
359 329 519 364 Παραϐολὰς
542 329 606 364 γὰρ,
629 328 704 362 φησὶ,
727 327 774 353 καὶ
798 327 951 362 ἐπιστήμην

162 375 256 408 ἔγνων.
275 374 407 410 Καθάπερ
422 374 553 400 διδάσκων
564 374 614 400 ’καὶ
628 374 656 399 ὲν
668 373 706 408 τῷ
721 371 876 405 Εὑαγγελίῳ
890 371 952 401 τοὺς

163 420 353 454 ἀκροωμένους
365 421 379 446 ὁ
396 419 506 454 Κύριος,
522 419 565 445 τὸν
583 418 707 453 περὶτῆς
725 416 951 452 βασιλείαςΜγον

164 467 209 493 ὑπ’
227 465 287 499 ὄψιν
304 465 375 498 ἄγει,
390 465 406 500 ἢ
424 465 604 500 μαργαρίτην,
622 464 639 498 ἢ
659 463 804 498 θησαυρὸν,
820 462 837 496 ἦ
854 462 950 496 γάμον,

164 511 181 545 ἢ
198 511 305 542 κόκκον,
322 510 338 544 ἢ
353 510 449 546 ζύμην,
464 511 480 545 ἡ
498 519 523 536 τι
536 509 588 536 τῶν
605 509 729 535 τοιούτων
743 503 953 543 διηγησάμενος,

163 556 194 582 οὐ
215 556 300 582 ταῦτα
316 555 401 589 λέγων
420 553 489 582 εἶναι
507 556 556 590 τὴν
576 555 729 590 βασιλείαν-
751 554 817 581 ἀλλὰ
839 554 883 580 διὰ
902 554 963 588 τῆς·

164 601 319 636 ὁμοιώσεως
339 601 392 628 τῶν
415 603 442 627 ἐν
464 601 567 632 τούτοις
593 600 809 636 σημαινομένων,
836 599 951 633 ἑναυγά-

166 647 257 682 σματὰ
270 655 329 673 τινα
346 648 393 673 καὶ
409 647 555 681 αἰνίγματα
569 646 621 673 τῶν
637 647 707 682 ὑπὲρ
720 646 869 680 κατάληψιν
882 654 949 680 πρα-

163 692 276 727 γμάτων
306 691 497 726 παραϐολικῶς
520 693 576 723 τοῖς
606 692 749 718 ἁκούουσιν
773 691 949 718 ὑποδεικνύει.

166 747 174 763 ι
194 737 246 763 Καὶ
266 737 305 768 εἰς
322 735 400 763 τοῦτό
416 745 460 771 μοι
475 737 578 770 γέγονε,
597 746 606 762 ι
622 737 713 772 φησὶν,
733 746 741 762 ι
761 738 776 771 ἡ
794 736 952 772 προαίρεσις

161 782 206 809 τοῦ
223 782 384 817 πνεύματος,
399 782 428 808 τὸ
439 782 564 816 γενέσθαι
583 790 627 816 μοι
648 782 746 817 πλῆθος
769 782 862 816 σοφίας
874 791 898 813 ,›
915 782 951 812 ὡς

161 827 194 854 ἂν
209 827 250 853 διὰ
266 828 313 854 τοῦ
335 827 462 861 γενέσθαι
480 827 571 860 σοφὸς,
588 828 624 862 μὴ
640 828 817 862 διαμάρτοιμι
834 828 882 862 τῆς
898 827 951 853 τῶν

1006 234 1071 260 tiam
1085 234 1158 266 novi,
1171 243 1179 260 ι
1197 234 1249 260 hoc
1260 237 1313 265 est,
1329 241 1388 261 eam
1403 242 1463 269 qua:
1476 233 1547 261 facta
1558 240 1640 263 estex
1652 237 1787 272 analogia,

1004 279 1063 313 ejus
1079 279 1152 313 quod
1167 284 1208 306 est
1226 280 1351 314 superius
1366 281 1647 315 comprehensionem,
1674 290 1723 317 per
1742 290 1790 309 eo-

1006 332 1065 350 rum
1090 332 1150 359 (μιίὲ
1174 324 1251 358 juxta
1279 330 1343 353 sunt
1372 327 1459 361 posita
1483 328 1724 362 comparationem.
1751 328 1789 356 Ea

1005 377 1113 404 quoque
1129 378 1156 397 se
1169 369 1233 397 dicit
1246 370 1394 398 didicisse:
1413 371 1561 399 Parabolas
1583 374 1665 406 enim,
1689 374 1788 408 inquit.

1004 420 1026 441 et
1042 415 1184 441 scientiam
1200 416 1272 442 novi.
1289 415 1429 448 Quomodo
1444 417 1515 443 enim
1533 417 1560 444 in
1575 417 1720 453 Evangelio
1738 418 1789 445 Do-

1006 460 1096 486 minus
1107 461 1209 488 dot‘ens
1228 462 1375 492 auditores,
1391 462 1503 496 subjicit
1527 463 1613 490 oculis
1627 463 1653 490 id
1667 464 1738 498 quod
1756 465 1790 492 de

1005 513 1089 540 regno
1106 506 1182 536 dicit,
1205 500 1247 533 vel
1261 507 1448 542 margaritam,
1473 509 1513 534 vel
1530 509 1649 542 nuptias,
1668 510 1708 536 vel
1729 517 1790 544 gra-

1006 559 1080 582 num,
1098 551 1139 578 vel
1157 551 1331 584 fetulentum,
1353 553 1394 579 vel
1416 553 1518 587 aliquid
1536 553 1670 588 ejusmodi
1700 555 1726 582 id
1743 563 1790 590 ap-

1006 597 1154 631 pellans",
1173 604 1227 623 non
1245 597 1300 624 bare
1321 597 1416 625 dicetis
1445 606 1506 626 esse
1528 607 1662 634 regnum:
1680 601 1726 628 sed
1742 609 1790 636 per

1005 643 1211 670 similitudinem
1230 651 1324 670 eorum
1341 651 1401 678 quae
1420 645 1447 671 in
1462 644 1495 671 iis
1517 645 1716 680 signiﬁcantur,
1741 647 1789 674 de-

1005 688 1170 715 cluraliones
1181 688 1311 723 quasdam
1324 693 1350 716 et
1366 690 1463 717 tacitas
1471 690 1683 725 signiﬁcationes
1699 700 1789 720 rerum

1005 741 1065 768 qua:
1076 738 1197 761 nostram
1211 736 1624 770 superantcomprehensionem
1638 739 1790 771 parabolice

1005 779 1150 806 ostendens
1162 779 1345 807 auditoribus.
1364 789 1372 805 ι
1391 780 1423 806 Ει
1435 780 1468 807 ad
1484 781 1546 813 hoc,
1560 791 1570 806 ›
1585 782 1683 816 inquit,
1699 793 1708 808 (
1724 784 1790 812 mihi

1007 823 1055 849 fuit
1074 823 1147 857 optio
1164 823 1287 857 spiritus,
1305 828 1335 850 ut
1351 828 1422 851 esset
1438 824 1505 851 mihi
1519 826 1665 853 multitudo
1681 828 1791 862 sapien-

163 873 246 900 ὖντων
268 873 403 907 γνώσεως,
422 873 488 908 μηδὲ
507 873 584 904 ἐκτὸς
605 874 734 908 γενοίμην
751 873 800 907 τῆς
817 873 862 899 τοῦ
879 873 952 899 λυσι-

1006 870 1056 902 ιὶω,
1074 879 1082 894 ι
1100 873 1130 896 ιιι
1144 874 1287 904 propterea
1301 870 1371 904 quod
1389 878 1478 898 essem
1497 871 1617 905 sapiens,
1635 873 1670 899 ab
1695 881 1789 901 eorum

162 919 299 951 τελοῦντος
317 920 462 955 εὑρέσεως.
485 920 530 946 Ἐκ
547 920 600 955 γὰρ
622 919 715 952 σοφίας
732 920 748 954 ἡ
765 919 864 953 γνῶσις
889 927 950 945 συν-

162 964 283 991 ίσταται·
309 965 326 999 ἡ
347 964 375 990 δὲ
388 954 503 997 ιγνῶσις,
521 965 704 999 εὐκολωτέραν
722 965 787 999 ἡμῖν
810 966 881 990 ποιεῖ
903 964 951 999 τὴν

159 1009 206 1035 τοῦ
221 1009 397 1044 προσέχοντος
419 1009 520 1043 κρίσιν.
545 1009 629 1035 Τοῦτο
650 1008 678 1035 δὲ
701 1009 752 1034 οὐκ
772 1009 876 1044 ἀκμητὶ
895 1010 950 1040 τοῖς

162 1054 338 1085 σπουδάζουσι
356 1054 552 1089 παραγίνεσθαι
569 1054 699 1088 πέφυκεν,
713 1053 769 1080 ἀλλ’
790 1056 804 1080 ὁ
823 1054 950 1089 προσθεὶς

160 1099 248 1134 ἐαυτῷ
266 1099 364 1133 γνῶσιν
387 1100 563 1127 συνεπιτείνει
588 1100 696 1131 πάντως
716 1101 748 1135 τῇ
771 1099 887 1135 μαθήσει
906 1100 950 1125 τὸν

162 1145 250 1171 πόνον.
269 1144 312 1170 Διὸ
329 1145 418 1180 φησιν,
437 1155 445 1170 ι
463 1145 492 1171 ’0
508 1145 635 1180 προσθεὶς
649 1144 758 1180 γνῶσιν,
776 1144 951 1180 προστίθησιν

161 1189 282 1224 ἄλγημα.
301 1199 310 1214 ι
328 1190 380 1215 Καὶ
399 1190 517 1222 τοιοῦτος
531 1189 659 1224 γεγονὼς,
675 1190 735 1216 τότε
748 1189 800 1216 τῶν
815 1189 900 1225 ἡδέων
913 1189 950 1221 ὡς

164 1234 290 1269 ματαίων
307 1234 532 1270 καταψηφίζεται.

198 1371 278 1405 Λέγει
305 1370 370 1406 γὰρ,
396 1371 435 1397 ὅτι
458 1381 466 1396 ι
488 1369 558 1398 Εἷπα
586 1372 641 1406 ἐγὼ
665 1373 694 1398 ἐν
710 1373 742 1407 τῇ
764 1372 861 1407 καρδίᾳ
890 1380 949 1407 μου,

164 1417 248 1452 Δεῦρο
264 1417 307 1452 δὴ,
325 1417 447 1452 πειράσω
461 1426 490 1443 σε
502 1418 530 1444 ὲν
543 1418 705 1454 εὐφροσύνῃ,
719 1419 765 1445 καὶ
781 1419 832 1445 ἰδοὺ
848 1420 875 1446 ἐν
887 1419 953 1452 ἀγα-

165 1462 228 1494 θοῖς.
250 1463 304 1489 Καί
323 1471 355 1497 γε
377 1463 455 1488 τοῦτο
473 1464 628 1498 ματαιότης.
651 1474 659 1489 ι
677 1463 715 1490 Οὐ
727 1463 780 1498 γὰρ
793 1463 872 1496 εὐθὺς
889 1463 954 1490 ἔδω-

165 1516 210 1534 κεν
236 1509 330 1534 ἑαυτὸν
354 1509 387 1543 τῇ
412 1507 520 1543 τοιαύτῃ
545 1508 636 1543 πείρᾳ,
662 1509 722 1534 οὐδὲ
749 1509 877 1542 ἄγευστος
909 1509 952 1535 τοῦ

164 1553 378 1587 κατεσκληκότος
407 1561 436 1578 τε
461 1553 508 1578 καὶ
534 1553 694 1587 σεμνοτέρου
726 1552 794 1587 βίου,
816 1553 882 1588 πρὸς
905 1553 954 1588 τὴν

163 1598 217 1623 τῶν
237 1597 320 1632 ἡδέων
346 1597 488 1632 μετουσίαν
519 1596 696 1623 κατώλισθεν¹
713 1597 770 1623 ἀλλ’
794 1597 953 1632 ἐνασκηθεὶς

163 1642 291 1672 ἐκείνοις,
316 1642 361 1668 καὶ
387 1641 616 1677 προκατορθώσας
647 1641 685 1676 τῷ
705 1641 764 1676 ἤθει
791 1642 821 1668 τὸ
845 1643 954 1677 ἁμειδὲς

164 1687 211 1712 καὶ
230 1686 386 1717 ἀνένδωτον,
404 1686 436 1712 δι’
451 1682 487 1712 ὧν
502 1686 618 1721 μάλιστα
631 1687 666 1713 τὰ
685 1687 734 1722 τῆς
755 1687 849 1722 σοφίας
868 1688 954 1723 μαθή-

166 1741 237 1766 ματα
248 1733 303 1764 τοῖς
320 1731 497 1762 σπουδάζουσι
512 1733 614 1766 γίνεται
626 1741 632 1747 ·
645 1733 706 1759 τότε
718 1733 826 1768 καθίησι
842 1734 909 1768 πρὸς
920 1734 953 1759 τὰ

164 1779 196 1812 τῇ
213 1777 337 1812 αἰσθήσει
349 1777 452 1812 τερπνὰ
467 1777 640 1813 νομιζόμενα,
650 1779 679 1803 οὺ
694 1778 773 1804 πάθει
788 1779 854 1813 πρὸς
868 1779 954 1805 ταῦτα

165 1823 378 1855 καθελκυσθεὶς,
394 1822 464 1849 ἀλλᾶῐ
480 1823 528 1849 τοῦ
548 1823 748 1858 ἐπισκέψασθαι
766 1826 854 1859 χάριν,
873 1826 899 1851 εἴ
914 1835 954 1857 τις

166 1868 288 1895 συντελεῖ
305 1868 374 1903 πρὸς
394 1868 442 1903 τὴν
463 1868 509 1894 τοῦ
534 1868 669 1903 ἀληθινῶς
691 1869 791 1902 γνῶσιν
809 1870 910 1904 ἀγαθοῦ
926 1871 954 1896 ἐν

165 1913 271 1944 τούτοις
288 1914 421 1948 γενομένη
440 1914 455 1948 ἠ
471 1914 606 1949 αἴσθησις.
627 1914 702 1940 Ἐπεὶ
715 1914 775 1941 τότε
792 1916 851 1942 κατ’
868 1916 954 1951 ἀρχὰς

167 1957 262 1992 ἐχθρὸν
280 1958 376 1985 ἑαυτοῦ
390 1960 464 1984 ποιεῖ
482 1959 529 1985 καὶ
546 1959 591 1985 τὺν
605 1959 722 1993 γέλωτα,
739 1961 786 1986 καὶ
804 1961 954 1997 περιφορὰν

167 2003 293 2038 ὀνομάζει
308 2004 338 2030 τὸ
355 2004 438 2035 πάθος
449 1999 539 2040 [ὅπερ
553 2002 610 2031 ἶσόν
628 2006 685 2032 ἐστι
702 2006 773 2032 κατὰ
789 2006 905 2034 διάνοιαν
922 2009 953 2043 τῇ

167 2049 314 2084 παραφορᾷ
331 2057 359 2075 τε
373 2049 419 2075 καὶ
440 2050 584 2085 παρανοίᾳ.
604 2050 637 2076 Εἴ
655 2060 678 2076 τι
695 2051 748 2086 γὰρ
762 2051 825 2078 ἄλλο
838 2061 879 2084 τις
894 2055 954 2078 ὀνο-

169 2095 264 2130 μάσειε
278 2094 380 2129 κυρίως
398 2095 444 2121 τὸν
458 2095 576 2129 γέλωτα,
594 2096 607 2122 ὅ
625 2098 692 2131 μήτε
710 2097 787 2131 λόγος
800 2098 868 2130 ἐστὶ,
885 2100 953 2133 μήτε

166 2140 245 2174 ἔργον
262 2139 307 2165 ἐπί
329 2148 381 2165 τινι
408 2139 501 2173 σκοπῷ
525 2139 753 2174 κατορθούμενον.
780 2142 907 2172 Amﬂeat;
927 2142 952 2167 δὲ

169 2185 300 2219 στόματος
312 2185 439 2219 ἀπρεπὴς
449 2205 455 2215 ,
474 2185 521 2211 καὶ
534 2185 687 2220 πνεύματος
699 2186 801 2218 κλόνος,
826 2187 873 2212 καὶ
886 2187 948 2222 βριιι

170 2229 234 2263 σμλις
251 2229 311 2255 ὅλου
331 2229 378 2255 τοῦ
395 2229 535 2264 σώματος,
554 2231 600 2256 καὶ
617 2231 742 2265 διαστολὴ
758 2232 890 2264 παρειῶν,
907 2233 952 2258 καὶ

167 2273 306 2308 γύμνωσις
324 2275 437 2301 ὀδόντων
451 2284 479 2301 τε
497 2276 544 2302 καὶ
560 2275 655 2306 οΰλιιιν,
673 2278 720 2303 καὶ
737 2276 863 2312 ὑπερῷας
874 2279 954 2313 αὐχέ-

168 2328 211 2350 νος
226 2328 254 2346 τε
267 2319 404 2354 λογισμοὶ,
420 2321 465 2346 καὶ
482 2321 573 2356 φωνῆς
588 2322 743 2357 παράλογος
756 2323 863 2358 θρύψις,
878 2332 954 2350 σννε⁴

168 2365 353 2400 πικοπτομένη
378 2366 411 2400 τῇ
430 2365 524 2391 κλάσει
547 2365 597 2400 τοῦ,
611 2367 766 2401 πνεύματος
777 2389 784 2400 ,
797 2369 823 2394 τί
841 2369 874 2395 ἂν
890 2369 953 2396 ἄλλο

168 2409 210 2443 εἴη
229 2409 317 2440 τοῦτο,
347 2409 433 2444 φησὶ,
448 2411 493 2437 καὶ
515 2411 545 2437 οὺ
572 2412 723 2446 παράνοια;
774 2414 822 2441 Διό
876 2423 952 2449 φησι,

171 2463 179 2480 ι
197 2455 242 2489 Τῷ
258 2456 356 2489 γέλωτι
381 2453 443 2482 εἶπα
456 2457 630 2492 παραφορὰν,
653 2467 661 2483 ι
679 2458 716 2488 ὡς
740 2457 771 2484 ἂν
785 2459 809 2484 εἰ
827 2459 902 2492 ἔλεγε
916 2459 954 2494 τῷ

167 2499 382 2533 γέλιυτι,Μ;ιίνῃ
395 2501 442 2527 καὶ
461 2502 669 2537 παρεξέστηκας
687 2503 733 2529 καὶ
749 2504 798 2530 οὐκ
817 2505 892 2536 ἐντὸς
907 2505 953 2531 τοῦ

168 2546 336 2577 καθεστῶτος
357 2547 449 2581 μένεις
461 2567 468 2578 ,
492 2548 622 2579 ἑκουσίως
639 2550 812 2585 ἀσχημονῶν,
834 2551 880 2577 καὶ
894 2551 954 2578 δια-

169 2592 294 2626 στρέφων
309 2593 337 2617 ἐν
355 2591 393 2626 τῷ
417 2592 498 2618 πάθει
514 2593 545 2618 τὸ
558 2591 638 2625 εἶδος,
657 2595 700 2620 ἐπ’
723 2595 812 2621 οὐδενὶ
827 2596 953 2632 χρησίμῳ

167 2638 389 2674 τὴνδιαστρῡφὴν
399 2638 591 2673 ἐργαζόμενος.
606 2649 615 2665 ι
629 2638 711 2666 Εἶπον
721 2641 749 2666 δὲ
760 2642 807 2668 καὶ
816 2643 847 2677 τῇ
857 2642 954 2677 εὐφρο-

170 2683 236 2719 σύνῃ
250 2692 256 2699 ·
273 2683 305 2709 Τί
321 2683 400 2710 τοῦτο
414 2686 519 2716 ποιεῖς;
537 2693 545 2709 ι
565 2686 633 2721 ὅπερ
652 2684 710 2713 ἴσον
726 2689 782 2714 ἐστι
797 2688 835 2723 τῷ
851 2687 950 2723 λέγειν,

169 2730 211 2755 ὅτι
222 2728 291 2764 Πρὸς
310 2728 359 2761 τὴν
376 2729 472 2764 ἡδονὴν
488 2730 682 2763 ἀντιστατικῶς
699 2732 775 2767 ἔσχον
790 2734 950 2761 ὑποπτεύων

225 2816 245 2829 δέ’
257 2817 351 2844 Matth.
369 2826 428 2851 χιιι,
443 2818 458 2845 5
476 2826 536 2854 siq.

1003 923 1064 949 qua:
1079 919 1143 942 sunt
1154 915 1309 951 cognitione
1322 917 1434 943 minime
1445 917 1599 945 aberraretn
1608 938 1615 949 ,
1637 926 1686 945 nec
1701 927 1790 947 essent

1004 967 1124 990 remotus
1139 963 1173 990 ab
1188 963 1344 990 inventione
1359 963 1419 997 ejus
1441 963 1513 998 quod
1536 968 1578 991 est
1608 964 1789 992 conducibile.

1006 1008 1041 1035 Ex
1056 1009 1189 1042 sapientia
1205 1009 1277 1035 enim
1289 1013 1397 1035 constat
1412 1009 1542 1044 cognitio.
1559 1008 1685 1044 Cognitio
1697 1013 1788 1036 autem

1004 1053 1083 1081 eliicit
1093 1054 1152 1088 ejus
1169 1054 1215 1088 qui
1231 1054 1345 1082 attendit
1357 1053 1617 1088 faciliusjudicium.
1632 1054 1688 1081 Hoc
1701 1059 1789 1082 autem

1005 1107 1057 1126 non
1073 1100 1142 1125 citra
1160 1099 1282 1126 laborem
1310 1099 1441 1126 accedere
1465 1103 1561 1133 suapte
1581 1103 1679 1126 natura
1702 1103 1791 1133 potest

1005 1145 1038 1172 iis
1051 1145 1096 1179 qui
1112 1145 1225 1172 student
1238 1154 1245 1177 ;
1258 1145 1305 1172 sed
1330 1145 1375 1179 qui
1395 1144 1499 1171 addidit
1525 1144 1576 1172 sibi
1594 1145 1790 1179 cognitionem,

1004 1190 1086 1217 simul
1111 1190 1192 1217 etiam
1208 1196 1270 1216 cum
1288 1189 1432 1224 disciplina
1447 1189 1558 1216 omnino
1582 1189 1699 1216 intendit
1721 1189 1793 1216 labo-

1002 1244 1071 1262 rem.
1083 1234 1155 1262 Dicit
1170 1235 1296 1269 itaquezt
1314 1234 1366 1268 Qui
1387 1234 1490 1261 addidit
1502 1234 1698 1269 cognitionem,
1717 1234 1792 1262 addit

1004 1281 1139 1308 dolorem.
1155 1290 1165 1307 ι
1189 1280 1259 1307 Cum
1285 1280 1347 1307 talis
1362 1281 1490 1313 evaserit,
1509 1284 1573 1308 tunc
1588 1281 1709 1316 jucunda
1731 1285 1793 1308 tan-

1003 1334 1084 1361 quam
1105 1333 1174 1353 vana
1185 1325 1361 1353 condemnat.

1041 1371 1112 1398 Dicit
1128 1372 1212 1404 enim,
1232 1380 1241 1396 ι
1262 1370 1322 1397 Dixi
1336 1371 1363 1397 in
1376 1369 1459 1398 corde
1475 1378 1546 1404 meo,
1560 1373 1615 1408 Age
1631 1371 1742 1398 tcntabo
1766 1376 1793 1399 te

1007 1417 1034 1444 in
1046 1417 1148 1448 lzetitia,
1167 1420 1194 1444 et
1208 1424 1273 1443 ecce
1290 1417 1317 1443 in
1335 1415 1425 1443 bonis.
1448 1415 1480 1442 Et
1498 1416 1548 1443 hoc
1565 1424 1671 1451 quoque
1689 1421 1731 1443 est
1747 1425 1794 1443 va—

1006 1464 1077 1490 nitas
1091 1462 1178 1497 (Cap.
1198 1470 1228 1493 ιι,
1249 1462 1259 1487 l
1276 1460 1358 1496 sqq.)
1378 1471 1387 1487 ι
1401 1460 1459 1487 Non
1478 1461 1550 1488 enim
1565 1470 1593 1488 se
1610 1462 1701 1489 statim
1718 1462 1793 1489 dedit

1008 1510 1046 1536 illi
1061 1507 1245 1543 experientiae,
1258 1515 1345 1542 neque
1358 1515 1412 1534 non
1426 1511 1533 1542 gustata
1548 1507 1692 1534 austeriori
1710 1512 1736 1535 et
1750 1516 1793 1534 se-

1006 1553 1106 1580 veriori
1125 1553 1190 1584 vita,
1206 1552 1335 1587 delapsus
1362 1556 1404 1579 est
1420 1551 1452 1578 ad
1468 1551 1652 1586 jucundorum
1681 1553 1792 1587 partieb-

1007 1599 1142 1633 pationem
1159 1597 1226 1625 :sed
1248 1605 1308 1623 cum
1323 1597 1350 1623 in
1372 1597 1425 1624 illis
1451 1597 1617 1624 exercitatus
1646 1596 1752 1628 fuisset,
1767 1601 1794 1625 et

1006 1644 1082 1678 prius
1101 1651 1129 1670 se
1150 1643 1183 1669 iis
1213 1643 1355 1677 praeditum
1377 1642 1502 1669 moribus
1530 1643 1709 1675 exhibuisset,
1728 1647 1757 1669 ut
1778 1651 1793 1670 a

1005 1690 1062 1717 risu
1080 1690 1197 1720 alienus,
1211 1688 1303 1723 gravis
1324 1692 1350 1714 et
1365 1691 1495 1714 constans
1508 1691 1590 1719 esset,
1608 1695 1662 1722 qua
1684 1688 1792 1715 ratione

1006 1744 1020 1763 a
1033 1736 1163 1763 studiosis
1175 1735 1291 1763 maxime
1307 1739 1501 1769 comparantur
1517 1734 1669 1768 disciplinae
1681 1735 1794 1769 sapien-

1006 1782 1060 1814 tite,
1079 1786 1144 1808 tunc
1170 1788 1199 1807 se
1213 1780 1327 1807 remittit
1343 1779 1377 1805 ad
1405 1786 1436 1806 ea
1455 1786 1516 1813 qua:
1535 1778 1628 1806 sensui
1646 1784 1794 1806 censentur

1005 1835 1066 1855 esse
1079 1826 1202 1862 jucunda
1215 1833 1246 1853 ac
1260 1824 1446 1853 delcctabilia:
1463 1832 1516 1851 non
1532 1824 1615 1850 animi
1631 1823 1665 1850 ad
1677 1824 1732 1857 haec
1749 1828 1792 1849 at-

1006 1878 1110 1901 tractus
1135 1872 1352 1907 pertnrbatione.
1369 1869 1415 1897 sed
1441 1874 1470 1896 ut
1483 1869 1680 1901 consideraret,
1707 1876 1741 1895 an
1758 1870 1794 1896 ad

1007 1920 1064 1947 veri
1077 1918 1140 1946 boni
1155 1917 1342 1952 cognitionem
1363 1915 1466 1950 aliquid
1491 1914 1616 1942 conferat
1632 1921 1732 1942 sensus
1747 1914 1794 1948 qui

1007 1966 1033 1992 in
1048 1965 1087 1992 eis
1102 1964 1185 1991 fuerit
1198 1961 1457 1989 immoratus.Tune
1467 1961 1538 1988 enim
1551 1965 1576 1997 ςι
1589 1960 1623 1987 ab
1637 1960 1714 1986 initio
1725 1959 1793 1989 risui

1006 2011 1149 2038 denuntiat
1171 2008 1342 2040 inimicitias,
1359 2012 1384 2034 et
1400 2007 1485 2033 animi
1501 2011 1603 2032 motum
1621 2005 1696 2032 illum
1714 2009 1794 2032 vocat

1005 2054 1256 2083 circumlationem,
1271 2052 1343 2087 quod
1354 2052 1464 2086 quidem
1481 2058 1564 2077 sensu
1581 2048 1651 2076 idem
1667 2051 1708 2076 est
1721 2048 1794 2082 quod

1005 2102 1130 2129 delirium
1142 2104 1168 2127 et
1181 2097 1352 2127 amentiazsi
1371 2096 1437 2131 quid
1461 2095 1532 2123 enim
1559 2094 1632 2121 aliud
1656 2093 1793 2128 quispiam

1007 2147 1115 2182 proprie
1128 2145 1213 2172 risum
1220 2143 1410 2178 appellaverit,
1421 2142 1445 2168 id
1459 2140 1530 2176 quod
1545 2148 1632 2174 neque
1643 2143 1684 2166 est
1694 2140 1792 2172 oratio,

1009 2199 1096 2226 neque
1113 2191 1214 2217 factum
1228 2193 1303 2216 certo
1322 2195 1406 2222 scopo
1421 2191 1447 2213 et
1468 2186 1608 2220 proposito
1625 2191 1792 2219 susceptum.

1008 2236 1070 2264 Oris
1081 2239 1171 2262 autem
1191 2234 1320 2261 indecora
1335 2232 1468 2264 dilatatio,
1486 2234 1642 2264 tremorque
1667 2230 1793 2265 spiritus,

1007 2286 1034 2310 ct
1051 2282 1137 2308 totius
1152 2280 1275 2315 corporis
1287 2278 1442 2310 concussio,
1459 2280 1492 2303 et,
1506 2284 1636 2310 genarum
1659 2275 1792 2308 diductio,

1010 2328 1190 2361 dentiumque
1207 2331 1233 2353 et
1244 2325 1415 2361 gingivarum
1436 2326 1463 2350 et
1484 2322 1565 2357 palati
1579 2322 1693 2357 apertio,
1715 2322 1794 2349 colli-

1007 2378 1059 2405 que
1075 2370 1226 2401 contorsio,
1250 2369 1380 2403 vocisque
1396 2370 1494 2402 prmter
1518 2367 1653 2394 rationem
1684 2366 1792 2399 tractio,

1008 2423 1069 2450 quae
1080 2415 1161 2442 simul
1177 2422 1239 2441 cum
1254 2414 1387 2441 fractione
1400 2412 1714 2448 spirilusintersecatur,
1728 2412 1794 2447 quid

1008 2462 1059 2488 hoc
1073 2461 1146 2488 aliud
1161 2460 1241 2487 l‘ucrit
1254 2467 1334 2495 quam
1345 2460 1463 2487 amentia
1475 2459 1486 2485 ?
1498 2458 1528 2485 Et
1543 2458 1615 2491 ideo,
1631 2467 1640 2484 ι
1657 2457 1688 2484 Et
1699 2458 1766 2488 dixi,
1781 2468 1790 2484 ι

1008 2507 1107 2541 inquit,
1127 2515 1136 2531 ι
1156 2505 1223 2533 risui
1244 2504 1410 2532 amentiam:
1436 2514 1444 2529 ι
1466 2504 1578 2538 perinde
1591 2511 1622 2530 ac
1651 2503 1673 2531 si
1690 2503 1793 2530 diceret

1009 2553 1085 2585 risui,
1101 2554 1222 2581 Insanus
1235 2559 1264 2579 es
1286 2555 1312 2577 ct
1332 2554 1428 2577 emotae
1445 2550 1554 2580 mentis,
1582 2557 1669 2583 neque
1699 2556 1793 2575 manes

1008 2599 1078 2625 intra
1098 2598 1260 2625 constantia:
1283 2596 1362 2628 lines,
1381 2600 1409 2622 ut
1432 2595 1477 2629 qui
1506 2599 1602 2628 sponte
1625 2594 1752 2621 indecore
1769 2600 1794 2621 te

1007 2651 1097 2679 geras,
1112 2648 1138 2670 et
1155 2643 1182 2670 in
1200 2647 1273 2669 mottt
1293 2640 1376 2667 animi
1401 2640 1515 2667 fortnam
1534 2645 1683 2674 pervertas.
1712 2639 1793 2672 idque

1008 2695 1117 2726 propter
1130 2690 1233 2716 nullam
1248 2688 1406 2715 utilitatem.
1422 2697 1430 2712 ι
1447 2686 1505 2713 Dixi
1516 2686 1596 2712 ctiam
1609 2685 1707 2711 Itetitia:
1719 2693 1726 2710 :
1739 2685 1793 2710 Cur

1006 2735 1057 2762 hoc
1071 2734 1160 2761 facis?
1178 2743 1186 2758 ι
1206 2733 1284 2765 Quod
1293 2731 1406 2766 perinde
1423 2736 1463 2759 est
1477 2739 1508 2757 ac
1522 2730 1543 2757 si
1559 2727 1792 2764 dicas,\'uluptati
