1989 3070
198 145 249 174 6U

810 139 839 167 S.
861 137 1027 167 GREGORH
1045 136 1192 166 NYSSENI

1769 133 1822 165 648

198 201 297 232 restiti.
317 203 471 236 suspectam
489 199 594 229 habens
607 199 666 235 ejus
679 198 984 234 appropinquationem,

1042 197 1124 233 αὐτῆς
1137 198 1182 224 τὸν
1201 194 1413 232 προσεγγισμδν,
1440 190 1520 222 οἱονεὶ
1544 193 1659 221 κλέπτου
1681 193 1753 224 τινὸς
1773 193 1820 220 λι»

198 247 312 283 perinde
327 250 408 281 atque
429 246 450 274 si
466 246 509 273 fur
528 246 663 281 quispiam
682 245 838 272 clanculum
859 243 984 279 ingrede-

198 296 275 320 retur
285 293 383 319 anima:
397 293 559 327 penetralia.
578 292 721 327 Nunquam
737 290 848 326 permisi
869 294 940 317 utea
956 291 984 317 in

199 342 316 365 mentem
333 338 502 365 dominatum
519 338 667 365 obtineret.
687 336 716 364 Si
739 336 813 364 enim
830 336 917 363 solum
935 344 983 363 co-

199 384 354 418 gnovissem
374 383 553 418 voluptatem,
566 388 697 418 tanquam
719 382 802 410 feram
820 382 938 416 aliquam
951 382 984 408 ad

199 435 275 455 meos
290 432 389 455 sensus
408 428 549 462 adrepere,
564 427 589 454 ei
613 427 703 454 statim
722 426 881 453 resistebam
899 429 925 452 et
939 425 985 452 ad-

199 473 341 504 versabnr,
361 473 456 500 dicens
472 473 534 499 huic
545 471 636 499 servili
651 475 677 498 et
690 471 802 498 rationis
815 470 920 505 experti
940 470 986 497 lte-

200 519 269 546 titiaz
282 529 288 546 :
302 519 372 552 Quid
386 518 471 546 facis?
482 518 546 553 quid
562 522 666 545 naturze
676 517 805 545 virtutem
824 516 986 544 eﬂ'eminas?

200 572 251 592 cur
263 565 345 591 animi
356 565 440 592 robur
456 564 584 591 emollis?
598 571 647 590 cur
659 563 756 590 animae
769 563 840 590 vires
853 563 986 590 enervasl

201 617 251 636 cur
265 609 346 637 affers
364 610 502 637 interitum
524 609 647 637 rationi?
663 616 713 636 cur
733 616 862 643 purarum
880 609 985 643 cogita-

203 654 307 681 tionum
331 654 488 681 serenitatis
510 654 622 689 puritati
644 654 762 689 caligine
787 657 833 680 tua
862 654 986 681 immittis

203 699 327 727 tenebras
338 699 350 725 ?

239 743 306 771 Cum
318 744 385 774 hac.
402 743 500 779 inquit,
513 748 538 771 et
552 751 612 778 qua:
625 748 689 771 sunt
702 743 836 779 ejusmodi
850 743 986 775 fecissem,

205 800 215 816 ε
225 790 401 818 Consideravi
417 797 450 816 an
466 797 514 817 cor
529 797 618 816 meum
630 797 740 817 carnem
755 797 843 816 meam
859 793 986 824 tanquam

204 837 299 863 vinum
326 836 479 863 traheret.)
510 835 568 862 Hoc
596 839 646 867 est,
675 835 900 870 quemadmodum
921 842 986 862 cura

203 889 297 910 eorum
310 889 371 916 quae
384 881 485 908 cadunt
497 881 547 908 sub
562 880 780 916 intelligentiam.
793 880 912 908 motibus
927 888 989 907 car-

203 927 247 954 nis
266 930 338 955 esset
353 927 499 962 potentior.
516 930 543 953 ut
559 931 656 953 natura
673 934 688 953 a
702 927 789 960 seipsa
804 934 859 954 non
874 926 988 954 disside-

204 975 254 1004 ret,
271 979 332 998 cum
345 971 397 998 alia
411 971 520 1006 quidem
534 979 610 999 mens
627 975 776 1006 appeteret,
790 971 821 998 ad
835 972 886 999 alia
899 978 987 999 autem

204 1023 268 1044 caro
289 1016 426 1044 traheret:
454 1016 501 1044 sed
516 1020 546 1041 ut
564 1017 741 1051 intelligentia
761 1017 878 1052 praedita
892 1018 989 1047 animae

205 1066 306 1090 nostrae
330 1062 400 1097 parti
419 1062 589 1089 obedientem
612 1066 639 1090 et
664 1063 837 1098 subjugatam
864 1063 989 1091 redderet

205 1107 298 1134 carnis
314 1112 414 1134 nostra:
430 1108 568 1142 spiritum,
585 1115 618 1134 eo
631 1109 702 1142 quod
713 1113 754 1135 est
770 1109 859 1136 minus
875 1113 989 1137 attracto

204 1157 232 1180 et
258 1154 386 1181 devorato
410 1154 436 1180 in
463 1161 496 1181 eo
513 1154 584 1188 quod
609 1155 729 1181 abundat
749 1162 756 1180 :
780 1155 917 1190 quomodo
938 1163 988 1184 usu

206 1199 278 1226 venit
297 1198 324 1226 in
343 1199 378 1226 iis
394 1199 440 1233 qui
457 1199 562 1227 sitiunt.
577 1199 635 1227 Non
656 1201 727 1227 enim
749 1201 840 1228 vinum
857 1205 947 1228 manet
961 1201 988 1229 iu

205 1246 301 1278 calice,
325 1246 347 1274 si
369 1246 471 1274 sitienti
490 1245 530 1272 ori
546 1245 683 1272 admotum
699 1246 792 1278 fuerit,
810 1246 856 1273 sed
872 1246 991 1274 traduci-

206 1294 252 1318 tur
267 1291 300 1318 ad
313 1298 374 1318 eum
390 1291 434 1326 qui
447 1291 525 1322 bibit,
536 1295 562 1318 et
578 1291 750 1325 perspicuum
766 1295 808 1318 est
822 1292 847 1318 id
858 1299 952 1327 magna
964 1293 990 1319 vi
1018 1284 1019 1288 Ἴ

207 1337 373 1364 intrinsecus
402 1337 512 1364 attrahi.
539 1337 616 1369 Quod
639 1344 700 1363 cum
718 1337 819 1364 factum
843 1336 903 1369 fuit,
920 1338 989 1365 citra

206 1390 325 1410 errorem
341 1387 368 1410 et
384 1382 468 1409 ullum
494 1382 729 1417 impedimentum,
755 1384 859 1410 munita
877 1382 927 1410 fuit
947 1385 990 1411 via

207 1428 240 1454 ad
259 1427 400 1455 scientiam
421 1435 514 1455 eorum
535 1435 594 1462 qua:
620 1432 696 1455 sunt.
717 1428 790 1455 (Cor
805 1436 930 1460 meum,»
950 1429 991 1456 in-

207 1473 274 1507 quit.
291 1473 422 1500 «deduxit
436 1480 478 1500 me
495 1474 520 1499 in
535 1473 697 1507 sapientia,n
716 1481 764 1508 per
776 1481 856 1508 quam
872 1475 991 1502 insultus

1036 244 1137 279 θραίως
1152 243 1227 274 ἐντὸς
1240 240 1444 277 παραδυομένου
1459 239 1512 266 τῶν
1523 240 1572 275 τῆς
1585 239 1674 274 ψυχῆς
1690 239 1820 274 ταμείων.

1035 290 1092 316 Οὐκ
1103 289 1197 323 ἀφῆκά
1215 296 1278 314 ποτε
1303 285 1511 322 κατακρατῆσαι
1525 286 1573 320 τῆς
1588 285 1708 316 διανοίας
1726 284 1820 320 αὐτὴν.

1035 335 1066 361 El
1080 335 1134 369 γὰρ
1151 324 1237 368 ἔγνων
1256 333 1335 368 μόνον
1358 332 1407 367 τὴν
1421 330 1517 367 ἡδονὴν
1539 328 1595 357 οἶόν
1610 339 1636 356 τι
1659 330 1752 366 θηρίον
1773 330 1822 362 τὰς

1035 379 1176 416 αἰσθήσεις
1193 388 1242 415 μου
1255 379 1468 413 περιέρπουσαν,
1484 377 1565 408 εὐθὺς
1580 375 1773 410 ἀντεμαχόμην
1788 375 1823 401 τὰ

1036 426 1104 462 πρὸς
1118 426 1202 461 αὐτὴν
1223 424 1271 452 καὶ
1287 423 1454 454 ἀντέϐαινον,
1469 421 1500 449 Τί
1513 422 1600 449 ταῦτα
1617 423 1718 453 araneis;
1735 422 1823 456 λέγων

1036 471 1103 506 πρὸς
1111 471 1159 506 τὴν
1170 469 1358 506 ἀνδραποδώδη
1370 467 1471 504 ταύτην
1479 469 1526 494 καὶ
1534 468 1629 501 ἄλογον
1640 467 1806 502 εὐφροᾶύνην
1814 475 1820 482 ·

1034 518 1062 544 τί
1081 517 1237 552 ὲκθηλύνεις
1252 514 1282 543 τδ
1296 515 1428 551 ἀνδρῶδες
1442 515 1491 550 τῆς
1515 514 1621 548 φύσεως
1635 521 1642 546 ;
1657 513 1683 540 τί
1698 519 1823 548 καταμα-

1036 563 1146 593 λάσσεις
1163 560 1212 597 τῆς
1229 559 1347 592 διανοίας
1361 559 1391 587 τὸ
1407 560 1545 592 σύντονον;
1560 560 1586 586 τί
1597 557 1762 594 ἐκνευρίζεις
1778 557 1822 585 τδν

1035 607 1086 644 τῆς
1103 606 1191 643 ψυχῆς
1212 605 1304 639 τόνους
1321 606 1347 633 τί
1371 606 1532 640 διαλυμαίνῃ
1552 597 1608 636 τοῖς
1622 603 1779 639 λογισμοις;
1796 601 1824 630 τί

1039 664 1084 690 μοι
1100 655 1129 681 τὸ
1146 654 1266 690 καθαρὸν
1281 652 1330 688 τῆς
1345 653 1399 679 τῶν
1414 652 1541 688 καθαρῶν
1555 651 1699 686 νοημάτων
1715 650 1823 686 αἰθρίας

1036 700 1070 734 τῇ
1089 699 1153 733 παρ’
1167 699 1266 733 ἑαυτῆς
1282 697 1381 733 ὁμίχλῃ
1399 697 1479 731 ζόφον
1495 696 1636 730 ἐμποιεῖ;;

1072 742 1175 775 Ταῦτα,
1193 743 1268 778 φησὶ,
1285 743 1331 770 καὶ
1348 741 1459 769 τοιαῦτα
1474 742 1600 777 ποιήσας,
1616 751 1624 767 ι
1649 739 1823 776 Ἰείσκεψάμην

1038 789 1062 815 εἰ
1078 789 1093 824 ἠ
1113 789 1211 824 καρδία
1228 792 1278 823 μου
1297 787 1404 814 ἑλκύσει
1421 787 1458 818 ὡς
1474 785 1545 813 οἶνον
1561 785 1611 821 τὴν
1627 785 1714 821 σάρκα
1730 793 1791 821 μου,
1811 795 1820 811 ι

1038 834 1181 861 Τουτέστιν
1192 854 1198 864 ,
1214 834 1287 864 ὅπως
1305 832 1521 868 ἑπικρατεστέρα
1536 829 1640 866 γένοιτο
1656 832 1672 867 ἡ
1688 831 1741 858 τῶν
1759 840 1822 867 νοη-

1038 880 1092 907 τῶν
1106 877 1250 918 ἐπιμέλεια
1269 879 1323 906 τῶν
1337 878 1387 914 τῆς
1403 878 1503 914 σαρκὸς
1515 876 1682 912 κινημάτων,
1698 875 1768 903 ὥστε
1786 876 1823 912 μὴ

1040 925 1193 957 στασιάζειν
1216 925 1284 960 πρὸς
1307 925 1407 960 ἑαυτὴν
1430 924 1480 959 τῆν
1503 922 1601 958 φύσιν
1619 922 1685 950 ἄλλα
1703 921 1752 958 μὲν
1774 923 1824 958 τῆς

1038 970 1156 1003 διανοίας
1175 971 1396 1007 προαιρουμένης
1407 990 1414 1002 ,
1438 969 1506 1005 πρὸς
1519 969 1600 1004 ἔτερα
1617 969 1643 995 δὲ
1661 968 1711 1003 τῆς
1725 968 1824 1004 σαρκὸς

1039 1011 1215 1052 ὲφελκοὺάης·
1230 1015 1286 1042 ἀλλ’
1298 1016 1335 1048 ὡς
1346 1015 1510 1047 καταπειθὲς
1521 1014 1567 1042 καὶ
1579 1015 1732 1050 ὑποχείριον
1745 1011 1823 1049 ποιῆ-

1040 1070 1085 1088 σαι
1104 1062 1143 1097 τῷ
1156 1062 1243 1096 νοητῷ
1263 1063 1312 1096 τῆς
1326 1060 1414 1096 ψυχῆς
1433 1062 1511 1097 μέρει
1525 1062 1555 1087 τὺ
1567 1060 1617 1095 τῆς
1631 1060 1731 1096 σαρκὸς
1747 1059 1825 1094 ἡμῶν

1040 1109 1187 1144 φρόνημα,
1204 1107 1380 1139 ἑλκυσθέντος
1403 1107 1449 1134 καὶ
1466 1106 1666 1138 καταποθέντος
1685 1105 1732 1132 τοῦ
1748 1105 1826 1133 ὲλατ-

1039 1142 1172 1188 τουμένου
1186 1155 1213 1180 ὲν
1231 1153 1269 1188 τῷ
1283 1153 1471 1185 πλεονάζοντι,
1492 1153 1520 1179 ὃν
1541 1152 1639 1188 τρόπον
1658 1152 1704 1178 ἐπὶ
1719 1152 1773 1178 τῶν
1787 1151 1826 1177 Et.

1039 1199 1150 1234 ψώντων
1166 1199 1279 1233 γίνεται.
1298 1198 1334 1225 Οὺ
1354 1199 1408 1234 γὰρ
1424 1198 1585 1234 ὲναπομένει
1606 1199 1620 1225 ὁ
1640 1195 1710 1229 οἶνος
1726 1198 1758 1233 τῇ
1775 1196 1827 1223 κὺ-

1039 1245 1105 1276 λικι,
1119 1244 1175 1278 εῐγε
1189 1244 1227 1280 τῷ
1241 1243 1351 1278 διψῶντι
1368 1242 1480 1279 στόματι
1495 1241 1660 1279 προσαχοεὶη
1673 1263 1679 1272 ,
1696 1242 1764 1269 ἀλλὰ
1778 1251 1826 1277 με-

1041 1289 1164 1316 θίσταται
1184 1290 1251 1324 πρὸς
1274 1288 1319 1315 τὸν
1343 1288 1471 1320 πίνοντα,
1495 1290 1542 1315 καὶ
1563 1289 1695 1324 διαφανὴς
1719 1289 1825 1322 γίνεται

1043 1328 1111 1370 μετὰ
1132 1334 1250 1368 σπουδῆς
1269 1334 1316 1360 ἐπὶ
1340 1334 1370 1360 τὸ
1388 1333 1462 1364 ἐντὸς
1486 1333 1681 1367 εἰσελκόμενος.
1698 1329 1735 1359 0³5
1753 1342 1827 1367 γενο-

1043 1379 1134 1414 μένου,
1149 1378 1273 1414 ἀπλανής
1289 1387 1333 1413 μοι
1348 1379 1394 1405 καὶ
1409 1378 1603 1412 ἀνεμπόδιστος
1618 1377 1725 1412 ἐγένετο
1741 1379 1828 1413 ήόδη-

1041 1425 1087 1459 γὶα
1119 1425 1186 1460 πρὸς
1206 1426 1255 1460 τὴν
1275 1426 1430 1460 ἐπιστήμην
1448 1426 1500 1451 τῶν
1524 1424 1618 1452 ὄντων.
1639 1435 1648 1451 ι
1676 1425 1707 1451 Ἡ
1728 1424 1827 1460 καρδία

1044 1479 1105 1505 μου,
1127 1481 1135 1496 ι
1159 1471 1251 1505 φησιν,
1274 1480 1282 1495 ι
1300 1470 1425 1506 ὡδήγησέ
1443 1479 1476 1505 με
1492 1472 1520 1497 ὲν
1541 1470 1636 1505 σοςρίᾳ,
1658 1480 1666 1496 ι
1684 1470 1717 1497 δι’
1732 1468 1766 1506 ἦς
1779 1479 1828 1497 κα-

208 1517 375 1552 voluptatum
393 1518 522 1551 repressi.
538 1522 619 1552 atque
634 1510 776 1545 institutio’
788 1518 838 1545 fuit
853 1519 879 1546 in
894 1526 988 1552 causa,

1042 1516 1196 1551 τεκράτησα
1207 1515 1255 1551 τῆς
1266 1517 1473 1547 ἐπαναστάσεως
1487 1516 1541 1542 τῶν
1553 1515 1662 1551 ἡδονῶν,
1675 1516 1722 1543 καὶ
1733 1515 1827 1550 γέγονέ

207 1564 238 1588 ut
266 1560 434 1588 dominatutn
464 1561 490 1587 in
520 1562 639 1588 laetitiam
665 1563 826 1590 obtinerent.
847 1563 892 1590 Sic
917 1565 988 1591 cnim

207 1604 337 1632 dictionis
351 1605 474 1632 continet
489 1607 696 1640 consequentia.
719 1606 745 1633 Id
761 1613 850 1635 autem
868 1608 948 1643 cujus
964 1608 990 1635 in

208 1650 363 1685 cognitione
376 1651 494 1678 maxime
506 1651 648 1678 tenebatur
658 1652 759 1685 studio,
771 1657 828 1680 erat
840 1659 868 1680 ut
881 1654 906 1681 in
918 1655 991 1682 nulla

208 1703 240 1723 re
253 1703 322 1724 vana
348 1697 403 1723 vita
423 1701 495 1724 esset
519 1702 663 1732 occupata,
692 1698 738 1726 sed
767 1699 900 1726 inveniret
926 1701 992 1727 illud

208 1741 321 1772 bonum,
345 1741 418 1775 quod
445 1748 506 1768 cum
534 1742 669 1777 quispiam
696 1747 739 1770 cst
758 1750 910 1776 assecutus,
938 1752 991 1772 non

209 1786 317 1814 aberrat
336 1793 351 1813 ι
369 1785 472 1821 judicio
497 1786 558 1822 ejus
577 1789 649 1822 quod
670 1793 712 1815 est
723 1789 903 1822 conducibile,
919 1791 991 1825 quod

208 1836 251 1859 est
274 1836 434 1866 perpetuum
460 1837 485 1859 et
503 1840 558 1860 non
584 1834 791 1868 temporarium,
811 1839 838 1862 et
863 1836 890 1862 in
909 1836 991 1862 vitam

210 1877 364 1904 universam
381 1878 545 1910 extenditur,
565 1883 596 1906 ut
609 1880 680 1914 quod
707 1881 739 1907 ad
756 1881 856 1908 bonum
873 1882 909 1909 sit
931 1889 993 1916 spes

209 1923 284 1949 omni
299 1923 384 1954 aetati,
397 1927 424 1950 et
440 1925 533 1958 primm.
549 1929 576 1951 et
591 1925 696 1957 mediae,
712 1930 739 1953 et
754 1927 864 1959 ultimae,
881 1933 906 1955 et
919 1928 993 1955 omni

209 1973 324 1993 numero
351 1966 468 1993 dierum.
491 1966 631 1999 «Donec,»
653 1969 749 2003 inquit,
772 1971 882 1997 «videro
913 1971 994 2005 quale

210 2010 246 2037 sit
261 2010 362 2037 bonum
386 2010 449 2037 ﬁliis
470 2011 622 2044 hominum,
646 2014 717 2047 quod
734 2014 834 2041 facient
851 2016 902 2042 sub
925 2016 991 2048 sole.

210 2063 325 2083 numero
339 2056 443 2083 dierum
460 2056 522 2083 vita:
537 2065 603 2084 suae.
617 2066 625 2083 ι
644 2057 681 2085 Ea
697 2059 768 2086 enim
789 2060 815 2086 in
830 2061 929 2095 quibus
947 2069 993 2096 per

210 2107 319 2128 carnem
336 2101 455 2128 studium
473 2103 612 2137 ponimus,
628 2104 733 2130 etiamsi
750 2106 867 2132 maxime
882 2114 993 2134 sensum

211 2146 335 2173 inescant
351 2147 378 2174 in
391 2149 546 2182 prazseutia,
561 2148 660 2177 habent
673 2150 699 2177 in
714 2156 852 2178 momento
862 2152 933 2186 quod
944 2159 994 2179 nos

1043 1570 1087 1596 μοι
1104 1563 1119 1597 ἡ
1140 1562 1280 1594 παίδευσις
1295 1562 1368 1589 αἰτία
1385 1562 1431 1589 τοῦ
1450 1562 1586 1599 κρατῆσαι
1603 1563 1648 1589 ἐπὶ
1663 1563 1826 1598 εὐφροσύνῃ.

1041 1608 1118 1634 Οὕτω
1135 1608 1189 1642 γὰρ
1205 1608 1326 1644 περιέχει
1343 1609 1360 1644 ἡ
1383 1607 1529 1636 ἀκολουθία
1549 1609 1599 1643 τῆς
1618 1608 1726 1641 λέξεως.
1746 1609 1783 1635 Τὸ
1799 1608 1827 1635 δέ

1044 1661 1087 1687 μοι
1102 1653 1217 1688 μάλιστα
1232 1654 1301 1680 κατὰ
1320 1654 1369 1689 τὴν
1388 1655 1487 1688 γνῶσιν
1510 1654 1724 1688 σπουδαζόμενον
1739 1652 1783 1690 ἦν,
1798 1653 1828 1680 τὸ

1041 1699 1087 1724 ἐπὶ
1105 1699 1200 1735 μηδενὶ
1214 1699 1322 1735 ματαίῳ
1336 1698 1385 1735 τὴν
1403 1700 1474 1735 ζωὴν
1494 1699 1653 1735 ἁσχολῆσαι.
1670 1700 1725 1726 ἀλλ’
1739 1701 1828 1734 εὑρεῖν

1042 1740 1129 1771 ὲκέἴνο
1148 1744 1177 1771 τὸ
1197 1744 1313 1778 ἀγαθὸν,
1336 1740 1366 1771 οὗ
1389 1753 1430 1776 τις
1451 1737 1586 1780 ἐπιτυχὼν
1608 1746 1655 1780 οὐχ
1678 1745 1828 1780 ἁμαρτάνει

1042 1789 1092 1823 τῆς
1103 1787 1149 1815 τοῦ
1169 1789 1357 1824 συμφέροντος
1372 1790 1500 1826 κρίσεως,
1516 1790 1529 1816 ὅ
1544 1790 1654 1825 διαρκές
1668 1790 1697 1816 τέ
1712 1792 1768 1816 ἐστι
1783 1790 1829 1817 καὶ

1042 1835 1072 1861 οὗ
1091 1835 1267 1870 πρόσκαιρον,
1284 1836 1329 1861 καὶ
1346 1836 1420 1872 πάσῃ
1434 1837 1466 1872 τῇ
1484 1836 1539 1871 ζωῇ
1561 1837 1763 1871 παρατείνεται,
1783 1837 1828 1863 ἑλ-

1043 1880 1090 1911 πὶς
1107 1881 1146 1911 είς
1163 1880 1264 1914 ἀγαθὸν
1290 1881 1363 1916 πάσῃ
1379 1881 1472 1916 ἡλικίᾳ
1498 1881 1648 1916 γινόμενον,
1665 1883 1711 1908 καὶ
1731 1882 1829 1918 πρώτῃ

1043 1927 1090 1953 καὶ
1107 1927 1176 1962 μέσῃ
1189 1947 1195 1958 ,
1210 1927 1256 1953 καὶ
1269 1927 1420 1962 τελευταίᾳ,
1436 1928 1482 1954 καὶ
1498 1929 1578 1954 παντὶ
1593 1928 1632 1963 τῷ
1647 1928 1700 1954 τῶν
1714 1929 1826 1964 ἡμερῶν

1044 1972 1163 2007 ἀριθμῷ.
1184 1983 1192 1998 ι
1211 1974 1282 2004 Ἕως
1301 1969 1331 2000 οὗ
1346 1973 1400 2009 γὰρ
1415 1973 1471 2004 ἴδω,
1488 1973 1564 2008 φησι,
1589 1975 1665 2000 ποῖον
1686 1974 1715 2001 τὺ
1729 1974 1828 2008 ἀγαθὸν

1043 2019 1098 2049 τοῖς
1113 2018 1179 2050 υἱοῖς
1190 2018 1243 2044 τῶν
1253 2019 1414 2054 ἀνθριῖιττων,
1427 2019 1441 2045 ὃ
1457 2020 1612 2054 ποιήσουσιν
1623 2020 1676 2046 ὑπὸ
1689 2020 1734 2046 τὸν
1743 2020 1827 2055 ⁴ἥλιον,

1044 2063 1160 2098 ἀριθμὸν
1177 2064 1287 2098 ἡμερῶν
1308 2064 1379 2098 ζωῆς
1397 2064 1496 2091 αὐτῶν.
1516 2075 1525 2090 ι
1545 2065 1585 2091 Τὰ
1602 2065 1656 2100 γὰρ
1672 2065 1715 2092 διὰ
1728 2065 1829 2100 σαρκὸς

1045 2108 1252 2143 σπουδαζόμενα
1263 2131 1269 2141 ,
1295 2109 1346 2135 κᾶν
1363 2110 1403 2136 ὅτι
1421 2109 1538 2144 μάλιστα
1557 2110 1624 2146 πρὸς
1636 2110 1666 2137 τὸ
1689 2111 1774 2146 παρὸν
1788 2110 1829 2137 δε-

1044 2155 1128 2190 λεὰζῃ
1140 2155 1188 2190 τὴν
1206 2156 1342 2191 αἴσθησιν,
1359 2156 1387 2182 ἐν
1403 2156 1502 2192 ἀκαρεῖ
1510 2156 1539 2182 τὸ
1552 2157 1695 2191 εὐφραῖνον
1708 2157 1772 2192 ἔχει.
1792 2156 1828 2183 Οὐ

211 2191 301 2218 laetitia
327 2192 436 2220 alliciat.
456 2192 523 2220 Nam
550 2199 661 2230 propter
684 2196 787 2222 nullum
811 2203 905 2223 eorum
933 2205 990 2232 qum

1045 2202 1097 2235 γὰρ
1114 2203 1186 2229 ἔστιν
1203 2203 1246 2228 ἐπ’
1271 2202 1358 2228 οὐδενὶ
1373 2202 1425 2228 τῶν
1447 2203 1476 2228 ἐν
1495 2202 1533 2237 τῷ
1550 2202 1654 2237 σώματι
1669 2203 1828 2237 γινομένων,

211 2238 279 2265 llunt
295 2238 321 2265 in
338 2246 462 2273 corpore,
477 2239 539 2266 licet
553 2244 682 2274 perpetuo
694 2240 832 2274 voluptate
844 2241 926 2273 affici,
944 2241 991 2268 sed

210 2283 320 2311 bibendi
337 2285 461 2318 voluptas
473 2285 555 2312 simul
570 2285 672 2312 desinit
687 2293 748 2312 cum
762 2286 897 2317 satietate,
920 2290 947 2313 et
964 2287 990 2313 in

211 2329 378 2356 comedenda
390 2330 514 2357 similiter
525 2331 657 2357 saturatio
670 2331 818 2363 exstinguit
831 2332 991 2365 appetitum,

210 2379 237 2401 et
263 2374 286 2401 si
304 2375 375 2409 quod
391 2378 432 2402 est
459 2375 531 2402 aliud
550 2375 725 2407 desiderium,
750 2376 776 2403 id
800 2377 894 2403 eodem
912 2378 993 2405 modo

210 2418 346 2446 ﬂaccescit
363 2427 412 2454 per
424 2419 659 2454 participationem
679 2421 739 2454 ejus
758 2420 830 2455 quod
845 2420 903 2452 fuit,
921 2422 1012 2456 (ιιιεὶηι

209 2465 347 2497 deratum,
371 2469 401 2493 et
416 2466 438 2493 si
458 2473 555 2493 rursus
570 2466 717 2498 exstiterit,
735 2474 832 2494 rursus
846 2466 992 2495 flaccescit.

210 2508 282 2539 Nihil
298 2515 388 2539 autem
404 2511 486 2538 durat
511 2511 539 2538 in
561 2516 719 2546 perpetuum
744 2519 777 2539 ex
798 2512 831 2539 iis
846 2519 906 2546 qua:
929 2516 994 2540 sunt

209 2557 329 2592 jucunda
345 2558 448 2590 sensui,
465 2565 553 2593 neque
567 2558 694 2585 similiter
709 2561 736 2585 et
757 2557 853 2585 eodem
868 2557 950 2584 modo
964 2565 994 2585 se

211 2602 354 2631 habet.llis
361 2603 543 2639 acceditquod
551 2603 669 2631 aliudest
676 2604 776 2630 bonum
787 2602 993 2634 iufantiac,aliud

211 2647 411 2681 adolescentiae,
434 2649 506 2676 aliud
523 2649 548 2676 ei
564 2649 610 2685 qui
635 2652 677 2676 est
696 2648 783 2675 aetatis
803 2648 992 2682 provectioris,

213 2693 282 2721 aliud
294 2695 318 2722 ei
333 2695 378 2730 qui
387 2694 480 2723 ﬂorem
489 2695 577 2723 aetatis
585 2695 684 2730 exegit,
697 2698 724 2721 et
732 2694 805 2721 aliud
814 2694 873 2721 seni
884 2701 992 2728 rursus,

211 2739 316 2774 quijam
322 2741 524 2776 estdecrepitus
531 2745 558 2768 et
564 2739 886 2775 planesilieernium.Ego
893 2744 992 2773 autem,

213 2785 309 2820 inquit,
329 2787 483 2822 quaerebam
502 2787 604 2813 bonum
627 2785 706 2818 illud,
724 2785 797 2820 quod
813 2789 856 2813 est
871 2793 904 2812 ex
917 2793 994 2821 aequo

212 2830 312 2859 bonum
322 2833 396 2860 omni
411 2833 483 2860 aetati
495 2836 521 2861 et
536 2832 611 2861 omni
625 2832 739 2872 temperi
752 2832 828 2866 vitae;
844 2831 923 2867 cujus
939 2840 993 2860 non

546 2968 555 2982 \

1045 2243 1164 2278 διαρκῶς
1181 2243 1296 2278 ὴσοῆναι
1310 2253 1316 2259 ·
1336 2244 1392 2271 ἀλλ’
1408 2246 1424 2280 ὴ
1438 2244 1484 2271 τοῦ
1500 2246 1587 2271 πίνειν
1605 2245 1695 2280 ἡδονὴ,
1712 2254 1828 2272 συναπο-

1045 2289 1120 2324 λήγει
1153 2289 1189 2324 τῷ
1213 2290 1300 2325 κόρῳ·
1319 2290 1366 2317 καὶ
1383 2291 1429 2317 ἐπὶ
1453 2291 1499 2317 τοῦ
1524 2291 1623 2318 ἐσθίειν
1641 2291 1789 2324 ὡσαύτως,
1813 2293 1828 2327 ἡ

1045 2335 1186 2371 πλησμονὴ
1202 2335 1251 2370 τὴν
1269 2336 1357 2371 ὄρεξιν
1375 2336 1481 2368 ἕσὸεσε,
1496 2336 1543 2363 καὶ
1562 2337 1588 2362 εἴ
1602 2345 1644 2368 τις
1658 2337 1722 2372 ἄλλη
1738 2337 1829 2364 ἐπιθυ-

1048 2381 1106 2415 μία,
1128 2381 1198 2407 κατὰ
1213 2381 1256 2407 τὸν
1273 2382 1354 2408 αὑτὸν
1368 2382 1468 2418 τρόπον
1484 2383 1516 2416 τῇ
1531 2382 1577 2408 τοῦ
1592 2382 1760 2417 ἑπιθυμητοῦ
1782 2391 1829 2417 με·

1046 2427 1138 2462 τουσίᾳ
1155 2428 1350 2463 κατεμαράνοη
1361 2449 1368 2460 ,
1388 2428 1440 2454 κᾶν
1456 2428 1536 2454 πάλιν
1548 2428 1668 2461 γένηται,
1682 2428 1761 2455 πάλιν
1778 2437 1826 2463 μα-

1047 2473 1177 2507 ραίνεται.
1197 2473 1309 2508 Διαρκεῖ
1331 2473 1358 2499 δὲ
1379 2473 1454 2499 οὐδὲν
1469 2473 1508 2504 εἰς
1524 2473 1566 2499 ἀεὶ
1588 2472 1642 2499 τῶν
1657 2474 1688 2508 τῇ
1705 2473 1829 2508 αἰσθήσει

1045 2519 1177 2554 τερπνῶν,
1192 2519 1251 2545 οὐδὲ
1266 2519 1396 2551 ὡσαύτως
1410 2519 1476 2554 ἔχει.
1498 2521 1552 2545 Καὶ
1569 2519 1608 2546 ἔτι
1626 2519 1694 2554 πρὸς
1713 2519 1828 2551 τούτοις,

1046 2564 1108 2591 ἄλλο
1120 2565 1152 2600 τῇ
1168 2565 1309 2599 νηπιότητι
1326 2564 1434 2598 ἀγαθὸν,
1449 2565 1495 2591 καὶ
1506 2564 1598 2599 ἕτερον
1613 2566 1644 2600 τῇ
1659 2565 1707 2599 τῆς
1723 2564 1830 2599 ἡλικίας

1046 2611 1138 2645 ἀκμῇ,
1157 2611 1203 2636 καὶ
1222 2610 1286 2637 ἄλλο
1305 2610 1342 2645 τῷ
1366 2611 1594 2646 παρακμάσαντι.
1620 2612 1668 2637 καὶ
1683 2610 1777 2645 ἕτερον
1799 2611 1830 2637 τὸ

1047 2657 1111 2691 παρ’
1127 2655 1243 2690 ἡλικίαν,
1259 2656 1305 2682 καὶ
1319 2656 1356 2691 τῷ
1371 2656 1477 2692 γέροντι
1490 2657 1570 2683 πάλιν
1584 2656 1657 2688 ἄλλο,
1670 2656 1707 2691 τῷ
1723 2658 1762 2688 είς
1780 2657 1829 2692 γῆν

1047 2701 1096 2736 ἤδη
1111 2701 1209 2736 ῥέοντι.
1229 2701 1300 2734 Ἐγὼ
1314 2701 1342 2727 δὲ
1353 2721 1359 2733 ,
1380 2702 1470 2736 φησιν,
1488 2702 1600 2736 ἐζήτουν
1614 2703 1702 2728 ἐκεῖνο
1718 2701 1748 2728 τὸ
1764 2702 1830 2733 ἀγα-

1047 2745 1109 2778 θὸν,
1131 2746 1145 2771 ὅ
1160 2746 1233 2782 πάσῃ
1251 2746 1343 2783 ἡλικίᾳ
1367 2748 1414 2773 καὶ
1431 2748 1510 2773 παντὶ
1528 2747 1566 2782 τῷ
1583 2747 1669 2782 χρόνῳ
1689 2747 1737 2782 τῆς
1760 2745 1828 2779 ζωῆς

1047 2791 1143 2824 ἐπίσης
1159 2791 1260 2824 ἀγαθόν
1279 2792 1352 2818 ἐστιν
1365 2801 1371 2807 ⁸
1387 2789 1417 2818 οὗ
1445 2791 1524 2827 κόρος
1539 2792 1588 2818 οὐκ
1605 2791 1761 2823 ὲλπίζεται,
1784 2789 1829 2816 καὶ

1049 2833 1191 2870 πλησμονὴ
1205 2835 1252 2870 οὑχ
1271 2835 1439 2872 εὑρίσκεται·
1457 2836 1525 2863 ἀλλὰ
1537 2835 1783 2872 συμπαρατείνιται
1797 2834 1829 2869 τῇ
