1989 3070
108 126 165 158 διο

648 123 681 150 IN
701 122 969 150 ECCLESIASTEN.
989 121 1130 150 IIOMILIA
1150 120 1192 147 Ill.

1681 119 1733 147 6Ξο

111 185 240 222 μετουσίᾳ
253 186 271 220 ὴ
289 184 388 220 ὄρεξις,
412 176 458 211 καὶ
480 183 647 219 συνακμάζει
669 185 702 220 τῇ
718 183 866 210 ἀπολαύσει
881 183 896 209 ὁ

949 186 1073 217 speratur
1083 180 1207 210 satietas,
1223 183 1315 206 etnon
1332 179 1470 207 invenitur
1484 178 1669 206 exsaturatio:
1686 178 1733 206 sed

109 231 202 264 πόθος,
212 231 260 257 καὶ
277 232 309 266 τῇ
323 230 370 257 τοῦ
387 230 556 266 ἐπιθυμητοῦ
570 228 664 265 ἡλικίᾳ
681 229 710 256 οὐ
727 228 899 264 περιγράφε-

108 282 164 303 ται.
194 276 262 303 Ἀλλ’
277 277 333 311 ὅσῳ
350 275 450 311 μᾶλλον
463 276 584 311 ἐντρυφᾷ
597 275 635 310 τῷ
652 275 764 310 ἀγαθῷ,
779 274 898 308 τοσούτῳ

55 331 60 335 ·
110 322 190 349 πλέον
217 323 234 357 ἡ
251 321 387 357 ἐπιθυμία
409 323 443 357 τῇ
465 322 555 357 τρυφῇ
577 318 787 352 συνεκτείνετ”αι,
810 319 858 346 καὶ¹
881 319 898 354 ἡ

108 367 199 402 τρυφὴ
212 367 245 402 τῇ
262 366 396 402 ἐπιθυμίᾳ
414 365 613 397 συνεκκαίεται,
628 365 674 391 καὶ
688 363 758 391 κατὰ
775 364 829 390 πᾶν
841 363 899 390 διά-

109 417 203 449 στημα
216 414 267 449 τῆς
279 414 352 449 ζωῆς
365 414 409 440 ἀεὶ
419 413 501 441 καλὸν
522 412 578 445 τοῖς
590 412 712 448 μετιοῦσι
721 412 836 446 γίνεται,
853 412 897 438 οὐ-

107 459 154 487 δὲν
169 459 209 495 τῷ
222 460 332 495 eum)
347 459 401 486 τῶν
418 459 531 494 ἡλικιῶν
544 467 574 485 τε
593 458 640 485 καὶ
654 458 709 484 τῶν
720 458 825 494 χρόνων
839 465 899 483 συν-

108 503 317 539 αλλοιούμενον,
338 503 352 530 ὅ
368 504 414 530 καὶ
445 504 538 539 μύοντι
556 503 603 530 καὶ
630 503 807 530 ἀναδλέποντι
824 522 832 534 ,
854 501 899 528 εὑ-

109 550 258 586 ημεροῦντί
270 559 300 577 τε
316 550 363 576 καὶ
370 549 548 584 λυπουμένῳ,
562 548 750 584 νυκτερεύοντι
766 549 814 575 καὶ
830 549 899 583 ἠμε-

109 596 231 633 ρεύοντι,
257 597 303 624 καὶ
320 597 403 622 πᾶσιν
425 595 593 627 ἁπαξαπλῶς
613 596 670 626 τοῖς
690 594 760 622 κατὰ
783 594 828 621 τὸν
843 593 899 629 βίον

111 643 212 678 ἀγαθόν
233 643 322 669 ἐστιν·
350 641 402 668 ὕπο
420 641 476 668 τῶν
501 641 704 676 περιστατικῶς
718 649 771 666 τινι
796 648 899 674 συμπι-

111 681 243 720 πτόντων,
261 686 324 714 οὔτε
337 696 364 714 τι
380 687 480 722 χεῖρον,
494 685 557 713 οὔτε
570 694 597 712 τι
608 686 730 721 κρεῖττον
741 684 898 719 γενόμενον,

109 733 172 762 οὒτε
199 732 406 768 ἐλαττούμενον,
420 731 481 759 οὔτε
504 731 696 766 αὐξανόμενον.
720 729 804 756 Τοῦτό
828 731 897 761 ἐστι,

111 780 183 807 κατά
196 788 228 815 γε
248 779 294 806 τὸν
316 779 383 814 ἐμὸν
406 778 495 812 λόγον,
510 777 540 804 τὸ
559 777 642 808 ὅντως
657 776 687 803 ὃν
703 775 814 810 ἀγαθὸν,
831 775 899 810 ὅπερ

121 826 183 852 ἰδεῖν
206 827 219 852 ό
233 824 359 860 Σολομὼν
382 823 484 858 ἐζήτει,
499 822 512 849 ὃ
525 821 633 849 ἐποίουν
646 822 670 848 οἱ
685 821 827 856 ἄνθρωποι
846 819 900 846 ὑπὸ

109 871 156 898 τὸν
175 871 251 907 ἦλιον
268 871 339 897 κατὰ
353 870 441 897 πάντα
452 869 498 896 τὸν
511 868 625 904 ἀριθμὸν
642 867 694 902 τῆς
704 867 778 902 ζωῆς
789 866 879 894 αὐτῶν
889 874 896 881 ·

109 916 178 952 ὅπερ
191 916 268 942 οὐδὲν
282 915 375 951 ἓτερον
388 912 458 941 εἶναί
478 922 522 949 μοι
542 913 685 948 φαίνεται,
704 913 720 947 ἦ
735 912 765 939 τὸ
786 912 838 947 τῆς
853 912 898 939 πί-

111 968 196 992 στεως
210 960 300 995 ἔργον,
314 956 348 994 ἧς
361 959 377 994 ὴ
391 958 526 993 ἐνέργεια.
538 958 613 993 κοινή
626 966 656 983 τε
667 957 749 983 πᾶσίν
767 957 850 988 ἐστιν,
864 957 896 983 ἐκ

112 1003 157 1030 τοῦ
172 1004 303 1038 ὁμοτίμου
323 1004 379 1034 τοῖς
397 1002 503 1028 θέλουσι
523 1002 691 1037 προκειμένη
707 1001 755 1028 καὶ
770 1000 898 1028 παντοδύ-

111 1058 205 1084 ναμος,
218 1049 265 1076 καὶ
279 1048 398 1084 διαρκῶς
410 1049 442 1083 τῇ
455 1048 512 1083 ζωῇ
526 1047 729 1083 παραμένουσα.
742 1046 827 1073 Τοῦτό
839 1047 897 1072 ἐστι

112 1095 143 1121 τὺ
166 1093 266 1128 ἀγαθὸν
282 1093 373 1129 ἔργον,
388 1093 402 1119 ὃ
423 1093 470 1119 καὶ
491 1093 520 1118 ἐν
537 1093 602 1127 ἡμῖν
617 1091 731 1126 γένοιτο,
747 1093 775 1118 ἐν
788 1090 898 1126 Χριστῷ

119 1139 207 1174 Ἰησοῦ
225 1138 263 1173 τῷ
285 1139 379 1174 Κυρίῳ
394 1137 485 1173 ἡμῶν,
503 1133 526 1171 ᾧ
543 1138 560 1172 ἡ
577 1136 640 1169 δόξα
655 1137 695 1168 εἰς
715 1136 777 1167 τοὺς
797 1135 899 1167 αἱῶνας

106 1183 161 1209 τὼν
177 1183 292 1211 αἰώνων,
316 1183 412 1219 Ἀμήν.

950 227 1031 254 simul
1053 233 1115 254 cum
1131 224 1338 261 participatione
1363 223 1520 251 extenditur
1533 223 1681 259 appetitus.
1706 227 1735 249 et

949 271 1032 300 simul
1046 278 1109 298 cum
1125 269 1264 304 voluptate
1279 276 1333 303 qua
1350 269 1452 301 finitur,
1468 268 1539 303 viget
1555 268 1733 297 desiderium.

948 320 976 344 et
1001 316 1060 351 ejus
1085 314 1132 350 qui
1155 313 1291 341 desiderat
1311 317 1390 340 aetate
1408 320 1461 340 non
1486 313 1733 340 circumscribitur.

949 362 1003 389 Sed
1027 368 1083 396 quo
1101 361 1206 395 majore
1232 359 1370 394 voluptate
1397 358 1548 393 percipitur
1571 359 1683 391 bonum,
1702 367 1736 387 eo

950 407 1036 442 magis
1050 406 1215 434 desiderium
1230 405 1311 432 simul
1329 404 1485 432 extenditur
1500 412 1561 430 cum
1577 404 1694 437 deliciis,
1709 408 1736 432 et

947 459 1011 479 eum
1033 451 1170 480 desiderio
1189 450 1271 479 simul
1290 451 1478 478 accenduntur
1495 450 1610 481 delicite.
1637 454 1663 477 ct
1677 453 1736 477 toto

950 498 1010 525 vita:
1023 502 1145 532 tempore
1157 504 1264 532 semper
1281 501 1323 523 est
1340 496 1441 524 bonum
1457 496 1490 523 iis
1506 496 1552 531 qui
1568 496 1656 530 ipsum
1671 503 1735 531 per-

949 547 1112 577 sequuntur,
1126 543 1238 570 minime
1251 545 1387 569 mutatum
1401 550 1463 569 cum
1479 542 1657 569 instabilitate
1671 546 1738 568 aeta-

950 593 1007 616 tntn
1023 593 1051 617 et
1062 594 1227 623 temporum,
1243 588 1315 622 quod
1327 588 1428 615 bonum
1448 592 1490 616 est
1502 592 1529 616 et
1540 587 1696 616 conniventi
1710 592 1738 614 et

948 634 1103 669 aspicienti,
1124 634 1204 669 eique
1220 634 1264 661 cui
1287 641 1331 661 res
1358 636 1422 661 sunt
1439 633 1575 665 secundm,
1599 637 1626 660 et
1649 632 1674 659 ei
1691 632 1737 659 cui

949 680 1080 712 adverste,
1105 680 1185 714 eique
1208 679 1255 714 qui
1275 685 1426 714 pernoctat,
1447 684 1474 707 et
1496 679 1520 707 ei
1545 679 1591 714 qui
1616 678 1736 706 interdiu

950 726 1016 761 agit,
1032 730 1058 753 et
1073 726 1212 757 omnibus.
1238 732 1265 753 ut
1280 726 1363 754 semel
1379 726 1478 757 dicam,
1496 726 1542 760 qui
1562 728 1626 753 sunt
1643 725 1669 752 in
1686 725 1738 752 hac

950 771 1016 798 vita.
1031 771 1125 807 Neque
1142 773 1176 799 ab
1191 773 1247 801 ullo
1259 780 1290 800 ex
1304 772 1338 799 iis
1353 778 1414 806 quze
1431 778 1492 798 cum
1511 770 1603 805 aliqua
1625 770 1736 797 calauti-

951 821 1005 844 tate
1021 817 1160 850 accidunt,
1179 819 1300 846 deterius
1316 818 1349 845 tit
1364 821 1411 844 aut
1425 816 1533 847 melius.
1549 823 1636 851 neque
1652 823 1737 850 auge-

950 866 995 889 tur
1008 870 1058 890 nec
1074 863 1216 891 minuitur.
1235 863 1290 891 Hoc
1303 867 1355 895 est,
1367 866 1398 889 ut.
1411 869 1471 889 mea
1486 861 1597 896 quidem
1612 863 1663 888 fert
1676 861 1736 896 opi-

951 909 1007 940 nio,
1022 909 1095 944 quod
1109 917 1172 937 vere
1188 913 1230 937 est
1248 909 1362 939 bonum.
1382 907 1454 944 quod
1468 907 1577 942 quidem
1596 906 1736 942 qu:erebat

951 950 1045 980 videre
1056 953 1196 985 Solomon,
1216 953 1289 989 quod
1310 952 1446 980 faciebant
1462 952 1585 979 homines
1599 952 1652 979 sub
1667 951 1735 981 sole.

948 999 1027 1032 juxta
1051 1006 1159 1026 omnem
1174 1006 1319 1026 numerum
1338 999 1400 1025 vitae
1425 1005 1500 1025 sum:
1529 996 1600 1032 quod
1625 996 1734 1031 quidem

951 1043 1060 1071 videtur
1074 1044 1139 1071 mihi
1152 1044 1220 1071 nihil
1234 1051 1295 1072 esse
1310 1044 1382 1070 aliud
1395 1051 1475 1078 quam
1487 1051 1555 1079 opus
1568 1042 1639 1074 ﬁdei.
1657 1043 1737 1077 cujus

951 1088 1074 1122 operatio
1086 1093 1128 1115 est
1139 1092 1166 1116 et
1176 1089 1330 1116 communis
1345 1089 1483 1120 omnibus,
1499 1096 1531 1116 ex
1545 1096 1623 1122 aequo
1638 1096 1736 1123 propo-

951 1133 1004 1161 sita
1020 1134 1185 1166 volentibus,
1208 1138 1235 1162 et
1255 1134 1438 1170 omnipotens,
1466 1140 1493 1162 et
1510 1134 1539 1161 in
1555 1135 1609 1161 vita
1634 1135 1737 1170 jugilt‘r

944 1187 1122 1217 permanens.
1134 1179 1191 1207 Hoc
1205 1183 1248 1207 est
1267 1180 1368 1207 bonum
1382 1180 1449 1208 illud
1460 1187 1540 1215 opus,
1560 1180 1634 1216 quod
1652 1180 1736 1208 etiam

107 1230 154 1257 ﬁat
173 1231 199 1256 in
226 1229 316 1261 nobis,
336 1230 364 1257 in
380 1229 491 1257 Christo
507 1227 572 1256 Iesu
594 1227 712 1256 Domino
726 1233 834 1260 nostro,
849 1228 894 1256 eui
908 1229 996 1262 gloria
1014 1228 1040 1256 in
1054 1227 1155 1255 sucula
1166 1227 1340 1255 saeculorum.
1355 1226 1453 1254 Amen.

411 1272 532 1299 UMIAIA
559 1271 594 1298 l".

144 1320 177 1347 Τί
192 1321 261 1356 μετὰ
271 1320 349 1346 τοῦτο
361 1318 434 1355 ἡμᾶς
443 1320 460 1354 ἡ
472 1317 685 1353 ἐκκλησιαστικὴ
699 1317 798 1350 διδάξει
808 1319 895 1352 φωνὴ,

109 1364 205 1400 καιρὸς
234 1364 266 1391 ἂν
299 1363 342 1399 εἴη
367 1362 601 1398 διερευνήσασθαι.
633 1363 840 1398 Μεμαθήκαμεν
867 1363 896 1389 ἐν

1232 1271 1377 1299 HOMlLlA
1405 1271 1450 1299 Ill.

985 1316 1120 1350 Quidnam
1142 1323 1235 1353 postea
1258 1318 1293 1346 sit
1313 1325 1363 1345 nos
1383 1317 1512 1345 edoctura
1533 1326 1586 1344 vox
1604 1317 1734 1345 ecclesia-

949 1364 1029 1396 stica,
1045 1369 1151 1399 tempus
1167 1368 1210 1392 est
1230 1363 1408 1399 perscrutari.
1424 1362 1574 1391 Didicimus
1590 1363 1616 1390 in
1638 1363 1735 1399 primis

109 1409 229 1444 πρώτοις
246 1409 264 1436 ἃ
279 1409 490 1444 μεμαθήκαμεν,
509 1407 548 1434 ὅτι
565 1408 579 1434 ό
600 1408 690 1434 πᾶσαν
710 1406 896 1442 ἐκκλησιάζων

949 1416 979 1435 ea
992 1416 1052 1444 qua:
1064 1409 1220 1441 didicimus,
1235 1409 1308 1444 quod
1325 1409 1370 1444 qui
1382 1416 1492 1436 omnem
1507 1413 1653 1444 congregat
1662 1417 1735 1436 crea-

109 1456 159 1491 τὴν
175 1455 282 1488 κτίσιν,
300 1454 347 1482 καὶ
370 1453 403 1480 τὰ
421 1453 579 1480 ἀπολωλότα
598 1452 696 1488 ζητῶν,
720 1453 766 1479 καὶ
787 1453 822 1479 τὰ
849 1461 897 1479 πε-

110 1501 270 1536 πλανημένα
288 1498 471 1535 συναθροίζων
491 1499 531 1530 είς
545 1498 585 1530 ἓν,
605 1496 681 1530 οὗτος
703 1498 897 1525 ἐπισκέπτεται

109 1544 155 1571 τὸν
169 1544 289 1578 ἐπίγειον
305 1543 372 1579 βίον.
394 1543 529 1576 Ἐπίγειον
543 1543 597 1577 γάρ
608 1544 666 1569 ἐστι
680 1543 709 1569 τὸ
722 1543 895 1578 ὑπουράνιον,

109 1589 179 1625 ὅπερ
192 1591 206 1616 ὀ
221 1590 298 1623 λόγος
312 1589 343 1615 τὸ
356 1589 408 1615 ὑπὸ
424 1589 470 1615 τὸν
484 1589 598 1624 οὐρανὸν
612 1588 756 1623 ὀνομάζει,
773 1589 802 1614 ἐν
848 1597 897 1614 κα-

109 1636 241 1670 τακρατεῖ
256 1635 273 1670 ἡ
293 1635 384 1670 ἀπάτη
411 1634 457 1660 καὶ
482 1634 513 1660 τὸ
533 1633 717 1669 ἀνύπαρκτον.
750 1634 793 1660 Ἐν
815 1633 842 1660 δὲ
863 1635 896 1668 τῇ

108 1681 222 1716 δευτέρᾳ⁴
237 1679 437 1715 μεμαθήκαμεν
453 1679 583 1715 ἐξηγήσει
598 1680 628 1706 τὸ
641 1681 674 1706 ἐκ
689 1680 834 1715 προσώπου
850 1679 897 1706 τοῦ

109 1727 282 1761 Σολομῶντος
295 1726 421 1760 γενέσθαι
431 1725 481 1761 τὴν
492 1726 659 1761 κατηγορίαν
672 1725 721 1760 τῆς
735 1725 897 1752 ἀπολαυστι-

109 1772 162 1806 κῆς
174 1780 203 1797 τε
224 1772 271 1798 καὶ
285 1771 426 1806 ὲμπαθοῦς
439 1770 596 1802 διαθέσεως,
611 1770 649 1801 ὡς
664 1770 696 1796 ἂν
712 1770 776 1804 ἡμῖν
792 1770 898 1802 ἀξιόπι-

111 1825 173 1848 στος
192 1816 296 1850 γένοιτο
311 1817 328 1851 ἡ
352 1815 407 1842 τῶν
432 1815 560 1842 τοιούτων
584 1814 728 1849 ἀθέτησις,
755 1814 802 1841 τοῦ
827 1815 897 1841 κατά

110 1864 200 1890 πᾶσαν
220 1862 343 1894 ἐξουσίαν
359 1861 390 1887 τὸ
408 1861 476 1896 πρὸς
491 1860 586 1896 ἡδονὴν
602 1861 642 1892 εἰς
660 1861 809 1886 ἀπόλαυσιν
823 1860 898 1895 ἔχον-

108 1918 168 1941 τος.
189 1909 237 1935 καὶ
259 1907 349 1934 πάντα
367 1907 402 1934 τὰ
420 1906 550 1934 δοκοῦντα
568 1906 643 1942 παρὰ
668 1907 723 1938 τοῖς
744 1906 898 1942 ἀνθρώποις

111 1953 311 1985 σπουδάζεσθαι
338 1953 395 1980 ἀντ’
419 1953 524 1984 οὐδενὸς
544 1952 726 1984 διαπτύοντος.
756 1952 788 1978 Τί
808 1953 898 1978 τοίνυν

110 1999 183 2025 κατὰ
199 1998 228 2024 τὸ
243 1997 387 2024 ἀκόλουθον
403 1998 448 2024 ἐπὶ
463 1997 510 2024 τοῦ
525 1997 658 2033 παρόντος
674 1998 706 2023 ὲκ
720 1997 811 2033 τρίτου
829 2005 897 2032 μαν-

110 2044 244 2079 θάνομεν;
264 2043 278 2070 ὃ
297 2043 404 2070 πάντων
421 2043 538 2078 μάλιστα
551 2040 628 2078 οἶμαι
644 2042 809 2078 κατάλληλον
827 2040 897 2070 εἶναι

950 1458 1050 1486 turam,
1073 1457 1100 1482 et
1128 1455 1226 1489 qumrit
1252 1461 1284 1481 ea
1308 1461 1368 1488 qua:
1386 1454 1533 1488 perierant,
1550 1458 1576 1480 et
1602 1453 1629 1480 in
1649 1462 1733 1482 unum

948 1500 1021 1535 cogit
1032 1507 1063 1527 ea
1076 1507 1137 1534 qua:
1152 1500 1355 1532 aberravevant,
1372 1499 1395 1527 is
1409 1499 1566 1527 considerat
1577 1499 1659 1526 vitam
1673 1507 1735 1534 qua:

949 1549 991 1571 est
1006 1552 1089 1579 super
1110 1548 1221 1572 terram.
1238 1542 1378 1572 Terrestre
1396 1545 1467 1572 enim
1483 1548 1526 1572 est
1551 1545 1577 1572 id
1596 1545 1667 1580 quod
1691 1549 1735 1573 est

949 1590 1043 1617 subter
1053 1590 1148 1623 ctelos,
1165 1590 1238 1625 quod
1252 1590 1362 1625 quidem
1379 1590 1423 1617 bic
1439 1590 1508 1617 liber
1527 1595 1606 1618 vocat
1620 1591 1645 1617 id
1662 1591 1734 1626 quod

948 1637 991 1662 est
1005 1634 1057 1661 sub
1069 1634 1148 1666 male,
1163 1635 1190 1662 in
1203 1642 1257 1670 quo
1268 1635 1424 1662 dominatur
1435 1635 1569 1670 deceptio,
1583 1640 1611 1663 et
1622 1636 1648 1663 id
1661 1636 1733 1672 qttml

948 1686 1004 1706 non
1015 1683 1104 1714 potest
1114 1680 1274 1707 consistere.
1291 1681 1317 1707 In
1329 1681 1500 1715 expositione
1511 1686 1601 1708 autem
1615 1682 1734 1710 secunda

948 1724 1107 1759 didicimus,
1120 1733 1154 1753 ex
1168 1723 1286 1760 persena
1298 1726 1464 1760 Solomonis,
1479 1732 1636 1754 accusatum
1650 1727 1736 1755 fuisse

949 1770 1011 1797 vitae
1039 1771 1206 1803 institutum,
1231 1771 1303 1806 quod
1332 1779 1362 1798 se
1386 1771 1459 1798 dedit
1484 1772 1680 1807 voluptatibus,
1707 1776 1735 1798 (ιι

949 1815 1032 1842 animi
1054 1815 1317 1850 perturbationibus,
1345 1820 1375 1843 ut
1397 1824 1444 1844 eas
1463 1823 1525 1843 esse
1548 1816 1735 1851 aspernandas

950 1859 1058 1888 facilius
1085 1861 1163 1888 nobis
1187 1861 1425 1895 persuaderemus,
1453 1861 1525 1896 quod
1550 1862 1597 1896 qui
1626 1861 1734 1890 fruendi

948 1905 1134 1940 voluptatibus
1143 1914 1276 1934 summam
1289 1906 1413 1934 habuerit
1422 1911 1596 1942 potestatem,
1605 1914 1733 1944 tanquam

949 1951 1027 1979 nihili
1042 1954 1176 1987 respuerit
1190 1953 1282 1980 omnia
1297 1960 1357 1988 qua:
1372 1953 1525 1981 vehementi
1542 1954 1633 1982 studio
1648 1954 1735 1982 homi-

949 2005 999 2024 nes
1014 2002 1225 2032 persequuntur.
1240 1997 1311 2031 Quid
1323 2005 1388 2033 ergo
1403 1997 1533 2033 deinceps
1548 1998 1574 2026 in
1589 1999 1734 2034 praesentia

948 2043 1031 2070 tertio
1055 2044 1115 2070 loco
1133 2044 1284 2071 discimus?
1303 2043 1329 2070 ll]
1347 2043 1419 2079 quod
1448 2044 1566 2071 maxime
1590 2045 1736 2073 convenire

109 2090 167 2120 τοῖς
184 2088 393 2122 ἐκκλησιάζουσι
415 2087 546 2123 μάθημα,
559 2087 632 2121 λέγω
652 2087 681 2114 δὲ
697 2087 747 2123 τὴν
761 2088 825 2123 περὶ
843 2087 897 2114 τῶν

949 2088 1068 2116 arbitror
1083 2093 1112 2116 ut
1124 2089 1246 2116 discatur
1260 2089 1295 2115 ab
1312 2089 1343 2116 iis
1360 2089 1405 2124 qui
1419 2089 1584 2117 conveniunt
1601 2090 1627 2117 in
1642 2090 1736 2118 Eccle-

113 2134 152 2169 μὴ
165 2133 236 2160 κατὰ
250 2133 327 2167 λόγον
342 2132 533 2168 γεγενημένων
549 2132 741 2167 ἐξομολόγησιν
752 2154 760 2166 ,
774 2133 791 2167 ἢ
805 2133 835 2160 τδ
849 2133 897 2167 τῆς

111 2180 243 2215 αἰσχύνης
265 2180 375 2214 ἐμποιεῖ
387 2180 419 2214 τῇ
441 2179 514 2214 ψυχῇ
535 2178 630 2211 πάθος,
646 2179 690 2206 διὰ
703 2179 754 2213 τῆς
767 2179 820 2205 τῶν
836 2179 898 2205 ἀτό-

111 2234 170 2253 πων
185 2225 397 2260 ὲξαγορεύσεως.
416 2225 508 2250 Ἔοικε
523 2224 576 2259 γὰρ
597 2224 667 2260 μέγα
680 2233 705 2251 τι
721 2224 768 2251 καὶ
790 2224 898 2260 ἰσχυρὸν

111 2269 181 2305 πρὸς
200 2270 250 2304 τὴν
265 2270 315 2304 τῆς
337 2269 476 2304 ἁμαρτίας
491 2269 651 2304 ἀποφυγὴν,
667 2269 748 2296 ὅπλον
772 2267 858 2299 εἶναι,
881 2270 897 2303 ἡ

110 2315 310 2350 ὲναποκειμὲνη
325 2316 382 2346 τοῖς
396 2313 549 2349 ἀνθρώποις
567 2314 659 2346 αἰδὼς,
679 2316 719 2346 εἰς
738 2314 803 2340 αὐτο
821 2315 899 2340 τοῦτο

109 2358 188 2395 οἶμαι
210 2359 286 2395 παρὰ
305 2360 350 2386 τοῦ
373 2359 441 2386 Θεοῦ
466 2359 618 2390 ἐντεθεῖσα,
634 2359 672 2391 ὡς
688 2359 720 2386 ἂν
740 2360 807 2394 ἡμῖν
829 2360 898 2386 ἀπο-

111 2404 216 2441 στροφὴ
238 2405 292 2431 τῶν
312 2405 442 2441 χειρόνων
465 2406 481 2440 ἡ
498 2404 610 2439 τοιαύτη
626 2404 677 2440 τῆς
690 2405 778 2440 ψυχῆς
795 2405 899 2439 γένοιτο

109 2450 239 2482 διάθεσις.
256 2450 400 2485 Συγγενῶς
414 2450 443 2477 δὲ
457 2450 514 2485 ἔχει
529 2449 598 2484 πρὸς
612 2449 715 2485 ἄλληλα
732 2450 778 2476 καὶ
791 2451 899 2482 οἰκείως

109 2495 171 2522 τότε
185 2495 254 2522 κατὰ
270 2495 320 2529 τὴν
339 2494 404 2521 αῑδὼ
419 2494 467 2521 καὶ
482 2494 512 2520 τὸ
529 2494 589 2521 κατ’
605 2493 737 2529 αίσχύνην
755 2493 851 2526 πάθος,
865 2494 898 2521 δι’

109 2536 147 2566 ὧν
160 2540 322 2575 ἀμφοτέρων
334 2540 350 2574 ἡ
363 2539 485 2574 ἁμαρτία
501 2538 646 2570 κωλύεται,
661 2539 740 2574 εἴπερ
755 2538 840 2565 ἐθέλοι
857 2547 899 2570 τις

110 2586 181 2621 πρὸς
193 2585 272 2611 τοῦτο
289 2584 443 2620 χρήσασθαι
456 2585 490 2619 τῇ
506 2583 618 2619 τοιαύτῃ
636 2584 687 2618 τῆς
700 2584 789 2619 ψυχῆς
809 2583 899 2610 διαθὲ-

111 2640 162 2658 σει.
183 2630 290 2657 Μᾶλλον
303 2630 358 2665 γὰρ
377 2629 424 2656 τοῦ
442 2629 525 2664 φόὸου
546 2629 676 2661 πολλάκις
695 2630 712 2664 ἡ
734 2629 815 2661 αἰδὼς
832 2630 899 2665 πρὸς

111 2678 160 2712 τὴν
172 2676 317 2711 ἀποφυγὴν
329 2675 384 2702 τῶν
397 2675 508 2702 ἀτόπων
521 2674 754 2710 ἐπαιδαγώγησεν·
769 2675 837 2701 ἀλλὰ
852 2676 899 2702 καὶ

112 2723 127 2757 ἠ
144 2722 260 2757 αἰσχύνη
284 2719 503 2748 ὲπακολουθοῦσα
518 2721 574 2753 τοῖς
599 2721 720 2755 ἐλέγχοις
740 2720 786 2747 τοῦ
804 2720 895 2756 πλημ-

111 2767 285 2804 μελήματος,
301 2767 379 2801 ἱκανὴ
395 2766 430 2793 δι’
443 2766 543 2801 ἑαυτῆς
558 2767 723 2801 σωφρονίσαι
742 2766 787 2793 τὸν
806 2768 897 2802 ἀμαρ-

112 2815 228 2843 τάνοντα
243 2812 313 2850 πρὸς
324 2812 354 2838 τὸ
369 2813 407 2848 μὴ
430 2811 510 2839 πάλιν
531 2813 561 2837 ἐν
574 2813 628 2843 τοῖς
649 2811 752 2846 ὁμοίοις
761 2812 896 2844 γενέσθαι.

110 2860 166 2887 Καὶ
186 2860 268 2887 ἔστιν.
289 2858 326 2890 ὡς
345 2857 378 2885 ἄν
392 2866 434 2890 τις
446 2857 501 2893 ὅρῳ
518 2857 567 2892 τὴν
585 2855 715 2892 διαφορὰν
731 2856 819 2882 αὐτῶν
833 2856 898 2883 ὐπο-

268 2905 308 2936 Ρ.ι
317 2913 404 2936 l‘llOL.
417 2906 476 2936 Gn.
497 2905 606 2938 XLIV.

949 2136 1001 2167 sia,
1017 2135 1112 2163 dicens
1124 2135 1324 2163 confessionem
1337 2135 1371 2163 de
1386 2136 1430 2167 iis.
1444 2143 1505 2171 qua:
1519 2143 1573 2163 non
1587 2136 1656 2162 facta
1671 2141 1736 2164 sunt

949 2180 1144 2206 convenienter
1155 2179 1264 2208 rationi.
1276 2187 1336 2214 qua:
1350 2179 1492 2213 ingenerat
1501 2179 1597 2206 animte
1612 2179 1734 2207 affectio-

949 2231 1011 2250 nem
1035 2224 1157 2258 pudoris.
1181 2231 1228 2258 per
1247 2223 1461 2250 enuntiationem
1484 2230 1577 2251 eorum
1593 2232 1654 2259 qua:
1671 2229 1736 2252 sunt

949 2268 1080 2296 absurda.
1099 2268 1213 2296 Videtur
1229 2269 1301 2296 enim
1317 2269 1405 2303 pudor
1420 2276 1480 2297 csse
1494 2266 1581 2296 valida
1598 2274 1624 2297 et
1639 2274 1735 2306 potens

950 2317 1088 2340 armatura
1105 2313 1138 2340 ad
1155 2312 1306 2347 effugienda
1321 2317 1444 2348 peccata,
1469 2314 1556 2349 pudor
1569 2315 1615 2348 qui
1630 2319 1672 2342 est
1693 2316 1735 2342 in-

950 2359 1021 2386 situs
1035 2359 1063 2385 in
1080 2358 1253 2391 hominibus;
1278 2359 1325 2394 qui
1344 2359 1416 2392 ideo,
1434 2363 1463 2386 ut
1475 2364 1552 2395 puto,
1567 2365 1609 2388 est
1625 2361 1705 2388 nobis
1719 2369 1736 2389 a

951 2404 1005 2431 Deo
1022 2404 1135 2435 inditus,
1158 2407 1188 2430 ut
1203 2404 1337 2439 ejusmodi
1362 2405 1446 2432 animi
1467 2406 1576 2433 affectio
1592 2406 1629 2434 sit
1654 2407 1736 2434 nobis

950 2451 1057 2477 aversio
1073 2458 1087 2477 a
1105 2451 1299 2478 deterioribus.
1327 2452 1403 2478 Inter
1423 2459 1454 2479 se
1479 2456 1569 2479 autem
1590 2453 1734 2487 cognatio-

950 2505 1012 2525 nem
1036 2497 1182 2532 quamdam
1198 2502 1225 2525 et
1241 2498 1458 2526 convenientiam
1475 2499 1577 2527 habent
1600 2499 1690 2536 pudor
1708 2506 1735 2528 ct

950 2543 1058 2570 affectio
1071 2551 1131 2578 qua:
1142 2551 1175 2571 ex
1192 2543 1357 2571 verecundia
1374 2544 1507 2576 oboritur,
1524 2552 1573 2580 per
1587 2553 1648 2580 qum
1661 2549 1736 2572 utra-

949 2595 1003 2622 que
1019 2587 1180 2622 prohibetur
1203 2593 1355 2622 pcccatum,
1374 2589 1396 2616 si
1414 2589 1475 2624 quis
1493 2590 1557 2616 velit
1576 2590 1609 2616 ad
1625 2590 1675 2617 hoc
1695 2590 1734 2617 uti

951 2632 997 2659 tali
1011 2633 1108 2659 animat
1122 2631 1275 2660 affectione.
1294 2632 1386 2660 Pudor
1399 2633 1472 2661 enim
1499 2635 1587 2670 magis
1603 2642 1684 2671 quam
1700 2634 1736 2662 ti-

951 2684 1010 2703 mor
1028 2684 1100 2712 szepe
1113 2677 1204 2704 erudit
1217 2676 1251 2704 ad
1266 2685 1348 2712 prava
1364 2679 1504 2714 fugienda.
1532 2679 1585 2707 Sed
1599 2684 1626 2708 et
1646 2679 1736 2714 pudor

949 2728 1068 2756 sequens
1083 2721 1174 2749 delicti
1193 2723 1444 2757 reprehensionem.
1469 2732 1518 2759 per
1533 2732 1563 2752 se
1584 2724 1684 2752 sufficit
1699 2723 1735 2751 ad

950 2767 1139 2801 castigandum
1155 2775 1217 2795 eum
1234 2768 1281 2803 qui
1300 2773 1406 2804 peccat,
1427 2777 1461 2797 ne
1481 2778 1578 2798 rursus
1595 2770 1622 2798 in
1635 2769 1736 2797 similia

947 2814 1061 2842 incidat.
1083 2813 1131 2843 Est
1151 2820 1253 2844 autem.
1276 2820 1305 2842 ut
1322 2824 1417 2843 eorttm
1442 2816 1622 2843 differentiam
1637 2815 1736 2843 delini-

947 2860 1021 2887 tiouc
1032 2860 1170 2887 describat
1182 2859 1330 2895 quispiam,
1343 2858 1506 2887 ιἰτιιςιίιιάίιι
1518 2859 1626 2892 quidem
1639 2859 1731 2886 interi-

1529 2907 1566 2938 21
