1989 3070
252 133 305 158 iiii!

264 205 314 224 sus
321 197 418 231 pudor,
428 199 530 222 econtra
541 199 631 223 autem
646 195 734 230 pudor
746 195 859 222 remissa
871 194 1045 222 verecundia.

265 241 425 269 Ostenditur
445 245 537 268 autem
563 248 612 276 per
628 241 748 268 colorem
773 241 818 275 qui
845 244 887 268 est
908 241 935 266 in
956 241 1044 273 vultu,

265 287 347 314 animi
369 291 492 313 motuum
511 287 663 314 differentia
679 291 706 314 et
721 287 889 313 communio.
913 286 979 312 Nam
995 294 1046 320 pu-

265 331 314 358 dor
323 331 433 365 quidem
452 331 550 358 rubore
566 335 671 357 tantum
691 329 871 365 signiﬁcatur,
887 330 968 357 simul
985 337 1046 356 cum

265 377 354 403 anima
370 375 466 403 affecto
482 376 561 402 etiam
577 381 691 409 corpore
716 374 834 401 naturali
850 373 966 409 quadam
983 372 1048 400 affe-

250 422 366 452 Ttione,
393 429 454 448 cum
475 421 549 448 calor
570 420 618 454 qui
635 424 677 447 est
696 419 770 446 circa
795 426 842 446 cor
863 419 999 446 ebullierit
1013 418 1047 445 ad

266 467 356 494 vultus
370 466 554 501 superficiem.
569 465 620 498 Qui
631 469 673 493 est
685 470 776 492 autem
790 464 904 493 alfectus
916 472 1048 492 verecun-

266 514 310 540 dia
327 517 439 548 prOptcr
462 512 553 540 delicti
570 511 830 543 manifeslalionem.
859 512 888 538 fit
903 511 1003 538 lividus
1022 515 1048 538 et

267 558 411 590 subruber,
440 558 512 592 quod
541 561 630 585 metus
662 557 743 584 bilem
768 558 868 584 rubore
896 556 1046 584 miscuerit.

267 603 406 639 Ejusmodi
423 611 488 638 ergo
499 602 607 630 affectio
620 602 761 630 sull'ecerit
776 602 821 634 iis,
838 602 885 637 qui
898 602 988 630 scelus
997 601 1048 628 sli-

266 649 338 684 quod
351 649 432 684 prius
448 648 626 679 admiserunt,
651 655 685 674 ne
709 647 735 674 in
755 647 847 682 aliquo
864 647 981 682 amplius
1007 646 1049 673 la-

267 695 368 722 bantur
379 702 410 721 ex
428 694 461 721 iis
476 694 510 720 de
526 693 626 728 quibus
640 693 723 728 pudet
736 700 784 720 eos
801 692 885 720 fuisse
896 692 1047 719 convictos.

268 739 297 766 Si
315 739 371 765 haec
385 743 474 765 autem
491 738 528 764 ila
543 746 572 765 se
585 737 694 770 habent,
716 742 743 764 et
761 744 821 764 eam
835 744 916 771 quam
934 743 983 771 par
999 735 1049 762 fuit

268 783 440 812 aﬂectionem
454 783 566 810 verbum
581 782 711 817 conjecil,
738 786 768 809 ut
784 786 846 817 pote
861 782 934 817 quod
953 782 986 808 ad
1003 788 1050 808 ca-
1065 782 1087 810 Β

268 829 354 857 venda
367 833 475 864 peccata
491 833 587 855 natura
602 829 637 855 sit
654 827 775 862 ingenita
785 827 918 862 ejusmodi
931 826 1048 859 aﬂectio,

269 875 414 901 honestum
431 877 470 900 est
493 873 650 900 existimare
676 879 739 900 esse
764 872 904 908 proprium
922 871 1051 899 Ecclesiae

267 918 472 955 documentum,
496 925 526 945 se
544 925 592 952 per
617 921 791 952 peecatonun
806 917 1008 944 confessionem
1024 920 1051 944 et

267 964 482 991 enuntiationem
496 968 569 990 recte
578 971 682 998 gerere.
693 963 745 991 Per
755 963 806 990 hoc
816 963 888 991 enim
900 963 962 990 licet
973 970 1050 990 suam

269 1011 385 1037 animam
407 1016 512 1036 armare
526 1009 609 1036 armis
629 1007 751 1044 pudoris.
766 1008 826 1041 Quo
841 1008 922 1035 modo
935 1009 1007 1035 enim
1027 1008 1050 1035 si

268 1057 331 1092 quis
345 1055 380 1083 ub
393 1055 597 1082 immoderatam
612 1055 760 1090 ingluviem
773 1055 905 1089 quosdam
921 1055 1051 1083 humores

268 1105 402 1130 concoctu
419 1100 544 1129 difficiles
565 1101 591 1127 in
611 1108 640 1128 se
659 1101 810 1136 collegerit,
825 1105 853 1128 et
869 1101 966 1128 deinde
989 1109 1051 1128 cum

269 1147 483 1176 inflammatione
505 1146 649 1177 laboraret.
675 1153 775 1181 corpus
800 1147 920 1174 sectione
938 1151 965 1174 et
984 1155 1052 1174 cau-

269 1195 339 1220 terio
353 1197 477 1219 curatum
494 1191 584 1224 fuerit,
602 1191 726 1219 morbum
746 1192 829 1219 veluti
841 1193 984 1226 quemdam
1000 1199 1053 1227 pa»

268 1239 404 1274 dagngmn
430 1237 511 1264 habet
530 1237 563 1264 ad
578 1237 725 1264 cavendam
744 1236 771 1263 in
798 1241 935 1270 posterum
954 1237 1052 1264 intem-

270 1284 430 1320 perantiam.
448 1283 532 1317 utqui
545 1283 659 1310 eauterii
673 1283 830 1310 cicatricem
844 1283 934 1310 videat
950 1284 976 1310 in
992 1290 1053 1310 cor-

270 1336 346 1364 pore.
358 1327 396 1354 lla
408 1327 453 1362 qui
467 1334 513 1362 per
523 1328 692 1353 occultorum
704 1327 917 1354 enuntiationem
933 1327 1051 1361 seipsum

270 1373 354 1401 veluti
372 1372 550 1407 prosepserit,
567 1371 726 1399 memoriam
748 1371 872 1403 allectus,
884 1380 964 1407 quem
981 1380 1053 1400 vere-

273 1419 370 1446 cundia
390 1417 485 1448 movit,
503 1416 585 1444 habet
602 1424 650 1451 pro
665 1417 812 1452 pwdagogo
831 1417 865 1444 ad
881 1418 962 1445 vitam
975 1417 1051 1445 dein-

272 1471 335 1498 ceps
351 1462 491 1498 agendam.

309 1507 371 1534 llaec
387 1513 451 1534 sunt
466 1514 527 1542 quae
538 1506 620 1534 discit
633 1506 754 1534 Ecclesia
764 1514 811 1541 per
828 1506 899 1534 hanc
911 1513 973 1541 quae
991 1513 1064 1533 nunc

278 1552 348 1579 facta
361 1557 402 1579 est
414 1551 572 1584 lectionem,
583 1559 677 1578 eorum
692 1559 752 1586 quae
768 1551 870 1586 scripta
888 1558 952 1579 sunt
966 1551 993 1578 in
1009 1550 1063 1578 Ec-

274 1597 410 1624 clesiaste.
428 1597 498 1623 Dicit
518 1597 590 1624 enim
605 1596 689 1624 libera
707 1604 783 1629 voce,
798 1597 863 1624 illud
886 1597 912 1624 in
926 1597 1064 1632 publicum

275 1641 430 1676 proferens,
444 1645 470 1668 et
486 1641 512 1668 in
525 1640 646 1668 onmium
664 1642 803 1669 hominum
815 1645 964 1676 conspectu
980 1641 1064 1668 veluti

274 1687 431 1721 quamdam,
451 1687 478 1714 in
490 1694 543 1721 qua
563 1686 697 1722 scriptum
713 1691 756 1714 est
776 1687 889 1722 aliquid,
904 1687 1062 1713 columnam

276 1735 400 1759 statuens
415 1739 510 1759 eorum
524 1740 584 1767 qua:
603 1732 638 1759 ab
654 1733 713 1767 ipso
733 1732 804 1759 facta
819 1737 885 1760 sunt
899 1732 1065 1760 enuntiatio-

276 1786 349 1810 nem,
364 1786 425 1812 qua:
437 1778 571 1813 ejusmodi
582 1782 656 1812 sunt,
670 1782 739 1806 utea
750 1779 855 1806 nescire
865 1783 892 1806 et
904 1778 1013 1806 silentio
1025 1783 1065 1805 te-

275 1831 338 1858 gere
353 1831 434 1858 quam
453 1823 543 1851 dicere
555 1824 590 1851 sit
602 1823 759 1858 gloriosius.
782 1825 860 1851 Anne
872 1829 962 1851 autem
982 1824 1064 1856 dicat,

275 1877 338 1896 cum
351 1877 382 1896 ea
396 1877 489 1896 revera
505 1868 626 1903 fecisset,
637 1877 671 1896 au
693 1869 798 1905 ﬁngens
816 1874 927 1905 propter
942 1876 1064 1898 nostram

276 1915 431 1946 utilitatem,
444 1919 472 1941 ut
483 1919 685 1950 consequenter
696 1915 729 1942 ad
751 1923 865 1951 scopum
881 1916 998 1943 deducat
1005 1923 1066 1942 ora-

277 1962 389 1993 tionem,
403 1967 456 1986 non
467 1968 579 1994 possum
592 1968 715 1988 asserere
728 1969 773 1988 :ea
780 1966 855 1989 certe
862 1961 940 1996 dicit,
948 1970 1008 1996 qua:
1018 1962 1065 1996 qui

276 2007 407 2033 viututem
421 2006 472 2033 sibi
484 2007 622 2041 proponit,
637 2015 692 2034 non
703 2007 829 2034 lubenter
843 2007 1001 2035 adsciverit.
1012 2007 1065 2034 Sed

865 129 894 155 S.
914 129 1075 157 GiillGURll
1096 128 1244 157 NYSSENI

1827 138 1882 164 [ἷὅὲ

1101 198 1240 233 γράψειεν,
1263 198 1376 234 αἰσχύνη
1393 198 1440 234 μὲν
1463 200 1643 235 ἐπιτεταμένη
1655 199 1748 231 αἰδώς·
1765 200 1845 231 αἰδὼς
1858 202 1888 226 δε

1100 244 1130 270 τὸ
1150 244 1268 279 ἔμπαλιν
1285 245 1416 279 ὑφειμένη
1442 245 1564 279 αἰσχύνη.
1583 245 1726 271 Δείκνυται
1741 244 1769 271 δὲ
1785 245 1830 271 καὶ
1848 243 1888 278 τῷ

1101 289 1171 316 κατὰ
1189 290 1334 325 πρόσωπον
1352 290 1476 325 χρώματι
1491 291 1571 325 ἡτῶν
1580 290 1672 317 παθῶν
1681 291 1795 325 διαφορά
1804 292 1841 326 (a)
1857 300 1888 318 τε

1101 335 1148 361 καὶ
1166 335 1302 362 κοινωνία.
1325 336 1357 362 Ἡ
1384 336 1432 371 μὲν
1455 336 1508 371 γὰρ
1535 335 1616 367 αἰδὼς
1636 335 1787 371 ἐρυθήματι
1813 337 1888 370 μόνῳ

1101 382 1320 417 ἐπισημαίνεται,
1339 382 1528 417 συμπαθόντος
1547 390 1605 413 πως
1619 383 1652 417 τῇ
1674 381 1745 416 ψυχῇ
1765 381 1811 408 τοῦ
1833 381 1888 407 σώ-

1102 435 1186 461 ματος
1199 427 1269 453 κατά
1283 435 1343 452 τινα
1357 427 1474 461 φυσικὴν
1488 427 1617 458 διάθεσιν,
1634 427 1680 453 καὶ
1692 426 1738 453 τοῦ
1754 435 1888 462 περικαρ-

1102 471 1159 498 δίου
1177 471 1279 507 θερμοῦ
1295 471 1363 508 πρὸς
1377 473 1427 507 τὴν
1447 473 1605 506 ἐπιφάνειαν
1619 473 1668 507 τῆς
1687 471 1773 506 ὂψεως
1789 471 1889 502 ἀναζέ-

1102 526 1198 550 σαντος
1209 526 1216 533 ·
1234 519 1249 544 ὁ
1260 518 1288 544 δὲ
1301 518 1455 552 αἰσχυνθεὶς
1469 519 1514 544 ἐπὶ
1527 519 1560 553 τῇ
1576 517 1726 553 φανερώσει
1737 517 1784 544 τοῦ
1796 517 1888 552 πλημ-

1102 563 1256 598 μελήματος
1273 563 1395 595 πελιδνὸς
1411 564 1514 597 γίνεται
1530 564 1576 590 καὶ
1599 563 1762 599 ὑπέρυθρος,
1775 562 1823 589 τοῦ
1838 563 1888 597 φό-

1101 607 1149 634 ϐου
1160 608 1207 643 τὴν
1217 608 1299 643 χολὴν
1309 609 1348 644 τῷ
1356 608 1508 644 ἐρυθήματι
1518 608 1701 643 μίξαντοςμτὸ
1709 607 1755 635 οὖν
1765 607 1887 636 τοιοῦτον

1102 653 1198 685 πάθος,
1219 654 1310 681 ἱκανὸν
1334 654 1367 680 ἂν
1385 654 1490 688 γένοιτο
1504 656 1560 686 τοῖς
1583 653 1813 690 προειλημμένοις
1832 654 1887 681 τινὶ

1101 699 1155 725 τῶν
1171 699 1278 726 ἀτόπων
1301 701 1341 731 εἰς
1358 699 1389 726 τὸ
1407 700 1503 734 μηκέτι
1520 700 1549 726 ὲν
1566 699 1669 731 τούτοις
1691 699 1827 733 γενέσθαι,
1847 696 1887 726 ὧν

1103 744 1136 771 ἂν
1151 745 1196 771 τὸν
1216 745 1326 780 ἔλεγχον
1339 746 1367 772 ὲν
1381 745 1497 781 αἰσχύνῃ
1510 746 1684 780 ποιήσωνται.
1703 745 1734 771 Ei
1753 745 1784 780 δὴ
1800 745 1886 772 ταῦτα

1103 789 1187 821 οὕτως
1200 789 1266 825 ἔχοι,
1281 791 1327 816 καὶ
1339 790 1442 822 δέοντος
1457 791 1471 816 ὁ
1485 791 1563 824 λόγος
1576 789 1623 817 τοῦ
1639 789 1741 821 πάθους
1753 798 1885 817 κατεστο-

1101 836 1219 871 χάσατο,
1243 835 1280 866 ὡς
1300 836 1346 861 ἐπὶ
1365 834 1470 870 φυλακῇ
1496 834 1549 861 τῶν
1571 834 1814 870 πλημμελημάτων
1835 835 1885 869 τῆς

1101 880 1227 915 τοιαύτης
1248 878 1394 910 διαθέσεως
1420 878 1597 914 ἐγγινομένης
1622 879 1657 914 τῇ
1680 878 1779 913 φύσει.
1802 878 1886 905 καλόν

1102 926 1174 951 ἐστιν
1196 925 1259 951 ἴδιον
1279 924 1392 960 μάθημα
1415 924 1464 959 τῆς
1492 923 1653 959 Ἑκκλησίας
1670 924 1824 960 ἡγήσασθαι
1854 924 1886 950 τὸ

1101 970 1145 996 διὰ
1158 970 1207 1005 τῆς
1219 968 1421 1005 ἐξαγορεύσεως
1433 969 1486 995 τῶν
1497 969 1771 1004 πεπλημμελημένων
1785 968 1886 1004 κατόρ-

1101 998 1205 1050 θωμαΐ
1225 998 1356 1051 ἐστι.γὰρ
1377 998 1421 1041 διά
1442 1015 1536 1048 τοῦτο,
1554 998 1716 1050 ¹ἑαυτοῦ
1734 1015 1823 1050 ψυχὴν

1101 1061 1150 1095 τῆς
1174 1060 1304 1095 αἰσχύνης
1322 1061 1396 1096 ὅπλῳ
1420 1052 1680 1095 κατασφαλίσασοαι.
1708 1062 1814 1096 Ὥσπερ
1831 1062 1887 1096 γὰρ

1103 1107 1183 1138 εἴτις
1196 1109 1228 1134 ὲκ
1242 1107 1409 1142 λαιμαργίας
1426 1107 1546 1142 ἀμέτρου
1562 1107 1734 1139 δυσπέπτους
1745 1107 1822 1138 τινὰς
1838 1116 1887 1142 χυ-

1104 1153 1171 1188 μοὺς
1189 1153 1217 1179 ἐν
1235 1152 1309 1187 αὐτῷ
1324 1152 1479 1188 συναγάγῃ,
1495 1150 1554 1179 εἶτα
1574 1154 1603 1179 ὲν
1616 1153 1754 1188 φλεγμονῇ
1772 1152 1885 1187 γενομέ-

1103 1206 1148 1224 νου
1170 1197 1218 1224 τοῦ
1242 1197 1368 1232 σώματος
1392 1200 1461 1233 τομῇ
1480 1199 1526 1225 καὶ
1546 1199 1679 1234 καυστῆρι
1708 1198 1886 1233 θεραπευθεὶς

1101 1244 1151 1278 τὴν
1170 1243 1257 1277 νόσον,
1271 1243 1395 1279 καθάπερ
1413 1244 1474 1271 τινὰ
1490 1244 1660 1279 παιδαγωγὸν
1674 1245 1742 1279 πρὸς
1754 1244 1803 1280 τὴν
1820 1245 1886 1271 ἀτα-

1104 1287 1162 1320 ξίαν
1178 1287 1233 1322 ἔχοι
1246 1287 1293 1314 τοῦ
1307 1288 1404 1323 ἑφεξῆς
1421 1288 1478 1323 βίου
1488 1309 1495 1322 ,
1510 1289 1558 1324 τὴν
1579 1289 1659 1324 οὐλὴν
1673 1289 1719 1316 τοῦ
1735 1290 1887 1325 καυστῆρος

1103 1332 1149 1359 ἐπὶ
1168 1332 1214 1358 τοῦ
1231 1332 1354 1368 σώματος
1370 1333 1484 1368 βλέπων·
1505 1334 1590 1365 οὕτως
1604 1335 1618 1361 ὁ
1630 1334 1804 1370 στηλιτεύσας
1823 1335 1886 1361 ἑαυ-

1103 1377 1148 1403 τὸν
1159 1377 1202 1404 διὰ
1215 1377 1265 1411 τῆς
1276 1377 1329 1404 τῶν
1344 1378 1464 1413 κρυφίων
1480 1378 1696 1413 ὲξαγορεύσεως,
1711 1380 1760 1414 τὴν
1776 1381 1886 1415 μνήμην

1105 1421 1151 1447 τοῦ
1169 1421 1228 1448 κατ’
1245 1421 1374 1456 αἰσχύνην
1395 1422 1495 1455 πάθους
1512 1423 1579 1460 πρὸς
1597 1423 1643 1450 τὸν
1665 1424 1727 1459 ἑξῆς
1749 1425 1887 1460 παιδαγω-

1104 1465 1151 1500 γὸν
1164 1465 1266 1492 τίθεται
1279 1465 1345 1499 βίον.

1145 1507 1236 1534 Ταῦτα
1249 1507 1337 1534 τοίνυν
1349 1507 1432 1539 ἐστὶν,
1443 1507 1461 1534 ἃ
1473 1507 1517 1534 διὰ
1529 1508 1578 1543 τῆς
1590 1507 1637 1535 νῦν
1649 1508 1828 1543 ἀναγνώσεως
1838 1509 1892 1535 τῶν

1109 1553 1138 1581 ιν
1172 1553 1211 1588 τῷ
1238 1553 1435 1588 Ἐκκλησιαστῇ
1466 1554 1666 1588 γεγραμμένων
1697 1554 1714 1589 ἡ
1746 1554 1891 1590 Ἐκκλησία

1110 1597 1275 1625 παιδεύεται.
1289 1597 1370 1631 Λέγει
1395 1597 1449 1632 γὰρ
1467 1597 1594 1634 ἐλευθέρᾳ
1626 1600 1701 1634 φωνῇ
1724 1599 1892 1634 δημοσιεύων

1109 1643 1207 1674 ἐκεῖνο,
1226 1641 1273 1669 καὶ
1287 1641 1447 1668 ὲπὶπάντων
1458 1641 1608 1677 ἀνθρώπων
1624 1643 1747 1679 καθάπερ
1758 1644 1818 1670 τινὰ
1834 1644 1892 1679 στή-

1109 1688 1160 1723 λην
1173 1688 1310 1723 ἔγγραφον
1332 1687 1468 1719 ἀνατιθεὶς
1484 1688 1533 1722 τὴν
1553 1688 1607 1714 τῶν
1622 1689 1811 1724 γεγενημένων
1828 1691 1891 1725 παρ’

1110 1733 1192 1760 αὐτοῦ
1206 1733 1392 1768 ἐξαγόρευσιν,
1409 1733 1426 1761 ἃ
1443 1733 1554 1761 τοιαῦτά
1569 1735 1651 1765 ἔστιν,
1670 1735 1707 1766 ὡς
1720 1735 1768 1770 τὴν
1783 1735 1893 1764 ἄγνοιαν

1109 1779 1199 1807 αὐτῶν
1216 1780 1264 1805 καὶ
1278 1779 1327 1814 τὴν
1337 1779 1440 1814 σιωπὴν
1456 1777 1524 1806 εἶναι
1541 1779 1588 1807 τοῦ
1611 1780 1690 1814 λόγου
1711 1781 1890 1816 ἐνδοξοτέραν.

1109 1825 1190 1859 Λέγει
1201 1825 1269 1856 δὲ,εί
1288 1824 1337 1859 μὲν
1351 1824 1456 1859 άληθῶς
1473 1825 1630 1860 πεποιηκὼς
1643 1823 1671 1861 ᾖ,
1685 1825 1770 1852 ταῦτα
1789 1827 1833 1853 διὰ
1844 1827 1892 1862 τὴν

1110 1871 1246 1906 ἡμετέραν
1256 1870 1389 1904 ὠφέλειαν
1404 1870 1599 1905 πλασσόμενος,
1615 1872 1657 1906 ἐφ’
1669 1868 1691 1905 ᾧ
1703 1880 1732 1898 τε
1742 1872 1775 1898 δι’
1782 1872 1893 1899 ἀκολού-

1111 1915 1157 1942 θου
1172 1915 1216 1941 τὸν
1228 1914 1304 1948 λόγον
1318 1915 1386 1950 πρὸς
1400 1915 1445 1941 τὸν
1464 1915 1563 1941 σκοπὸν
1580 1915 1750 1952 διαπερᾶναι,
1769 1917 1819 1944 οὐκ
1841 1917 1893 1952 ἔχω

1109 1960 1189 1987 τοῦτο
1201 1960 1258 1995 μετ’
1270 1960 1410 1994 άκριὸείας
1424 1961 1509 1986 εἰπεῖν
1518 1969 1524 1976 ·
1537 1960 1610 1994 λέγει
1621 1961 1644 1988 δ’
1660 1959 1706 1988 οὗν
1721 1962 1795 1997 ὅμως
1808 1963 1892 1989 ταῦτα

1110 2003 1151 2036 οἷς
1181 2005 1231 2030 οὐκ
1256 2004 1290 2030 ἂν
1304 2005 1318 2030 ὁ
1335 2004 1402 2039 πρὸς
1428 2004 1529 2039 ἀρετὴν
1548 2005 1653 2040 βλέπων
1681 2007 1812 2038 ἑκουσίως
1832 2015 1892 2033 συν-

276 2059 310 2079 an
323 2055 398 2078 certo
406 2051 524 2079 consilio
538 2060 598 2087 quae
611 2060 664 2079 non
677 2052 749 2080 facta
766 2057 832 2080 sunt
850 2057 979 2088 tanquam
994 2052 1056 2080 facta

1113 2049 1247 2084 ενεχθείη.
1260 2049 1328 2075 Ἀλλ’
1341 2050 1394 2075 εἴτε
1407 2050 1562 2085 οἰκονομίας
1574 2051 1654 2086 χάριν
1662 2051 1694 2077 τὰ
1703 2052 1739 2086 μὴ
1750 2053 1891 2087 γενόμενα,

277 2097 452 2132 prosequitur
466 2101 493 2124 et
511 2098 693 2133 reprehendit,
706 2102 735 2125 ut
746 2098 792 2134 qui
804 2106 836 2126 ea
847 2099 883 2126 sit
897 2104 1026 2133 expertus
1035 2104 1066 2126 ut

277 2145 351 2179 prius
365 2151 446 2178 quant
464 2150 557 2170 eorum
576 2143 709 2171 faciamus
722 2144 886 2179 periculum,
901 2151 994 2171 eorum
1005 2152 1066 2180 quae

277 2188 638 2223 reprehendunturvitemus
647 2188 826 2223 des'qlerium,
837 2196 871 2216 an
880 2189 974 2217 volens
983 2190 1015 2217 ad
1024 2191 1066 2218 his

277 2234 423 2261 fruendum
435 2242 464 2261 se
476 2233 627 2265 demiserit,
640 2238 669 2260 ut
686 2235 767 2261 etiam
781 2242 829 2269 per
845 2242 890 2262 res
913 2235 1067 2262 contrarias

277 2287 343 2307 suos
353 2287 452 2308 sensus
462 2284 612 2312 exerceret,
623 2280 704 2307 liceat
712 2280 815 2308 volenti
828 2288 909 2315 quam
918 2281 982 2309 velit
993 2282 1027 2309 de
1034 2289 1066 2309 ea

277 2334 307 2352 re
324 2327 412 2353 facere
425 2326 623 2360 conjecturam.
639 2325 667 2353 Si
682 2327 744 2361 quis
757 2331 849 2353 autem
862 2327 936 2354 dicat
949 2334 1011 2354 eum
1028 2334 1068 2353 re-

276 2379 342 2399 vera
354 2378 448 2398 eorum
461 2379 522 2406 qua:
531 2371 656 2406 jucunda
665 2377 729 2399 sunt
743 2371 842 2400 fecisse
852 2371 1017 2406 periculum.
1027 2371 1068 2399 sic

278 2418 477 2445 existimamus.
502 2416 561 2449 Quo
580 2415 661 2442 modo
682 2415 753 2442 enim
780 2414 826 2449 qui
847 2415 930 2441 maris
949 2414 1061 2448 profun-

278 2464 342 2490 dum
359 2463 487 2494 subeunt,
503 2466 529 2488 et
545 2462 572 2489 in
591 2459 674 2487 fundo
690 2460 773 2486 maris
787 2462 922 2494 quaerunt,
938 2466 971 2484 an
991 2457 1061 2484 forte

279 2509 397 2544 aliquam
418 2508 539 2535 invenire
555 2509 660 2543 possint
685 2507 871 2541 margaritam,
895 2509 941 2531 aut
958 2504 1059 2538 aliquid

277 2554 351 2581 aliud
377 2554 448 2589 quod
470 2553 591 2580 nascitur
610 2553 637 2580 in
664 2552 809 2587 profundo.
835 2550 934 2585 quibus
959 2549 1059 2575 nullam

278 2599 386 2634 quidem
410 2600 574 2634 voluptatem
599 2598 676 2625 aﬂert
695 2605 755 2633 qua:
772 2597 823 2623 sub
843 2603 911 2630 aqua
934 2599 975 2621 est
994 2594 1060 2620 afﬂi-

277 2646 342 2678 ctio,
362 2646 407 2673 sed
431 2653 494 2680 spes
520 2645 587 2672 lucri
607 2644 706 2674 effecit,
735 2647 763 2669 ut
792 2650 822 2669 se
847 2642 872 2667 in
894 2639 1059 2674 profundum

278 2693 467 2724 immergerent
482 2700 489 2718 :
506 2691 542 2718 ita
561 2691 583 2717 si
608 2690 634 2716 in
653 2689 695 2717 his
712 2691 836 2716 versatus
858 2690 900 2713 est
917 2685 1057 2717 Solomon,

1111 2095 1148 2126 ὡς
1161 2094 1288 2128 γεγονότα
1311 2093 1430 2126 διέξεισι,
1457 2095 1503 2121 καὶ
1529 2097 1677 2130 κατηγορεῖ
1700 2096 1736 2127 ὡς
1765 2097 1794 2122 ἐν
1813 2097 1893 2132 πείρᾳ

1110 2139 1263 2174 γενόμενος,
1277 2139 1320 2166 ἵνα
1333 2140 1411 2174 ἡμεῖς
1435 2139 1488 2175 πρὸ
1508 2140 1556 2175 τῆς
1571 2141 1667 2175 πείρας
1684 2140 1734 2176 τὴν
1755 2141 1807 2167 τῶν
1829 2150 1893 2168 κατ-

1110 2183 1286 2218 ηγορημένων
1300 2182 1445 2217 ἐπιθυμίαν
1458 2183 1635 2219 ὲκκλίνωμεν,
1652 2184 1706 2210 εἴτε
1715 2185 1761 2211 καὶ
1775 2185 1894 2221 καθῆκεν

1110 2227 1205 2254 ἑαυτὸν
1216 2228 1346 2259 ἑκουσίως
1363 2227 1430 2263 πρὸς
1453 2228 1501 2262 τὴν
1516 2228 1571 2255 τῶν
1593 2229 1720 2256 τοιούτων
1733 2231 1892 2265 ἀπόλαυσιν,

1110 2272 1180 2299 ὥστε
1205 2273 1250 2299 καὶ
1275 2273 1309 2300 τὰ
1338 2273 1501 2309 αἰσθητήρια
1523 2274 1618 2301 ἑαυτοῦ
1641 2275 1685 2302 διὰ
1703 2276 1757 2302 τῶν
1767 2277 1894 2304 ἐναντίων

1111 2317 1258 2352 γυμνάσαι,
1285 2317 1439 2352 προκείσθω
1458 2320 1517 2345 κατ’
1540 2319 1663 2352 ἐξουσίαν
1677 2321 1715 2356 τῷ
1729 2321 1893 2358 βουλομένῳ,

1111 2364 1153 2397 ἐφ’
1163 2364 1230 2398 ὅπερ
1241 2362 1273 2389 ἂν
1283 2363 1362 2398 ἐθέλῃ
1372 2363 1417 2389 τὸν
1428 2365 1579 2400 στοχασμὸν
1590 2366 1674 2400 ἄγειν.
1687 2367 1718 2393 Ei
1735 2367 1763 2393 δέ
1771 2376 1812 2400 τις
1822 2368 1895 2402 λέγοι

1111 2409 1150 2444 τῷ
1166 2409 1221 2435 ὕντι
1242 2408 1402 2444 γεγενῆσθαι
1424 2410 1454 2435 ἐν
1468 2412 1501 2445 τῇ
1516 2411 1570 2437 τῶν
1589 2411 1674 2446 ἡδέων
1702 2413 1793 2449 πείρᾳ,
1810 2414 1895 2446 οὕτως

1112 2454 1348 2491 ὑπολαμϐάνομεν.
1373 2455 1505 2491 Καθάπερ
1517 2457 1571 2492 γὰρ
1591 2458 1616 2483 οἱ
1631 2458 1677 2484 ἐπὶ
1694 2459 1739 2484 τὸν
1752 2459 1832 2494 βυθὸν
1847 2460 1895 2495 τῆς

1112 2502 1246 2535 θαλάττης
1261 2500 1395 2536 δυόμεναι,
1420 2502 1466 2528 καὶ
1481 2502 1670 2538 διερευνῶντες
1684 2506 1714 2531 ὲν
1726 2505 1763 2539 τῷ
1778 2506 1895 2541 πυθμένι

1111 2546 1157 2573 τοῦ
1183 2546 1287 2578 ὕδατος,
1311 2546 1337 2572 εἴ
1359 2546 1408 2572 πού
1438 2556 1498 2573 τινα
1526 2549 1696 2585 μαργαρίτην
1715 2550 1853 2586 εὖροιεν.ή
1869 2560 1894 2578 τι

1112 2591 1174 2618 ἄλλο
1182 2591 1301 2618 τοιοῦτον
1311 2592 1364 2618 τῶν
1375 2593 1404 2618 ἐν
1418 2593 1490 2628 βυθῷ
1499 2595 1674 2630 τικτομένων,
1689 2593 1728 2627 οἷς
1743 2596 1837 2633 ἡδονὴν
1847 2597 1894 2631 μὲν

1112 2638 1238 2672 οὐδεμίαν
1252 2639 1267 2672 ἡ
1286 2638 1337 2664 ὑπὸ
1362 2639 1392 2666 τὸ
1413 2640 1484 2676 ὓδωρ
1498 2642 1669 2678 ταλαιπωρία
1682 2644 1769 2679 φέρει,
1780 2646 1796 2680 ἡ
1809 2644 1836 2671 δὲ
1847 2644 1893 2672 τοῦ

1113 2683 1222 2718 κέρδους
1235 2683 1311 2715 ἐλπὶς
1325 2684 1430 2720 βυθίους
1446 2687 1574 2722 ἐποίησεν
1587 2696 1592 2703 ·
1607 2688 1693 2720 οὕτως
1715 2690 1738 2716 ει
1754 2690 1863 2724 γέγονεν
1880 2691 1896 2716 ὁ

309 2759 348 2791 (u)
371 2758 460 2784 Locus
480 2765 513 2783 ex
543 2762 617 2783 mss.‘
644 2755 685 2782 sic
700 2755 870 2791 supplendus
886 2765 896 2791 :7
909 2756 954 2790 ὑφ.
976 2756 1001 2782 ἀ.
1016 2755 1056 2781 Md

1106 2764 1123 2781 ιν
1137 2755 1347 2791 δὲῗκυριὼτερον
1363 2755 1395 2782 ἄν
1409 2765 1450 2787 τις
1463 2755 1603 2782 καθίκοιτο
1619 2755 1669 2790 τῆς
1683 2756 1737 2782 τῶν
1754 2755 1893 2789 ὀνομάτων

271 2788 418 2828 ἒμῲάσεως
441 2791 534 2828 ενίπὼν,
556 2791 686 2828 αἰσχύνην
701 2788 756 2828 ’μέν
766 2788 921 2828 _e{vat_'.i1v
933 2788 1008 2825 μετὰ.
1020 2791 1129 2828 *πράξω
1142 2790 1196 2816 τῶν
1212 2788 1443 2828 κατεγνωσμένων
1456 2788 1653 2828 ἐπιγινομένην
1674 2791 1754 2821 αἱδὼ,
1776 2788 1841 2817 αἰδῶ
1858 2790 1893 2819 δὲ,

272 2824 342 2854 κατὰ
358 2828 388 2852 τὸ
400 2827 577 2862 ἀντίστροψον
591 2826 639 2862 τὴν
662 2824 714 2859 πρὸ
725 2825 780 2862 Δτρῦ
808 2824 980 2862 γενέσθαιτι
999 2824 1059 2862 τῷν
1073 2824 1304 2862 κατεγνωσμένων
1326 2824 1456 2861 αἰσχύνην
1469 2824 1553 2862 δι’ἧς
1605 2824 1679 2861 άρμὴ
1697 2827 1748 2852 τῶν
1766 2826 1895 2862 ἀπρεπῶν

273 2864 468 2890 ἀνακόπτεται,
482 2859 571 2888 Ᾱεὶκν.
589 2860 663 2887 δὲ...,
682 2859 895 2886 παθῶντούτων
908 2860 1065 2896 διαςοράμ.
1078 2869 1102 2887 τ.
1118 2860 1142 2886 λ.
1164 2860 1239 2888 linit.
