1989 3070
129 135 185 164 655
665 134 698 161 IN
720 133 983 162 ECCl.l-ISI.\STF.N.
1005 133 1142 162 ΙΙΗΜΙΙΛΛ
1163 135 1202 161 Ill.
1699 134 1751 163 654

128 191 254 226 Σολομὼν
277 191 305 218 ἐν
331 190 445 222 τούτοις,
471 190 579 222 πάντως
598 191 692 227 ὥσπερ
715 200 756 223 τις
774 191 828 218 τῶν
847 190 914 216 κατὰ

967 192 1078 219 omnino
1095 198 1123 220 ut
1146 191 1280 227 quispiam
1298 199 1330 220 ex
1356 192 1389 220 iis
1410 193 1456 228 qui
1482 200 1616 228 purpuras
1637 193 1663 220 in
1683 195 1751 221 mari

129 237 264 264 θάλατταν
289 236 524 272 πορφυρευόντων,
554 236 649 262 ἑαυτὸν
672 236 756 262 ἔδωκε
780 237 812 271 τῇ
828 237 916 272 τρυφῇ

128 282 292 319 ὑποϐρύχιον
303 291 310 298 ·
333 282 382 309 οὐκ
398 282 440 316 ἐφ’
451 279 503 316 ᾧτε
516 281 739 316 καταπλησθῆναι
753 281 803 316 τῆς
818 281 916 308 θαλατ-

127 329 188 360 τίας
207 328 306 363 ἅλμης,
334 328 424 362 ἅλμην
442 327 471 354 δὲ
494 328 565 362 λέγω
583 327 632 362 τὴν
646 327 742 362 ἡδονήν
754 335 761 343 ·
783 327 851 353 ἀλλὰ
869 327 916 353 τοῦ

128 373 244 409 ζητῆσαι
259 373 286 400 τι
303 373 335 408 τῇ
352 373 457 408 διανοίᾳ
472 373 605 410 χρήσιμον
618 374 647 399 ὲν
659 372 698 408 τῷ
710 372 822 407 τοιούτῳ
833 371 914 407 βυθῷ.

127 421 269 456 Χρήσιμον
282 419 303 446 δ¹
319 420 352 446 ἂν
377 419 419 454 εἴη
436 419 479 446 διὰ
495 419 549 445 τῶν
573 418 700 445 τοιούτων
713 418 914 454 εὑρισκόμενον,

129 465 199 492 κατά
217 474 249 499 γε
261 465 305 492 τὸν
321 465 386 500 ἐμὸν
399 465 586 500 στοχασμὸν,ἥ
602 465 632 491 τὸ
647 463 788 500 ἀμὸλῦναι
805 463 855 496 τὰς
868 463 915 490 τοῦ

128 511 253 546 σώματος
277 511 375 546 ὁρμὰς,
405 510 449 538 διὰ
465 510 512 540 τοῦ
528 510 665 546 προθεῖναι
682 511 743 537 κατ1
765 509 889 542 ἐξουσίαν
901 509 916 535 ὅ

129 557 262 592 βούλεται.
290 556 362 592 Πρδς
385 556 439 591 γὰρ
464 556 495 582 τὸ
510 556 680 592 κωλυόμενον
700 556 916 592 φιλονεικοτέρας

127 604 172 630 ἀεὶ
184 603 233 634 τὰς
251 603 370 638 κινήσεις
393 603 409 637 ἡ
432 602 512 638 φύσις
527 602 593 638 ἔχει.
609 603 687 629 Ἤτοι
701 602 747 629 τοῦ
760 602 914 635 ἀξιοπίστου

127 649 217 684 χάριν,
249 649 278 676 ὲν
303 648 523 682 τούτοιςγίνεται
544 649 558 675 ὸ
580 647 748 680 διδάσκαλος,
762 648 800 680 ὠς
816 648 913 684 μηκέτι

126 696 182 726 τοῖς
193 693 347 729 ἀνθρώποις
357 693 497 720 ἀσπαστὸν
511 693 671 729 νομισθῆναι
691 693 722 720 τὸ
743 702 915 729 καταπεφρο-

126 739 242 775 νημένον
257 740 372 774 πρᾶγμα
384 739 436 766 ὑπὸ
452 738 498 765 τοῦ
513 738 557 765 διὰ
567 739 618 773 τῆς
638 739 735 774 πείρας
748 739 914 774 διδαχθέντος

125 786 157 813 τὸ
184 785 307 821 μάταιον.
333 785 386 812 Καὶ
412 785 465 820 γὰρ
491 785 539 811 καὶ
563 785 625 816 τοὺς
653 784 761 820 ἰατρούς
781 793 862 818 φασιν
885 785 914 811 ὲν

125 831 224 866 ἐκείνῳ
252 830 402 866 κατορθοῦν
419 830 468 865 τὴν
491 830 599 865 τέχνην,
615 827 646 856 οὗ
668 830 701 857 ἂν
715 830 759 857 διὰ
772 830 826 857 τῶν
842 830 914 857 ίδίων

127 863 260 913 σωμάτων
284 863 406 908 τὸέἷδος
431 863 480 912 si}:
500 863 653 913 ἀρρωστίας
681 876 844 911 γνωρίσωσι.
867 876 914 903 καὶ
930 863 950 890 Β

126 923 324 958 ἀσφαλέστεροι
340 922 394 948 τῶν
401 922 529 948 τοιούτων
539 922 657 956 γίνονται
668 921 814 957 σύμὸουλοι
826 931 854 948 τε
866 921 913 948 καὶ

125 968 302 1004 θεραπευταὶ,
314 965 350 994 ὧν
363 968 407 994 διὰ
422 968 468 994 τοῦ
484 968 738 1003 προθεραπευθῆναι
751 968 800 1004 τὴν
815 968 913 1002 γνῶσιν

125 1012 212 1049 εἶχον·
226 1015 280 1049 ὅσῳ
291 1013 328 1048 τῷ
341 1013 398 1048 ἰδίῳ
415 1013 495 1040 πάθει
513 1014 753 1048 προεδιδάχθησαν.

164 1061 277 1095 Ἰδωμεν
288 1059 376 1086 τοίνυν
386 1059 412 1087 τί
425 1059 499 1094 λέγει
517 1059 680 1087 πεπονθέναι
690 1060 728 1094 τῷ
744 1059 805 1086 καθ’
819 1060 913 1086 ἑαυτὸν

126 1106 185 1142 βίῳ,
198 1107 212 1132 ό
228 1105 274 1132 τὸν
289 1105 423 1141 ἡμέτερον
437 1105 569 1140 ἰατρεύων
588 1105 654 1140 βίον.
674 1115 682 1131 ι
705 1105 885 1141 Ἐμεγάλυνα,
901 1115 910 1131 ι

125 1151 203 1186 φησὶ,
223 1160 231 1176 ι
248 1150 355 1185 ποίημά
371 1159 433 1185 μου,
457 1150 619 1187 ᾠκοδόμησα
639 1150 738 1182 οἴκους.
759 1159 767 1176 ι
782 1150 869 1182 Εὐθὺς
882 1151 914 1178 ἐκ

125 1194 295 1230 κατηγορίας
320 1195 334 1220 ὁ
359 1194 435 1228 λόγος
462 1194 585 1229 ἄρχεται.
604 1195 640 1221 Οὐ
670 1195 724 1230 γὰρ
737 1199 767 1222 το
781 1195 827 1222 τοῦ
846 1195 912 1222 Θεοῦ

125 1240 232 1275 ποίημά
246 1248 337 1275 φησιν,
355 1240 422 1274 ὅπερ
433 1239 491 1274 εἰμὶ
517 1239 583 1273 ἐγὼ,
598 1240 665 1266 ἀλλὰ
681 1240 711 1267 τὺ
730 1240 796 1276 ἐμὸν
813 1241 914 1276 ἐμεγά-

124 1285 202 1313 λυνα.
225 1285 306 1321 Ἐμὸν
321 1285 427 1320 ποίημα
443 1285 521 1312 οὐδέν
535 1286 607 1315 ἐστιν
623 1286 696 1319 ἄλλο,
709 1285 725 1322 ἢ
743 1287 811 1322 ὕπερ
823 1288 855 1322 τῇ
869 1287 912 1313 αε-

125 1330 220 1366 σθήσει
236 1331 285 1366 τὴν
295 1330 390 1366 ἡδονὴν
415 1329 502 1364 φέρει.
520 1330 600 1356 Ἐστι
621 1330 649 1357 δὲ
665 1330 745 1358 τοῦτο
754 1330 784 1357 τὸ
797 1331 911 1366 ποίημα,

123 1376 164 1412 τῷ
178 1377 226 1412 μὲν
243 1375 343 1411 γενικῷ
357 1376 428 1411 λόγῳ
441 1375 481 1408 ἓν,
537 1376 566 1403 δὲ
582 1376 651 1403 κατὰ
663 1376 761 1403 λεπτὸν
773 1376 912 1412 διαιρέσει,

125 1424 165 1454 είς
181 1423 266 1450 πολλὰ
289 1423 348 1454 ταῖς
364 1422 412 1457 τῆς
426 1423 532 1457 τρυφῆς
552 1422 658 1458 χρείαις
676 1421 913 1457 καταναγκάζεται

126 1469 294 1506 μερίζεσθαι.
305 1468 356 1499 Τὸν
372 1468 427 1503 γὰρ
439 1467 511 1500 ἅπαξ
536 1468 612 1499 ὲντὺς
623 1467 672 1502 τῆς
687 1467 754 1503 ὅλης
768 1467 814 1495 τοῦ
832 1467 912 1502 βυθοῦ

124 1516 279 1554 γινόμενον,
313 1514 419 1549 ἀνάγκη
449 1514 523 1540 πᾶσα
547 1513 698 1548 πανταχόσε
713 1513 758 1540 τὸν
776 1513 913 1549 ὀφθαλμὸν

123 1560 276 1596 περιάγειν,
289 1559 350 1586 ὅθεν
360 1559 393 1586 ἃν
434 1559 545 1586 δυνατὸν
559 1559 654 1594 ἡδονὴν
668 1559 913 1594 ἑκφυῆναι.1(αθά-

125 1618 178 1644 περ
198 1609 251 1644 γὰρ
266 1610 298 1635 ὲκ
313 1608 376 1642 μιᾶς
394 1607 484 1642 πηγῆς
500 1607 620 1642 πολλαχῆ
635 1607 680 1635 διὰ
699 1607 824 1642 σωλήνων
840 1607 914 1642 ὀχετ-

128 1656 236 1690 ηγεϊται
255 1654 286 1680 τὸ
302 1653 384 1689 ὕδωρ,
415 1653 462 1679 καὶ
481 1653 558 1679 οὐδὲν
576 1649 656 1688 ἦττον
683 1653 700 1688 ἦ
715 1653 745 1679 τὸ
762 1653 833 1688 ὕδωρ
845 1653 913 1684 ἐστὶ,

124 1700 155 1726 τὸ
170 1701 201 1726 ὲκ
214 1700 261 1735 τῆς
276 1699 365 1734 πηγῆς
381 1698 568 1734 μεριζόμενον,
590 1698 641 1725 κᾶν
667 1699 695 1724 ὲν
713 1698 820 1734 μυρίοις
833 1707 914 1734 κρου-

124 1747 180 1777 νοῖς
199 1745 274 1780 τύχοι
304 1745 381 1780 ρέον’
401 1743 472 1770 οὕτω
495 1744 543 1778 μία
560 1744 592 1778 τῇ
613 1743 692 1777 φύσει
711 1742 778 1770 οὖσα
793 1745 809 1778 ἡ
823 1744 915 1780 ἡδονὴ,

124 1791 212 1821 ἄλλως
228 1790 274 1816 καὶ
288 1789 375 1820 ἄλλως
392 1789 420 1814 ἐν
437 1789 496 1820 ταῖς
512 1788 566 1814 τῶν
584 1788 807 1823 ἐπιτηδευμάτων
820 1790 915 1823 διαιρο-

126 1838 186 1871 ραίς
200 1834 352 1862 ὑπονοοῦσα
367 1834 422 1869 ῥέει
439 1832 588 1868 πανταχοῦ,
605 1835 664 1865 ταῖς
676 1834 722 1860 τοῦ
741 1834 797 1869 βίου
811 1835 916 1870 χρείαις

125 1883 226 1915 ἑαυτὴν
247 1880 453 1912 συνεισάγουσα.
469 1876 531 1904 Οἴον
543 1879 557 1904 ὁ
572 1878 628 1913 βίος
641 1879 792 1913 ἀναγκαίαν
805 1880 915 1915 ἐποίησε

123 1927 158 1962 τῇ
175 1926 254 1960 φύσει
281 1925 330 1960 τὴν
346 1925 451 1959 οἴκησιν
462 1933 469 1941 ι
485 1923 679 1959 ἀσθενέστερον
693 1924 746 1960 γὰρ
763 1925 869 1960 πέφυκε
885 1925 916 1952 τὸ

125 1970 306 2005 ἀπιθῷηινον,
317 1969 411 2005 ἦῶστε
424 1968 474 2000 τὰς
487 1969 517 1995 ἐκ
531 1968 578 1995 τοῦ
588 1968 706 2001 θάλπους
716 1977 744 1996 τε
758 1970 804 1996 καὶ,
817 1969 915 2006 κρύους

125 2016 283 2051 ἀνωμαλίας
303 2015 405 2050 φέρειν.
421 2014 508 2049 Μέχρι
525 2014 620 2041 τούτου
644 2015 658 2041 ό
684 2013 757 2046 οἶκος
775 2015 832 2049 ἔχει
847 2015 915 2050 πρὸς

124 2066 175 2100 τὴν
192 2064 264 2099 ζωὴν
274 2063 304 2090 τὸ
318 2062 464 2097 ὠφέλιμον,
482 2061 550 2089 ἀλλὰ
566 2061 596 2089 τὸ
605 2061 748 2098 παρελθεῖν
759 2063 821 2094 τοὺς
836 2062 914 2098 ὅρους

124 2111 176 2146 τῆς
189 2109 283 2145 χρείας
298 2109 315 2144 ἡ
328 2107 408 2143 ἡδονὴ
423 2107 468 2133 τὸν
484 2106 627 2142 ἄνθρωπον
642 2107 780 2134 ἐϐιάσατο.
798 2108 843 2140 Ὡς
860 2107 915 2143 γὰρ

123 2157 186 2192 οὒχὶ
199 2155 305 2190 σώματι
327 2155 356 2181 τὸ
368 2153 496 2190 χρειῶδες
511 2153 640 2188 πορίζων,
660 2153 727 2181 ἀλλὰ
742 2155 798 2186 τοϊς
816 2153 914 2188 ὀφθαλ-

968 243 1111 270 venantur,
1139 239 1259 273 seipsum
1288 238 1421 266 immersit
1447 239 1472 265 in
1493 239 1696 267 deiiciasznon
1722 245 1752 267 ut

968 284 1074 311 marina
1099 283 1256 318 impleretur
1280 283 1419 319 salsugine
1444 293 1451 311 :
1473 284 1637 319 salsuginem
1661 289 1751 312 autem

968 330 1028 357 dico
1045 330 1226 364 voluptatem:
1239 329 1285 358 sed
1302 334 1331 356 ut
1348 334 1480 364 quaereret
1496 331 1560 365 quid
1581 331 1607 358 in
1624 331 1674 358 hoc
1690 339 1752 366 pro-

968 373 1053 402 l'uudo
1065 375 1156 402 animo
1173 375 1210 402 sit
1226 375 1301 402 utile.
1315 374 1387 402 Utile
1405 380 1493 402 autem
1509 380 1551 403 est
1571 377 1643 411 quod
1659 384 1707 411 per
1720 384 1752 403 ea

968 418 1126 451 invenitur,
1157 424 1186 447 ut
1212 427 1273 447 mea
1293 420 1402 455 quidem
1430 424 1472 447 est
1496 420 1654 455 conjectura
1671 439 1679 452 ,
1706 426 1754 448 aut

967 466 1112 493 retundere
1128 465 1250 501 corporis
1266 466 1457 500 appetitiones,
1480 470 1623 501 propterea
1639 467 1710 501 quod
1726 468 1751 495 ei

966 512 1096 546 obiicitur
1123 511 1148 539 id
1170 513 1243 547 quod
1270 512 1408 540 desiderat
1430 521 1437 540 :
1460 512 1493 540 ad
1520 513 1546 539 id
1577 513 1649 540 enim
1679 513 1752 548 quod

966 561 1074 585 velatur
1088 566 1195 592 semper
1208 558 1424 586 vehementiores
1441 563 1530 586 motus
1544 559 1625 587 habet
1642 563 1754 588 natura:

965 607 1011 637 aut
1028 607 1058 630 ut
1077 604 1111 631 sit
1127 604 1178 631 tide
1195 605 1293 639 dignus
1309 604 1336 631 in
1352 604 1395 631 his
1417 608 1541 632 versatur
1556 606 1696 640 magister,
1717 612 1752 632 ne

965 650 1082 684 amplius
1101 649 1135 676 ab
1149 649 1305 678 hominibus
1324 654 1469 678 censeatur
1490 651 1639 684 expetenda
1662 658 1705 678 res
1719 658 1751 678 ca

965 704 1026 731 quae
1050 697 1084 724 ab
1114 704 1147 724 eo
1169 696 1219 724 fuit
1238 701 1402 731 contempta,
1426 697 1471 732 qui
1498 698 1664 732 experientia
1685 698 1753 725 dicit

965 749 1046 777 quam
1061 742 1097 770 sit
1112 749 1191 770 vana.
1215 742 1280 769 Nam
1297 743 1416 771 medicos
1428 751 1536 778 quoque
1552 744 1643 770 ferunt
1663 744 1707 770 illa
1724 744 1751 771 in

965 796 995 815 re
1007 796 1035 816 se
1051 788 1152 823 optime
1171 796 1203 815 ex
1220 792 1278 815 arte
1294 796 1399 824 gerere,
1419 789 1498 824 cujus
1515 789 1603 816 morbi
1621 797 1706 824 genus
1724 789 1751 818 in

966 834 1025 861 suis
1040 838 1226 869 cognoverunt
1253 834 1414 870 corporibus
1431 834 1484 862 :de
1508 834 1596 869 iisque
1617 834 1703 862 tutius
1726 840 1753 861 et

966 879 1032 906 dant
1058 879 1201 907 consilium
1227 884 1254 906 et
1279 879 1312 907 iis
1342 879 1493 911 medentur,
1511 887 1627 915 quorum
1652 879 1753 906 habent

967 926 1092 952 notitiam
1111 929 1270 960 :propterea
1294 925 1364 959 quod
1386 925 1436 960 ipsi
1454 927 1530 960 prius
1550 926 1626 953 fuere
1649 926 1750 957 curati,

966 971 1187 1006 quandoquidem
1202 978 1233 997 ex
1249 978 1282 997 eo
1293 971 1363 1006 quod
1380 971 1430 1005 ipsi
1447 972 1520 1006 passi
1539 976 1602 999 sunt
1617 971 1692 1007 prius
1710 971 1753 999 di-

966 1016 1100 1044 dieerunt.

1001 1060 1148 1088 Videamus
1163 1067 1228 1095 ergo
1243 1060 1370 1095 quidnam
1391 1061 1417 1087 in
1430 1068 1479 1088 sua
1495 1061 1549 1087 vita
1566 1068 1676 1096 passum
1692 1069 1752 1089 esse

967 1105 1033 1132 dicit
1052 1106 1076 1133 is
1093 1105 1138 1140 qui
1156 1109 1257 1133 nostra:
1277 1106 1338 1132 rita:
1359 1105 1494 1132 medetur.
1513 1115 1522 1131 ‹
1539 1105 1720 1141 Magniﬁcavi,
1741 1116 1750 1132 ι

967 1151 1068 1186 inquit,
1089 1161 1100 1177 α
1124 1158 1193 1186 opus
1219 1158 1320 1181 meum.
1346 1150 1477 1178 :cditicavi
1503 1150 1608 1178 domos.
1627 1161 1635 1176 ι
1658 1150 1753 1179 Oratio

966 1196 1059 1224 statim
1077 1196 1174 1231 incipit
1192 1203 1206 1222 a
1223 1196 1444 1230 reprehensione.
1462 1194 1521 1222 Non
1537 1196 1608 1222 enim
1622 1195 1688 1223 dicit
1704 1195 1751 1224 Dei

966 1249 1045 1277 opus,
1062 1242 1133 1277 quod
1149 1250 1208 1270 sum
1224 1249 1283 1277 ego,
1302 1242 1348 1269 sed
1363 1249 1451 1269 meum
1469 1242 1650 1276 magniﬁcavi.
1664 1242 1750 1269 Ma-tlll'l

966 1296 1036 1324 opus
1053 1288 1121 1316 nihil
1138 1292 1181 1315 est
1195 1287 1280 1320 aliud,
1303 1295 1384 1322 quam
1409 1287 1481 1322 quod
1500 1286 1577 1314 aﬂert
1593 1287 1686 1314 sensui
1709 1295 1753 1314 νοτ

967 1334 1110 1370 luptatem.
1138 1333 1187 1361 Est
1213 1337 1303 1360 autem
1329 1332 1382 1359 hoc
1400 1339 1469 1367 opus
1495 1332 1614 1367 generali
1641 1332 1750 1367 quidem

967 1381 1073 1409 ratione
1088 1387 1172 1407 umtm
1188 1389 1195 1407 :
1211 1379 1302 1407 subtili
1321 1383 1410 1406 autem
1432 1378 1458 1405 in
1482 1378 1587 1404 minuta
1604 1377 1750 1410 divisione,

967 1427 994 1454 in
1013 1426 1096 1453 multa
1108 1426 1141 1453 ad
1159 1424 1290 1453 utendum
1303 1423 1408 1452 deliciis
1421 1431 1532 1451 necesse
1545 1427 1588 1450 est
1604 1428 1633 1450 ut
1645 1423 1753 1458 disper-

968 1473 1060 1500 tiatur.
1075 1472 1144 1500 Nam
1154 1470 1201 1506 qui
1217 1470 1298 1498 semel
1313 1469 1433 1496 materiae
1445 1468 1609 1504 profundum
1626 1468 1751 1500 subierit,

967 1517 1080 1544 omnino
1107 1523 1219 1543 necesse
1242 1518 1284 1542 est
1308 1519 1336 1541 ut
1361 1514 1386 1540 in
1409 1521 1504 1540 omnes
1529 1517 1620 1548 partes
1642 1513 1751 1540 olulum

965 1563 1142 1597 circumagat,
1167 1561 1238 1588 unde
1266 1559 1323 1587 ﬁeri
1347 1559 1432 1594 possit
1452 1563 1481 1585 ut
1504 1563 1650 1586 enascatur
1674 1559 1752 1585 γοιει-

965 1613 1037 1644 ptas.
1056 1607 1197 1641 Quomodo
1217 1606 1289 1634 enim
1306 1614 1337 1633 ex
1355 1613 1409 1633 uno
1432 1605 1506 1635 fonte
1522 1605 1549 1631 in
1574 1605 1673 1633 multas
1689 1612 1752 1639 par-

966 1658 1007 1681 tes
1033 1662 1081 1689 per
1104 1653 1213 1679 canales
1236 1659 1305 1687 aqua
1329 1651 1484 1683 deducitur,
1509 1654 1537 1676 et
1566 1651 1650 1677 nihilo
1671 1658 1752 1677 secus

967 1707 1021 1726 non
1043 1702 1085 1725 est
1104 1697 1176 1724 aliud
1193 1705 1272 1731 quam
1295 1703 1376 1730 aqua,
1393 1695 1419 1722 id
1444 1696 1516 1730 quod
1541 1703 1573 1722 ex
1595 1695 1655 1730 ipso
1679 1695 1752 1722 fonte

967 1745 1140 1779 dispertitur,
1168 1743 1275 1770 etiamsi
1304 1742 1369 1769 [luat
1391 1742 1416 1768 in
1447 1741 1571 1777 plurimis
1594 1741 1667 1768 tubis
1688 1750 1694 1767 :
1715 1741 1751 1767 ita

966 1791 1090 1825 voluptas
1114 1797 1176 1816 cum
1203 1789 1239 1816 sit
1267 1796 1331 1819 una,
1361 1787 1441 1814 aliter
1466 1792 1492 1814 et
1513 1787 1591 1814 aliter
1615 1786 1643 1813 in
1667 1787 1752 1813 variis

967 1837 1104 1864 transiens
1124 1835 1233 1865 studiis,
1260 1833 1319 1860 ﬂuit
1345 1833 1371 1860 in
1390 1841 1485 1860 omnes
1506 1837 1608 1867 partes,
1634 1839 1696 1859 cum
1718 1833 1751 1861 iis

966 1890 1026 1917 quae
1044 1885 1108 1908 sunt
1123 1880 1156 1907 ad
1178 1887 1257 1907 usmn
1272 1880 1332 1906 vita:
1350 1878 1504 1906 necessaria
1520 1887 1549 1906 se
1569 1879 1750 1913 coniungens.

968 1927 1012 1958 Ut,
1028 1925 1144 1961 exempli
1168 1932 1262 1956 causa,
1283 1924 1338 1951 vita
1363 1922 1428 1949 facit
1451 1927 1479 1949 ut
1497 1927 1601 1950 natura:
1619 1923 1751 1949 habitatio

966 1971 1002 1999 sit
1025 1970 1200 1998 necessaria:
1218 1974 1260 1996 est
1276 1969 1348 1996 enim
1370 1968 1452 1995 homo
1477 1968 1648 1999 imbecillior,
1671 1976 1751 2003 quam

966 2020 995 2043 ut
1007 2016 1108 2042 caloris
1124 2019 1151 2042 et.
1166 2014 1275 2050 frigoris
1289 2014 1357 2042 ferat
1372 2014 1580 2049 inzequalitates.
1596 2013 1654 2041 Huc
1667 2022 1753 2049 usque

965 2061 999 2087 ad
1021 2060 1169 2096 degendam
1184 2060 1266 2087 vitam
1286 2065 1328 2087 est
1344 2059 1442 2088 domus
1457 2060 1542 2092 utilis,
1563 2060 1610 2087 sed
1627 2060 1753 2095 voluptas

965 2107 1038 2143 cogit
1056 2107 1192 2134 hominem
1209 2106 1348 2142 prmterire
1365 2106 1433 2134 ﬁnes
1451 2113 1529 2133 usus.
1550 2105 1664 2132 Perinde
1679 2106 1752 2133 enim

970 2160 1002 2181 ac
1027 2153 1049 2179 si
1078 2159 1132 2178 non
1155 2154 1288 2186 quareret
1309 2150 1382 2185 quod
1406 2154 1447 2177 est
1478 2149 1541 2177 usui
1563 2150 1683 2184 corpori.
1704 2149 1752 2176 sed

126 2205 187 2240 μοῖς
202 2200 367 2237 ἐπιτηδεύων
383 2200 492 2235 τέρψεις
507 2199 553 2226 καὶ
569 2200 774 2235 ὲντρυφήματα,
789 2199 914 2227 λυπεῖται

972 2198 1058 2225 oculis
1080 2200 1239 2231 procuraret
1255 2196 1464 2224 oblectationem
1480 2199 1508 2223 et
1522 2195 1644 2226 delicias,
1657 2195 1753 2222 dolore

125 2248 229 2284 σχεδὸν,
250 2247 290 2273 ὅτι
320 2246 356 2282 μὴ
370 2245 415 2272 τὸν
429 2245 542 2280 οὐρανὸν
555 2244 635 2271 αὐτὸν
662 2245 788 2280 ἐποίησεν
805 2245 913 2281 ὑπωρό-

124 2303 196 2329 φιον,
213 2293 278 2328 μηδὲ
292 2292 341 2324 τὰς
359 2291 405 2319 τοῦ
422 2291 498 2327 ἡλίου
512 2292 624 2323 ἀκτῖνας
637 2290 693 2326 ἔχει
707 2290 745 2326 τῷ
760 2291 849 2326 ὀρόφῳ
866 2291 913 2318 καὶ

124 2340 211 2371 αὐτὲις
224 2338 445 2372 ἐντεκτήνασθαι,
463 2337 508 2364 Διὸ
521 2336 650 2363 πλατύνει
667 2336 715 2371 μὲν
726 2337 912 2372 ἁπανταχόθεν

123 2386 173 2416 τὰς
187 2385 240 2411 τῶν
256 2383 525 2418 κατασκευασμάτων
536 2382 720 2417 περιγραφὰς,
733 2382 782 2417 τὴν
792 2382 842 2416 τῆς
853 2391 912 2409 συν-

122 2428 228 2458 οικείας
244 2427 389 2463 περιϐολὴν
410 2427 448 2458 ὡς
473 2423 635 2461 οἰκουμένην
649 2425 710 2452 τινὰ
725 2426 808 2461 ἄλλην
824 2426 913 2461 ἑαυτῷ

123 2473 232 2506 κτίζων.
250 2473 396 2499 ’Λνατείνει
411 2472 439 2498 δὲ
457 2473 496 2504 εἰς
511 2472 551 2498 ὃτι
564 2472 693 2507 μήκιστον
705 2471 771 2507 ὕψος
785 2472 848 2504 τοὺς
857 2473 912 2499 τοί-

122 2529 197 2556 χους·
202 2519 333 2546 ποικίλλει
340 2519 368 2545 δὲ
374 2519 433 2550 ταῖς
441 2518 513 2545 ἔνδον
521 2518 574 2544 τῶν
581 2519 641 2554 οῐκη
646 2518 738 2553 μάτων
747 2518 911 2550 διασκευαῖς.

128 2567 179 2593 Ἐκ
198 2564 333 2592 Λακώνων
361 2564 454 2590 δὲκαὶ
480 2564 619 2599 Θεσσαλῆς
642 2564 689 2591 καὶ
715 2564 747 2590 ἐκ
768 2563 912 2599 Καρύστου

121 2611 197 2642 λίθος
211 2610 412 2637 ἀναπτύσσεται
422 2631 429 2642 ,
446 2610 493 2636 καὶ
503 2609 547 2635 διὰ
560 2609 669 2644 σιδήρου
683 2610 722 2641 είς
736 2610 826 2637 πλάκα
840 2611 874 2638 τά
883 2619 911 2638 τε

120 2657 231 2692 Νειλῷα
248 2655 366 2692 μέταλλα
386 2655 433 2682 καὶ
452 2655 486 2681 τὰ
503 2655 553 2689 τῆς
570 2655 716 2690 Νουμιδίας
727 2656 911 2691 ἀναζητεῖται,

121 2703 170 2730 καί
195 2710 246 2728 που
273 2701 320 2727 καὶ
341 2701 357 2736 ἡ
382 2700 486 2735 Φρυγία
512 2700 596 2736 πέτρα
624 2701 682 2732 ταῖς
703 2701 829 2732 σπουδαῖς
848 2701 912 2727 ταύ-

120 2755 182 2779 ταις
204 2744 433 2781 συμπαρελήφθη.
488 2745 520 2779 τῇ
539 2744 679 2778 λευκότητι
696 2744 743 2771 τοῦ
767 2745 912 2780 μαρμάρου

120 2795 172 2830 τὴν
183 2792 327 2828 πορφυρᾶν
340 2790 427 2826 βαφὴν
444 2790 512 2825 πρὸς
522 2790 552 2816 τὸ
564 2790 670 2825 συμϐὰν
680 2791 910 2826 κατασπείρουςα,

121 2840 211 2876 τρυφὴ
225 2840 328 2873 γίνεται
342 2840 398 2869 τοῖς
412 2837 577 2873 λιχνοτέροις
586 2837 702 2871 ὄμμασι.
715 2837 842 2872 πολυειδῆ
851 2846 910 2863 τινα

968 2244 1164 2281 propemodum
1187 2243 1313 2274 aﬂicitur,
1341 2242 1414 2277 quod
1434 2242 1533 2269 cmlum
1554 2241 1582 2268 in
1604 2249 1655 2269 suo
1681 2245 1754 2268 tecto

967 2299 1022 2318 non
1044 2290 1157 2322 fecerit,
1182 2296 1232 2317 nec
1256 2289 1330 2323 ipsos
1355 2288 1421 2316 solis
1444 2287 1535 2314 radios
1557 2287 1584 2314 in
1610 2294 1643 2314 co
1668 2288 1755 2322 possit

967 2337 1107 2364 fabricari.
1122 2335 1304 2369 Quamobrem
1318 2334 1438 2369 undique
1452 2333 1562 2368 quidem
1578 2334 1672 2361 dilatat
1687 2334 1754 2361 aedi-

967 2384 1090 2412 ﬁciorum
1109 2381 1345 2416 circumscriptam
1368 2380 1583 2415 amplitudinem,
1607 2384 1633 2407 et
1654 2380 1753 2407 azdium

967 2429 1110 2460 ambitum,
1135 2431 1264 2462 tauquam
1294 2427 1411 2461 aliquem
1440 2426 1522 2453 alium
1552 2426 1645 2455 orbem
1673 2430 1753 2453 terra:

968 2474 1020 2503 sibi
1036 2477 1211 2501 construens.
1232 2472 1358 2499 Extendit
1375 2476 1464 2499 autem
1482 2472 1600 2506 parietes
1617 2472 1644 2499 in
1666 2471 1754 2498 maxi-

967 2529 1037 2547 mam
1061 2519 1270 2554 longitudinem.
1286 2517 1379 2545 Variat
1395 2523 1484 2546 autent
1507 2517 1675 2545 internarum
1698 2516 1754 2543 ha-

967 2565 1130 2592 bitationum
1152 2562 1396 2593 exstructionibus,
1421 2562 1590 2589 inter-norum
1611 2561 1754 2588 habitacu-

968 2608 1055 2634 lorum
1075 2607 1217 2642 apparatui
1241 2611 1363 2633 tnutuam
1378 2614 1410 2633 ex
1431 2613 1461 2633 se
1473 2609 1500 2633 et.
1525 2613 1573 2641 per
1587 2613 1616 2633 se
1634 2605 1704 2633 inter
1723 2612 1753 2632 sc

968 2653 1092 2688 prmbens
1103 2653 1270 2680 varietatem.
1284 2651 1385 2678 Deinde
1397 2651 1617 2678 Lacedazmonius
1628 2654 1656 2679 et
1669 2649 1753 2678 Thcs-

968 2700 1042 2726 salus
1069 2702 1096 2726 et
1123 2698 1255 2733 Carystus
1282 2698 1351 2734 lapis
1376 2698 1539 2733 explicatur,
1569 2700 1597 2723 et
1619 2696 1690 2723 ferro
1717 2695 1751 2722 ad

968 2743 1180 2771 incrustationes
1200 2743 1301 2770 Niliaca
1326 2747 1353 2770 et
1373 2742 1516 2769 Numidica
1541 2741 1648 2768 metalla
1674 2749 1752 2776 qua:-

967 2794 1065 2817 runtur
1081 2799 1086 2816 :
1101 2789 1251 2824 quinetiam
1266 2789 1360 2817 iisdem
1374 2789 1417 2815 his
1429 2788 1527 2815 studiis
1547 2786 1662 2822 Phrygia
1678 2789 1752 2820 petra

967 2836 1047 2862 simul
1077 2835 1237 2867 assumitur,
1261 2843 1322 2868 quae
1348 2834 1490 2861 marmoris
1513 2832 1623 2860 candori
1651 2839 1753 2867 purpu-

1771 2863 1828 2910 Γ
