  <div class='ocr_page' id='page_1' title='image "/cluster/home/n/w/nwhite01/storage/ocr_20150623/44/njp.32101009003169/333.png"; bbox 0 0 1989 3070; ppageno 0'>
   <div class='ocr_carea' id='block_1_1' title="bbox 245 128 298 156">
    <p class='ocr_par' dir='ltr' id='par_1_1' title="bbox 245 128 298 156">
     <span class='ocr_line' id='line_1_1' title="bbox 245 128 298 156; baseline -0.019 0"><span class='ocrx_word' id='word_1_1' title='bbox 245 128 298 156; x_wconf 74' lang='lat'><strong>655</strong></span> 
     </span>
    </p>
   </div>
   <div class='ocr_carea' id='block_1_2' title="bbox 842 125 1218 155">
    <p class='ocr_par' dir='ltr' id='par_1_2' title="bbox 842 125 1218 155">
     <span class='ocr_line' id='line_1_2' title="bbox 842 125 1218 155; baseline 0.003 -2"><span class='ocrx_word' id='word_1_2' title='bbox 842 126 870 154; x_wconf 75' lang='grc' dir='ltr'>Β.</span> <span class='ocrx_word' id='word_1_3' title='bbox 891 125 1053 155; x_wconf 76' lang='lat' dir='ltr'><strong>GREGORII</strong></span> <span class='ocrx_word' id='word_1_4' title='bbox 1072 125 1218 154; x_wconf 74' lang='lat' dir='ltr'><strong>NYSSENI</strong></span> 
     </span>
    </p>
   </div>
   <div class='ocr_carea' id='block_1_3' title="bbox 1813 126 1866 153">
    <p class='ocr_par' dir='ltr' id='par_1_3' title="bbox 1813 126 1866 153">
     <span class='ocr_line' id='line_1_3' title="bbox 1813 126 1866 153; baseline 0 -1"><span class='ocrx_word' id='word_1_5' title='bbox 1813 126 1866 153; x_wconf 65' lang='lat'><strong>656</strong></span> 
     </span>
    </p>
   </div>
   <div class='ocr_carea' id='block_1_4' title="bbox 247 181 1032 222">
    <p class='ocr_par' dir='ltr' id='par_1_4' title="bbox 247 181 1031 216">
     <span class='ocr_line' id='line_1_4' title="bbox 247 181 1031 216; baseline -0.003 -5"><span class='ocrx_word' id='word_1_6' title='bbox 247 193 334 216; x_wconf 78' lang='lat' dir='ltr'><strong>reum,</strong></span> <span class='ocrx_word' id='word_1_7' title='bbox 352 182 399 211; x_wconf 88' lang='lat' dir='ltr'><strong>ubi</strong></span> <span class='ocrx_word' id='word_1_8' title='bbox 425 181 534 214; x_wconf 82' lang='lat' dir='ltr'><strong>accidit,</strong></span> <span class='ocrx_word' id='word_1_9' title='bbox 556 183 678 210; x_wconf 82' lang='lat' dir='ltr'><strong>inserens</strong></span> <span class='ocrx_word' id='word_1_10' title='bbox 695 181 824 213; x_wconf 79' lang='lat' dir='ltr'><strong>Colorem,</strong></span> <span class='ocrx_word' id='word_1_11' title='bbox 844 182 937 210; x_wconf 86' lang='lat' dir='ltr'><strong>avidus</strong></span> <span class='ocrx_word' id='word_1_12' title='bbox 957 182 1031 209; x_wconf 83' lang='lat' dir='ltr'><strong>oblc-</strong></span> 
     </span>
    </p>
   </div>
   <div class='ocr_carea' id='block_1_5' title="bbox 1084 181 1865 222">
    <p class='ocr_par' dir='ltr' id='par_1_5' title="bbox 1084 182 1865 220">
     <span class='ocr_line' id='line_1_5' title="bbox 1084 182 1865 220; baseline 0.004 -10"><span class='ocrx_word' id='word_1_13' title='bbox 1084 184 1128 210; x_wconf 73' lang='grc' dir='ltr'>καὶ</span> <span class='ocrx_word' id='word_1_14' title='bbox 1142 182 1393 220; x_wconf 73' lang='grc' dir='ltr'>πολυσχημάτιστον</span> <span class='ocrx_word' id='word_1_15' title='bbox 1407 184 1455 220; x_wconf 81' lang='grc' dir='ltr'>τὴν</span> <span class='ocrx_word' id='word_1_16' title='bbox 1469 184 1591 219; x_wconf 76' lang='grc' dir='ltr'>διάχυσιν</span> <span class='ocrx_word' id='word_1_17' title='bbox 1608 184 1654 212; x_wconf 86' lang='grc' dir='ltr'>τοῦ</span> <span class='ocrx_word' id='word_1_18' title='bbox 1675 184 1818 220; x_wconf 79' lang='grc' dir='ltr'>χρώματος</span> <span class='ocrx_word' id='word_1_19' title='bbox 1835 187 1865 213; x_wconf 83' lang='grc' dir='ltr'>ὲν</span> 
     </span>
    </p>
   </div>
   <div class='ocr_carea' id='block_1_6' title="bbox 246 227 1030 262">
    <p class='ocr_par' dir='ltr' id='par_1_6' title="bbox 246 227 1030 262">
     <span class='ocr_line' id='line_1_6' title="bbox 246 227 1030 262; baseline -0.004 -5"><span class='ocrx_word' id='word_1_20' title='bbox 246 233 303 257; x_wconf 83' lang='lat' dir='ltr'><strong>ctat</strong></span> <span class='ocrx_word' id='word_1_21' title='bbox 317 228 423 259; x_wconf 75' lang='lat' dir='ltr'><strong>oculos,</strong></span> <span class='ocrx_word' id='word_1_22' title='bbox 449 227 544 255; x_wconf 89' lang='lat' dir='ltr'><strong>multis</strong></span> <span class='ocrx_word' id='word_1_23' title='bbox 559 228 654 255; x_wconf 80' lang='lat' dir='ltr'><strong>formis</strong></span> <span class='ocrx_word' id='word_1_24' title='bbox 677 227 826 262; x_wconf 80' lang='lat' dir='ltr'><strong>ﬁgurisque</strong></span> <span class='ocrx_word' id='word_1_25' title='bbox 845 227 984 262; x_wconf 68' lang='lat' dir='ltr'><strong>praeditam</strong></span> <span class='ocrx_word' id='word_1_26' title='bbox 1004 227 1030 254; x_wconf 93' lang='lat' dir='ltr'><strong>in</strong></span> 
     </span>
    </p>
   </div>
   <div class='ocr_carea' id='block_1_7' title="bbox 248 271 1029 309">
    <p class='ocr_par' dir='ltr' id='par_1_7' title="bbox 248 271 1029 309">
     <span class='ocr_line' id='line_1_7' title="bbox 248 271 1029 309; baseline -0.003 -8"><span class='ocrx_word' id='word_1_27' title='bbox 248 276 309 302; x_wconf 84' lang='lat' dir='ltr'><strong>albo</strong></span> <span class='ocrx_word' id='word_1_28' title='bbox 323 271 472 309; x_wconf 82' lang='lat' dir='ltr'><strong>depingens</strong></span> <span class='ocrx_word' id='word_1_29' title='bbox 495 274 596 301; x_wconf 87' lang='lat' dir='ltr'><strong>coloris</strong></span> <span class='ocrx_word' id='word_1_30' title='bbox 610 273 797 301; x_wconf 72' lang='lat' dir='ltr'><strong>suffusionem.</strong></span> <span class='ocrx_word' id='word_1_31' title='bbox 813 274 899 306; x_wconf 80' lang='lat' dir='ltr'><strong>Quam</strong></span> <span class='ocrx_word' id='word_1_32' title='bbox 916 274 1029 300; x_wconf 89' lang='lat' dir='ltr'><strong>multum</strong></span> 
     </span>
    </p>
   </div>
   <div class='ocr_carea' id='block_1_8' title="bbox 249 318 1030 354">
    <p class='ocr_par' dir='ltr' id='par_1_8' title="bbox 249 318 1030 354">
     <span class='ocr_line' id='line_1_8' title="bbox 249 318 1030 354; baseline -0.003 -7"><span class='ocrx_word' id='word_1_33' title='bbox 249 322 276 348; x_wconf 93' lang='lat' dir='ltr'><strong>ln</strong></span> <span class='ocrx_word' id='word_1_34' title='bbox 299 321 356 347; x_wconf 69' lang='lat' dir='ltr'><strong>lure</strong></span> <span class='ocrx_word' id='word_1_35' title='bbox 378 318 518 346; x_wconf 75' lang='lat' dir='ltr'><strong>conferlur</strong></span> <span class='ocrx_word' id='word_1_36' title='bbox 535 319 677 346; x_wconf 77' lang='lat' dir='ltr'><strong>studium&quot;</strong></span> <span class='ocrx_word' id='word_1_37' title='bbox 698 318 769 352; x_wconf 88' lang='lat' dir='ltr'><strong>Quot</strong></span> <span class='ocrx_word' id='word_1_38' title='bbox 792 324 856 346; x_wconf 85' lang='lat' dir='ltr'><strong>sunt</strong></span> <span class='ocrx_word' id='word_1_39' title='bbox 879 319 979 354; x_wconf 68' lang='lat' dir='ltr'><strong>ﬁgurae,</strong></span> <span class='ocrx_word' id='word_1_40' title='bbox 1004 322 1030 345; x_wconf 87' lang='lat' dir='ltr'><strong>et</strong></span> 
     </span>
    </p>
   </div>
   <div class='ocr_carea' id='block_1_9' title="bbox 246 363 1030 400">
    <p class='ocr_par' dir='ltr' id='par_1_9' title="bbox 246 363 1030 400">
     <span class='ocr_line' id='line_1_9' title="bbox 246 363 1030 400; baseline -0.003 -8"><span class='ocrx_word' id='word_1_41' title='bbox 246 373 326 400; x_wconf 87' lang='lat' dir='ltr'><strong>quam</strong></span> <span class='ocrx_word' id='word_1_42' title='bbox 343 365 426 391; x_wconf 87' lang='lat' dir='ltr'><strong>multa</strong></span> <span class='ocrx_word' id='word_1_43' title='bbox 442 365 568 393; x_wconf 77' lang='lat' dir='ltr'><strong>artiﬁcia.</strong></span> <span class='ocrx_word' id='word_1_44' title='bbox 581 371 642 391; x_wconf 91' lang='lat' dir='ltr'><strong>cum</strong></span> <span class='ocrx_word' id='word_1_45' title='bbox 655 364 700 390; x_wconf 83' lang='lat' dir='ltr'><strong>alii</strong></span> <span class='ocrx_word' id='word_1_46' title='bbox 713 363 822 398; x_wconf 78' lang='lat' dir='ltr'><strong>quidem</strong></span> <span class='ocrx_word' id='word_1_47' title='bbox 835 371 904 398; x_wconf 87' lang='lat' dir='ltr'><strong>aqua</strong></span> <span class='ocrx_word' id='word_1_48' title='bbox 917 368 944 391; x_wconf 90' lang='lat' dir='ltr'><strong>et</strong></span> <span class='ocrx_word' id='word_1_49' title='bbox 959 364 1030 390; x_wconf 81' lang='lat' dir='ltr'><strong>ferro</strong></span> 
     </span>
    </p>
   </div>
   <div class='ocr_carea' id='block_1_10' title="bbox 246 408 1031 437">
    <p class='ocr_par' dir='ltr' id='par_1_10' title="bbox 246 408 1031 437">
     <span class='ocr_line' id='line_1_10' title="bbox 246 408 1031 437; baseline 0 -1"><span class='ocrx_word' id='word_1_50' title='bbox 246 410 375 437; x_wconf 82' lang='lat' dir='ltr'><strong>materias</strong></span> <span class='ocrx_word' id='word_1_51' title='bbox 409 414 501 436; x_wconf 82' lang='lat' dir='ltr'><strong>secem</strong></span> <span class='ocrx_word' id='word_1_52' title='bbox 527 418 534 436; x_wconf 86' lang='lat'><strong>:</strong></span> <span class='ocrx_word' id='word_1_53' title='bbox 557 409 601 436; x_wconf 89' lang='lat' dir='ltr'><strong>alii</strong></span> <span class='ocrx_word' id='word_1_54' title='bbox 633 416 698 435; x_wconf 82' lang='lat' dir='ltr'><strong>vero</strong></span> <span class='ocrx_word' id='word_1_55' title='bbox 732 409 872 435; x_wconf 89' lang='lat' dir='ltr'><strong>hominum</strong></span> <span class='ocrx_word' id='word_1_56' title='bbox 905 408 1031 436; x_wconf 82' lang='lat' dir='ltr'><strong>manibus</strong></span> 
     </span>
    </p>
   </div>
   <div class='ocr_carea' id='block_1_11' title="bbox 247 452 1031 490">
    <p class='ocr_par' dir='ltr' id='par_1_11' title="bbox 247 452 1031 490">
     <span class='ocr_line' id='line_1_11' title="bbox 247 452 1031 490; baseline -0.003 -8"><span class='ocrx_word' id='word_1_57' title='bbox 247 461 328 483; x_wconf 88' lang='lat' dir='ltr'><strong>noctu</strong></span> <span class='ocrx_word' id='word_1_58' title='bbox 354 452 454 490; x_wconf 80' lang='lat' dir='ltr'><strong>diuque</strong></span> <span class='ocrx_word' id='word_1_59' title='bbox 479 454 661 482; x_wconf 78' lang='lat' dir='ltr'><strong>laborantium</strong></span> <span class='ocrx_word' id='word_1_60' title='bbox 684 452 802 483; x_wconf 78' lang='lat' dir='ltr'><strong>eﬂiciant</strong></span> <span class='ocrx_word' id='word_1_61' title='bbox 819 454 1031 483; x_wconf 78' lang='lat' dir='ltr'><strong>dissectionem?</strong></span> 
     </span>
    </p>
   </div>
   <div class='ocr_carea' id='block_1_12' title="bbox 245 498 1031 536">
    <p class='ocr_par' dir='ltr' id='par_1_12' title="bbox 245 498 1031 536">
     <span class='ocr_line' id='line_1_12' title="bbox 245 498 1031 536; baseline -0.001 -9"><span class='ocrx_word' id='word_1_62' title='bbox 245 500 300 527; x_wconf 80' lang='lat' dir='ltr'><strong>Nec</strong></span> <span class='ocrx_word' id='word_1_63' title='bbox 323 501 379 528; x_wconf 73' lang='lat' dir='ltr'><strong>liiec</strong></span> <span class='ocrx_word' id='word_1_64' title='bbox 398 501 507 535; x_wconf 88' lang='lat' dir='ltr'><strong>quidem</strong></span> <span class='ocrx_word' id='word_1_65' title='bbox 533 498 670 527; x_wconf 77' lang='lat' dir='ltr'><strong>suﬁiciunt</strong></span> <span class='ocrx_word' id='word_1_66' title='bbox 693 500 726 528; x_wconf 91' lang='lat' dir='ltr'><strong>iis</strong></span> <span class='ocrx_word' id='word_1_67' title='bbox 745 501 792 536; x_wconf 82' lang='lat' dir='ltr'><strong>qui</strong></span> <span class='ocrx_word' id='word_1_68' title='bbox 817 501 844 528; x_wconf 84' lang='lat' dir='ltr'><strong>in</strong></span> <span class='ocrx_word' id='word_1_69' title='bbox 865 506 963 527; x_wconf 79' lang='lat' dir='ltr'><strong>vanum</strong></span> <span class='ocrx_word' id='word_1_70' title='bbox 986 504 1031 526; x_wconf 78' lang='lat' dir='ltr'><strong>0r-</strong></span> 
     </span>
    </p>
   </div>
   <div class='ocr_carea' id='block_1_13' title="bbox 247 545 1031 580">
    <p class='ocr_par' dir='ltr' id='par_1_13' title="bbox 247 545 1031 580">
     <span class='ocr_line' id='line_1_13' title="bbox 247 545 1031 580; baseline 0 -8"><span class='ocrx_word' id='word_1_71' title='bbox 247 550 339 573; x_wconf 86' lang='lat' dir='ltr'><strong>natum</strong></span> <span class='ocrx_word' id='word_1_72' title='bbox 362 546 482 573; x_wconf 83' lang='lat' dir='ltr'><strong>laborem</strong></span> <span class='ocrx_word' id='word_1_73' title='bbox 510 545 682 573; x_wconf 79' lang='lat' dir='ltr'><strong>conferunt:</strong></span> <span class='ocrx_word' id='word_1_74' title='bbox 706 546 752 574; x_wconf 73' lang='lat' dir='ltr'><strong>sed</strong></span> <span class='ocrx_word' id='word_1_75' title='bbox 778 547 805 573; x_wconf 86' lang='lat' dir='ltr'><strong>et</strong></span> <span class='ocrx_word' id='word_1_76' title='bbox 835 546 897 573; x_wconf 78' lang='lat' dir='ltr'><strong>vitri</strong></span> <span class='ocrx_word' id='word_1_77' title='bbox 926 545 1031 580; x_wconf 69' lang='lat' dir='ltr'><strong>purius</strong></span> 
     </span>
    </p>
   </div>
   <div class='ocr_carea' id='block_1_14' title="bbox 244 590 1031 625">
    <p class='ocr_par' dir='ltr' id='par_1_14' title="bbox 244 590 1031 625">
     <span class='ocr_line' id='line_1_14' title="bbox 244 590 1031 625; baseline -0.001 -8"><span class='ocrx_word' id='word_1_78' title='bbox 244 591 356 617; x_wconf 79' lang='lat' dir='ltr'><strong>venenis</strong></span> <span class='ocrx_word' id='word_1_79' title='bbox 371 591 529 624; x_wconf 74' lang='lat' dir='ltr'><strong>inquinatur</strong></span> <span class='ocrx_word' id='word_1_80' title='bbox 543 594 570 618; x_wconf 87' lang='lat' dir='ltr'><strong>et</strong></span> <span class='ocrx_word' id='word_1_81' title='bbox 589 590 662 617; x_wconf 78' lang='lat' dir='ltr'><strong>varie</strong></span> <span class='ocrx_word' id='word_1_82' title='bbox 678 590 802 625; x_wconf 80' lang='lat' dir='ltr'><strong>tingitur,</strong></span> <span class='ocrx_word' id='word_1_83' title='bbox 826 594 855 618; x_wconf 85' lang='lat' dir='ltr'><strong>ut</strong></span> <span class='ocrx_word' id='word_1_84' title='bbox 872 591 904 617; x_wconf 89' lang='lat' dir='ltr'><strong>ad</strong></span> <span class='ocrx_word' id='word_1_85' title='bbox 926 590 1031 625; x_wconf 81' lang='lat' dir='ltr'><strong>excogi-</strong></span> 
     </span>
    </p>
   </div>
   <div class='ocr_carea' id='block_1_15' title="bbox 245 634 1031 670">
    <p class='ocr_par' dir='ltr' id='par_1_15' title="bbox 245 634 1031 670">
     <span class='ocr_line' id='line_1_15' title="bbox 245 634 1031 670; baseline 0.001 -9"><span class='ocrx_word' id='word_1_86' title='bbox 245 639 307 662; x_wconf 78' lang='lat' dir='ltr'><strong>tatae</strong></span> <span class='ocrx_word' id='word_1_87' title='bbox 335 635 501 662; x_wconf 76' lang='lat' dir='ltr'><strong>inventionis</strong></span> <span class='ocrx_word' id='word_1_88' title='bbox 524 635 616 661; x_wconf 68' lang='lat' dir='ltr'><strong>luxum</strong></span> <span class='ocrx_word' id='word_1_89' title='bbox 639 639 666 662; x_wconf 91' lang='lat' dir='ltr'><strong>et</strong></span> <span class='ocrx_word' id='word_1_90' title='bbox 682 634 795 663; x_wconf 74' lang='lat' dir='ltr'><strong>delicias</strong></span> <span class='ocrx_word' id='word_1_91' title='bbox 819 643 852 662; x_wconf 85' lang='lat' dir='ltr'><strong>ex</strong></span> <span class='ocrx_word' id='word_1_92' title='bbox 875 643 907 662; x_wconf 90' lang='lat' dir='ltr'><strong>eo</strong></span> <span class='ocrx_word' id='word_1_93' title='bbox 923 643 1031 670; x_wconf 82' lang='lat' dir='ltr'><strong>quoque</strong></span> 
     </span>
    </p>
   </div>
   <div class='ocr_carea' id='block_1_16' title="bbox 245 680 1031 716">
    <p class='ocr_par' dir='ltr' id='par_1_16' title="bbox 245 680 1031 716">
     <span class='ocr_line' id='line_1_16' title="bbox 245 680 1031 716; baseline 0.001 -9"><span class='ocrx_word' id='word_1_94' title='bbox 245 680 346 716; x_wconf 87' lang='lat' dir='ltr'><strong>aliquid</strong></span> <span class='ocrx_word' id='word_1_95' title='bbox 369 681 544 715; x_wconf 77' lang='lat' dir='ltr'><strong>adjuugatur.</strong></span> <span class='ocrx_word' id='word_1_96' title='bbox 563 680 705 713; x_wconf 86' lang='lat' dir='ltr'><strong>Quomodo</strong></span> <span class='ocrx_word' id='word_1_97' title='bbox 731 685 820 707; x_wconf 90' lang='lat' dir='ltr'><strong>autem</strong></span> <span class='ocrx_word' id='word_1_98' title='bbox 842 681 948 707; x_wconf 82' lang='lat' dir='ltr'><strong>narrari</strong></span> <span class='ocrx_word' id='word_1_99' title='bbox 969 688 1031 715; x_wconf 89' lang='lat' dir='ltr'><strong>pos-</strong></span> 
     </span>
    </p>
   </div>
   <div class='ocr_carea' id='block_1_17' title="bbox 201 726 1031 761">
    <p class='ocr_par' dir='ltr' id='par_1_17' title="bbox 201 726 1031 761">
     <span class='ocr_line' id='line_1_17' title="bbox 201 726 1031 761; baseline -0.002 -7"><span class='ocrx_word' id='word_1_100' title='bbox 201 740 208 750; x_wconf 70' lang='grc' dir='ltr'><strong><em>ρ</em></strong></span> <span class='ocrx_word' id='word_1_101' title='bbox 244 730 304 754; x_wconf 83' lang='lat' dir='ltr'><strong>sent</strong></span> <span class='ocrx_word' id='word_1_102' title='bbox 320 730 454 753; x_wconf 83' lang='lat' dir='ltr'><strong>tectorum</strong></span> <span class='ocrx_word' id='word_1_103' title='bbox 470 733 552 761; x_wconf 80' lang='lat' dir='ltr'><strong>opera</strong></span> <span class='ocrx_word' id='word_1_104' title='bbox 569 733 782 761; x_wconf 83' lang='lat' dir='ltr'><strong>supervacanea,</strong></span> <span class='ocrx_word' id='word_1_105' title='bbox 801 726 827 753; x_wconf 95' lang='lat' dir='ltr'><strong>in</strong></span> <span class='ocrx_word' id='word_1_106' title='bbox 842 726 941 761; x_wconf 88' lang='lat' dir='ltr'><strong>quibus</strong></span> <span class='ocrx_word' id='word_1_107' title='bbox 959 726 1031 760; x_wconf 77' lang='lat' dir='ltr'><strong>ligna</strong></span> 
     </span>
    </p>
   </div>
   <div class='ocr_carea' id='block_1_18' title="bbox 244 770 1031 807">
    <p class='ocr_par' dir='ltr' id='par_1_18' title="bbox 244 770 1031 807">
     <span class='ocr_line' id='line_1_18' title="bbox 244 770 1031 807; baseline -0.001 -8"><span class='ocrx_word' id='word_1_108' title='bbox 244 780 305 807; x_wconf 61' lang='lat' dir='ltr'><strong>quae</strong></span> <span class='ocrx_word' id='word_1_109' title='bbox 331 771 399 798; x_wconf 82' lang='lat' dir='ltr'><strong>ﬁunt</strong></span> <span class='ocrx_word' id='word_1_110' title='bbox 426 779 459 798; x_wconf 70' lang='lat' dir='ltr'><strong>ex</strong></span> <span class='ocrx_word' id='word_1_111' title='bbox 481 771 581 802; x_wconf 86' lang='lat' dir='ltr'><strong>cedris,</strong></span> <span class='ocrx_word' id='word_1_112' title='bbox 612 771 679 797; x_wconf 64' lang='lat' dir='ltr'><strong>ai&#39;lis</strong></span> <span class='ocrx_word' id='word_1_113' title='bbox 699 770 851 797; x_wconf 82' lang='lat' dir='ltr'><strong>subtilitate</strong></span> <span class='ocrx_word' id='word_1_114' title='bbox 875 770 910 797; x_wconf 85' lang='lat' dir='ltr'><strong>ita</strong></span> <span class='ocrx_word' id='word_1_115' title='bbox 934 778 1031 798; x_wconf 85' lang='lat' dir='ltr'><strong>rursus</strong></span> 
     </span>
    </p>
   </div>
   <div class='ocr_carea' id='block_1_19' title="bbox 244 815 1030 851">
    <p class='ocr_par' dir='ltr' id='par_1_19' title="bbox 244 815 1030 851">
     <span class='ocr_line' id='line_1_19' title="bbox 244 815 1030 851; baseline -0.005 -6"><span class='ocrx_word' id='word_1_116' title='bbox 244 821 453 849; x_wconf 76' lang='lat' dir='ltr'><strong>convertuntur,</strong></span> <span class='ocrx_word' id='word_1_117' title='bbox 481 820 511 844; x_wconf 88' lang='lat' dir='ltr'><strong>ut</strong></span> <span class='ocrx_word' id='word_1_118' title='bbox 536 819 667 851; x_wconf 89' lang='lat' dir='ltr'><strong>putentur</strong></span> <span class='ocrx_word' id='word_1_119' title='bbox 690 816 803 842; x_wconf 80' lang='lat' dir='ltr'><strong>arbores</strong></span> <span class='ocrx_word' id='word_1_120' title='bbox 829 823 863 842; x_wconf 81' lang='lat' dir='ltr'><strong>ex</strong></span> <span class='ocrx_word' id='word_1_121' title='bbox 894 815 1030 842; x_wconf 70' lang='lat' dir='ltr'><strong>emlaturis</strong></span> 
     </span>
    </p>
   </div>
   <div class='ocr_carea' id='block_1_20' title="bbox 1081 228 1864 265">
    <p class='ocr_par' dir='ltr' id='par_1_20' title="bbox 1081 228 1864 265">
     <span class='ocr_line' id='line_1_20' title="bbox 1081 228 1864 265; baseline 0.004 -11"><span class='ocrx_word' id='word_1_122' title='bbox 1081 228 1120 264; x_wconf 81' lang='grc' dir='ltr'>τῷ</span> <span class='ocrx_word' id='word_1_123' title='bbox 1130 229 1218 264; x_wconf 83' lang='grc' dir='ltr'>λευκῷ</span> <span class='ocrx_word' id='word_1_124' title='bbox 1233 229 1448 265; x_wconf 79' lang='grc' dir='ltr'>ζωγραφήσασα.</span> <span class='ocrx_word' id='word_1_125' title='bbox 1466 230 1576 257; x_wconf 75' lang='grc' dir='ltr'>Ὀπόσαι</span> <span class='ocrx_word' id='word_1_126' title='bbox 1590 231 1653 265; x_wconf 79' lang='grc' dir='ltr'>περὶ</span> <span class='ocrx_word' id='word_1_127' title='bbox 1666 230 1768 257; x_wconf 80' lang='grc' dir='ltr'>τούτων</span> <span class='ocrx_word' id='word_1_128' title='bbox 1782 240 1864 257; x_wconf 87' lang='grc' dir='ltr'>σπου-</span> 
     </span>
    </p>
   </div>
   <div class='ocr_carea' id='block_1_21' title="bbox 1081 274 1864 311">
    <p class='ocr_par' dir='ltr' id='par_1_21' title="bbox 1081 274 1864 311">
     <span class='ocr_line' id='line_1_21' title="bbox 1081 274 1864 311; baseline 0.001 -10"><span class='ocrx_word' id='word_1_129' title='bbox 1081 274 1139 307; x_wconf 72' lang='grc' dir='ltr'>δαῖς</span> <span class='ocrx_word' id='word_1_130' title='bbox 1155 275 1224 301; x_wconf 74' lang='grc' dir='ltr'>πόσα</span> <span class='ocrx_word' id='word_1_131' title='bbox 1244 275 1278 302; x_wconf 76' lang='grc' dir='ltr'><strong>τὰ</strong></span> <span class='ocrx_word' id='word_1_132' title='bbox 1294 277 1434 310; x_wconf 85' lang='grc' dir='ltr'>σχήματα;</span> <span class='ocrx_word' id='word_1_133' title='bbox 1452 276 1523 303; x_wconf 85' lang='grc' dir='ltr'>πόσα</span> <span class='ocrx_word' id='word_1_134' title='bbox 1539 275 1572 302; x_wconf 80' lang='grc' dir='ltr'>τὰ</span> <span class='ocrx_word' id='word_1_135' title='bbox 1589 277 1791 311; x_wconf 72' lang='grc' dir='ltr'>μηχανήματας</span> <span class='ocrx_word' id='word_1_136' title='bbox 1808 277 1864 303; x_wconf 80' lang='grc' dir='ltr'>τῶν</span> 
     </span>
    </p>
   </div>
   <div class='ocr_carea' id='block_1_22' title="bbox 1082 320 1863 356">
    <p class='ocr_par' dir='ltr' id='par_1_22' title="bbox 1082 320 1863 356">
     <span class='ocr_line' id='line_1_22' title="bbox 1082 320 1863 356; baseline 0.003 -10"><span class='ocrx_word' id='word_1_137' title='bbox 1082 320 1132 355; x_wconf 82' lang='grc' dir='ltr'>μὲν</span> <span class='ocrx_word' id='word_1_138' title='bbox 1148 320 1223 347; x_wconf 85' lang='grc' dir='ltr'>ὕδατι</span> <span class='ocrx_word' id='word_1_139' title='bbox 1241 321 1288 347; x_wconf 81' lang='grc' dir='ltr'>καὶ</span> <span class='ocrx_word' id='word_1_140' title='bbox 1306 320 1407 356; x_wconf 84' lang='grc' dir='ltr'>σιδήρῳ</span> <span class='ocrx_word' id='word_1_141' title='bbox 1424 320 1603 356; x_wconf 83' lang='grc' dir='ltr'>διαπριόντων</span> <span class='ocrx_word' id='word_1_142' title='bbox 1619 321 1668 352; x_wconf 74' lang='grc' dir='ltr'><strong>τὰς</strong></span> <span class='ocrx_word' id='word_1_143' title='bbox 1682 320 1757 353; x_wconf 80' lang='grc' dir='ltr'>ὕλας,</span> <span class='ocrx_word' id='word_1_144' title='bbox 1776 322 1863 349; x_wconf 81' lang='grc' dir='ltr'>ἄλλων</span> 
     </span>
    </p>
   </div>
   <div class='ocr_carea' id='block_1_23' title="bbox 1080 365 1862 403">
    <p class='ocr_par' dir='ltr' id='par_1_23' title="bbox 1080 365 1862 403">
     <span class='ocr_line' id='line_1_23' title="bbox 1080 365 1862 403; baseline 0.003 -11"><span class='ocrx_word' id='word_1_145' title='bbox 1080 366 1108 392; x_wconf 76' lang='grc' dir='ltr'>δὲ</span> <span class='ocrx_word' id='word_1_146' title='bbox 1129 366 1174 392; x_wconf 75' lang='grc' dir='ltr'><strong>διὰ</strong></span> <span class='ocrx_word' id='word_1_147' title='bbox 1191 365 1288 401; x_wconf 88' lang='grc' dir='ltr'>χειρῶν</span> <span class='ocrx_word' id='word_1_148' title='bbox 1304 366 1495 402; x_wconf 81' lang='grc' dir='ltr'><strong>ἀνθρωπίνων,</strong></span> <span class='ocrx_word' id='word_1_149' title='bbox 1515 366 1598 393; x_wconf 81' lang='grc' dir='ltr'>νύκτα</span> <span class='ocrx_word' id='word_1_150' title='bbox 1620 367 1667 393; x_wconf 79' lang='grc' dir='ltr'>καὶ</span> <span class='ocrx_word' id='word_1_151' title='bbox 1687 367 1793 403; x_wconf 78' lang='grc' dir='ltr'><strong>ἡμέραν</strong></span> <span class='ocrx_word' id='word_1_152' title='bbox 1813 377 1862 394; x_wconf 84' lang='grc' dir='ltr'>πο-</span> 
     </span>
    </p>
   </div>
   <div class='ocr_carea' id='block_1_24' title="bbox 1080 411 1864 448">
    <p class='ocr_par' dir='ltr' id='par_1_24' title="bbox 1080 411 1864 448">
     <span class='ocr_line' id='line_1_24' title="bbox 1080 411 1864 448; baseline 0.004 -11"><span class='ocrx_word' id='word_1_153' title='bbox 1080 411 1196 437; x_wconf 84' lang='grc' dir='ltr'>νούντων</span> <span class='ocrx_word' id='word_1_154' title='bbox 1221 411 1276 438; x_wconf 76' lang='grc' dir='ltr'><strong>τῶν</strong></span> <span class='ocrx_word' id='word_1_155' title='bbox 1308 411 1548 447; x_wconf 80' lang='grc' dir='ltr'><strong>κατεργαζομένων</strong></span> <span class='ocrx_word' id='word_1_156' title='bbox 1573 411 1622 447; x_wconf 87' lang='grc' dir='ltr'>τὴν</span> <span class='ocrx_word' id='word_1_157' title='bbox 1636 411 1784 448; x_wconf 74' lang='grc' dir='ltr'>ἔκπρησινς</span> <span class='ocrx_word' id='word_1_158' title='bbox 1809 414 1864 440; x_wconf 81' lang='lat' dir='ltr'><strong>Kal.</strong></span> 
     </span>
    </p>
   </div>
   <div class='ocr_carea' id='block_1_25' title="bbox 1080 456 1863 494">
    <p class='ocr_par' dir='ltr' id='par_1_25' title="bbox 1080 456 1863 494">
     <span class='ocr_line' id='line_1_25' title="bbox 1080 456 1863 494; baseline 0.003 -11"><span class='ocrx_word' id='word_1_159' title='bbox 1080 456 1141 483; x_wconf 67' lang='grc' dir='ltr'>οὐδὲ</span> <span class='ocrx_word' id='word_1_160' title='bbox 1166 456 1251 483; x_wconf 80' lang='grc' dir='ltr'>ταῦτα</span> <span class='ocrx_word' id='word_1_161' title='bbox 1270 457 1369 492; x_wconf 72' lang='grc' dir='ltr'>ἢρκεσε</span> <span class='ocrx_word' id='word_1_162' title='bbox 1391 459 1445 489; x_wconf 83' lang='grc' dir='ltr'>τοῖς</span> <span class='ocrx_word' id='word_1_163' title='bbox 1465 456 1575 483; x_wconf 84' lang='grc' dir='ltr'>πονοῦσι</span> <span class='ocrx_word' id='word_1_164' title='bbox 1599 458 1664 493; x_wconf 76' lang='grc' dir='ltr'>περὶ</span> <span class='ocrx_word' id='word_1_165' title='bbox 1679 458 1724 485; x_wconf 82' lang='grc' dir='ltr'>τὸν</span> <span class='ocrx_word' id='word_1_166' title='bbox 1750 459 1863 494; x_wconf 76' lang='grc' dir='ltr'>μάταιον</span> 
     </span>
    </p>
   </div>
   <div class='ocr_carea' id='block_1_26' title="bbox 1080 502 1863 539">
    <p class='ocr_par' dir='ltr' id='par_1_26' title="bbox 1080 502 1863 539">
     <span class='ocr_line' id='line_1_26' title="bbox 1080 502 1863 539; baseline 0.003 -11"><span class='ocrx_word' id='word_1_167' title='bbox 1080 502 1182 536; x_wconf 79' lang='grc' dir='ltr'>κόσμον</span> <span class='ocrx_word' id='word_1_168' title='bbox 1192 508 1198 517; x_wconf 69' lang='grc' dir='ltr'><strong>λ</strong></span> <span class='ocrx_word' id='word_1_169' title='bbox 1215 502 1282 528; x_wconf 84' lang='grc' dir='ltr'>ἀλλὰ</span> <span class='ocrx_word' id='word_1_170' title='bbox 1298 503 1346 529; x_wconf 76' lang='grc' dir='ltr'>καὶ</span> <span class='ocrx_word' id='word_1_171' title='bbox 1359 502 1389 529; x_wconf 83' lang='grc' dir='ltr'>τὸ</span> <span class='ocrx_word' id='word_1_172' title='bbox 1403 502 1523 538; x_wconf 76' lang='grc' dir='ltr'>καθαρὸν</span> <span class='ocrx_word' id='word_1_173' title='bbox 1537 502 1588 537; x_wconf 80' lang='grc' dir='ltr'>τῆς</span> <span class='ocrx_word' id='word_1_174' title='bbox 1606 503 1684 529; x_wconf 81' lang='grc' dir='ltr'><strong>ὑέλου</strong></span> <span class='ocrx_word' id='word_1_175' title='bbox 1699 503 1742 530; x_wconf 87' lang='grc' dir='ltr'><strong>διὰ</strong></span> <span class='ocrx_word' id='word_1_176' title='bbox 1754 504 1863 539; x_wconf 79' lang='grc' dir='ltr'>φαρμά-</span> 
     </span>
    </p>
   </div>
   <div class='ocr_carea' id='block_1_27' title="bbox 1081 547 1863 583">
    <p class='ocr_par' dir='ltr' id='par_1_27' title="bbox 1081 547 1863 583">
     <span class='ocr_line' id='line_1_27' title="bbox 1081 547 1863 583; baseline 0 -9"><span class='ocrx_word' id='word_1_177' title='bbox 1081 556 1137 574; x_wconf 87' lang='grc' dir='ltr'><strong>κων</strong></span> <span class='ocrx_word' id='word_1_178' title='bbox 1153 548 1194 579; x_wconf 80' lang='grc' dir='ltr'>εἰς</span> <span class='ocrx_word' id='word_1_179' title='bbox 1208 547 1298 583; x_wconf 79' lang='grc' dir='ltr'>βαφὰς</span> <span class='ocrx_word' id='word_1_180' title='bbox 1320 548 1445 580; x_wconf 79' lang='grc' dir='ltr'><strong>ποικίλας</strong></span> <span class='ocrx_word' id='word_1_181' title='bbox 1460 548 1676 583; x_wconf 78' lang='grc' dir='ltr'>καταμολύνεται</span> <span class='ocrx_word' id='word_1_182' title='bbox 1686 569 1693 581; x_wconf 93' lang='lat'><strong>,</strong></span> <span class='ocrx_word' id='word_1_183' title='bbox 1709 549 1748 579; x_wconf 85' lang='grc' dir='ltr'><strong>ὡς</strong></span> <span class='ocrx_word' id='word_1_184' title='bbox 1767 548 1799 575; x_wconf 78' lang='grc' dir='ltr'>ἂν</span> <span class='ocrx_word' id='word_1_185' title='bbox 1816 548 1863 575; x_wconf 65' lang='grc' dir='ltr'><strong>καὶ</strong></span> 
     </span>
    </p>
   </div>
   <div class='ocr_carea' id='block_1_28' title="bbox 1081 593 1862 629">
    <p class='ocr_par' dir='ltr' id='par_1_28' title="bbox 1081 593 1862 629">
     <span class='ocr_line' id='line_1_28' title="bbox 1081 593 1862 629; baseline 0.004 -10"><span class='ocrx_word' id='word_1_186' title='bbox 1081 593 1158 628; x_wconf 80' lang='grc' dir='ltr'>παρὰ</span> <span class='ocrx_word' id='word_1_187' title='bbox 1176 594 1277 628; x_wconf 83' lang='grc' dir='ltr'><strong>ταύτης</strong></span> <span class='ocrx_word' id='word_1_188' title='bbox 1297 602 1323 620; x_wconf 81' lang='grc' dir='ltr'><strong>τι</strong></span> <span class='ocrx_word' id='word_1_189' title='bbox 1340 593 1487 628; x_wconf 77' lang='grc' dir='ltr'>συναχθείη</span> <span class='ocrx_word' id='word_1_190' title='bbox 1502 595 1534 629; x_wconf 84' lang='grc' dir='ltr'><strong>τῇ</strong></span> <span class='ocrx_word' id='word_1_191' title='bbox 1550 594 1604 620; x_wconf 84' lang='grc' dir='ltr'><strong>τῶν</strong></span> <span class='ocrx_word' id='word_1_192' title='bbox 1619 595 1762 629; x_wconf 84' lang='grc' dir='ltr'><strong>νοημάτων</strong></span> <span class='ocrx_word' id='word_1_193' title='bbox 1776 594 1862 629; x_wconf 85' lang='grc' dir='ltr'>χλιδῇ.</span> 
     </span>
    </p>
   </div>
   <div class='ocr_carea' id='block_1_29' title="bbox 1081 638 1863 675">
    <p class='ocr_par' dir='ltr' id='par_1_29' title="bbox 1081 638 1863 675">
     <span class='ocr_line' id='line_1_29' title="bbox 1081 638 1863 675; baseline 0.003 -11"><span class='ocrx_word' id='word_1_194' title='bbox 1081 638 1143 669; x_wconf 83' lang='grc' dir='ltr'><strong>Πῶς</strong></span> <span class='ocrx_word' id='word_1_195' title='bbox 1164 639 1186 665; x_wconf 86' lang='grc' dir='ltr'>δ’</span> <span class='ocrx_word' id='word_1_196' title='bbox 1202 639 1234 665; x_wconf 81' lang='grc' dir='ltr'>ἄν</span> <span class='ocrx_word' id='word_1_197' title='bbox 1256 647 1298 670; x_wconf 83' lang='grc' dir='ltr'><strong>τις</strong></span> <span class='ocrx_word' id='word_1_198' title='bbox 1322 639 1392 665; x_wconf 76' lang='grc' dir='ltr'>εἴποι</span> <span class='ocrx_word' id='word_1_199' title='bbox 1419 639 1467 670; x_wconf 76' lang='grc' dir='ltr'><strong>τὰς</strong></span> <span class='ocrx_word' id='word_1_200' title='bbox 1493 639 1547 666; x_wconf 85' lang='grc' dir='ltr'>τῶν</span> <span class='ocrx_word' id='word_1_201' title='bbox 1562 640 1669 675; x_wconf 82' lang='grc' dir='ltr'>ὀρόφων</span> <span class='ocrx_word' id='word_1_202' title='bbox 1692 640 1863 675; x_wconf 71' lang='grc' dir='ltr'><strong>περιεργίας,</strong></span> 
     </span>
    </p>
   </div>
   <div class='ocr_carea' id='block_1_30' title="bbox 1082 681 1863 719">
    <p class='ocr_par' dir='ltr' id='par_1_30' title="bbox 1082 681 1863 719">
     <span class='ocr_line' id='line_1_30' title="bbox 1082 681 1863 719; baseline 0 -9"><span class='ocrx_word' id='word_1_203' title='bbox 1082 685 1123 718; x_wconf 73' lang='grc' dir='ltr'><strong>ἐφ’</strong></span> <span class='ocrx_word' id='word_1_204' title='bbox 1134 681 1171 710; x_wconf 86' lang='grc' dir='ltr'>ὧν</span> <span class='ocrx_word' id='word_1_205' title='bbox 1187 684 1218 710; x_wconf 70' lang='grc' dir='ltr'>τὰ</span> <span class='ocrx_word' id='word_1_206' title='bbox 1233 683 1298 715; x_wconf 84' lang='grc' dir='ltr'><strong>ξύλα</strong></span> <span class='ocrx_word' id='word_1_207' title='bbox 1307 686 1338 710; x_wconf 81' lang='grc' dir='ltr'><strong>ὲκ</strong></span> <span class='ocrx_word' id='word_1_208' title='bbox 1354 684 1449 719; x_wconf 80' lang='grc' dir='ltr'><strong>κέδρου</strong></span> <span class='ocrx_word' id='word_1_209' title='bbox 1462 683 1591 719; x_wconf 84' lang='grc' dir='ltr'>γινόμενα</span> <span class='ocrx_word' id='word_1_210' title='bbox 1604 684 1685 711; x_wconf 82' lang='grc' dir='ltr'>πάλιν</span> <span class='ocrx_word' id='word_1_211' title='bbox 1698 685 1863 719; x_wconf 77' lang='grc' dir='ltr'>ἐπαναστρέ-</span> 
     </span>
    </p>
   </div>
   <div class='ocr_carea' id='block_1_31' title="bbox 1082 730 1863 765">
    <p class='ocr_par' dir='ltr' id='par_1_31' title="bbox 1082 730 1863 765">
     <span class='ocr_line' id='line_1_31' title="bbox 1082 730 1863 765; baseline -0.001 -8"><span class='ocrx_word' id='word_1_212' title='bbox 1082 740 1164 765; x_wconf 83' lang='grc' dir='ltr'>φοντα</span> <span class='ocrx_word' id='word_1_213' title='bbox 1189 730 1234 757; x_wconf 77' lang='grc' dir='ltr'>διὰ</span> <span class='ocrx_word' id='word_1_214' title='bbox 1255 731 1308 757; x_wconf 86' lang='grc' dir='ltr'>τῶν</span> <span class='ocrx_word' id='word_1_215' title='bbox 1334 730 1506 765; x_wconf 72' lang='grc' dir='ltr'><strong>σοφισμάτων</strong></span> <span class='ocrx_word' id='word_1_216' title='bbox 1522 730 1572 765; x_wconf 78' lang='grc' dir='ltr'>τῆς</span> <span class='ocrx_word' id='word_1_217' title='bbox 1593 730 1691 765; x_wconf 79' lang='grc' dir='ltr'>τέχνης</span> <span class='ocrx_word' id='word_1_218' title='bbox 1710 730 1806 765; x_wconf 78' lang='grc' dir='ltr'>δένδρα</span> <span class='ocrx_word' id='word_1_219' title='bbox 1821 738 1863 756; x_wconf 51' lang='grc' dir='ltr'>νοέ</span> 
     </span>
    </p>
   </div>
   <div class='ocr_carea' id='block_1_32' title="bbox 1083 775 1864 812">
    <p class='ocr_par' dir='ltr' id='par_1_32' title="bbox 1083 775 1864 812">
     <span class='ocr_line' id='line_1_32' title="bbox 1083 775 1864 812; baseline -0.003 -9"><span class='ocrx_word' id='word_1_220' title='bbox 1083 777 1231 812; x_wconf 73' lang='grc' dir='ltr'>μιζόμενα,</span> <span class='ocrx_word' id='word_1_221' title='bbox 1248 776 1360 807; x_wconf 79' lang='grc' dir='ltr'>κλάδους</span> <span class='ocrx_word' id='word_1_222' title='bbox 1375 776 1422 802; x_wconf 74' lang='grc' dir='ltr'><strong>καὶ</strong></span> <span class='ocrx_word' id='word_1_223' title='bbox 1441 776 1526 810; x_wconf 82' lang='grc' dir='ltr'>φύλλα</span> <span class='ocrx_word' id='word_1_224' title='bbox 1545 775 1592 802; x_wconf 74' lang='grc' dir='ltr'>καὶ</span> <span class='ocrx_word' id='word_1_225' title='bbox 1615 776 1738 811; x_wconf 79' lang='grc' dir='ltr'>καρποὺς</span> <span class='ocrx_word' id='word_1_226' title='bbox 1760 775 1789 802; x_wconf 81' lang='grc' dir='ltr'>ἐν</span> <span class='ocrx_word' id='word_1_227' title='bbox 1803 777 1864 804; x_wconf 83' lang='grc' dir='ltr'>ταῖς</span> 
     </span>
    </p>
   </div>
   <div class='ocr_carea' id='block_1_33' title="bbox 1082 820 1865 856">
    <p class='ocr_par' dir='ltr' id='par_1_33' title="bbox 1082 820 1865 856">
     <span class='ocr_line' id='line_1_33' title="bbox 1082 820 1865 856; baseline -0.001 -9"><span class='ocrx_word' id='word_1_228' title='bbox 1082 821 1206 854; x_wconf 75' lang='grc' dir='ltr'>γλυφίσιν</span> <span class='ocrx_word' id='word_1_229' title='bbox 1217 820 1360 854; x_wconf 73' lang='grc' dir='ltr'>ἐκφύονται.</span> <span class='ocrx_word' id='word_1_230' title='bbox 1375 820 1473 846; x_wconf 83' lang='grc' dir='ltr'>Σιωπῶ</span> <span class='ocrx_word' id='word_1_231' title='bbox 1484 820 1529 846; x_wconf 81' lang='grc' dir='ltr'><strong>τὸν</strong></span> <span class='ocrx_word' id='word_1_232' title='bbox 1538 821 1637 856; x_wconf 78' lang='grc' dir='ltr'>χρυσὸν</span> <span class='ocrx_word' id='word_1_233' title='bbox 1645 820 1690 846; x_wconf 78' lang='grc' dir='ltr'><strong>τὸν</strong></span> <span class='ocrx_word' id='word_1_234' title='bbox 1701 821 1740 852; x_wconf 75' lang='grc' dir='ltr'>εἰς</span> <span class='ocrx_word' id='word_1_235' title='bbox 1751 820 1865 851; x_wconf 76' lang='grc' dir='ltr'><strong>λεπτοὺς</strong></span> 
     </span>
    </p>
   </div>
   <div class='ocr_carea' id='block_1_34' title="bbox 243 861 1032 901">
    <p class='ocr_par' dir='ltr' id='par_1_34' title="bbox 243 861 1030 897">
     <span class='ocr_line' id='line_1_34' title="bbox 243 861 1030 897; baseline -0.005 -6"><span class='ocrx_word' id='word_1_236' title='bbox 243 871 347 895; x_wconf 85' lang='lat' dir='ltr'><strong>ramos,</strong></span> <span class='ocrx_word' id='word_1_237' title='bbox 369 863 432 890; x_wconf 76' lang='lat' dir='ltr'><strong>folia</strong></span> <span class='ocrx_word' id='word_1_238' title='bbox 450 866 477 890; x_wconf 89' lang='lat' dir='ltr'><strong>et</strong></span> <span class='ocrx_word' id='word_1_239' title='bbox 491 862 596 889; x_wconf 80' lang='lat' dir='ltr'><strong>fructus</strong></span> <span class='ocrx_word' id='word_1_240' title='bbox 612 862 805 897; x_wconf 88' lang='lat' dir='ltr'><strong>producentes.</strong></span> <span class='ocrx_word' id='word_1_241' title='bbox 823 861 911 888; x_wconf 88' lang='lat' dir='ltr'><strong>Taceo</strong></span> <span class='ocrx_word' id='word_1_242' title='bbox 933 868 1030 888; x_wconf 85' lang='lat' dir='ltr'><strong>aurum</strong></span> 
     </span>
    </p>
   </div>
   <div class='ocr_carea' id='block_1_35' title="bbox 1084 861 1865 901">
    <p class='ocr_par' dir='ltr' id='par_1_35' title="bbox 1084 863 1865 901">
     <span class='ocr_line' id='line_1_35' title="bbox 1084 863 1865 901; baseline -0.004 -8"><span class='ocrx_word' id='word_1_243' title='bbox 1084 867 1129 893; x_wconf 76' lang='grc' dir='ltr'>καὶ</span> <span class='ocrx_word' id='word_1_244' title='bbox 1152 866 1281 901; x_wconf 81' lang='grc' dir='ltr'>ἀερώδεις</span> <span class='ocrx_word' id='word_1_245' title='bbox 1310 866 1412 901; x_wconf 79' lang='grc' dir='ltr'>ὑμένας</span> <span class='ocrx_word' id='word_1_246' title='bbox 1431 866 1641 901; x_wconf 81' lang='grc' dir='ltr'>διατεινόμενον,</span> <span class='ocrx_word' id='word_1_247' title='bbox 1663 866 1709 892; x_wconf 77' lang='grc' dir='ltr'>καὶ</span> <span class='ocrx_word' id='word_1_248' title='bbox 1729 863 1865 899; x_wconf 82' lang='grc' dir='ltr'>πανταχοῦ</span> 
     </span>
    </p>
   </div>
   <div class='ocr_carea' id='block_1_36' title="bbox 244 907 1043 946">
    <p class='ocr_par' dir='ltr' id='par_1_36' title="bbox 244 907 1043 946">
     <span class='ocr_line' id='line_1_36' title="bbox 244 907 1043 946; baseline -0.008 -8"><span class='ocrx_word' id='word_1_249' title='bbox 244 910 317 946; x_wconf 86' lang='lat' dir='ltr'><strong>quod</strong></span> <span class='ocrx_word' id='word_1_250' title='bbox 344 910 372 937; x_wconf 90' lang='lat' dir='ltr'><strong>in</strong></span> <span class='ocrx_word' id='word_1_251' title='bbox 388 917 482 936; x_wconf 85' lang='lat' dir='ltr'><strong>aereas</strong></span> <span class='ocrx_word' id='word_1_252' title='bbox 510 908 683 936; x_wconf 81' lang='lat' dir='ltr'><strong>membranas</strong></span> <span class='ocrx_word' id='word_1_253' title='bbox 703 907 866 938; x_wconf 84' lang='lat' dir='ltr'><strong>dissecatur,</strong></span> <span class='ocrx_word' id='word_1_254' title='bbox 895 911 922 933; x_wconf 89' lang='lat' dir='ltr'><strong>et</strong></span> <span class='ocrx_word' id='word_1_255' title='bbox 945 907 972 933; x_wconf 94' lang='lat' dir='ltr'><strong>in</strong></span> <span class='ocrx_word' id='word_1_256' title='bbox 996 907 1043 939; x_wconf 18' lang='lat' dir='ltr'><strong>iis,</strong></span> 
     </span>
    </p>
   </div>
   <div class='ocr_carea' id='block_1_37' title="bbox 244 953 1028 991">
    <p class='ocr_par' dir='ltr' id='par_1_37' title="bbox 244 953 1028 991">
     <span class='ocr_line' id='line_1_37' title="bbox 244 953 1028 991; baseline -0.005 -9"><span class='ocrx_word' id='word_1_257' title='bbox 244 956 345 991; x_wconf 88' lang='lat' dir='ltr'><strong>ubique</strong></span> <span class='ocrx_word' id='word_1_258' title='bbox 358 954 484 986; x_wconf 85' lang='lat' dir='ltr'><strong>illinitur,</strong></span> <span class='ocrx_word' id='word_1_259' title='bbox 502 958 531 981; x_wconf 84' lang='lat' dir='ltr'><strong>ut</strong></span> <span class='ocrx_word' id='word_1_260' title='bbox 547 953 641 981; x_wconf 76' lang='lat' dir='ltr'><strong>aridos</strong></span> <span class='ocrx_word' id='word_1_261' title='bbox 662 953 759 980; x_wconf 83' lang='lat' dir='ltr'><strong>oeulos</strong></span> <span class='ocrx_word' id='word_1_262' title='bbox 773 953 800 979; x_wconf 94' lang='lat' dir='ltr'><strong>in</strong></span> <span class='ocrx_word' id='word_1_263' title='bbox 814 960 842 980; x_wconf 87' lang='lat' dir='ltr'><strong>se</strong></span> <span class='ocrx_word' id='word_1_264' title='bbox 857 955 1028 979; x_wconf 86' lang='lat' dir='ltr'><strong>convertant.</strong></span> 
     </span>
    </p>
   </div>
   <div class='ocr_carea' id='block_1_38' title="bbox 245 998 1030 1034">
    <p class='ocr_par' dir='ltr' id='par_1_38' title="bbox 245 998 1030 1034">
     <span class='ocr_line' id='line_1_38' title="bbox 245 998 1030 1034; baseline -0.005 -6"><span class='ocrx_word' id='word_1_265' title='bbox 245 1001 320 1028; x_wconf 87' lang='lat' dir='ltr'><strong>Ebur</strong></span> <span class='ocrx_word' id='word_1_266' title='bbox 342 1004 431 1027; x_wconf 85' lang='lat' dir='ltr'><strong>autem</strong></span> <span class='ocrx_word' id='word_1_267' title='bbox 452 998 526 1034; x_wconf 89' lang='lat' dir='ltr'><strong>quod</strong></span> <span class='ocrx_word' id='word_1_268' title='bbox 560 999 706 1026; x_wconf 85' lang='lat' dir='ltr'><strong>asciscitur</strong></span> <span class='ocrx_word' id='word_1_269' title='bbox 732 998 765 1025; x_wconf 86' lang='lat' dir='ltr'><strong>ad</strong></span> <span class='ocrx_word' id='word_1_270' title='bbox 787 998 986 1025; x_wconf 82' lang='lat' dir='ltr'><strong>vcstibuloruin</strong></span> <span class='ocrx_word' id='word_1_271' title='bbox 1004 1002 1030 1024; x_wconf 84' lang='lat' dir='ltr'><strong>et</strong></span> 
     </span>
    </p>
   </div>
   <div class='ocr_carea' id='block_1_39' title="bbox 244 1043 1030 1081">
    <p class='ocr_par' dir='ltr' id='par_1_39' title="bbox 244 1043 1030 1081">
     <span class='ocr_line' id='line_1_39' title="bbox 244 1043 1030 1081; baseline -0.004 -8"><span class='ocrx_word' id='word_1_272' title='bbox 244 1047 376 1074; x_wconf 87' lang='lat' dir='ltr'><strong>atriorum</strong></span> <span class='ocrx_word' id='word_1_273' title='bbox 391 1045 544 1081; x_wconf 86' lang='lat' dir='ltr'><strong>superﬂuos</strong></span> <span class='ocrx_word' id='word_1_274' title='bbox 559 1049 681 1077; x_wconf 85' lang='lat' dir='ltr'><strong>ornatus,</strong></span> <span class='ocrx_word' id='word_1_275' title='bbox 700 1049 727 1072; x_wconf 89' lang='lat' dir='ltr'><strong>et</strong></span> <span class='ocrx_word' id='word_1_276' title='bbox 746 1044 818 1079; x_wconf 89' lang='lat' dir='ltr'><strong>quod</strong></span> <span class='ocrx_word' id='word_1_277' title='bbox 838 1051 932 1071; x_wconf 90' lang='lat' dir='ltr'><strong>eorum</strong></span> <span class='ocrx_word' id='word_1_278' title='bbox 952 1043 1030 1070; x_wconf 74' lang='lat' dir='ltr'><strong>czela-</strong></span> 
     </span>
    </p>
   </div>
   <div class='ocr_carea' id='block_1_40' title="bbox 244 1089 1031 1125">
    <p class='ocr_par' dir='ltr' id='par_1_40' title="bbox 244 1089 1031 1125">
     <span class='ocr_line' id='line_1_40' title="bbox 244 1089 1031 1125; baseline -0.004 -7"><span class='ocrx_word' id='word_1_279' title='bbox 244 1092 315 1119; x_wconf 88' lang='lat' dir='ltr'><strong>turis</strong></span> <span class='ocrx_word' id='word_1_280' title='bbox 332 1091 448 1118; x_wconf 91' lang='lat' dir='ltr'><strong>illinitur</strong></span> <span class='ocrx_word' id='word_1_281' title='bbox 463 1098 572 1122; x_wconf 85' lang='lat' dir='ltr'><strong>aurum,</strong></span> <span class='ocrx_word' id='word_1_282' title='bbox 596 1096 642 1117; x_wconf 89' lang='lat' dir='ltr'><strong>aut</strong></span> <span class='ocrx_word' id='word_1_283' title='bbox 661 1091 734 1125; x_wconf 86' lang='lat' dir='ltr'><strong>quod</strong></span> <span class='ocrx_word' id='word_1_284' title='bbox 751 1090 835 1117; x_wconf 79' lang='lat' dir='ltr'><strong>claris</strong></span> <span class='ocrx_word' id='word_1_285' title='bbox 853 1089 969 1124; x_wconf 72' lang='lat' dir='ltr'><strong>anigitur</strong></span> <span class='ocrx_word' id='word_1_286' title='bbox 987 1096 1031 1115; x_wconf 88' lang='lat' dir='ltr'><strong>ar-</strong></span> 
     </span>
    </p>
   </div>
   <div class='ocr_carea' id='block_1_41' title="bbox 244 1134 1030 1175">
    <p class='ocr_par' dir='ltr' id='par_1_41' title="bbox 244 1134 1030 1175">
     <span class='ocr_line' id='line_1_41' title="bbox 244 1134 1030 1175; baseline -0.005 -10"><span class='ocrx_word' id='word_1_287' title='bbox 244 1142 366 1175; x_wconf 75' lang='lat' dir='ltr'><strong>gentum,</strong></span> <span class='ocrx_word' id='word_1_288' title='bbox 390 1141 417 1164; x_wconf 88' lang='lat' dir='ltr'><strong>et</strong></span> <span class='ocrx_word' id='word_1_289' title='bbox 440 1144 499 1172; x_wconf 72' lang='lat' dir='ltr'><strong>qua:</strong></span> <span class='ocrx_word' id='word_1_290' title='bbox 520 1141 584 1163; x_wconf 89' lang='lat' dir='ltr'><strong>sunt</strong></span> <span class='ocrx_word' id='word_1_291' title='bbox 603 1135 748 1171; x_wconf 83' lang='lat' dir='ltr'><strong>ejusmodi,</strong></span> <span class='ocrx_word' id='word_1_292' title='bbox 765 1135 828 1170; x_wconf 89' lang='lat' dir='ltr'><strong>quis</strong></span> <span class='ocrx_word' id='word_1_293' title='bbox 844 1135 960 1162; x_wconf 80' lang='lat' dir='ltr'><strong>dixerit?</strong></span> <span class='ocrx_word' id='word_1_294' title='bbox 982 1134 1030 1161; x_wconf 84' lang='lat' dir='ltr'><strong>do-</strong></span> 
     </span>
    </p>
   </div>
   <div class='ocr_carea' id='block_1_42' title="bbox 245 1181 1031 1218">
    <p class='ocr_par' dir='ltr' id='par_1_42' title="bbox 245 1181 1031 1218">
     <span class='ocr_line' id='line_1_42' title="bbox 245 1181 1031 1218; baseline -0.004 -8"><span class='ocrx_word' id='word_1_295' title='bbox 245 1189 352 1211; x_wconf 88' lang='lat' dir='ltr'><strong>morum</strong></span> <span class='ocrx_word' id='word_1_296' title='bbox 374 1183 539 1218; x_wconf 82' lang='lat' dir='ltr'><strong>pavimeuta,</strong></span> <span class='ocrx_word' id='word_1_297' title='bbox 556 1189 615 1217; x_wconf 77' lang='lat' dir='ltr'><strong>quze</strong></span> <span class='ocrx_word' id='word_1_298' title='bbox 635 1182 719 1209; x_wconf 84' lang='lat' dir='ltr'><strong>variis</strong></span> <span class='ocrx_word' id='word_1_299' title='bbox 739 1182 914 1217; x_wconf 78' lang='lat' dir='ltr'><strong>resplendent</strong></span> <span class='ocrx_word' id='word_1_300' title='bbox 932 1181 1031 1207; x_wconf 84' lang='lat' dir='ltr'><strong>coluri-</strong></span> 
     </span>
    </p>
   </div>
   <div class='ocr_carea' id='block_1_43' title="bbox 245 1226 1029 1262">
    <p class='ocr_par' dir='ltr' id='par_1_43' title="bbox 245 1226 1029 1262">
     <span class='ocr_line' id='line_1_43' title="bbox 245 1226 1029 1262; baseline -0.004 -7"><span class='ocrx_word' id='word_1_301' title='bbox 245 1228 313 1256; x_wconf 81' lang='lat' dir='ltr'><strong>bus?</strong></span> <span class='ocrx_word' id='word_1_302' title='bbox 332 1233 361 1255; x_wconf 93' lang='lat' dir='ltr'><strong>ut</strong></span> <span class='ocrx_word' id='word_1_303' title='bbox 377 1228 460 1255; x_wconf 83' lang='lat' dir='ltr'><strong>etiam</strong></span> <span class='ocrx_word' id='word_1_304' title='bbox 480 1235 574 1255; x_wconf 87' lang='lat' dir='ltr'><strong>eorum</strong></span> <span class='ocrx_word' id='word_1_305' title='bbox 591 1227 673 1262; x_wconf 87' lang='lat' dir='ltr'><strong>pedes</strong></span> <span class='ocrx_word' id='word_1_306' title='bbox 689 1227 716 1254; x_wconf 94' lang='lat' dir='ltr'><strong>in</strong></span> <span class='ocrx_word' id='word_1_307' title='bbox 743 1227 887 1261; x_wconf 80' lang='lat' dir='ltr'><strong>splendore</strong></span> <span class='ocrx_word' id='word_1_308' title='bbox 910 1226 1029 1261; x_wconf 78' lang='lat' dir='ltr'><strong>lapidum</strong></span> 
     </span>
    </p>
   </div>
   <div class='ocr_carea' id='block_1_44' title="bbox 207 1272 1031 1307">
    <p class='ocr_par' dir='ltr' id='par_1_44' title="bbox 207 1272 1031 1307">
     <span class='ocr_line' id='line_1_44' title="bbox 207 1272 1031 1307; baseline -0.001 -8"><span class='ocrx_word' id='word_1_309' title='bbox 207 1295 210 1298; x_wconf 30' lang='grc' dir='ltr'><strong>ι</strong></span> <span class='ocrx_word' id='word_1_310' title='bbox 246 1274 394 1304; x_wconf 72' lang='lat' dir='ltr'><strong>luxurient,</strong></span> <span class='ocrx_word' id='word_1_311' title='bbox 421 1277 448 1301; x_wconf 83' lang='lat' dir='ltr'><strong>et</strong></span> <span class='ocrx_word' id='word_1_312' title='bbox 473 1273 500 1299; x_wconf 91' lang='lat' dir='ltr'><strong>in</strong></span> <span class='ocrx_word' id='word_1_313' title='bbox 523 1273 658 1307; x_wconf 85' lang='lat' dir='ltr'><strong>ejusmodi</strong></span> <span class='ocrx_word' id='word_1_314' title='bbox 685 1273 829 1299; x_wconf 82' lang='lat' dir='ltr'><strong>domorum</strong></span> <span class='ocrx_word' id='word_1_315' title='bbox 857 1272 1031 1299; x_wconf 81' lang='lat' dir='ltr'><strong>multitudine</strong></span> 
     </span>
    </p>
   </div>
   <div class='ocr_carea' id='block_1_45' title="bbox 246 1319 1030 1354">
    <p class='ocr_par' dir='ltr' id='par_1_45' title="bbox 246 1319 1030 1354">
     <span class='ocr_line' id='line_1_45' title="bbox 246 1319 1030 1354; baseline -0.005 -6"><span class='ocrx_word' id='word_1_316' title='bbox 246 1321 329 1349; x_wconf 91' lang='lat' dir='ltr'><strong>nimis</strong></span> <span class='ocrx_word' id='word_1_317' title='bbox 361 1321 532 1348; x_wconf 81' lang='lat' dir='ltr'><strong>ambitiosam</strong></span> <span class='ocrx_word' id='word_1_318' title='bbox 565 1319 807 1354; x_wconf 76' lang='lat' dir='ltr'><strong>magnificentiora.</strong></span> <span class='ocrx_word' id='word_1_319' title='bbox 836 1327 951 1348; x_wconf 79' lang='lat' dir='ltr'><strong>auarum</strong></span> <span class='ocrx_word' id='word_1_320' title='bbox 977 1327 1030 1345; x_wconf 89' lang='lat' dir='ltr'><strong>non</strong></span> 
     </span>
    </p>
   </div>
   <div class='ocr_carea' id='block_1_46' title="bbox 246 1363 1031 1396">
    <p class='ocr_par' dir='ltr' id='par_1_46' title="bbox 246 1363 1031 1396">
     <span class='ocr_line' id='line_1_46' title="bbox 246 1363 1031 1396; baseline -0.005 -2"><span class='ocrx_word' id='word_1_321' title='bbox 246 1368 307 1394; x_wconf 63' lang='lat' dir='ltr'><strong>vitae</strong></span> <span class='ocrx_word' id='word_1_322' title='bbox 327 1374 394 1394; x_wconf 90' lang='lat' dir='ltr'><strong>usus</strong></span> <span class='ocrx_word' id='word_1_323' title='bbox 420 1365 602 1392; x_wconf 80' lang='lat' dir='ltr'><strong>necessariam</strong></span> <span class='ocrx_word' id='word_1_324' title='bbox 627 1364 693 1391; x_wconf 80' lang='lat' dir='ltr'><strong>facit</strong></span> <span class='ocrx_word' id='word_1_325' title='bbox 721 1365 964 1396; x_wconf 77' lang='lat' dir='ltr'><strong>constructionem,</strong></span> <span class='ocrx_word' id='word_1_326' title='bbox 984 1363 1031 1391; x_wconf 88' lang='lat' dir='ltr'><strong>sed</strong></span> 
     </span>
    </p>
   </div>
   <div class='ocr_carea' id='block_1_47' title="bbox 246 1410 1032 1447">
    <p class='ocr_par' dir='ltr' id='par_1_47' title="bbox 246 1410 1032 1447">
     <span class='ocr_line' id='line_1_47' title="bbox 246 1410 1032 1447; baseline -0.008 -7"><span class='ocrx_word' id='word_1_327' title='bbox 246 1412 382 1447; x_wconf 81' lang='lat' dir='ltr'><strong>cupiditas</strong></span> <span class='ocrx_word' id='word_1_328' title='bbox 401 1419 448 1446; x_wconf 88' lang='lat' dir='ltr'><strong>per</strong></span> <span class='ocrx_word' id='word_1_329' title='bbox 467 1418 497 1438; x_wconf 82' lang='lat' dir='ltr'><strong>ea</strong></span> <span class='ocrx_word' id='word_1_330' title='bbox 517 1418 576 1444; x_wconf 67' lang='lat' dir='ltr'><strong>quae</strong></span> <span class='ocrx_word' id='word_1_331' title='bbox 596 1415 659 1436; x_wconf 90' lang='lat' dir='ltr'><strong>sunt</strong></span> <span class='ocrx_word' id='word_1_332' title='bbox 685 1410 790 1436; x_wconf 74' lang='lat' dir='ltr'><strong>inutilia</strong></span> <span class='ocrx_word' id='word_1_333' title='bbox 815 1415 969 1444; x_wconf 80' lang='lat' dir='ltr'><strong>progressa,</strong></span> <span class='ocrx_word' id='word_1_334' title='bbox 990 1416 1032 1435; x_wconf 88' lang='lat' dir='ltr'><strong>ea-</strong></span> 
     </span>
    </p>
   </div>
   <div class='ocr_carea' id='block_1_48' title="bbox 246 1454 1031 1491">
    <p class='ocr_par' dir='ltr' id='par_1_48' title="bbox 246 1454 1031 1491">
     <span class='ocr_line' id='line_1_48' title="bbox 246 1454 1031 1491; baseline -0.004 -7"><span class='ocrx_word' id='word_1_335' title='bbox 246 1465 306 1484; x_wconf 91' lang='lat' dir='ltr'><strong>rum</strong></span> <span class='ocrx_word' id='word_1_336' title='bbox 319 1457 422 1484; x_wconf 84' lang='lat' dir='ltr'><strong>invenit</strong></span> <span class='ocrx_word' id='word_1_337' title='bbox 438 1457 681 1491; x_wconf 79' lang='lat' dir='ltr'><strong>importunitatem.</strong></span> <span class='ocrx_word' id='word_1_338' title='bbox 699 1454 764 1481; x_wconf 83' lang='lat' dir='ltr'><strong>Nam</strong></span> <span class='ocrx_word' id='word_1_339' title='bbox 778 1462 809 1482; x_wconf 83' lang='lat' dir='ltr'><strong>ex</strong></span> <span class='ocrx_word' id='word_1_340' title='bbox 825 1454 951 1481; x_wconf 91' lang='lat' dir='ltr'><strong>domibus</strong></span> <span class='ocrx_word' id='word_1_341' title='bbox 965 1454 1031 1481; x_wconf 84' lang='lat' dir='ltr'><strong>alias</strong></span> 
     </span>
    </p>
   </div>
   <div class='ocr_carea' id='block_1_49' title="bbox 247 1499 1031 1537">
    <p class='ocr_par' dir='ltr' id='par_1_49' title="bbox 247 1499 1031 1537">
     <span class='ocr_line' id='line_1_49' title="bbox 247 1499 1031 1537; baseline -0.003 -9"><span class='ocrx_word' id='word_1_342' title='bbox 247 1502 355 1537; x_wconf 83' lang='lat' dir='ltr'><strong>quidem</strong></span> <span class='ocrx_word' id='word_1_343' title='bbox 373 1505 480 1536; x_wconf 83' lang='lat' dir='ltr'><strong>oportet</strong></span> <span class='ocrx_word' id='word_1_344' title='bbox 504 1508 565 1527; x_wconf 85' lang='lat' dir='ltr'><strong>esse</strong></span> <span class='ocrx_word' id='word_1_345' title='bbox 582 1505 692 1535; x_wconf 86' lang='lat' dir='ltr'><strong>paratas</strong></span> <span class='ocrx_word' id='word_1_346' title='bbox 710 1501 741 1526; x_wconf 79' lang='lat' dir='ltr'><strong>ad</strong></span> <span class='ocrx_word' id='word_1_347' title='bbox 764 1508 884 1530; x_wconf 81' lang='lat' dir='ltr'><strong>cursum,</strong></span> <span class='ocrx_word' id='word_1_348' title='bbox 907 1499 974 1525; x_wconf 84' lang='lat' dir='ltr'><strong>alias</strong></span> <span class='ocrx_word' id='word_1_349' title='bbox 998 1499 1031 1526; x_wconf 92' lang='lat' dir='ltr'><strong>ad</strong></span> 
     </span>
    </p>
   </div>
   <div class='ocr_carea' id='block_1_50' title="bbox 1080 910 1866 947">
    <p class='ocr_par' dir='ltr' id='par_1_50' title="bbox 1080 910 1866 947">
     <span class='ocr_line' id='line_1_50' title="bbox 1080 910 1866 947; baseline -0.001 -9"><span class='ocrx_word' id='word_1_350' title='bbox 1080 911 1183 944; x_wconf 80' lang='grc' dir='ltr'>τούτοις</span> <span class='ocrx_word' id='word_1_351' title='bbox 1191 911 1425 947; x_wconf 76' lang='grc' dir='ltr'>ὲπιχρωννύμενον</span> <span class='ocrx_word' id='word_1_352' title='bbox 1440 912 1477 944; x_wconf 83' lang='grc' dir='ltr'>ὡς</span> <span class='ocrx_word' id='word_1_353' title='bbox 1484 912 1517 938; x_wconf 77' lang='grc' dir='ltr'>ἂν</span> <span class='ocrx_word' id='word_1_354' title='bbox 1527 912 1576 947; x_wconf 86' lang='grc' dir='ltr'>τὴν</span> <span class='ocrx_word' id='word_1_355' title='bbox 1584 911 1703 946; x_wconf 75' lang='grc' dir='ltr'>λιχνείαν</span> <span class='ocrx_word' id='word_1_356' title='bbox 1712 911 1766 937; x_wconf 82' lang='grc' dir='ltr'>τῶν</span> <span class='ocrx_word' id='word_1_357' title='bbox 1778 910 1866 945; x_wconf 67' lang='grc' dir='ltr'>ὀμμά-</span> 
     </span>
    </p>
   </div>
   <div class='ocr_carea' id='block_1_51' title="bbox 1079 955 1864 992">
    <p class='ocr_par' dir='ltr' id='par_1_51' title="bbox 1079 955 1864 992">
     <span class='ocr_line' id='line_1_51' title="bbox 1079 955 1864 992; baseline -0.004 -9"><span class='ocrx_word' id='word_1_358' title='bbox 1079 965 1133 983; x_wconf 84' lang='grc' dir='ltr'><strong>των</strong></span> <span class='ocrx_word' id='word_1_359' title='bbox 1151 957 1218 992; x_wconf 80' lang='grc' dir='ltr'>πρὸς</span> <span class='ocrx_word' id='word_1_360' title='bbox 1233 957 1328 984; x_wconf 83' lang='grc' dir='ltr'>ἑαυτὸν</span> <span class='ocrx_word' id='word_1_361' title='bbox 1344 956 1512 991; x_wconf 76' lang='grc' dir='ltr'>ἐπιστρέφοι.</span> <span class='ocrx_word' id='word_1_362' title='bbox 1531 956 1586 992; x_wconf 83' lang='grc' dir='ltr'><strong>Τὴν</strong></span> <span class='ocrx_word' id='word_1_363' title='bbox 1602 956 1629 982; x_wconf 80' lang='grc' dir='ltr'>δὲ</span> <span class='ocrx_word' id='word_1_364' title='bbox 1644 956 1697 982; x_wconf 85' lang='grc' dir='ltr'>τῶν</span> <span class='ocrx_word' id='word_1_365' title='bbox 1711 955 1864 989; x_wconf 74' lang='grc' dir='ltr'>ἐλεφάντων</span> 
     </span>
    </p>
   </div>
   <div class='ocr_carea' id='block_1_52' title="bbox 1080 1001 1865 1038">
    <p class='ocr_par' dir='ltr' id='par_1_52' title="bbox 1080 1001 1865 1038">
     <span class='ocr_line' id='line_1_52' title="bbox 1080 1001 1865 1038; baseline -0.003 -10"><span class='ocrx_word' id='word_1_366' title='bbox 1080 1002 1220 1038; x_wconf 78' lang='grc' dir='ltr'>εἰσφορὰν,</span> <span class='ocrx_word' id='word_1_367' title='bbox 1246 1003 1286 1034; x_wconf 81' lang='grc' dir='ltr'>εἰς</span> <span class='ocrx_word' id='word_1_368' title='bbox 1301 1001 1347 1029; x_wconf 75' lang='grc' dir='ltr'>τὸν</span> <span class='ocrx_word' id='word_1_369' title='bbox 1361 1001 1506 1038; x_wconf 86' lang='grc' dir='ltr'>περίεργον</span> <span class='ocrx_word' id='word_1_370' title='bbox 1522 1002 1712 1036; x_wconf 67' lang='grc' dir='ltr'>καλλωπισμον</span> <span class='ocrx_word' id='word_1_371' title='bbox 1738 1001 1790 1027; x_wconf 77' lang='grc' dir='ltr'>τῶν</span> <span class='ocrx_word' id='word_1_372' title='bbox 1808 1001 1865 1026; x_wconf 85' lang='grc' dir='ltr'>εἰσ-</span> 
     </span>
    </p>
   </div>
   <div class='ocr_carea' id='block_1_53' title="bbox 1080 1046 1865 1082">
    <p class='ocr_par' dir='ltr' id='par_1_53' title="bbox 1080 1046 1865 1082">
     <span class='ocr_line' id='line_1_53' title="bbox 1080 1046 1865 1082; baseline -0.001 -9"><span class='ocrx_word' id='word_1_373' title='bbox 1080 1047 1165 1079; x_wconf 70' lang='grc' dir='ltr'>άῖων,</span> <span class='ocrx_word' id='word_1_374' title='bbox 1191 1048 1237 1074; x_wconf 82' lang='grc' dir='ltr'><strong>τόν</strong></span> <span class='ocrx_word' id='word_1_375' title='bbox 1254 1056 1283 1073; x_wconf 87' lang='grc' dir='ltr'><strong>τε</strong></span> <span class='ocrx_word' id='word_1_376' title='bbox 1309 1047 1486 1082; x_wconf 79' lang='grc' dir='ltr'>ἀλειφόμενον</span> <span class='ocrx_word' id='word_1_377' title='bbox 1505 1048 1564 1078; x_wconf 85' lang='grc' dir='ltr'>ταῖς</span> <span class='ocrx_word' id='word_1_378' title='bbox 1590 1046 1698 1080; x_wconf 61' lang='grc' dir='ltr'>γλυᾳίσι</span> <span class='ocrx_word' id='word_1_379' title='bbox 1721 1046 1822 1072; x_wconf 83' lang='grc' dir='ltr'>τούτων</span> <span class='ocrx_word' id='word_1_380' title='bbox 1848 1046 1865 1080; x_wconf 73' lang='grc' dir='ltr'><strong>ἥ</strong></span> 
     </span>
    </p>
   </div>
   <div class='ocr_carea' id='block_1_54' title="bbox 1081 1092 1864 1130">
    <p class='ocr_par' dir='ltr' id='par_1_54' title="bbox 1081 1092 1864 1130">
     <span class='ocr_line' id='line_1_54' title="bbox 1081 1092 1864 1130; baseline -0.004 -10"><span class='ocrx_word' id='word_1_381' title='bbox 1081 1094 1189 1130; x_wconf 81' lang='grc' dir='ltr'>χρυσὸν,</span> <span class='ocrx_word' id='word_1_382' title='bbox 1210 1093 1226 1129; x_wconf 85' lang='grc' dir='ltr'>ἢ</span> <span class='ocrx_word' id='word_1_383' title='bbox 1243 1093 1288 1120; x_wconf 66' lang='grc' dir='ltr'><strong>τὸν</strong></span> <span class='ocrx_word' id='word_1_384' title='bbox 1299 1093 1343 1120; x_wconf 77' lang='grc' dir='ltr'><strong>διὰ</strong></span> <span class='ocrx_word' id='word_1_385' title='bbox 1355 1093 1408 1119; x_wconf 84' lang='grc' dir='ltr'>τῶν</span> <span class='ocrx_word' id='word_1_386' title='bbox 1419 1093 1489 1127; x_wconf 79' lang='grc' dir='ltr'>ἥλων</span> <span class='ocrx_word' id='word_1_387' title='bbox 1506 1092 1719 1128; x_wconf 73' lang='grc' dir='ltr'>ἐγκροτούμενιν</span> <span class='ocrx_word' id='word_1_388' title='bbox 1734 1092 1864 1127; x_wconf 78' lang='grc' dir='ltr'>ἄργυρον.</span> 
     </span>
    </p>
   </div>
   <div class='ocr_carea' id='block_1_55' title="bbox 1081 1137 1865 1173">
    <p class='ocr_par' dir='ltr' id='par_1_55' title="bbox 1081 1137 1865 1173">
     <span class='ocr_line' id='line_1_55' title="bbox 1081 1137 1865 1173; baseline -0.001 -8"><span class='ocrx_word' id='word_1_389' title='bbox 1081 1139 1127 1165; x_wconf 76' lang='grc' dir='ltr'><strong>καὶ</strong></span> <span class='ocrx_word' id='word_1_390' title='bbox 1146 1139 1235 1166; x_wconf 83' lang='grc' dir='ltr'>πάντα</span> <span class='ocrx_word' id='word_1_391' title='bbox 1251 1138 1286 1164; x_wconf 85' lang='grc' dir='ltr'>τὰ</span> <span class='ocrx_word' id='word_1_392' title='bbox 1299 1138 1410 1165; x_wconf 81' lang='grc' dir='ltr'>τοιαῦτα</span> <span class='ocrx_word' id='word_1_393' title='bbox 1429 1138 1455 1164; x_wconf 88' lang='grc' dir='ltr'><strong>τί</strong></span> <span class='ocrx_word' id='word_1_394' title='bbox 1472 1138 1504 1165; x_wconf 77' lang='grc' dir='ltr'>ἄν</span> <span class='ocrx_word' id='word_1_395' title='bbox 1528 1146 1570 1169; x_wconf 84' lang='grc' dir='ltr'><strong>τις</strong></span> <span class='ocrx_word' id='word_1_396' title='bbox 1588 1137 1677 1171; x_wconf 69' lang='grc' dir='ltr'>λέγοις</span> <span class='ocrx_word' id='word_1_397' title='bbox 1699 1138 1715 1173; x_wconf 83' lang='grc' dir='ltr'><strong>ἢ</strong></span> <span class='ocrx_word' id='word_1_398' title='bbox 1730 1137 1764 1164; x_wconf 84' lang='grc' dir='ltr'><strong>τὰ</strong></span> <span class='ocrx_word' id='word_1_399' title='bbox 1780 1137 1865 1172; x_wconf 77' lang='grc' dir='ltr'>ἐδάφη</span> 
     </span>
    </p>
   </div>
   <div class='ocr_carea' id='block_1_56' title="bbox 1081 1183 1864 1218">
    <p class='ocr_par' dir='ltr' id='par_1_56' title="bbox 1081 1183 1864 1218">
     <span class='ocr_line' id='line_1_56' title="bbox 1081 1183 1864 1218; baseline -0.001 -8"><span class='ocrx_word' id='word_1_400' title='bbox 1081 1183 1135 1210; x_wconf 83' lang='grc' dir='ltr'>τῶν</span> <span class='ocrx_word' id='word_1_401' title='bbox 1161 1184 1252 1210; x_wconf 82' lang='grc' dir='ltr'>οἰκιῶν</span> <span class='ocrx_word' id='word_1_402' title='bbox 1275 1185 1335 1214; x_wconf 83' lang='grc' dir='ltr'>ταῖς</span> <span class='ocrx_word' id='word_1_403' title='bbox 1357 1184 1492 1215; x_wconf 74' lang='grc' dir='ltr'>ποικίλαις</span> <span class='ocrx_word' id='word_1_404' title='bbox 1508 1183 1561 1209; x_wconf 86' lang='grc' dir='ltr'>τῶν</span> <span class='ocrx_word' id='word_1_405' title='bbox 1584 1183 1663 1210; x_wconf 81' lang='grc' dir='ltr'>λίθων</span> <span class='ocrx_word' id='word_1_406' title='bbox 1678 1183 1775 1218; x_wconf 72' lang='grc' dir='ltr'>βαφαῖς</span> <span class='ocrx_word' id='word_1_407' title='bbox 1799 1183 1864 1209; x_wconf 85' lang='grc' dir='ltr'>ὑπο-</span> 
     </span>
    </p>
   </div>
   <div class='ocr_carea' id='block_1_57' title="bbox 1081 1228 1866 1263">
    <p class='ocr_par' dir='ltr' id='par_1_57' title="bbox 1081 1228 1866 1263">
     <span class='ocr_line' id='line_1_57' title="bbox 1081 1228 1866 1263; baseline 0 -8"><span class='ocrx_word' id='word_1_408' title='bbox 1081 1229 1221 1263; x_wconf 83' lang='grc' dir='ltr'>λάμποντα</span> <span class='ocrx_word' id='word_1_409' title='bbox 1231 1249 1238 1261; x_wconf 86' lang='grc'><em>,</em></span> <span class='ocrx_word' id='word_1_410' title='bbox 1254 1228 1291 1260; x_wconf 83' lang='grc' dir='ltr'>ὡς</span> <span class='ocrx_word' id='word_1_411' title='bbox 1305 1228 1338 1254; x_wconf 77' lang='grc' dir='ltr'>ἂν</span> <span class='ocrx_word' id='word_1_412' title='bbox 1352 1229 1398 1255; x_wconf 75' lang='grc' dir='ltr'>καὶ</span> <span class='ocrx_word' id='word_1_413' title='bbox 1413 1229 1436 1254; x_wconf 88' lang='grc' dir='ltr'>οἱ</span> <span class='ocrx_word' id='word_1_414' title='bbox 1453 1228 1533 1260; x_wconf 79' lang='grc' dir='ltr'>πόδες</span> <span class='ocrx_word' id='word_1_415' title='bbox 1546 1228 1634 1254; x_wconf 78' lang='grc' dir='ltr'>αὐτῶν</span> <span class='ocrx_word' id='word_1_416' title='bbox 1648 1228 1697 1263; x_wconf 85' lang='grc' dir='ltr'>τῆς</span> <span class='ocrx_word' id='word_1_417' title='bbox 1713 1228 1799 1263; x_wconf 78' lang='grc' dir='ltr'>αὐγῆς</span> <span class='ocrx_word' id='word_1_418' title='bbox 1812 1229 1866 1255; x_wconf 85' lang='grc' dir='ltr'>τῶν</span> 
     </span>
    </p>
   </div>
   <div class='ocr_carea' id='block_1_58' title="bbox 1081 1274 1866 1309">
    <p class='ocr_par' dir='ltr' id='par_1_58' title="bbox 1081 1274 1866 1309">
     <span class='ocr_line' id='line_1_58' title="bbox 1081 1274 1866 1309; baseline 0 -9"><span class='ocrx_word' id='word_1_419' title='bbox 1081 1274 1163 1301; x_wconf 79' lang='grc' dir='ltr'>λίθων</span> <span class='ocrx_word' id='word_1_420' title='bbox 1174 1274 1379 1309; x_wconf 70' lang='grc' dir='ltr'>κατατρυφῶσι,</span> <span class='ocrx_word' id='word_1_421' title='bbox 1394 1275 1442 1309; x_wconf 88' lang='grc' dir='ltr'>τήν</span> <span class='ocrx_word' id='word_1_422' title='bbox 1458 1283 1488 1300; x_wconf 89' lang='grc' dir='ltr'><strong>τε</strong></span> <span class='ocrx_word' id='word_1_423' title='bbox 1502 1274 1571 1300; x_wconf 76' lang='grc' dir='ltr'>κατὰ</span> <span class='ocrx_word' id='word_1_424' title='bbox 1585 1274 1615 1300; x_wconf 72' lang='grc' dir='ltr'><strong>τὸ</strong></span> <span class='ocrx_word' id='word_1_425' title='bbox 1632 1274 1733 1308; x_wconf 78' lang='grc' dir='ltr'>πλῆθος</span> <span class='ocrx_word' id='word_1_426' title='bbox 1748 1274 1801 1300; x_wconf 75' lang='grc' dir='ltr'>τῶν</span> <span class='ocrx_word' id='word_1_427' title='bbox 1812 1283 1866 1301; x_wconf 89' lang='grc' dir='ltr'>τοι-</span> 
     </span>
    </p>
   </div>
   <div class='ocr_carea' id='block_1_59' title="bbox 1081 1316 1866 1355">
    <p class='ocr_par' dir='ltr' id='par_1_59' title="bbox 1081 1316 1866 1355">
     <span class='ocr_line' id='line_1_59' title="bbox 1081 1316 1866 1355; baseline 0 -10"><span class='ocrx_word' id='word_1_428' title='bbox 1081 1319 1166 1346; x_wconf 81' lang='grc' dir='ltr'>ούτων</span> <span class='ocrx_word' id='word_1_429' title='bbox 1180 1319 1262 1346; x_wconf 77' lang='grc' dir='ltr'>οἴκων</span> <span class='ocrx_word' id='word_1_430' title='bbox 1279 1319 1443 1354; x_wconf 78' lang='grc' dir='ltr'>φιλοτιμίαν,</span> <span class='ocrx_word' id='word_1_431' title='bbox 1465 1316 1502 1346; x_wconf 83' lang='grc' dir='ltr'>ὧν</span> <span class='ocrx_word' id='word_1_432' title='bbox 1524 1319 1583 1355; x_wconf 77' lang='grc' dir='ltr'>οὐχὶ</span> <span class='ocrx_word' id='word_1_433' title='bbox 1597 1320 1612 1354; x_wconf 81' lang='grc' dir='ltr'>ἡ</span> <span class='ocrx_word' id='word_1_434' title='bbox 1634 1320 1712 1354; x_wconf 79' lang='grc' dir='ltr'>χρεία</span> <span class='ocrx_word' id='word_1_435' title='bbox 1729 1320 1778 1354; x_wconf 76' lang='grc' dir='ltr'>τῆς</span> <span class='ocrx_word' id='word_1_436' title='bbox 1794 1320 1866 1355; x_wconf 79' lang='grc' dir='ltr'>ζωῆς</span> 
     </span>
    </p>
   </div>
   <div class='ocr_carea' id='block_1_60' title="bbox 1082 1364 1867 1401">
    <p class='ocr_par' dir='ltr' id='par_1_60' title="bbox 1082 1364 1867 1401">
     <span class='ocr_line' id='line_1_60' title="bbox 1082 1364 1867 1401; baseline 0.001 -10"><span class='ocrx_word' id='word_1_437' title='bbox 1082 1364 1130 1400; x_wconf 82' lang='grc' dir='ltr'>τὴν</span> <span class='ocrx_word' id='word_1_438' title='bbox 1150 1365 1320 1400; x_wconf 78' lang='grc' dir='ltr'>κατασκευὴν</span> <span class='ocrx_word' id='word_1_439' title='bbox 1339 1365 1490 1399; x_wconf 78' lang='grc' dir='ltr'>ἀναγκαίαν</span> <span class='ocrx_word' id='word_1_440' title='bbox 1514 1366 1596 1397; x_wconf 82' lang='grc' dir='ltr'>ποιεῖ,</span> <span class='ocrx_word' id='word_1_441' title='bbox 1618 1365 1675 1392; x_wconf 82' lang='grc' dir='ltr'>ἀλλ’</span> <span class='ocrx_word' id='word_1_442' title='bbox 1693 1367 1710 1401; x_wconf 81' lang='grc' dir='ltr'><strong>ἡ</strong></span> <span class='ocrx_word' id='word_1_443' title='bbox 1733 1366 1867 1401; x_wconf 80' lang='grc' dir='ltr'>ἐπιθυμία</span> 
     </span>
    </p>
   </div>
   <div class='ocr_carea' id='block_1_61' title="bbox 1082 1408 1867 1446">
    <p class='ocr_par' dir='ltr' id='par_1_61' title="bbox 1082 1408 1867 1446">
     <span class='ocr_line' id='line_1_61' title="bbox 1082 1408 1867 1446; baseline 0.004 -12"><span class='ocrx_word' id='word_1_444' title='bbox 1082 1408 1125 1435; x_wconf 75' lang='grc' dir='ltr'><strong>διὰ</strong></span> <span class='ocrx_word' id='word_1_445' title='bbox 1143 1408 1198 1434; x_wconf 85' lang='grc' dir='ltr'>τῶν</span> <span class='ocrx_word' id='word_1_446' title='bbox 1217 1409 1336 1444; x_wconf 84' lang='grc' dir='ltr'>ἀνοήτων</span> <span class='ocrx_word' id='word_1_447' title='bbox 1352 1409 1484 1444; x_wconf 73' lang='grc' dir='ltr'>προϊοῦσα</span> <span class='ocrx_word' id='word_1_448' title='bbox 1503 1410 1623 1445; x_wconf 77' lang='grc' dir='ltr'>εὑρίσκει</span> <span class='ocrx_word' id='word_1_449' title='bbox 1648 1410 1786 1446; x_wconf 79' lang='grc' dir='ltr'>ἀκαιρίαν.</span> <span class='ocrx_word' id='word_1_450' title='bbox 1806 1412 1867 1446; x_wconf 82' lang='grc' dir='ltr'><strong>Χρὴ</strong></span> 
     </span>
    </p>
   </div>
   <div class='ocr_carea' id='block_1_62' title="bbox 1082 1452 1868 1491">
    <p class='ocr_par' dir='ltr' id='par_1_62' title="bbox 1082 1452 1868 1491">
     <span class='ocr_line' id='line_1_62' title="bbox 1082 1452 1868 1491; baseline 0.004 -12"><span class='ocrx_word' id='word_1_451' title='bbox 1082 1454 1136 1488; x_wconf 84' lang='grc' dir='ltr'><strong>γὰρ</strong></span> <span class='ocrx_word' id='word_1_452' title='bbox 1149 1454 1202 1480; x_wconf 83' lang='grc' dir='ltr'>τῶν</span> <span class='ocrx_word' id='word_1_453' title='bbox 1215 1455 1296 1480; x_wconf 76' lang='grc' dir='ltr'>οἴκων</span> <span class='ocrx_word' id='word_1_454' title='bbox 1309 1455 1371 1485; x_wconf 76' lang='grc' dir='ltr'>τοὺς</span> <span class='ocrx_word' id='word_1_455' title='bbox 1387 1455 1433 1490; x_wconf 82' lang='grc' dir='ltr'>μὲν</span> <span class='ocrx_word' id='word_1_456' title='bbox 1445 1455 1561 1490; x_wconf 78' lang='grc' dir='ltr'>δρόμους</span> <span class='ocrx_word' id='word_1_457' title='bbox 1575 1452 1655 1486; x_wconf 75' lang='grc' dir='ltr'>εἶναι,</span> <span class='ocrx_word' id='word_1_458' title='bbox 1672 1456 1734 1486; x_wconf 82' lang='grc' dir='ltr'>τοὺς</span> <span class='ocrx_word' id='word_1_459' title='bbox 1745 1456 1774 1482; x_wconf 81' lang='grc' dir='ltr'>δὲ</span> <span class='ocrx_word' id='word_1_460' title='bbox 1788 1465 1868 1491; x_wconf 86' lang='grc' dir='ltr'>περι-</span> 
     </span>
    </p>
   </div>
   <div class='ocr_carea' id='block_1_63' title="bbox 1083 1500 1920 1536">
    <p class='ocr_par' dir='ltr' id='par_1_63' title="bbox 1083 1500 1920 1536">
     <span class='ocr_line' id='line_1_63' title="bbox 1083 1500 1920 1536; baseline 0.004 -10"><span class='ocrx_word' id='word_1_461' title='bbox 1083 1500 1199 1532; x_wconf 85' lang='grc' dir='ltr'>πάτους“,</span> <span class='ocrx_word' id='word_1_462' title='bbox 1215 1501 1278 1532; x_wconf 72' lang='grc' dir='ltr'>τοὺς</span> <span class='ocrx_word' id='word_1_463' title='bbox 1295 1501 1344 1535; x_wconf 81' lang='grc' dir='ltr'>μὲν</span> <span class='ocrx_word' id='word_1_464' title='bbox 1365 1501 1508 1532; x_wconf 69' lang='grc' dir='ltr'>εὶσοδίους,</span> <span class='ocrx_word' id='word_1_465' title='bbox 1528 1502 1591 1532; x_wconf 77' lang='grc' dir='ltr'>τοὺς</span> <span class='ocrx_word' id='word_1_466' title='bbox 1606 1501 1634 1528; x_wconf 80' lang='grc' dir='ltr'>δὲ</span> <span class='ocrx_word' id='word_1_467' title='bbox 1664 1502 1866 1536; x_wconf 78' lang='grc' dir='ltr'>προεισοδίους,</span> <span class='ocrx_word' id='word_1_468' title='bbox 1913 1504 1920 1510; x_wconf 95' lang='grc'><strong><em>“</em></strong></span> 
     </span>
    </p>
   </div>
   <div class='ocr_carea' id='block_1_64' title="bbox 247 1544 1032 1581">
    <p class='ocr_par' dir='ltr' id='par_1_64' title="bbox 247 1544 1031 1579">
     <span class='ocr_line' id='line_1_64' title="bbox 247 1544 1031 1579; baseline -0.006 -5"><span class='ocrx_word' id='word_1_469' title='bbox 247 1545 486 1578; x_wconf 80' lang='lat' dir='ltr'><strong>(lcambulanduui,</strong></span> <span class='ocrx_word' id='word_1_470' title='bbox 507 1545 576 1572; x_wconf 88' lang='lat' dir='ltr'><strong>alias</strong></span> <span class='ocrx_word' id='word_1_471' title='bbox 597 1545 629 1572; x_wconf 84' lang='lat' dir='ltr'><strong>ad</strong></span> <span class='ocrx_word' id='word_1_472' title='bbox 655 1545 819 1579; x_wconf 69' lang='lat' dir='ltr'><strong>ingressum,</strong></span> <span class='ocrx_word' id='word_1_473' title='bbox 843 1544 909 1570; x_wconf 90' lang='lat' dir='ltr'><strong>alias</strong></span> <span class='ocrx_word' id='word_1_474' title='bbox 929 1544 961 1569; x_wconf 91' lang='lat' dir='ltr'><strong>ad</strong></span> <span class='ocrx_word' id='word_1_475' title='bbox 985 1551 1031 1570; x_wconf 74' lang='lat' dir='ltr'><strong>ve-</strong></span> 
     </span>
    </p>
   </div>
   <div class='ocr_carea' id='block_1_65' title="bbox 1084 1544 1868 1581">
    <p class='ocr_par' dir='ltr' id='par_1_65' title="bbox 1084 1545 1868 1581">
     <span class='ocr_line' id='line_1_65' title="bbox 1084 1545 1868 1581; baseline 0.001 -10"><span class='ocrx_word' id='word_1_476' title='bbox 1084 1545 1178 1577; x_wconf 75' lang='grc' dir='ltr'>ἇλλους</span> <span class='ocrx_word' id='word_1_477' title='bbox 1193 1546 1361 1577; x_wconf 80' lang='grc' dir='ltr'>ὲπιπυλίους.</span> <span class='ocrx_word' id='word_1_478' title='bbox 1387 1546 1425 1572; x_wconf 78' lang='grc' dir='ltr'><strong>Οὐ</strong></span> <span class='ocrx_word' id='word_1_479' title='bbox 1448 1545 1500 1581; x_wconf 74' lang='grc' dir='ltr'><strong>γὰρ</strong></span> <span class='ocrx_word' id='word_1_480' title='bbox 1529 1546 1624 1581; x_wconf 82' lang='grc' dir='ltr'>ἀρκεῖν</span> <span class='ocrx_word' id='word_1_481' title='bbox 1649 1546 1778 1580; x_wconf 80' lang='grc' dir='ltr'>ἡγοῦνται</span> <span class='ocrx_word' id='word_1_482' title='bbox 1800 1546 1868 1581; x_wconf 76' lang='grc' dir='ltr'>πρὸς</span> 
     </span>
    </p>
   </div>
   <div class='ocr_carea' id='block_1_66' title="bbox 247 1588 1033 1625">
    <p class='ocr_par' dir='ltr' id='par_1_66' title="bbox 247 1588 1033 1625">
     <span class='ocr_line' id='line_1_66' title="bbox 247 1588 1033 1625; baseline -0.006 -5"><span class='ocrx_word' id='word_1_483' title='bbox 247 1592 388 1624; x_wconf 87' lang='lat' dir='ltr'><strong>stibulum,</strong></span> <span class='ocrx_word' id='word_1_484' title='bbox 412 1591 479 1617; x_wconf 84' lang='lat' dir='ltr'><strong>alias</strong></span> <span class='ocrx_word' id='word_1_485' title='bbox 501 1598 560 1624; x_wconf 65' lang='lat' dir='ltr'><strong>qua!</strong></span> <span class='ocrx_word' id='word_1_486' title='bbox 585 1590 669 1625; x_wconf 82' lang='lat' dir='ltr'><strong>portis</strong></span> <span class='ocrx_word' id='word_1_487' title='bbox 695 1590 749 1616; x_wconf 89' lang='lat' dir='ltr'><strong>sint</strong></span> <span class='ocrx_word' id='word_1_488' title='bbox 774 1590 917 1623; x_wconf 73' lang='lat' dir='ltr'><strong>illlposilﬂ‘.</strong></span> <span class='ocrx_word' id='word_1_489' title='bbox 940 1588 1033 1623; x_wconf 86' lang='lat' dir='ltr'><strong>Neque</strong></span> 
     </span>
    </p>
   </div>
   <div class='ocr_carea' id='block_1_67' title="bbox 247 1635 1033 1671">
    <p class='ocr_par' dir='ltr' id='par_1_67' title="bbox 247 1635 1033 1671">
     <span class='ocr_line' id='line_1_67' title="bbox 247 1635 1033 1671; baseline -0.004 -7"><span class='ocrx_word' id='word_1_490' title='bbox 247 1638 319 1664; x_wconf 88' lang='lat' dir='ltr'><strong>enim</strong></span> <span class='ocrx_word' id='word_1_491' title='bbox 341 1636 408 1664; x_wconf 84' lang='lat' dir='ltr'><strong>satis</strong></span> <span class='ocrx_word' id='word_1_492' title='bbox 428 1643 488 1663; x_wconf 82' lang='lat' dir='ltr'><strong>esse</strong></span> <span class='ocrx_word' id='word_1_493' title='bbox 512 1639 608 1671; x_wconf 88' lang='lat' dir='ltr'><strong>putant</strong></span> <span class='ocrx_word' id='word_1_494' title='bbox 628 1635 659 1661; x_wconf 83' lang='lat' dir='ltr'><strong>ad</strong></span> <span class='ocrx_word' id='word_1_495' title='bbox 677 1635 777 1662; x_wconf 72' lang='lat' dir='ltr'><strong>l‘astum</strong></span> <span class='ocrx_word' id='word_1_496' title='bbox 800 1641 892 1670; x_wconf 82' lang='lat' dir='ltr'><strong>portas</strong></span> <span class='ocrx_word' id='word_1_497' title='bbox 909 1639 935 1662; x_wconf 88' lang='lat' dir='ltr'><strong>et</strong></span> <span class='ocrx_word' id='word_1_498' title='bbox 952 1635 1033 1662; x_wconf 81' lang='lat' dir='ltr'><strong>vesti-</strong></span> 
     </span>
    </p>
   </div>
   <div class='ocr_carea' id='block_1_68' title="bbox 246 1681 1032 1717">
    <p class='ocr_par' dir='ltr' id='par_1_68' title="bbox 246 1681 1032 1717">
     <span class='ocr_line' id='line_1_68' title="bbox 246 1681 1032 1717; baseline -0.005 -7"><span class='ocrx_word' id='word_1_499' title='bbox 246 1683 321 1716; x_wconf 83' lang='lat' dir='ltr'><strong>bula,</strong></span> <span class='ocrx_word' id='word_1_500' title='bbox 344 1686 370 1709; x_wconf 89' lang='lat' dir='ltr'><strong>et</strong></span> <span class='ocrx_word' id='word_1_501' title='bbox 389 1683 507 1717; x_wconf 90' lang='lat' dir='ltr'><strong>amplum</strong></span> <span class='ocrx_word' id='word_1_502' title='bbox 533 1681 603 1716; x_wconf 86' lang='lat' dir='ltr'><strong>quod</strong></span> <span class='ocrx_word' id='word_1_503' title='bbox 627 1685 668 1708; x_wconf 88' lang='lat' dir='ltr'><strong>est</strong></span> <span class='ocrx_word' id='word_1_504' title='bbox 694 1681 764 1707; x_wconf 85' lang='lat' dir='ltr'><strong>intra</strong></span> <span class='ocrx_word' id='word_1_505' title='bbox 787 1685 879 1715; x_wconf 87' lang='lat' dir='ltr'><strong>portas</strong></span> <span class='ocrx_word' id='word_1_506' title='bbox 904 1681 1032 1715; x_wconf 80' lang='lat' dir='ltr'><strong>spatium,</strong></span> 
     </span>
    </p>
   </div>
   <div class='ocr_carea' id='block_1_69' title="bbox 247 1724 1033 1761">
    <p class='ocr_par' dir='ltr' id='par_1_69' title="bbox 247 1724 1033 1761">
     <span class='ocr_line' id='line_1_69' title="bbox 247 1724 1033 1761; baseline -0.006 -6"><span class='ocrx_word' id='word_1_507' title='bbox 247 1727 301 1755; x_wconf 85' lang='lat' dir='ltr'><strong>nisi</strong></span> <span class='ocrx_word' id='word_1_508' title='bbox 328 1725 544 1761; x_wconf 76' lang='lat' dir='ltr'><strong>ingredientibus</strong></span> <span class='ocrx_word' id='word_1_509' title='bbox 564 1725 697 1760; x_wconf 76' lang='lat' dir='ltr'><strong>ejusmodi</strong></span> <span class='ocrx_word' id='word_1_510' title='bbox 719 1724 783 1760; x_wconf 81' lang='lat' dir='ltr'><strong>quid</strong></span> <span class='ocrx_word' id='word_1_511' title='bbox 807 1726 881 1759; x_wconf 88' lang='lat' dir='ltr'><strong>prius</strong></span> <span class='ocrx_word' id='word_1_512' title='bbox 897 1728 1033 1756; x_wconf 79' lang='lat' dir='ltr'><strong>occurrat,</strong></span> 
     </span>
    </p>
   </div>
   <div class='ocr_carea' id='block_1_70' title="bbox 247 1769 1035 1807">
    <p class='ocr_par' dir='ltr' id='par_1_70' title="bbox 247 1769 1035 1807">
     <span class='ocr_line' id='line_1_70' title="bbox 247 1769 1035 1807; baseline -0.005 -8"><span class='ocrx_word' id='word_1_513' title='bbox 247 1771 320 1807; x_wconf 85' lang='lat' dir='ltr'><strong>quod</strong></span> <span class='ocrx_word' id='word_1_514' title='bbox 332 1771 423 1799; x_wconf 85' lang='lat' dir='ltr'><strong>statim</strong></span> <span class='ocrx_word' id='word_1_515' title='bbox 448 1771 645 1806; x_wconf 84' lang='lat' dir='ltr'><strong>ingredientem</strong></span> <span class='ocrx_word' id='word_1_516' title='bbox 675 1770 791 1796; x_wconf 81' lang='lat' dir='ltr'><strong>videndo</strong></span> <span class='ocrx_word' id='word_1_517' title='bbox 813 1770 898 1804; x_wconf 87' lang='lat' dir='ltr'><strong>possit</strong></span> <span class='ocrx_word' id='word_1_518' title='bbox 916 1769 1035 1804; x_wconf 82' lang='lat' dir='ltr'><strong>stupefa-</strong></span> 
     </span>
    </p>
   </div>
   <div class='ocr_carea' id='block_1_71' title="bbox 250 1815 1036 1850">
    <p class='ocr_par' dir='ltr' id='par_1_71' title="bbox 250 1815 1036 1850">
     <span class='ocr_line' id='line_1_71' title="bbox 250 1815 1036 1850; baseline -0.005 -5"><span class='ocrx_word' id='word_1_519' title='bbox 250 1825 322 1845; x_wconf 88' lang='lat' dir='ltr'><strong>cere.</strong></span> <span class='ocrx_word' id='word_1_520' title='bbox 350 1815 398 1844; x_wconf 81' lang='lat' dir='ltr'><strong>llis</strong></span> <span class='ocrx_word' id='word_1_521' title='bbox 421 1816 555 1844; x_wconf 83' lang='lat' dir='ltr'><strong>accedunt</strong></span> <span class='ocrx_word' id='word_1_522' title='bbox 580 1815 698 1848; x_wconf 75' lang='lat' dir='ltr'><strong>lavacra,</strong></span> <span class='ocrx_word' id='word_1_523' title='bbox 728 1822 787 1850; x_wconf 75' lang='lat' dir='ltr'><strong>quae</strong></span> <span class='ocrx_word' id='word_1_524' title='bbox 809 1822 888 1842; x_wconf 89' lang='lat' dir='ltr'><strong>usum</strong></span> <span class='ocrx_word' id='word_1_525' title='bbox 916 1815 1036 1850; x_wconf 75' lang='lat' dir='ltr'><strong>przebent</strong></span> 
     </span>
    </p>
   </div>
   <div class='ocr_carea' id='block_1_72' title="bbox 249 1859 1034 1897">
    <p class='ocr_par' dir='ltr' id='par_1_72' title="bbox 249 1859 1034 1897">
     <span class='ocr_line' id='line_1_72' title="bbox 249 1859 1034 1897; baseline -0.005 -7"><span class='ocrx_word' id='word_1_526' title='bbox 249 1863 330 1891; x_wconf 85' lang='lat' dir='ltr'><strong>simul</strong></span> <span class='ocrx_word' id='word_1_527' title='bbox 353 1869 416 1889; x_wconf 88' lang='lat' dir='ltr'><strong>cum</strong></span> <span class='ocrx_word' id='word_1_528' title='bbox 438 1861 654 1897; x_wconf 78' lang='lat' dir='ltr'><strong>magniﬁcentia,</strong></span> <span class='ocrx_word' id='word_1_529' title='bbox 680 1861 706 1887; x_wconf 93' lang='lat' dir='ltr'><strong>in</strong></span> <span class='ocrx_word' id='word_1_530' title='bbox 731 1860 844 1887; x_wconf 79' lang='lat' dir='ltr'><strong>fontium</strong></span> <span class='ocrx_word' id='word_1_531' title='bbox 870 1859 1034 1887; x_wconf 72' lang='lat' dir='ltr'><strong>abundantia</strong></span> 
     </span>
    </p>
   </div>
   <div class='ocr_carea' id='block_1_73' title="bbox 249 1905 1035 1941">
    <p class='ocr_par' dir='ltr' id='par_1_73' title="bbox 249 1905 1035 1941">
     <span class='ocr_line' id='line_1_73' title="bbox 249 1905 1035 1941; baseline -0.006 -5"><span class='ocrx_word' id='word_1_532' title='bbox 249 1909 315 1936; x_wconf 89' lang='lat' dir='ltr'><strong>totis</strong></span> <span class='ocrx_word' id='word_1_533' title='bbox 336 1907 425 1934; x_wconf 84' lang='lat' dir='ltr'><strong>ﬂuviis</strong></span> <span class='ocrx_word' id='word_1_534' title='bbox 448 1906 600 1941; x_wconf 79' lang='lat' dir='ltr'><strong>irrigantia,</strong></span> <span class='ocrx_word' id='word_1_535' title='bbox 628 1910 655 1933; x_wconf 90' lang='lat' dir='ltr'><strong>et</strong></span> <span class='ocrx_word' id='word_1_536' title='bbox 680 1913 739 1940; x_wconf 78' lang='lat' dir='ltr'><strong>quae</strong></span> <span class='ocrx_word' id='word_1_537' title='bbox 764 1910 827 1932; x_wconf 85' lang='lat' dir='ltr'><strong>ante</strong></span> <span class='ocrx_word' id='word_1_538' title='bbox 846 1913 877 1932; x_wconf 84' lang='lat' dir='ltr'><strong>ea</strong></span> <span class='ocrx_word' id='word_1_539' title='bbox 896 1905 950 1932; x_wconf 84' lang='lat' dir='ltr'><strong>sita</strong></span> <span class='ocrx_word' id='word_1_540' title='bbox 972 1909 1035 1932; x_wconf 93' lang='lat' dir='ltr'><strong>sunt</strong></span> 
     </span>
    </p>
   </div>
   <div class='ocr_carea' id='block_1_74' title="bbox 249 1948 1035 1987">
    <p class='ocr_par' dir='ltr' id='par_1_74' title="bbox 249 1948 1035 1987">
     <span class='ocr_line' id='line_1_74' title="bbox 249 1948 1035 1987; baseline -0.004 -8"><span class='ocrx_word' id='word_1_541' title='bbox 249 1952 400 1987; x_wconf 77' lang='lat' dir='ltr'><strong>gymnasia,</strong></span> <span class='ocrx_word' id='word_1_542' title='bbox 422 1958 507 1985; x_wconf 83' lang='lat' dir='ltr'><strong>eaque</strong></span> <span class='ocrx_word' id='word_1_543' title='bbox 535 1950 620 1977; x_wconf 88' lang='lat' dir='ltr'><strong>variis</strong></span> <span class='ocrx_word' id='word_1_544' title='bbox 644 1948 828 1977; x_wconf 84' lang='lat' dir='ltr'><strong>marmoribus</strong></span> <span class='ocrx_word' id='word_1_545' title='bbox 851 1949 990 1983; x_wconf 89' lang='lat' dir='ltr'><strong>splendide</strong></span> <span class='ocrx_word' id='word_1_546' title='bbox 1008 1953 1035 1976; x_wconf 91' lang='lat' dir='ltr'><strong>et</strong></span> 
     </span>
    </p>
   </div>
   <div class='ocr_carea' id='block_1_75' title="bbox 250 1996 1034 2029">
    <p class='ocr_par' dir='ltr' id='par_1_75' title="bbox 250 1996 1034 2029">
     <span class='ocr_line' id='line_1_75' title="bbox 250 1996 1034 2029; baseline -0.003 -5"><span class='ocrx_word' id='word_1_547' title='bbox 250 1997 350 2025; x_wconf 73' lang='lat' dir='ltr'><strong>aﬂabre</strong></span> <span class='ocrx_word' id='word_1_548' title='bbox 372 1996 405 2023; x_wconf 90' lang='lat' dir='ltr'><strong>ad</strong></span> <span class='ocrx_word' id='word_1_549' title='bbox 427 2000 554 2023; x_wconf 90' lang='lat' dir='ltr'><strong>ornatum</strong></span> <span class='ocrx_word' id='word_1_550' title='bbox 576 2000 743 2028; x_wconf 82' lang='lat' dir='ltr'><strong>constructa,</strong></span> <span class='ocrx_word' id='word_1_551' title='bbox 770 2001 796 2022; x_wconf 87' lang='lat' dir='ltr'><strong>et</strong></span> <span class='ocrx_word' id='word_1_552' title='bbox 820 1996 940 2029; x_wconf 85' lang='lat' dir='ltr'><strong>undique</strong></span> <span class='ocrx_word' id='word_1_553' title='bbox 961 1996 1034 2022; x_wconf 85' lang='lat' dir='ltr'><strong>circa</strong></span> 
     </span>
    </p>
   </div>
   <div class='ocr_carea' id='block_1_76' title="bbox 249 2042 1033 2078">
    <p class='ocr_par' dir='ltr' id='par_1_76' title="bbox 249 2042 1033 2078">
     <span class='ocr_line' id='line_1_76' title="bbox 249 2042 1033 2078; baseline -0.005 -6"><span class='ocrx_word' id='word_1_554' title='bbox 249 2044 321 2072; x_wconf 67' lang='lat' dir='ltr'><strong>mdes</strong></span> <span class='ocrx_word' id='word_1_555' title='bbox 334 2044 456 2078; x_wconf 88' lang='lat' dir='ltr'><strong>porticus</strong></span> <span class='ocrx_word' id='word_1_556' title='bbox 470 2042 633 2075; x_wconf 83' lang='lat' dir='ltr'><strong>Numidicis,</strong></span> <span class='ocrx_word' id='word_1_557' title='bbox 652 2042 817 2070; x_wconf 85' lang='lat' dir='ltr'><strong>Thessalicis</strong></span> <span class='ocrx_word' id='word_1_558' title='bbox 836 2047 883 2069; x_wconf 85' lang='lat' dir='ltr'><strong>aut</strong></span> <span class='ocrx_word' id='word_1_559' title='bbox 898 2042 1033 2077; x_wconf 67' lang='lat' dir='ltr'><strong>[Egilieti-</strong></span> 
     </span>
    </p>
   </div>
   <div class='ocr_carea' id='block_1_77' title="bbox 250 2087 1035 2121">
    <p class='ocr_par' dir='ltr' id='par_1_77' title="bbox 250 2087 1035 2121">
     <span class='ocr_line' id='line_1_77' title="bbox 250 2087 1035 2121; baseline -0.004 -5"><span class='ocrx_word' id='word_1_560' title='bbox 250 2089 290 2116; x_wconf 89' lang='lat' dir='ltr'><strong>cis</strong></span> <span class='ocrx_word' id='word_1_561' title='bbox 316 2089 416 2117; x_wconf 66' lang='lat' dir='ltr'><strong>innixae</strong></span> <span class='ocrx_word' id='word_1_562' title='bbox 435 2088 582 2119; x_wconf 87' lang='lat' dir='ltr'><strong>columnis,</strong></span> <span class='ocrx_word' id='word_1_563' title='bbox 612 2092 638 2115; x_wconf 87' lang='lat' dir='ltr'><strong>et</strong></span> <span class='ocrx_word' id='word_1_564' title='bbox 659 2095 696 2115; x_wconf 69' lang='lat' dir='ltr'><strong>aes</strong></span> <span class='ocrx_word' id='word_1_565' title='bbox 722 2088 748 2114; x_wconf 94' lang='lat' dir='ltr'><strong>in</strong></span> <span class='ocrx_word' id='word_1_566' title='bbox 769 2088 878 2118; x_wconf 81' lang='lat' dir='ltr'><strong>statuis,</strong></span> <span class='ocrx_word' id='word_1_567' title='bbox 910 2087 984 2121; x_wconf 84' lang='lat' dir='ltr'><strong>quod</strong></span> <span class='ocrx_word' id='word_1_568' title='bbox 1007 2087 1035 2114; x_wconf 89' lang='lat' dir='ltr'><strong>in</strong></span> 
     </span>
    </p>
   </div>
   <div class='ocr_carea' id='block_1_78' title="bbox 251 2133 1035 2171">
    <p class='ocr_par' dir='ltr' id='par_1_78' title="bbox 251 2133 1035 2171">
     <span class='ocr_line' id='line_1_78' title="bbox 251 2133 1035 2171; baseline -0.003 -9"><span class='ocrx_word' id='word_1_569' title='bbox 251 2136 324 2164; x_wconf 83' lang='lat' dir='ltr'><strong>mille</strong></span> <span class='ocrx_word' id='word_1_570' title='bbox 340 2136 444 2171; x_wconf 83' lang='lat' dir='ltr'><strong>species</strong></span> <span class='ocrx_word' id='word_1_571' title='bbox 456 2135 602 2170; x_wconf 78' lang='lat' dir='ltr'><strong>eilingitur,</strong></span> <span class='ocrx_word' id='word_1_572' title='bbox 620 2141 717 2168; x_wconf 85' lang='lat' dir='ltr'><strong>nempe</strong></span> <span class='ocrx_word' id='word_1_573' title='bbox 733 2134 759 2160; x_wconf 94' lang='lat' dir='ltr'><strong>in</strong></span> <span class='ocrx_word' id='word_1_574' title='bbox 788 2133 969 2168; x_wconf 84' lang='lat' dir='ltr'><strong>quodcunque</strong></span> <span class='ocrx_word' id='word_1_575' title='bbox 985 2141 1035 2160; x_wconf 83' lang='lat' dir='ltr'><strong>cu-</strong></span> 
     </span>
    </p>
   </div>
   <div class='ocr_carea' id='block_1_79' title="bbox 251 2178 1033 2217">
    <p class='ocr_par' dir='ltr' id='par_1_79' title="bbox 251 2178 1033 2217">
     <span class='ocr_line' id='line_1_79' title="bbox 251 2178 1033 2217; baseline -0.005 -9"><span class='ocrx_word' id='word_1_576' title='bbox 251 2181 318 2209; x_wconf 89' lang='lat' dir='ltr'><strong>riosi</strong></span> <span class='ocrx_word' id='word_1_577' title='bbox 332 2186 359 2208; x_wconf 87' lang='lat' dir='ltr'><strong>et</strong></span> <span class='ocrx_word' id='word_1_578' title='bbox 371 2181 565 2217; x_wconf 78' lang='lat' dir='ltr'><strong>supervacanei</strong></span> <span class='ocrx_word' id='word_1_579' title='bbox 581 2179 672 2214; x_wconf 88' lang='lat' dir='ltr'><strong>operis</strong></span> <span class='ocrx_word' id='word_1_580' title='bbox 685 2179 849 2206; x_wconf 81' lang='lat' dir='ltr'><strong>desiderium</strong></span> <span class='ocrx_word' id='word_1_581' title='bbox 872 2178 959 2206; x_wconf 82' lang='lat' dir='ltr'><strong>fundit</strong></span> <span class='ocrx_word' id='word_1_582' title='bbox 975 2186 1033 2204; x_wconf 85' lang='lat' dir='ltr'><strong>ma-</strong></span> 
     </span>
    </p>
   </div>
   <div class='ocr_carea' id='block_1_80' title="bbox 1084 1589 1868 1626">
    <p class='ocr_par' dir='ltr' id='par_1_80' title="bbox 1084 1589 1868 1626">
     <span class='ocr_line' id='line_1_80' title="bbox 1084 1589 1868 1626; baseline 0.001 -10"><span class='ocrx_word' id='word_1_583' title='bbox 1084 1589 1189 1625; x_wconf 84' lang='grc' dir='ltr'>κόμπον</span> <span class='ocrx_word' id='word_1_584' title='bbox 1203 1590 1252 1621; x_wconf 76' lang='grc' dir='ltr'><strong>τὰς</strong></span> <span class='ocrx_word' id='word_1_585' title='bbox 1271 1589 1357 1621; x_wconf 83' lang='grc' dir='ltr'>πύλας</span> <span class='ocrx_word' id='word_1_586' title='bbox 1372 1590 1419 1616; x_wconf 69' lang='grc' dir='ltr'>καὶ</span> <span class='ocrx_word' id='word_1_587' title='bbox 1434 1590 1467 1616; x_wconf 77' lang='grc' dir='ltr'><strong>τὰ</strong></span> <span class='ocrx_word' id='word_1_588' title='bbox 1484 1590 1647 1625; x_wconf 81' lang='grc' dir='ltr'>προπύλαια,</span> <span class='ocrx_word' id='word_1_589' title='bbox 1667 1590 1713 1617; x_wconf 79' lang='grc' dir='ltr'>καὶ</span> <span class='ocrx_word' id='word_1_590' title='bbox 1730 1591 1778 1626; x_wconf 85' lang='grc' dir='ltr'>τὴν</span> <span class='ocrx_word' id='word_1_591' title='bbox 1793 1591 1868 1623; x_wconf 53' lang='lat' dir='ltr'><strong>me;</strong></span> 
     </span>
    </p>
   </div>
   <div class='ocr_carea' id='block_1_81' title="bbox 1084 1633 1869 1670">
    <p class='ocr_par' dir='ltr' id='par_1_81' title="bbox 1084 1633 1869 1670">
     <span class='ocr_line' id='line_1_81' title="bbox 1084 1633 1869 1670; baseline 0.003 -10"><span class='ocrx_word' id='word_1_592' title='bbox 1084 1634 1137 1660; x_wconf 87' lang='grc' dir='ltr'>τῶν</span> <span class='ocrx_word' id='word_1_593' title='bbox 1152 1634 1241 1660; x_wconf 87' lang='grc' dir='ltr'>πυλῶν</span> <span class='ocrx_word' id='word_1_594' title='bbox 1254 1633 1439 1670; x_wconf 80' lang='grc' dir='ltr'>εὐρυχωρίαν,</span> <span class='ocrx_word' id='word_1_595' title='bbox 1456 1635 1479 1660; x_wconf 85' lang='grc' dir='ltr'><strong>εί</strong></span> <span class='ocrx_word' id='word_1_596' title='bbox 1501 1635 1536 1669; x_wconf 88' lang='grc' dir='ltr'>μή</span> <span class='ocrx_word' id='word_1_597' title='bbox 1550 1644 1575 1661; x_wconf 87' lang='grc' dir='ltr'><strong>τι</strong></span> <span class='ocrx_word' id='word_1_598' title='bbox 1590 1634 1709 1661; x_wconf 80' lang='grc' dir='ltr'>τοιοῦτον</span> <span class='ocrx_word' id='word_1_599' title='bbox 1723 1643 1869 1670; x_wconf 85' lang='grc' dir='ltr'>προεντυγ-</span> 
     </span>
    </p>
   </div>
   <div class='ocr_carea' id='block_1_82' title="bbox 1083 1675 1867 1714">
    <p class='ocr_par' dir='ltr' id='par_1_82' title="bbox 1083 1675 1867 1714">
     <span class='ocr_line' id='line_1_82' title="bbox 1083 1675 1867 1714; baseline 0.001 -9"><span class='ocrx_word' id='word_1_600' title='bbox 1083 1679 1158 1714; x_wconf 79' lang='grc' dir='ltr'>χάνει</span> <span class='ocrx_word' id='word_1_601' title='bbox 1185 1681 1241 1710; x_wconf 80' lang='grc' dir='ltr'>τοῖς</span> <span class='ocrx_word' id='word_1_602' title='bbox 1271 1678 1414 1710; x_wconf 79' lang='grc' dir='ltr'>εἰσιοῦσιν,</span> <span class='ocrx_word' id='word_1_603' title='bbox 1441 1675 1496 1705; x_wconf 73' lang='grc' dir='ltr'>οἷον</span> <span class='ocrx_word' id='word_1_604' title='bbox 1516 1679 1595 1710; x_wconf 61' lang='grc' dir='ltr'>εὐθὺς</span> <span class='ocrx_word' id='word_1_605' title='bbox 1620 1679 1790 1713; x_wconf 80' lang='grc' dir='ltr'>καταπλῆξαι</span> <span class='ocrx_word' id='word_1_606' title='bbox 1821 1680 1867 1706; x_wconf 86' lang='grc' dir='ltr'>τοῦ</span> 
     </span>
    </p>
   </div>
   <div class='ocr_carea' id='block_1_83' title="bbox 1084 1723 1867 1760">
    <p class='ocr_par' dir='ltr' id='par_1_83' title="bbox 1084 1723 1867 1760">
     <span class='ocr_line' id='line_1_83' title="bbox 1084 1723 1867 1760; baseline 0.005 -12"><span class='ocrx_word' id='word_1_607' title='bbox 1084 1723 1221 1758; x_wconf 81' lang='grc' dir='ltr'>ὁρωμένου</span> <span class='ocrx_word' id='word_1_608' title='bbox 1236 1723 1282 1749; x_wconf 76' lang='grc' dir='ltr'>τὸν</span> <span class='ocrx_word' id='word_1_609' title='bbox 1296 1723 1495 1758; x_wconf 77' lang='grc' dir='ltr'>εἰσερχόμενον.</span> <span class='ocrx_word' id='word_1_610' title='bbox 1514 1724 1622 1759; x_wconf 84' lang='grc' dir='ltr'>Λουτρόι</span> <span class='ocrx_word' id='word_1_611' title='bbox 1634 1733 1663 1751; x_wconf 85' lang='grc' dir='ltr'><strong>τε</strong></span> <span class='ocrx_word' id='word_1_612' title='bbox 1685 1725 1751 1760; x_wconf 77' lang='grc' dir='ltr'>πρὸς</span> <span class='ocrx_word' id='word_1_613' title='bbox 1764 1725 1867 1757; x_wconf 83' lang='grc' dir='ltr'>τούτοις</span> 
     </span>
    </p>
   </div>
   <div class='ocr_carea' id='block_1_84' title="bbox 1085 1768 1869 1805">
    <p class='ocr_par' dir='ltr' id='par_1_84' title="bbox 1085 1768 1869 1805">
     <span class='ocr_line' id='line_1_84' title="bbox 1085 1768 1869 1805; baseline 0.005 -11"><span class='ocrx_word' id='word_1_614' title='bbox 1085 1768 1274 1803; x_wconf 80' lang='grc' dir='ltr'>συμπαριόντα</span> <span class='ocrx_word' id='word_1_615' title='bbox 1285 1769 1316 1803; x_wconf 85' lang='grc' dir='ltr'><strong>τῇ</strong></span> <span class='ocrx_word' id='word_1_616' title='bbox 1334 1768 1472 1803; x_wconf 67' lang='grc' dir='ltr'>φιλοτιμίᾳ</span> <span class='ocrx_word' id='word_1_617' title='bbox 1487 1768 1536 1803; x_wconf 84' lang='grc' dir='ltr'>τὴν</span> <span class='ocrx_word' id='word_1_618' title='bbox 1549 1769 1646 1804; x_wconf 82' lang='grc' dir='ltr'>χρῆσιν</span> <span class='ocrx_word' id='word_1_619' title='bbox 1657 1772 1788 1805; x_wconf 80' lang='grc' dir='ltr'>ποταμοῖς</span> <span class='ocrx_word' id='word_1_620' title='bbox 1798 1771 1869 1803; x_wconf 78' lang='grc' dir='ltr'>ὅλοις</span> 
     </span>
    </p>
   </div>
   <div class='ocr_carea' id='block_1_85' title="bbox 1084 1813 1869 1851">
    <p class='ocr_par' dir='ltr' id='par_1_85' title="bbox 1084 1813 1869 1851">
     <span class='ocr_line' id='line_1_85' title="bbox 1084 1813 1869 1851; baseline 0.008 -13"><span class='ocrx_word' id='word_1_621' title='bbox 1084 1813 1113 1838; x_wconf 83' lang='grc' dir='ltr'>ὲν</span> <span class='ocrx_word' id='word_1_622' title='bbox 1137 1815 1169 1848; x_wconf 86' lang='grc' dir='ltr'>τῇ</span> <span class='ocrx_word' id='word_1_623' title='bbox 1191 1813 1245 1839; x_wconf 86' lang='grc' dir='ltr'>τῶν</span> <span class='ocrx_word' id='word_1_624' title='bbox 1268 1813 1389 1848; x_wconf 80' lang='grc' dir='ltr'>κρουνῶν</span> <span class='ocrx_word' id='word_1_625' title='bbox 1409 1813 1534 1849; x_wconf 59' lang='grc' dir='ltr'>δαψιλείᾳ</span> <span class='ocrx_word' id='word_1_626' title='bbox 1556 1815 1796 1851; x_wconf 79' lang='grc' dir='ltr'>κατακλυζόμενα,</span> <span class='ocrx_word' id='word_1_627' title='bbox 1820 1818 1869 1844; x_wconf 72' lang='grc' dir='ltr'><strong>καὶ</strong></span> 
     </span>
    </p>
   </div>
   <div class='ocr_carea' id='block_1_86' title="bbox 1083 1859 1868 1899">
    <p class='ocr_par' dir='ltr' id='par_1_86' title="bbox 1083 1859 1868 1899">
     <span class='ocr_line' id='line_1_86' title="bbox 1083 1859 1868 1899; baseline 0.006 -14"><span class='ocrx_word' id='word_1_628' title='bbox 1083 1859 1185 1886; x_wconf 83' lang='grc' dir='ltr'>τούτων</span> <span class='ocrx_word' id='word_1_629' title='bbox 1204 1860 1412 1895; x_wconf 73' lang='grc' dir='ltr'>προϐεϐλημένοι</span> <span class='ocrx_word' id='word_1_630' title='bbox 1427 1862 1563 1896; x_wconf 73' lang='grc' dir='ltr'>γυμνάσια</span> <span class='ocrx_word' id='word_1_631' title='bbox 1575 1882 1582 1893; x_wconf 86' lang='grc'>,</span> <span class='ocrx_word' id='word_1_632' title='bbox 1604 1863 1649 1888; x_wconf 83' lang='grc' dir='ltr'><strong>καὶ</strong></span> <span class='ocrx_word' id='word_1_633' title='bbox 1664 1863 1747 1889; x_wconf 78' lang='grc' dir='ltr'>ταῦτα</span> <span class='ocrx_word' id='word_1_634' title='bbox 1770 1872 1868 1899; x_wconf 73' lang='grc' dir='ltr'>περισο</span> 
     </span>
    </p>
   </div>
   <div class='ocr_carea' id='block_1_87' title="bbox 1085 1903 1870 1943">
    <p class='ocr_par' dir='ltr' id='par_1_87' title="bbox 1085 1903 1870 1943">
     <span class='ocr_line' id='line_1_87' title="bbox 1085 1903 1870 1943; baseline 0.006 -14"><span class='ocrx_word' id='word_1_635' title='bbox 1085 1903 1139 1934; x_wconf 84' lang='grc' dir='ltr'>σῶς</span> <span class='ocrx_word' id='word_1_636' title='bbox 1161 1903 1204 1929; x_wconf 82' lang='grc' dir='ltr'><strong>διὰ</strong></span> <span class='ocrx_word' id='word_1_637' title='bbox 1230 1904 1358 1930; x_wconf 87' lang='grc' dir='ltr'>ποικίλων</span> <span class='ocrx_word' id='word_1_638' title='bbox 1383 1905 1537 1940; x_wconf 81' lang='grc' dir='ltr'>μαρμάρων</span> <span class='ocrx_word' id='word_1_639' title='bbox 1560 1906 1599 1937; x_wconf 74' lang='grc' dir='ltr'>εἰς</span> <span class='ocrx_word' id='word_1_640' title='bbox 1623 1907 1725 1941; x_wconf 82' lang='grc' dir='ltr'>κόσμον</span> <span class='ocrx_word' id='word_1_641' title='bbox 1752 1907 1870 1943; x_wconf 73' lang='grc' dir='ltr'><strong>ἐξησκη-</strong></span> 
     </span>
    </p>
   </div>
   <div class='ocr_carea' id='block_1_88' title="bbox 1086 1949 1870 1988">
    <p class='ocr_par' dir='ltr' id='par_1_88' title="bbox 1086 1949 1870 1988">
     <span class='ocr_line' id='line_1_88' title="bbox 1086 1949 1870 1988; baseline 0.006 -14"><span class='ocrx_word' id='word_1_642' title='bbox 1086 1949 1169 1984; x_wconf 84' lang='grc' dir='ltr'>μένα,</span> <span class='ocrx_word' id='word_1_643' title='bbox 1182 1949 1256 1976; x_wconf 85' lang='grc' dir='ltr'>στοαί</span> <span class='ocrx_word' id='word_1_644' title='bbox 1266 1958 1294 1976; x_wconf 87' lang='grc' dir='ltr'><strong>τε</strong></span> <span class='ocrx_word' id='word_1_645' title='bbox 1311 1949 1478 1984; x_wconf 73' lang='grc' dir='ltr'>πανταχόθεν</span> <span class='ocrx_word' id='word_1_646' title='bbox 1506 1951 1568 1986; x_wconf 76' lang='grc' dir='ltr'>περὶ</span> <span class='ocrx_word' id='word_1_647' title='bbox 1583 1951 1631 1986; x_wconf 84' lang='grc' dir='ltr'>τὴν</span> <span class='ocrx_word' id='word_1_648' title='bbox 1652 1952 1756 1988; x_wconf 76' lang='grc' dir='ltr'>οἴκησιν</span> <span class='ocrx_word' id='word_1_649' title='bbox 1768 1953 1870 1987; x_wconf 84' lang='grc' dir='ltr'>Νουμι-</span> 
     </span>
    </p>
   </div>
   <div class='ocr_carea' id='block_1_89' title="bbox 1085 1992 1869 2032">
    <p class='ocr_par' dir='ltr' id='par_1_89' title="bbox 1085 1992 1869 2032">
     <span class='ocr_line' id='line_1_89' title="bbox 1085 1992 1869 2032; baseline 0.006 -13"><span class='ocrx_word' id='word_1_650' title='bbox 1085 1992 1167 2024; x_wconf 85' lang='grc' dir='ltr'>δίοις,</span> <span class='ocrx_word' id='word_1_651' title='bbox 1191 1993 1377 2027; x_wconf 81' lang='grc' dir='ltr'>ἢΘεσσαλοίς,</span> <span class='ocrx_word' id='word_1_652' title='bbox 1398 1995 1414 2029; x_wconf 84' lang='grc' dir='ltr'>ἢ</span> <span class='ocrx_word' id='word_1_653' title='bbox 1432 1995 1589 2030; x_wconf 78' lang='grc' dir='ltr'>Αἰγινήταις</span> <span class='ocrx_word' id='word_1_654' title='bbox 1604 1996 1709 2028; x_wconf 82' lang='grc' dir='ltr'>στύλοις</span> <span class='ocrx_word' id='word_1_655' title='bbox 1728 1998 1869 2032; x_wconf 81' lang='grc' dir='ltr'>ὑπερειδό-</span> 
     </span>
    </p>
   </div>
   <div class='ocr_carea' id='block_1_90' title="bbox 1087 2039 1868 2078">
    <p class='ocr_par' dir='ltr' id='par_1_90' title="bbox 1087 2039 1868 2078">
     <span class='ocr_line' id='line_1_90' title="bbox 1087 2039 1868 2078; baseline 0.006 -14"><span class='ocrx_word' id='word_1_656' title='bbox 1087 2047 1178 2073; x_wconf 79' lang='grc' dir='ltr'>μεναι,</span> <span class='ocrx_word' id='word_1_657' title='bbox 1190 2040 1242 2067; x_wconf 81' lang='grc' dir='ltr'>ὅτε</span> <span class='ocrx_word' id='word_1_658' title='bbox 1258 2039 1287 2064; x_wconf 79' lang='grc' dir='ltr'>ἐν</span> <span class='ocrx_word' id='word_1_659' title='bbox 1304 2040 1360 2070; x_wconf 84' lang='grc' dir='ltr'>τοῖς</span> <span class='ocrx_word' id='word_1_660' title='bbox 1385 2039 1508 2075; x_wconf 74' lang='grc' dir='ltr'>ἀνδριᾶσι</span> <span class='ocrx_word' id='word_1_661' title='bbox 1533 2040 1634 2075; x_wconf 79' lang='grc' dir='ltr'>χαλκὸς</span> <span class='ocrx_word' id='word_1_662' title='bbox 1657 2041 1709 2074; x_wconf 78' lang='grc' dir='ltr'><strong>ὢν,</strong></span> <span class='ocrx_word' id='word_1_663' title='bbox 1727 2043 1766 2074; x_wconf 82' lang='grc' dir='ltr'>εἰς</span> <span class='ocrx_word' id='word_1_664' title='bbox 1784 2043 1868 2078; x_wconf 83' lang='grc' dir='ltr'>μυρία</span> 
     </span>
    </p>
   </div>
   <div class='ocr_carea' id='block_1_91' title="bbox 1085 2083 1870 2123">
    <p class='ocr_par' dir='ltr' id='par_1_91' title="bbox 1085 2083 1870 2123">
     <span class='ocr_line' id='line_1_91' title="bbox 1085 2083 1870 2123; baseline 0.005 -14"><span class='ocrx_word' id='word_1_665' title='bbox 1085 2083 1141 2119; x_wconf 81' lang='grc' dir='ltr'>εἴδη</span> <span class='ocrx_word' id='word_1_666' title='bbox 1158 2083 1360 2118; x_wconf 75' lang='grc' dir='ltr'>σχηματίζοι-το,</span> <span class='ocrx_word' id='word_1_667' title='bbox 1376 2085 1444 2120; x_wconf 78' lang='grc' dir='ltr'>πρὸς</span> <span class='ocrx_word' id='word_1_668' title='bbox 1459 2085 1507 2111; x_wconf 83' lang='grc' dir='ltr'>ὃτι</span> <span class='ocrx_word' id='word_1_669' title='bbox 1524 2086 1540 2120; x_wconf 82' lang='grc' dir='ltr'>ἡ</span> <span class='ocrx_word' id='word_1_670' title='bbox 1555 2085 1687 2121; x_wconf 80' lang='grc' dir='ltr'>ἐπιθυμία</span> <span class='ocrx_word' id='word_1_671' title='bbox 1697 2087 1747 2122; x_wconf 77' lang='grc' dir='ltr'>τῆς</span> <span class='ocrx_word' id='word_1_672' title='bbox 1760 2095 1870 2123; x_wconf 86' lang='grc' dir='ltr'>περιερ-</span> 
     </span>
    </p>
   </div>
   <div class='ocr_carea' id='block_1_92' title="bbox 1085 2129 1868 2168">
    <p class='ocr_par' dir='ltr' id='par_1_92' title="bbox 1085 2129 1868 2168">
     <span class='ocr_line' id='line_1_92' title="bbox 1085 2129 1868 2168; baseline 0.008 -14"><span class='ocrx_word' id='word_1_673' title='bbox 1085 2129 1160 2163; x_wconf 86' lang='grc' dir='ltr'>γείας</span> <span class='ocrx_word' id='word_1_674' title='bbox 1171 2129 1227 2164; x_wconf 79' lang='grc' dir='ltr'>χέει</span> <span class='ocrx_word' id='word_1_675' title='bbox 1237 2129 1286 2165; x_wconf 77' lang='grc' dir='ltr'>τὴν</span> <span class='ocrx_word' id='word_1_676' title='bbox 1302 2129 1377 2165; x_wconf 82' lang='grc' dir='ltr'>ὓλην,</span> <span class='ocrx_word' id='word_1_677' title='bbox 1393 2131 1427 2156; x_wconf 82' lang='grc' dir='ltr'>τά</span> <span class='ocrx_word' id='word_1_678' title='bbox 1437 2139 1466 2156; x_wconf 84' lang='grc' dir='ltr'><strong>τε</strong></span> <span class='ocrx_word' id='word_1_679' title='bbox 1482 2131 1514 2157; x_wconf 74' lang='grc' dir='ltr'><strong>ἐκ</strong></span> <span class='ocrx_word' id='word_1_680' title='bbox 1527 2131 1580 2158; x_wconf 86' lang='grc' dir='ltr'>τῶν</span> <span class='ocrx_word' id='word_1_681' title='bbox 1596 2132 1749 2168; x_wconf 84' lang='grc' dir='ltr'>μαρμάρων</span> <span class='ocrx_word' id='word_1_682' title='bbox 1761 2133 1868 2165; x_wconf 69' lang='grc' dir='ltr'>εἴδωλα,</span> 
     </span>
    </p>
   </div>
   <div class='ocr_carea' id='block_1_93' title="bbox 1085 2175 1870 2213">
    <p class='ocr_par' dir='ltr' id='par_1_93' title="bbox 1085 2175 1870 2213">
     <span class='ocr_line' id='line_1_93' title="bbox 1085 2175 1870 2213; baseline 0.009 -14"><span class='ocrx_word' id='word_1_683' title='bbox 1085 2175 1133 2200; x_wconf 78' lang='grc' dir='ltr'><strong>καὶ</strong></span> <span class='ocrx_word' id='word_1_684' title='bbox 1159 2175 1209 2206; x_wconf 80' lang='grc' dir='ltr'>τὰς</span> <span class='ocrx_word' id='word_1_685' title='bbox 1236 2176 1282 2201; x_wconf 76' lang='grc' dir='ltr'><strong>ἐπὶ</strong></span> <span class='ocrx_word' id='word_1_686' title='bbox 1307 2175 1362 2201; x_wconf 83' lang='grc' dir='ltr'><strong>τῶν</strong></span> <span class='ocrx_word' id='word_1_687' title='bbox 1382 2176 1505 2203; x_wconf 83' lang='grc' dir='ltr'>πινάκων</span> <span class='ocrx_word' id='word_1_688' title='bbox 1528 2178 1698 2213; x_wconf 75' lang='grc' dir='ltr'>ἐπιγραφὰς,</span> <span class='ocrx_word' id='word_1_689' title='bbox 1716 2178 1749 2205; x_wconf 88' lang='grc' dir='ltr'><strong>δι’</strong></span> <span class='ocrx_word' id='word_1_690' title='bbox 1765 2176 1803 2206; x_wconf 87' lang='grc' dir='ltr'>ὧν</span> <span class='ocrx_word' id='word_1_691' title='bbox 1821 2181 1870 2206; x_wconf 76' lang='grc' dir='ltr'><strong>καὶ</strong></span> 
     </span>
    </p>
   </div>
   <div class='ocr_carea' id='block_1_94' title="bbox 251 2218 1032 2264">
    <p class='ocr_par' dir='ltr' id='par_1_94' title="bbox 251 2224 1032 2264">
     <span class='ocr_line' id='line_1_94' title="bbox 251 2224 1032 2264; baseline -0.003 -12"><span class='ocrx_word' id='word_1_692' title='bbox 251 2226 359 2259; x_wconf 81' lang='lat' dir='ltr'><strong>teriam,</strong></span> <span class='ocrx_word' id='word_1_693' title='bbox 373 2230 399 2253; x_wconf 87' lang='lat' dir='ltr'><strong>et</strong></span> <span class='ocrx_word' id='word_1_694' title='bbox 422 2234 482 2264; x_wconf 70' lang='lat' dir='ltr'><strong>qum</strong></span> <span class='ocrx_word' id='word_1_695' title='bbox 498 2227 525 2253; x_wconf 93' lang='lat' dir='ltr'><strong>in</strong></span> <span class='ocrx_word' id='word_1_696' title='bbox 547 2225 647 2252; x_wconf 84' lang='lat' dir='ltr'><strong>tabulis</strong></span> <span class='ocrx_word' id='word_1_697' title='bbox 663 2225 785 2259; x_wconf 68' lang='lat' dir='ltr'><strong>picturaa,</strong></span> <span class='ocrx_word' id='word_1_698' title='bbox 809 2231 857 2258; x_wconf 88' lang='lat' dir='ltr'><strong>per</strong></span> <span class='ocrx_word' id='word_1_699' title='bbox 869 2230 937 2258; x_wconf 84' lang='lat' dir='ltr'><strong>quas</strong></span> <span class='ocrx_word' id='word_1_700' title='bbox 954 2224 1032 2250; x_wconf 80' lang='lat' dir='ltr'><strong>etiam</strong></span> 
     </span>
    </p>
   </div>
   <div class='ocr_carea' id='block_1_95' title="bbox 1084 2218 1871 2264">
    <p class='ocr_par' dir='ltr' id='par_1_95' title="bbox 1088 2220 1871 2260">
     <span class='ocr_line' id='line_1_95' title="bbox 1088 2220 1871 2260; baseline 0.006 -14"><span class='ocrx_word' id='word_1_701' title='bbox 1088 2221 1143 2251; x_wconf 84' lang='grc' dir='ltr'>τοῖς</span> <span class='ocrx_word' id='word_1_702' title='bbox 1166 2220 1313 2255; x_wconf 54' lang='grc' dir='ltr'>ὀφθαλμοῖς</span> <span class='ocrx_word' id='word_1_703' title='bbox 1338 2221 1561 2257; x_wconf 83' lang='grc' dir='ltr'>ὲκπορνεύουσιν,</span> <span class='ocrx_word' id='word_1_704' title='bbox 1585 2222 1795 2259; x_wconf 79' lang='grc' dir='ltr'>ἁπογυμνούσης</span> <span class='ocrx_word' id='word_1_705' title='bbox 1819 2225 1871 2260; x_wconf 81' lang='grc' dir='ltr'>τῆς</span> 
     </span>
    </p>
   </div>
   <div class='ocr_carea' id='block_1_96' title="bbox 250 2269 1035 2304">
    <p class='ocr_par' dir='ltr' id='par_1_96' title="bbox 250 2269 1035 2304">
     <span class='ocr_line' id='line_1_96' title="bbox 250 2269 1035 2304; baseline -0.005 -6"><span class='ocrx_word' id='word_1_706' title='bbox 250 2271 422 2299; x_wconf 78' lang='lat' dir='ltr'><strong>fornicamur</strong></span> <span class='ocrx_word' id='word_1_707' title='bbox 444 2271 542 2302; x_wconf 88' lang='lat' dir='ltr'><strong>oculis,</strong></span> <span class='ocrx_word' id='word_1_708' title='bbox 565 2275 623 2297; x_wconf 84' lang='lat' dir='ltr'><strong>arte</strong></span> <span class='ocrx_word' id='word_1_709' title='bbox 639 2270 775 2304; x_wconf 85' lang='lat' dir='ltr'><strong>aperiente</strong></span> <span class='ocrx_word' id='word_1_710' title='bbox 792 2277 840 2304; x_wconf 85' lang='lat' dir='ltr'><strong>per</strong></span> <span class='ocrx_word' id='word_1_711' title='bbox 859 2269 1035 2295; x_wconf 85' lang='lat' dir='ltr'><strong>imitationem</strong></span> 
     </span>
    </p>
   </div>
   <div class='ocr_carea' id='block_1_97' title="bbox 250 2313 1037 2353">
    <p class='ocr_par' dir='ltr' id='par_1_97' title="bbox 250 2313 1037 2353">
     <span class='ocr_line' id='line_1_97' title="bbox 250 2313 1037 2353; baseline -0.006 -9"><span class='ocrx_word' id='word_1_712' title='bbox 250 2325 282 2344; x_wconf 89' lang='lat' dir='ltr'><strong>ea</strong></span> <span class='ocrx_word' id='word_1_713' title='bbox 297 2324 358 2351; x_wconf 68' lang='lat' dir='ltr'><strong>qua:</strong></span> <span class='ocrx_word' id='word_1_714' title='bbox 371 2317 455 2351; x_wconf 86' lang='lat' dir='ltr'><strong>aspici</strong></span> <span class='ocrx_word' id='word_1_715' title='bbox 477 2320 626 2353; x_wconf 82' lang='lat' dir='ltr'><strong>nequeunt.</strong></span> <span class='ocrx_word' id='word_1_716' title='bbox 640 2320 667 2342; x_wconf 87' lang='lat' dir='ltr'><strong>et</strong></span> <span class='ocrx_word' id='word_1_717' title='bbox 686 2321 855 2349; x_wconf 67' lang='lat' dir='ltr'><strong>qumcunqne</strong></span> <span class='ocrx_word' id='word_1_718' title='bbox 870 2313 934 2340; x_wconf 86' lang='lat' dir='ltr'><strong>licet</strong></span> <span class='ocrx_word' id='word_1_719' title='bbox 948 2313 1037 2340; x_wconf 83' lang='lat' dir='ltr'><strong>ridere</strong></span> 
     </span>
    </p>
   </div>
   <div class='ocr_carea' id='block_1_98' title="bbox 252 2358 1037 2396">
    <p class='ocr_par' dir='ltr' id='par_1_98' title="bbox 252 2358 1037 2396">
     <span class='ocr_line' id='line_1_98' title="bbox 252 2358 1037 2396; baseline -0.006 -7"><span class='ocrx_word' id='word_1_720' title='bbox 252 2362 279 2389; x_wconf 93' lang='lat' dir='ltr'><strong>in</strong></span> <span class='ocrx_word' id='word_1_721' title='bbox 298 2362 332 2389; x_wconf 91' lang='lat' dir='ltr'><strong>iis</strong></span> <span class='ocrx_word' id='word_1_722' title='bbox 347 2369 407 2396; x_wconf 64' lang='lat' dir='ltr'><strong>qua:</strong></span> <span class='ocrx_word' id='word_1_723' title='bbox 427 2365 491 2388; x_wconf 86' lang='lat' dir='ltr'><strong>sunt</strong></span> <span class='ocrx_word' id='word_1_724' title='bbox 504 2359 640 2394; x_wconf 79' lang='lat' dir='ltr'><strong>ejusmodi</strong></span> <span class='ocrx_word' id='word_1_725' title='bbox 664 2359 766 2386; x_wconf 84' lang='lat' dir='ltr'><strong>atl&#39;abre</strong></span> <span class='ocrx_word' id='word_1_726' title='bbox 783 2358 853 2386; x_wconf 77' lang='lat' dir='ltr'><strong>facta</strong></span> <span class='ocrx_word' id='word_1_727' title='bbox 868 2358 901 2385; x_wconf 87' lang='lat' dir='ltr'><strong>ad</strong></span> <span class='ocrx_word' id='word_1_728' title='bbox 919 2358 1037 2385; x_wconf 83' lang='lat' dir='ltr'><strong>admira-</strong></span> 
     </span>
    </p>
   </div>
   <div class='ocr_carea' id='block_1_99' title="bbox 251 2406 656 2442">
    <p class='ocr_par' dir='ltr' id='par_1_99' title="bbox 251 2406 656 2442">
     <span class='ocr_line' id='line_1_99' title="bbox 251 2406 656 2442; baseline -0.005 -8"><span class='ocrx_word' id='word_1_729' title='bbox 251 2408 353 2435; x_wconf 88' lang='lat' dir='ltr'><strong>tionem</strong></span> <span class='ocrx_word' id='word_1_730' title='bbox 373 2411 400 2434; x_wconf 88' lang='lat' dir='ltr'><strong>et</strong></span> <span class='ocrx_word' id='word_1_731' title='bbox 414 2406 656 2442; x_wconf 85' lang='lat' dir='ltr'><strong>pulchritudinem.</strong></span> 
     </span>
    </p>
   </div>
   <div class='ocr_carea' id='block_1_100' title="bbox 288 2449 1035 2487">
    <p class='ocr_par' dir='ltr' id='par_1_100' title="bbox 288 2449 1035 2487">
     <span class='ocr_line' id='line_1_100' title="bbox 288 2449 1035 2487; baseline -0.007 -7"><span class='ocrx_word' id='word_1_732' title='bbox 288 2452 430 2486; x_wconf 89' lang='lat' dir='ltr'><strong>Quomodo</strong></span> <span class='ocrx_word' id='word_1_733' title='bbox 447 2459 555 2487; x_wconf 87' lang='lat' dir='ltr'><strong>possem</strong></span> <span class='ocrx_word' id='word_1_734' title='bbox 579 2451 718 2485; x_wconf 77' lang='lat' dir='ltr'><strong>sigillatim</strong></span> <span class='ocrx_word' id='word_1_735' title='bbox 747 2450 836 2477; x_wconf 79' lang='lat' dir='ltr'><strong>verbis</strong></span> <span class='ocrx_word' id='word_1_736' title='bbox 856 2449 981 2484; x_wconf 83' lang='lat' dir='ltr'><strong>persequi</strong></span> <span class='ocrx_word' id='word_1_737' title='bbox 1004 2456 1035 2475; x_wconf 85' lang='lat' dir='ltr'><strong>ea</strong></span> 
     </span>
    </p>
   </div>
   <div class='ocr_carea' id='block_1_101' title="bbox 252 2493 1036 2533">
    <p class='ocr_par' dir='ltr' id='par_1_101' title="bbox 252 2493 1036 2533">
     <span class='ocr_line' id='line_1_101' title="bbox 252 2493 1036 2533; baseline -0.009 -8"><span class='ocrx_word' id='word_1_738' title='bbox 252 2499 280 2525; x_wconf 91' lang='lat' dir='ltr'><strong>iu</strong></span> <span class='ocrx_word' id='word_1_739' title='bbox 296 2505 357 2533; x_wconf 71' lang='lat' dir='ltr'><strong>qua:</strong></span> <span class='ocrx_word' id='word_1_740' title='bbox 374 2495 493 2524; x_wconf 81' lang='lat' dir='ltr'><strong>studium</strong></span> <span class='ocrx_word' id='word_1_741' title='bbox 512 2495 583 2530; x_wconf 90' lang='lat' dir='ltr'><strong>quod</strong></span> <span class='ocrx_word' id='word_1_742' title='bbox 596 2495 746 2526; x_wconf 84' lang='lat' dir='ltr'><strong>confertur,</strong></span> <span class='ocrx_word' id='word_1_743' title='bbox 761 2499 803 2521; x_wconf 87' lang='lat' dir='ltr'><strong>est</strong></span> <span class='ocrx_word' id='word_1_744' title='bbox 819 2493 994 2527; x_wconf 86' lang='lat' dir='ltr'><strong>reprehensio</strong></span> <span class='ocrx_word' id='word_1_745' title='bbox 1009 2496 1036 2518; x_wconf 85' lang='lat' dir='ltr'><strong>et</strong></span> 
     </span>
    </p>
   </div>
   <div class='ocr_carea' id='block_1_102' title="bbox 253 2538 1037 2577">
    <p class='ocr_par' dir='ltr' id='par_1_102' title="bbox 253 2538 1037 2577">
     <span class='ocr_line' id='line_1_102' title="bbox 253 2538 1037 2577; baseline -0.01 -5"><span class='ocrx_word' id='word_1_746' title='bbox 253 2543 421 2572; x_wconf 80' lang='lat' dir='ltr'><strong>iusimulatio</strong></span> <span class='ocrx_word' id='word_1_747' title='bbox 449 2543 618 2577; x_wconf 74' lang='lat' dir='ltr'><strong>negligentia:</strong></span> <span class='ocrx_word' id='word_1_748' title='bbox 648 2542 674 2568; x_wconf 92' lang='lat' dir='ltr'><strong>ln</strong></span> <span class='ocrx_word' id='word_1_749' title='bbox 699 2542 733 2569; x_wconf 89' lang='lat' dir='ltr'><strong>iis</strong></span> <span class='ocrx_word' id='word_1_750' title='bbox 753 2549 813 2576; x_wconf 67' lang='lat' dir='ltr'><strong>qua:</strong></span> <span class='ocrx_word' id='word_1_751' title='bbox 836 2544 898 2567; x_wconf 87' lang='lat' dir='ltr'><strong>sunt</strong></span> <span class='ocrx_word' id='word_1_752' title='bbox 929 2538 1037 2573; x_wconf 83' lang='lat' dir='ltr'><strong>priora?</strong></span> 
     </span>
    </p>
   </div>
   <div class='ocr_carea' id='block_1_103' title="bbox 252 2583 1036 2623">
    <p class='ocr_par' dir='ltr' id='par_1_103' title="bbox 252 2583 1036 2623">
     <span class='ocr_line' id='line_1_103' title="bbox 252 2583 1036 2623; baseline -0.009 -7"><span class='ocrx_word' id='word_1_753' title='bbox 252 2589 313 2623; x_wconf 85' lang='lat' dir='ltr'><strong>Quo</strong></span> <span class='ocrx_word' id='word_1_754' title='bbox 327 2589 399 2616; x_wconf 88' lang='lat' dir='ltr'><strong>enim</strong></span> <span class='ocrx_word' id='word_1_755' title='bbox 415 2588 502 2622; x_wconf 85' lang='lat' dir='ltr'><strong>major</strong></span> <span class='ocrx_word' id='word_1_756' title='bbox 522 2587 602 2615; x_wconf 77' lang='lat' dir='ltr'><strong>fuerit</strong></span> <span class='ocrx_word' id='word_1_757' title='bbox 620 2591 646 2615; x_wconf 89' lang='lat' dir='ltr'><strong>et</strong></span> <span class='ocrx_word' id='word_1_758' title='bbox 673 2586 847 2614; x_wconf 83' lang='lat' dir='ltr'><strong>multitudine</strong></span> <span class='ocrx_word' id='word_1_759' title='bbox 867 2590 893 2612; x_wconf 88' lang='lat' dir='ltr'><strong>et</strong></span> <span class='ocrx_word' id='word_1_760' title='bbox 917 2583 1036 2610; x_wconf 55' lang='lat' dir='ltr'><strong>materia</strong></span> 
     </span>
    </p>
   </div>
   <div class='ocr_carea' id='block_1_104' title="bbox 253 2631 1035 2670">
    <p class='ocr_par' dir='ltr' id='par_1_104' title="bbox 253 2631 1035 2670">
     <span class='ocr_line' id='line_1_104' title="bbox 253 2631 1035 2670; baseline -0.008 -9"><span class='ocrx_word' id='word_1_761' title='bbox 253 2639 364 2670; x_wconf 90' lang='lat' dir='ltr'><strong>sumptu</strong></span> <span class='ocrx_word' id='word_1_762' title='bbox 392 2633 591 2669; x_wconf 77' lang='lat' dir='ltr'><strong>magniﬁcentia</strong></span> <span class='ocrx_word' id='word_1_763' title='bbox 620 2633 646 2660; x_wconf 95' lang='lat' dir='ltr'><strong>in</strong></span> <span class='ocrx_word' id='word_1_764' title='bbox 679 2633 777 2659; x_wconf 49' lang='lat' dir='ltr'><strong>aedium</strong></span> <span class='ocrx_word' id='word_1_765' title='bbox 807 2631 970 2661; x_wconf 76' lang='lat' dir='ltr'><strong>structuris.</strong></span> <span class='ocrx_word' id='word_1_766' title='bbox 1002 2637 1035 2656; x_wconf 88' lang='lat' dir='ltr'><strong>eo</strong></span> 
     </span>
    </p>
   </div>
   <div class='ocr_carea' id='block_1_105' title="bbox 253 2675 1035 2716">
    <p class='ocr_par' dir='ltr' id='par_1_105' title="bbox 253 2675 1035 2716">
     <span class='ocr_line' id='line_1_105' title="bbox 253 2675 1035 2716; baseline -0.01 -7"><span class='ocrx_word' id='word_1_767' title='bbox 253 2681 341 2716; x_wconf 77' lang='lat' dir='ltr'><strong>magis</strong></span> <span class='ocrx_word' id='word_1_768' title='bbox 358 2680 482 2714; x_wconf 73' lang='lat' dir='ltr'><strong>arguitur</strong></span> <span class='ocrx_word' id='word_1_769' title='bbox 498 2679 651 2706; x_wconf 79' lang='lat' dir='ltr'><strong>inornatam</strong></span> <span class='ocrx_word' id='word_1_770' title='bbox 669 2686 731 2706; x_wconf 80' lang='lat' dir='ltr'><strong>esse</strong></span> <span class='ocrx_word' id='word_1_771' title='bbox 748 2677 877 2704; x_wconf 88' lang='lat' dir='ltr'><strong>animam.</strong></span> <span class='ocrx_word' id='word_1_772' title='bbox 898 2675 949 2709; x_wconf 87' lang='lat' dir='ltr'><strong>Qui</strong></span> <span class='ocrx_word' id='word_1_773' title='bbox 964 2676 1035 2702; x_wconf 80' lang='lat' dir='ltr'><strong>enim</strong></span> 
     </span>
    </p>
   </div>
   <div class='ocr_carea' id='block_1_106' title="bbox 255 2724 1035 2761">
    <p class='ocr_par' dir='ltr' id='par_1_106' title="bbox 255 2724 1035 2761">
     <span class='ocr_line' id='line_1_106' title="bbox 255 2724 1035 2761; baseline -0.01 -6"><span class='ocrx_word' id='word_1_774' title='bbox 255 2727 289 2755; x_wconf 83' lang='lat' dir='ltr'><strong>ad</strong></span> <span class='ocrx_word' id='word_1_775' title='bbox 317 2727 435 2761; x_wconf 77' lang='lat' dir='ltr'><strong>seipsum</strong></span> <span class='ocrx_word' id='word_1_776' title='bbox 461 2725 570 2759; x_wconf 87' lang='lat' dir='ltr'><strong>aspicit,</strong></span> <span class='ocrx_word' id='word_1_777' title='bbox 601 2729 626 2751; x_wconf 86' lang='lat' dir='ltr'><strong>et</strong></span> <span class='ocrx_word' id='word_1_778' title='bbox 649 2724 844 2750; x_wconf 77' lang='lat' dir='ltr'><strong>habitationem</strong></span> <span class='ocrx_word' id='word_1_779' title='bbox 869 2729 931 2749; x_wconf 69' lang='lat' dir='ltr'><strong>vere</strong></span> <span class='ocrx_word' id='word_1_780' title='bbox 958 2729 1035 2748; x_wconf 84' lang='lat' dir='ltr'><strong>suam</strong></span> 
     </span>
    </p>
   </div>
   <div class='ocr_carea' id='block_1_107' title="bbox 255 2766 1038 2805">
    <p class='ocr_par' dir='ltr' id='par_1_107' title="bbox 255 2766 1038 2805">
     <span class='ocr_line' id='line_1_107' title="bbox 255 2766 1038 2805; baseline -0.011 -5"><span class='ocrx_word' id='word_1_781' title='bbox 255 2776 382 2804; x_wconf 74' lang='lat' dir='ltr'><strong>exornat,</strong></span> <span class='ocrx_word' id='word_1_782' title='bbox 404 2775 434 2797; x_wconf 89' lang='lat' dir='ltr'><strong>ut</strong></span> <span class='ocrx_word' id='word_1_783' title='bbox 450 2770 596 2805; x_wconf 73' lang='lat' dir='ltr'><strong>aliquando</strong></span> <span class='ocrx_word' id='word_1_784' title='bbox 611 2770 690 2796; x_wconf 79' lang='lat' dir='ltr'><strong>etiam</strong></span> <span class='ocrx_word' id='word_1_785' title='bbox 715 2769 797 2795; x_wconf 86' lang='lat' dir='ltr'><strong>Deum</strong></span> <span class='ocrx_word' id='word_1_786' title='bbox 819 2767 938 2801; x_wconf 77' lang='lat' dir='ltr'><strong>excipiat</strong></span> <span class='ocrx_word' id='word_1_787' title='bbox 961 2766 1038 2792; x_wconf 87' lang='lat' dir='ltr'><strong>habi-</strong></span> 
     </span>
    </p>
   </div>
   <div class='ocr_carea' id='block_1_108' title="bbox 255 2813 1038 2852">
    <p class='ocr_par' dir='ltr' id='par_1_108' title="bbox 255 2813 1038 2852">
     <span class='ocr_line' id='line_1_108' title="bbox 255 2813 1038 2852; baseline -0.011 -5"><span class='ocrx_word' id='word_1_788' title='bbox 255 2825 366 2852; x_wconf 80' lang='lat' dir='ltr'><strong>tantem.</strong></span> <span class='ocrx_word' id='word_1_789' title='bbox 393 2819 416 2846; x_wconf 88' lang='lat' dir='ltr'><strong>is</strong></span> <span class='ocrx_word' id='word_1_790' title='bbox 431 2819 510 2845; x_wconf 89' lang='lat' dir='ltr'><strong>aliam</strong></span> <span class='ocrx_word' id='word_1_791' title='bbox 534 2817 613 2845; x_wconf 83' lang='lat' dir='ltr'><strong>habet</strong></span> <span class='ocrx_word' id='word_1_792' title='bbox 631 2817 770 2844; x_wconf 82' lang='lat' dir='ltr'><strong>materiam</strong></span> <span class='ocrx_word' id='word_1_793' title='bbox 793 2824 824 2843; x_wconf 86' lang='lat' dir='ltr'><strong>ex</strong></span> <span class='ocrx_word' id='word_1_794' title='bbox 841 2821 894 2850; x_wconf 82' lang='lat' dir='ltr'><strong>qua</strong></span> <span class='ocrx_word' id='word_1_795' title='bbox 917 2814 961 2840; x_wconf 87' lang='lat' dir='ltr'><strong>tali</strong></span> <span class='ocrx_word' id='word_1_796' title='bbox 987 2813 1038 2839; x_wconf 85' lang='lat' dir='ltr'><strong>lia-</strong></span> 
     </span>
    </p>
   </div>
   <div class='ocr_carea' id='block_1_109' title="bbox 1086 2266 1870 2302">
    <p class='ocr_par' dir='ltr' id='par_1_109' title="bbox 1086 2266 1870 2302">
     <span class='ocr_line' id='line_1_109' title="bbox 1086 2266 1870 2302; baseline 0.008 -11"><span class='ocrx_word' id='word_1_797' title='bbox 1086 2266 1184 2301; x_wconf 75' lang='grc' dir='ltr'>τέχνης</span> <span class='ocrx_word' id='word_1_798' title='bbox 1201 2266 1254 2292; x_wconf 86' lang='grc' dir='ltr'><strong>ἀπὸ</strong></span> <span class='ocrx_word' id='word_1_799' title='bbox 1276 2268 1417 2302; x_wconf 85' lang='grc' dir='ltr'>μιμήσεως</span> <span class='ocrx_word' id='word_1_800' title='bbox 1441 2266 1475 2293; x_wconf 84' lang='grc' dir='ltr'><strong>τὰ</strong></span> <span class='ocrx_word' id='word_1_801' title='bbox 1491 2267 1611 2300; x_wconf 81' lang='grc' dir='ltr'>ἀθέατα,</span> <span class='ocrx_word' id='word_1_802' title='bbox 1635 2269 1681 2295; x_wconf 79' lang='grc' dir='ltr'>καὶ</span> <span class='ocrx_word' id='word_1_803' title='bbox 1696 2270 1746 2296; x_wconf 76' lang='grc' dir='ltr'><strong>ὅσα</strong></span> <span class='ocrx_word' id='word_1_804' title='bbox 1765 2271 1794 2297; x_wconf 78' lang='grc' dir='ltr'>ὲν</span> <span class='ocrx_word' id='word_1_805' title='bbox 1814 2272 1870 2302; x_wconf 83' lang='grc' dir='ltr'>τοῖς</span> 
     </span>
    </p>
   </div>
   <div class='ocr_carea' id='block_1_110' title="bbox 1087 2310 1870 2350">
    <p class='ocr_par' dir='ltr' id='par_1_110' title="bbox 1087 2310 1870 2350">
     <span class='ocr_line' id='line_1_110' title="bbox 1087 2310 1870 2350; baseline 0.006 -14"><span class='ocrx_word' id='word_1_806' title='bbox 1087 2310 1217 2342; x_wconf 83' lang='grc' dir='ltr'>τοιούτοις</span> <span class='ocrx_word' id='word_1_807' title='bbox 1241 2311 1314 2338; x_wconf 74' lang='grc' dir='ltr'>ἔστιν</span> <span class='ocrx_word' id='word_1_808' title='bbox 1330 2311 1394 2338; x_wconf 79' lang='grc' dir='ltr'>ἰδεῖν</span> <span class='ocrx_word' id='word_1_809' title='bbox 1408 2312 1447 2344; x_wconf 78' lang='grc' dir='ltr'>εἰς</span> <span class='ocrx_word' id='word_1_810' title='bbox 1460 2312 1590 2347; x_wconf 76' lang='grc' dir='ltr'>ἔκπληξίν</span> <span class='ocrx_word' id='word_1_811' title='bbox 1613 2321 1642 2340; x_wconf 85' lang='grc' dir='ltr'><strong>τε</strong></span> <span class='ocrx_word' id='word_1_812' title='bbox 1658 2314 1705 2340; x_wconf 78' lang='grc' dir='ltr'>καὶ</span> <span class='ocrx_word' id='word_1_813' title='bbox 1719 2313 1792 2350; x_wconf 80' lang='grc' dir='ltr'>ὤραν</span> <span class='ocrx_word' id='word_1_814' title='bbox 1808 2316 1870 2341; x_wconf 65' lang='lat' dir='ltr'><strong>sm-</strong></span> 
     </span>
    </p>
   </div>
   <div class='ocr_carea' id='block_1_111' title="bbox 1087 2355 1254 2391">
    <p class='ocr_par' dir='ltr' id='par_1_111' title="bbox 1087 2355 1254 2391">
     <span class='ocr_line' id='line_1_111' title="bbox 1087 2355 1254 2391; baseline 0.012 -10"><span class='ocrx_word' id='word_1_815' title='bbox 1087 2363 1115 2381; x_wconf 80' lang='grc' dir='ltr'><strong>τε</strong></span> <span class='ocrx_word' id='word_1_816' title='bbox 1119 2355 1243 2391; x_wconf 76' lang='grc' dir='ltr'>κνώμενοι</span> <span class='ocrx_word' id='word_1_817' title='bbox 1248 2375 1254 2383; x_wconf 91' lang='grc'><strong>.</strong></span> 
     </span>
    </p>
   </div>
   <div class='ocr_carea' id='block_1_112' title="bbox 1124 2447 1870 2487">
    <p class='ocr_par' dir='ltr' id='par_1_112' title="bbox 1124 2447 1870 2487">
     <span class='ocr_line' id='line_1_112' title="bbox 1124 2447 1870 2487; baseline 0.005 -13"><span class='ocrx_word' id='word_1_818' title='bbox 1124 2447 1186 2479; x_wconf 85' lang='grc' dir='ltr'><strong>Πῶς</strong></span> <span class='ocrx_word' id='word_1_819' title='bbox 1203 2447 1236 2474; x_wconf 82' lang='grc' dir='ltr'>ἄν</span> <span class='ocrx_word' id='word_1_820' title='bbox 1255 2457 1296 2479; x_wconf 83' lang='grc' dir='ltr'><strong>τις</strong></span> <span class='ocrx_word' id='word_1_821' title='bbox 1321 2448 1356 2475; x_wconf 83' lang='grc' dir='ltr'><strong>τὰ</strong></span> <span class='ocrx_word' id='word_1_822' title='bbox 1378 2449 1438 2476; x_wconf 82' lang='grc' dir='ltr'>καθ’</span> <span class='ocrx_word' id='word_1_823' title='bbox 1452 2449 1566 2476; x_wconf 76' lang='grc' dir='ltr'>ἕκαστον</span> <span class='ocrx_word' id='word_1_824' title='bbox 1583 2449 1710 2482; x_wconf 80' lang='grc' dir='ltr'>διεξέλθοι</span> <span class='ocrx_word' id='word_1_825' title='bbox 1723 2450 1762 2486; x_wconf 83' lang='grc' dir='ltr'>τῷ</span> <span class='ocrx_word' id='word_1_826' title='bbox 1782 2451 1870 2487; x_wconf 83' lang='grc' dir='ltr'>λόγῳ.</span> 
     </span>
    </p>
   </div>
   <div class='ocr_carea' id='block_1_113' title="bbox 1089 2491 1873 2532">
    <p class='ocr_par' dir='ltr' id='par_1_113' title="bbox 1089 2491 1873 2532">
     <span class='ocr_line' id='line_1_113' title="bbox 1089 2491 1873 2532; baseline 0.006 -13"><span class='ocrx_word' id='word_1_827' title='bbox 1089 2493 1118 2520; x_wconf 83' lang='grc' dir='ltr'>ὲν</span> <span class='ocrx_word' id='word_1_828' title='bbox 1134 2491 1174 2525; x_wconf 72' lang='grc' dir='ltr'>οἷς</span> <span class='ocrx_word' id='word_1_829' title='bbox 1194 2495 1210 2529; x_wconf 87' lang='grc' dir='ltr'>ἡ</span> <span class='ocrx_word' id='word_1_830' title='bbox 1225 2494 1325 2529; x_wconf 82' lang='grc' dir='ltr'>σπουδὴ</span> <span class='ocrx_word' id='word_1_831' title='bbox 1340 2495 1491 2530; x_wconf 78' lang='grc' dir='ltr'>κατηγορία</span> <span class='ocrx_word' id='word_1_832' title='bbox 1505 2495 1552 2522; x_wconf 77' lang='grc' dir='ltr'>καὶ</span> <span class='ocrx_word' id='word_1_833' title='bbox 1575 2495 1682 2530; x_wconf 76' lang='grc' dir='ltr'>ἔλεγχος</span> <span class='ocrx_word' id='word_1_834' title='bbox 1698 2498 1745 2532; x_wconf 83' lang='grc' dir='ltr'>τῆς</span> <span class='ocrx_word' id='word_1_835' title='bbox 1761 2497 1824 2532; x_wconf 74' lang='grc' dir='ltr'>περὶ</span> <span class='ocrx_word' id='word_1_836' title='bbox 1837 2498 1873 2524; x_wconf 84' lang='grc' dir='ltr'><strong>τὰ</strong></span> 
     </span>
    </p>
   </div>
   <div class='ocr_carea' id='block_1_114' title="bbox 1090 2539 1874 2580">
    <p class='ocr_par' dir='ltr' id='par_1_114' title="bbox 1090 2539 1874 2580">
     <span class='ocr_line' id='line_1_114' title="bbox 1090 2539 1874 2580; baseline 0.005 -15"><span class='ocrx_word' id='word_1_837' title='bbox 1090 2539 1210 2574; x_wconf 78' lang='grc' dir='ltr'>πρότερα</span> <span class='ocrx_word' id='word_1_838' title='bbox 1237 2539 1371 2575; x_wconf 80' lang='grc' dir='ltr'>ῥᾳθυμίας</span> <span class='ocrx_word' id='word_1_839' title='bbox 1398 2541 1486 2573; x_wconf 82' lang='grc' dir='ltr'>ὲστίν;</span> <span class='ocrx_word' id='word_1_840' title='bbox 1504 2542 1578 2576; x_wconf 80' lang='grc' dir='ltr'><strong>Ὂσῳ</strong></span> <span class='ocrx_word' id='word_1_841' title='bbox 1604 2542 1658 2577; x_wconf 84' lang='grc' dir='ltr'><strong>γὰρ</strong></span> <span class='ocrx_word' id='word_1_842' title='bbox 1676 2542 1709 2568; x_wconf 81' lang='grc' dir='ltr'>ἂν</span> <span class='ocrx_word' id='word_1_843' title='bbox 1736 2542 1874 2580; x_wconf 79' lang='grc' dir='ltr'>πλεονάσῃ</span> 
     </span>
    </p>
   </div>
   <div class='ocr_carea' id='block_1_115' title="bbox 1089 2584 1874 2623">
    <p class='ocr_par' dir='ltr' id='par_1_115' title="bbox 1089 2584 1874 2623">
     <span class='ocr_line' id='line_1_115' title="bbox 1089 2584 1874 2623; baseline 0.006 -13"><span class='ocrx_word' id='word_1_844' title='bbox 1089 2585 1127 2619; x_wconf 83' lang='grc' dir='ltr'>τῷ</span> <span class='ocrx_word' id='word_1_845' title='bbox 1149 2584 1247 2619; x_wconf 78' lang='grc' dir='ltr'>πλήθει</span> <span class='ocrx_word' id='word_1_846' title='bbox 1270 2585 1317 2611; x_wconf 77' lang='grc' dir='ltr'>καὶ</span> <span class='ocrx_word' id='word_1_847' title='bbox 1338 2586 1370 2620; x_wconf 81' lang='grc' dir='ltr'><strong>τῇ</strong></span> <span class='ocrx_word' id='word_1_848' title='bbox 1392 2586 1455 2621; x_wconf 77' lang='grc' dir='ltr'>περὶ</span> <span class='ocrx_word' id='word_1_849' title='bbox 1475 2587 1524 2617; x_wconf 74' lang='grc' dir='ltr'>τὰς</span> <span class='ocrx_word' id='word_1_850' title='bbox 1541 2586 1605 2618; x_wconf 81' lang='grc' dir='ltr'>ὕλας</span> <span class='ocrx_word' id='word_1_851' title='bbox 1619 2587 1757 2623; x_wconf 78' lang='grc' dir='ltr'>φιλοτιμία</span> <span class='ocrx_word' id='word_1_852' title='bbox 1780 2588 1828 2623; x_wconf 83' lang='grc' dir='ltr'>τὴν</span> <span class='ocrx_word' id='word_1_853' title='bbox 1843 2590 1874 2616; x_wconf 82' lang='grc' dir='ltr'>ἐν</span> 
     </span>
    </p>
   </div>
   <div class='ocr_carea' id='block_1_116' title="bbox 1089 2630 1874 2668">
    <p class='ocr_par' dir='ltr' id='par_1_116' title="bbox 1089 2630 1874 2668">
     <span class='ocr_line' id='line_1_116' title="bbox 1089 2630 1874 2668; baseline 0.005 -12"><span class='ocrx_word' id='word_1_854' title='bbox 1089 2632 1146 2662; x_wconf 76' lang='grc' dir='ltr'>τοῖς</span> <span class='ocrx_word' id='word_1_855' title='bbox 1163 2630 1447 2665; x_wconf 79' lang='grc' dir='ltr'>κατασκευαζομένοις</span> <span class='ocrx_word' id='word_1_856' title='bbox 1471 2631 1606 2664; x_wconf 81' lang='grc' dir='ltr'>σπουδὴν,</span> <span class='ocrx_word' id='word_1_857' title='bbox 1630 2632 1749 2668; x_wconf 83' lang='grc' dir='ltr'>τοσούτῳ</span> <span class='ocrx_word' id='word_1_858' title='bbox 1773 2634 1874 2668; x_wconf 79' lang='grc' dir='ltr'>μᾶλλον</span> 
     </span>
    </p>
   </div>
   <div class='ocr_carea' id='block_1_117' title="bbox 1088 2676 1874 2713">
    <p class='ocr_par' dir='ltr' id='par_1_117' title="bbox 1088 2676 1874 2713">
     <span class='ocr_line' id='line_1_117' title="bbox 1088 2676 1874 2713; baseline 0.004 -11"><span class='ocrx_word' id='word_1_859' title='bbox 1088 2677 1194 2711; x_wconf 81' lang='grc' dir='ltr'>ἐλέγχει</span> <span class='ocrx_word' id='word_1_860' title='bbox 1213 2676 1305 2710; x_wconf 77' lang='grc' dir='ltr'>τὸτῆς</span> <span class='ocrx_word' id='word_1_861' title='bbox 1328 2676 1418 2712; x_wconf 72' lang='grc' dir='ltr'>ψυχῆς</span> <span class='ocrx_word' id='word_1_862' title='bbox 1441 2676 1655 2704; x_wconf 65' lang='grc' dir='ltr'>ἀκαλλώπιστον.</span> <span class='ocrx_word' id='word_1_863' title='bbox 1681 2678 1710 2704; x_wconf 72' lang='grc' dir='ltr'><strong>Ὀ</strong></span> <span class='ocrx_word' id='word_1_864' title='bbox 1728 2678 1781 2713; x_wconf 79' lang='grc' dir='ltr'><strong>γὰρ</strong></span> <span class='ocrx_word' id='word_1_865' title='bbox 1805 2679 1874 2713; x_wconf 82' lang='grc' dir='ltr'>πρὸς</span> 
     </span>
    </p>
   </div>
   <div class='ocr_carea' id='block_1_118' title="bbox 1089 2721 1875 2759">
    <p class='ocr_par' dir='ltr' id='par_1_118' title="bbox 1089 2721 1875 2759">
     <span class='ocr_line' id='line_1_118' title="bbox 1089 2721 1875 2759; baseline 0.003 -11"><span class='ocrx_word' id='word_1_866' title='bbox 1089 2722 1184 2748; x_wconf 69' lang='grc' dir='ltr'>ἑαυτὸν</span> <span class='ocrx_word' id='word_1_867' title='bbox 1197 2721 1313 2757; x_wconf 77' lang='grc' dir='ltr'>βλέπων,</span> <span class='ocrx_word' id='word_1_868' title='bbox 1335 2723 1382 2748; x_wconf 68' lang='grc' dir='ltr'>καὶ</span> <span class='ocrx_word' id='word_1_869' title='bbox 1399 2722 1450 2758; x_wconf 84' lang='grc' dir='ltr'>τὴν</span> <span class='ocrx_word' id='word_1_870' title='bbox 1464 2721 1531 2749; x_wconf 78' lang='grc' dir='ltr'>ἰδίαν</span> <span class='ocrx_word' id='word_1_871' title='bbox 1550 2722 1634 2754; x_wconf 67' lang='lat' dir='ltr'><strong>liv-rw;</strong></span> <span class='ocrx_word' id='word_1_872' title='bbox 1647 2723 1754 2759; x_wconf 75' lang='grc' dir='ltr'>οἴκησιν</span> <span class='ocrx_word' id='word_1_873' title='bbox 1771 2724 1875 2750; x_wconf 82' lang='grc' dir='ltr'>καλλω-</span> 
     </span>
    </p>
   </div>
   <div class='ocr_carea' id='block_1_119' title="bbox 1089 2767 1870 2802">
    <p class='ocr_par' dir='ltr' id='par_1_119' title="bbox 1089 2767 1870 2802">
     <span class='ocr_line' id='line_1_119' title="bbox 1089 2767 1870 2802; baseline 0.005 -9"><span class='ocrx_word' id='word_1_874' title='bbox 1089 2768 1190 2799; x_wconf 75' lang='grc' dir='ltr'>πίζων,</span> <span class='ocrx_word' id='word_1_875' title='bbox 1206 2767 1276 2793; x_wconf 77' lang='grc' dir='ltr'>ὥστε</span> <span class='ocrx_word' id='word_1_876' title='bbox 1300 2767 1366 2793; x_wconf 81' lang='grc' dir='ltr'>ποτὲ</span> <span class='ocrx_word' id='word_1_877' title='bbox 1391 2767 1438 2794; x_wconf 76' lang='grc' dir='ltr'><strong>καὶ</strong></span> <span class='ocrx_word' id='word_1_878' title='bbox 1463 2767 1508 2794; x_wconf 81' lang='grc' dir='ltr'><strong>τὸν</strong></span> <span class='ocrx_word' id='word_1_879' title='bbox 1523 2768 1588 2795; x_wconf 77' lang='grc' dir='ltr'>Θεὸν</span> <span class='ocrx_word' id='word_1_880' title='bbox 1611 2769 1715 2796; x_wconf 76' lang='grc' dir='ltr'>ἑνοικον</span> <span class='ocrx_word' id='word_1_881' title='bbox 1732 2771 1870 2802; x_wconf 73' lang='grc' dir='ltr'>δέξαεοαι.</span> 
     </span>
    </p>
   </div>
   <div class='ocr_carea' id='block_1_120' title="bbox 1090 2809 1872 2850">
    <p class='ocr_par' dir='ltr' id='par_1_120' title="bbox 1090 2809 1872 2850">
     <span class='ocr_line' id='line_1_120' title="bbox 1090 2809 1872 2850; baseline 0.005 -12"><span class='ocrx_word' id='word_1_882' title='bbox 1090 2812 1172 2844; x_wconf 83' lang='grc' dir='ltr'>ἄλλας</span> <span class='ocrx_word' id='word_1_883' title='bbox 1199 2812 1253 2847; x_wconf 71' lang='grc' dir='ltr'>ἔχει</span> <span class='ocrx_word' id='word_1_884' title='bbox 1279 2812 1327 2843; x_wconf 70' lang='grc' dir='ltr'><strong>τὰς</strong></span> <span class='ocrx_word' id='word_1_885' title='bbox 1345 2812 1410 2843; x_wconf 72' lang='grc' dir='ltr'>ὕλας</span> <span class='ocrx_word' id='word_1_886' title='bbox 1433 2812 1462 2844; x_wconf 83' lang='grc' dir='ltr'><strong>ἐξ</strong></span> <span class='ocrx_word' id='word_1_887' title='bbox 1484 2809 1521 2838; x_wconf 83' lang='grc' dir='ltr'>ὧν</span> <span class='ocrx_word' id='word_1_888' title='bbox 1545 2813 1575 2839; x_wconf 84' lang='grc' dir='ltr'>τὸ</span> <span class='ocrx_word' id='word_1_889' title='bbox 1598 2814 1693 2846; x_wconf 83' lang='grc' dir='ltr'>κάλλος</span> <span class='ocrx_word' id='word_1_890' title='bbox 1707 2817 1742 2850; x_wconf 79' lang='grc' dir='ltr'>τῇ</span> <span class='ocrx_word' id='word_1_891' title='bbox 1762 2815 1872 2850; x_wconf 76' lang='grc' dir='ltr'>τοιαύτῃ</span> 
     </span>
    </p>
   </div>
  </div>
