1989 3070
123 63 171 90 657

643 63 676 90 ιΝ
699 62 964 91 ΕΕΟΙΕΞΙΔΞΤΕΝ.
981 61 1120 90 HOMILIA
1138 62 1181 90 ΙΙΙ.

1688 60 1739 89 658

122 119 222 155 οἰκήσει
242 119 453 155 εὐνερανίζεται.
475 118 539 147 Οἶδα
559 119 615 154 ἐγὼ
632 120 732 156 χρυσὸν
747 122 803 152 τοῖς
819 120 905 148 τοιού-

964 120 1079 148 )itationi
1096 121 1224 148 conciliat
1241 121 1482 156 pulchritudinem.
1506 121 1572 149 Novi
1596 121 1668 148 enim
1688 127 1739 156 ego

122 174 172 197 τοις
187 165 276 201 ἔργοις
291 165 481 199 ἐνστίλΰοντα,
502 166 546 193 τὸν
562 166 595 192 ὲκ
611 166 660 201 τῆς
675 166 786 201 Γραφῆς
802 166 905 201 νοημὰ-

123 218 171 236 των
196 209 444 245 μεταλλευόμενον·
470 208 529 237 οῖδα
553 210 672 246 ἄργυρον
696 210 729 237 τὰ
755 211 813 237 θεῖα
829 211 905 245 λόγια

123 254 154 281 τὰ
165 254 351 289 πεπυρωμένα
360 275 367 286 ,
383 251 419 281 ὧν
437 255 587 290 ἀστράπτει
600 257 617 290 ἡ
633 255 784 291 λαμπηδὼν
798 256 842 282 διὰ
856 256 907 291 τῆς

124 300 247 335 ἀληθείας
261 300 451 334 ὲκλάμπουσα.
467 300 557 327 Λίθων
573 301 601 327 δὲ
620 301 750 328 ποικίλων
764 300 861 335 αὐγὰς,
876 301 905 334 ἐξ

123 342 157 372 ὧν
169 345 196 371 οῖ
204 353 234 371 τε
256 347 340 380 τοῖχοι
363 346 410 372 τοῦ
426 345 544 372 τοιούτου
562 345 627 373 ναοῦ
646 345 883 381 κατακοσμοῦνται
897 365 904 378 ,

124 392 167 418 καὶ
186 391 236 426 τῆς
258 393 430 428 κατασκευῆς
452 393 485 420 τὰ
511 393 596 428 ἐδάφη
625 393 674 425 τὰς
704 393 828 425 ποικίλας
851 393 906 420 τῶν

124 437 225 473 ἀρετῶν
246 437 379 470 διαθέσεις
399 439 516 474 νοήσας,
532 439 581 465 οὐκ
598 438 630 465 ἂν
649 439 784 475 ἁμάρτοις
804 438 851 466 τοῦ
872 440 905 474 τῇ

124 483 194 518 οἰκίᾳ
215 483 365 518 πρέποντος
388 483 500 519 κόσμου.
522 484 737 520 Καταστορέσθω
757 486 789 520 τῇ
805 486 907 520 ἐγκρα-

124 528 179 563 τείᾳ
202 528 230 554 τὸ
247 528 352 563 ἔδαφος,
377 529 411 556 δι’
427 526 461 565 ἧς
477 531 492 565 ή
515 530 564 566 τῆς
583 531 680 566 γηῗνης
699 531 818 562 διανοίας
834 531 907 562 κόνις

125 574 153 600 οὐ
167 574 256 609 διοχλὴ
262 582 301 600 σει
316 574 361 601 τὸν
374 575 562 610 διαιτώμενον.
582 576 612 602 'H
627 576 681 603 τῶν
696 577 817 612 οὐρανῶν
829 576 907 608 ἐλπὶς

124 617 261 652 ὼραῖξέτω
286 617 331 646 τὸν
354 618 467 653 ὄροφον,
485 620 552 655 πρὸς
567 620 599 655 ἦν
615 620 774 648 ἀναὸλέπων
800 621 839 657 τῷ
859 622 907 656 τῆς

125 662 211 698 ψυχῆς
223 662 369 699 ὀφθαλμῷ,
385 665 435 691 οὐκ
450 665 569 697 εἰδώλοις
585 666 699 698 κάλλους
714 666 758 693 διὰ
772 667 908 701 γλυφίδων

124 709 367 744 μεμορφωμένοις,
391 711 449 737 ἀλλ’
466 712 531 738 αὐτὸ
554 712 613 746 ὄψει
628 712 658 739 τὸ
671 713 825 748 ἀρχέτυπον
844 713 910 740 κόιλ-

125 754 177 786 λος,
188 754 217 780 οὐ
234 755 324 790 χρυσῷ
334 764 386 782 τινι
397 757 443 783 καὶ
450 757 561 793 ἀργύρῳ
570 758 766 793 διηνθισμένον,
775 759 833 785 ἀλλ’
841 760 908 795 ὅπερ

956 174 1052 194 aurum
1076 167 1150 202 quod
1174 167 1330 202 resplendet
1359 168 1386 194 in
1411 167 1567 203 hujusmodi
1592 166 1737 202 operibus,

955 212 1028 246 quod
1045 213 1152 246 quidem
1167 221 1200 241 ex
1218 212 1362 248 Scriptura:
1380 214 1508 241 sensibus
1522 211 1739 245 elfoditur..Novi

955 264 1096 293 argentum
1120 258 1212 286 divina
1235 259 1342 293 eloquia
1369 259 1430 294 igne
1460 262 1592 293 purgata.
1623 265 1738 293 quorum

957 303 1040 339 fulget
1065 304 1194 338 splendor
1216 304 1338 331 emicans
1356 312 1404 339 per
1423 304 1573 331 veritatem.
1595 303 1739 330 Variorum

956 353 1046 375 autem
1072 349 1191 384 lapidum
1214 349 1385 382 splendores,
1416 350 1518 384 quibus
1541 350 1623 384 hujus
1647 349 1740 384 templi

956 397 1090 421 ornantur
1109 395 1236 429 parietes,
1261 399 1288 422 ct
1313 394 1495 430 pavimentum
1518 395 1636 427 aedilicii,
1655 394 1741 421 virtu-

956 442 1013 465 tum
1036 439 1126 466 varias
1152 439 1307 474 intelligens
1331 439 1500 471 eﬂ‘ectiones,
1522 447 1581 466 non
1602 438 1741 467 aberrabis

957 484 991 511 ab
1011 489 1172 512 ornamento
1193 485 1265 519 quod
1285 485 1395 512 domum
1415 485 1503 512 decet.
1529 485 1674 513 Sternatur
1694 492 1740 512 so-

958 529 1012 556 lum
1030 530 1213 562 continentia,
1233 538 1281 566 per
1295 539 1377 565 quam
1403 531 1494 566 pulvis
1507 535 1620 558 terrena:
1643 531 1742 559 mentis

959 583 1011 602 non
1027 574 1121 602 aﬂ'erct
1134 576 1286 603 molestiam
1301 577 1334 604 ei.
1346 577 1393 612 qui
1409 577 1552 604 inhabitat.
1573 576 1642 611 Spes
1656 577 1741 604 caelo-

958 628 1016 648 rum
1049 626 1148 648 tectum
1178 621 1312 653 illustret,
1333 621 1368 649 ad
1394 629 1476 657 quam
1505 622 1618 650 intuens
1646 622 1742 649 animae

959 667 1048 698 oculo,
1072 675 1126 694 non
1144 667 1355 702 pulchritudinis
1371 668 1520 696 simulacra
1534 668 1605 696 caelo
1623 671 1651 695 et
1672 668 1742 695 scal-

960 713 1031 747 pello
1047 712 1174 745 formata,
1188 712 1235 740 sed
1252 713 1358 740 videbis
1371 713 1459 748 ipsum
1473 713 1609 748 exemplar
1622 713 1743 748 pulchri-

960 757 1064 785 tudinis
1081 765 1134 785 non
1158 765 1225 784 auro
1248 762 1276 784 et
1293 761 1406 792 argento
1426 758 1524 784 illitum
1549 761 1577 785 et
1593 757 1741 788 excultum,

127 798 193 833 ὑπὲρ
203 800 313 834 χρυσίον
326 801 373 827 καὶ
385 801 457 829 λίθον
472 803 560 838 τίμιόν
575 804 632 830 ἐστι
648 803 742 831 πολύν.
760 805 792 831 Et
811 804 839 831 δέ
857 805 909 841 χρὴ

964 803 1006 831 sed
1024 803 1097 838 quod
1113 808 1155 831 est
1181 804 1260 839 longe
1281 811 1363 838 super
1385 811 1481 830 aurum
1504 807 1531 831 et
1551 807 1691 839 argentum
1715 807 1743 830 et

127 844 172 870 καὶ
182 844 214 870 ἐκ
226 845 348 879 πλαγίων
359 847 460 882 κόσμον
474 848 630 884 ὑπογράψαι
645 849 684 884 τῷ
700 849 770 885 λόγῳ
779 870 786 882 ,
801 850 876 877 ἔνθεν
892 851 909 886 ἡ

126 889 261 925 ἁφθαρσία
273 893 341 928 καὶή
353 893 472 920 ἀπάθεια
482 894 671 922 διαπλακούτω
686 895 732 922 τὸν
745 895 817 923 οἷκον
827 905 834 911 ”
843 898 911 924 ἐκεῖ·

127 935 168 962 θεν
177 936 193 971 ἡ
201 936 355 974 δικαιοσύνη
363 939 446 966 καὶτὸ
453 940 585 976 ἀόργητον
594 942 728 976 κοσμείτω
735 942 783 978 τὴν
794 943 909 979 οἴκησιν.

128 981 194 1008 Καθ’
206 982 297 1018 ἕτερον
307 983 388 1019 μέρος
399 985 414 1019 ή
430 986 662 1022 ταπεινοφροσύνη
675 987 762 1014 καὶτὸ
777 988 911 1024 μακρόθυ-

128 1035 176 1062 μον
186 1027 371 1063 διαλαμπέτω,
381 1030 427 1056 καὶ
444 1031 504 1057 κατ’
517 1031 580 1058 ἄλλο
591 1031 708 1068 πάλιν,ή
727 1040 759 1058 πε
764 1032 789 1067 pl.
798 1033 827 1059 τδ
837 1033 911 1061 Θεῖον

127 1073 264 1099 εὐσέϐεια·
286 1074 374 1101 πάντα
383 1076 411 1102 δὲ
426 1076 511 1103 ταῦτα
526 1078 539 1103 ὁ
557 1078 638 1109 καλὸς
651 1078 772 1113 τεχνίτης
788 1079 804 1114 ἡ
817 1079 910 1116 ἀγάπη

127 1118 241 1150 εὐθέτως
254 1120 321 1155 πρὸς
332 1121 434 1156 ἄλληλα
447 1123 647 1157 συναρμοζέτω.
658 1123 717 1150 Κᾶν
727 1123 845 1160 λουτρῶν
853 1125 912 1152 ἐπι-

126 1164 225 1199 θυμῇς,
240 1165 287 1192 ἐὰν
304 1166 392 1203 θέλῃς,
411 1167 482 1202 ἔχεις
498 1168 545 1195 καὶ
559 1168 669 1203 λουτρὸν
685 1169 912 1202 κατοικίδιον,καὶ

128 1210 256 1243 κρουνοὺς
272 1210 353 1242 ἰδίους
366 1212 400 1238 δι’
415 1209 452 1238 ὧν
475 1212 531 1239 ἔστι
554 1213 603 1245 τὰς
624 1213 735 1249 κηλίδας
758 1215 808 1250 τῆς
823 1215 912 1250 ψυχῆς

127 1255 326 1290 ἀπονίψασθαι,
343 1254 364 1291 ᾧ
378 1258 509 1293 ἐκέχρητο
527 1259 574 1285 καὶ
592 1260 606 1286 ό
625 1259 711 1294 μέγας
730 1260 828 1293 Δαϐὶδ,
843 1262 913 1288 κατὰ

127 1300 212 1328 νύκτα
226 1302 364 1337 ἐντρυφῶν
377 1303 416 1338 τῷ
426 1304 538 1339 τοιούτῳ
556 1305 669 1340 λουτρῷ,
690 1306 805 1338 Στύλομς
821 1306 850 1332 δὲ
865 1306 913 1342 τὴν

127 1346 176 1381 τῆς
189 1347 277 1382 ψυχῆς
294 1348 374 1375 στοὰν
390 1350 591 1385 ὑπερείδοντας,
605 1351 642 1387 μὴ
656 1351 788 1388 Φρυγίους
802 1351 912 1387 τινὰς,ἢ

128 1393 296 1428 πορφυρίτας
322 1396 513 1430 περιεργάζου,
530 1396 598 1423 ἀλλά
616 1397 647 1423 τὸ
668 1398 697 1424 ἐν
714 1398 794 1429 παντὶ
820 1398 914 1433 ἀγαθῷ

129 1439 260 1474 στάσιμόν
277 1447 306 1465 τε
325 1440 371 1466 καὶ
384 1441 581 1477 ἀμετακίνητον
595 1442 648 1468 τῶν
667 1442 767 1469 arma;
784 1443 854 1469 ἔστω
870 1452 913 1469 σοι

127 1484 229 1510 τούτων
250 1485 484 1520 καλλωπισμάτων
508 1487 727 1523 πολυτιμότερον.
753 1488 857 1515 Εἴδωλα
885 1489 913 1516 δὲ

129 1530 297 1561 παντοδαπὰ,
315 1530 330 1566 ἢ
345 1531 373 1556 ἐν
389 1533 507 1567 γραφαῖς
526 1532 542 1567 ἢ
556 1533 585 1559 ἐν
599 1533 764 1569 πλάσμασιν,
781 1534 830 1560 ὅσα
847 1534 915 1569 πρὸς

126 1575 247 1610 μίμησιν
274 1576 324 1611 τῆς
345 1576 472 1612 ἀληθείας
494 1578 526 1604 δι’
551 1579 657 1614 ἀπάτης
679 1579 871 1614 ἐπιτεχνῶνται
891 1581 915 1606 οἱ

129 1621 280 1655 ἂνθρωποι,
298 1623 314 1657 ἡ
338 1623 449 1658 τοιαύτη
465 1625 496 1650 οὐ
524 1624 699 1659 καταδέχεται
725 1626 841 1661 οἴκησις,
857 1623 915 1662 ὲνῇ

128 1667 208 1702 γέμει
232 1668 267 1694 τὰ
291 1668 340 1703 τῆς
360 1669 489 1703 ἀληθείας
512 1670 666 1705 ἀγάλματα.
689 1671 810 1706 Δρόμους
824 1672 916 1698 δὲκαὶ

130 1712 297 1746 περιπάτους
309 1713 461 1748 ἐπιθυμῶν,
472 1714 520 1749 τὴν
537 1715 566 1740 ἐν
577 1715 635 1746 ταῖς
650 1715 768 1747 ἐντολαῖς
791 1715 862 1750 ἔχεις
879 1716 917 1742 δι-

129 1759 253 1793 αγωγήν.
265 1758 342 1785 Οὕτω
352 1759 405 1793 γάρ
416 1767 497 1794 φησιν
508 1760 525 1793 ὴ
537 1758 632 1792 Σοφία,
641 1759 684 1785 Ἐν
695 1760 764 1791 ὁδοῖς
784 1760 920 1786 δικαιοσύ-

128 1811 179 1838 νης
191 1804 345 1838 περιπατῶ,
360 1804 407 1830 καὶ
417 1803 470 1830 ἀνά
485 1803 567 1838 μέσον
581 1804 647 1830 ὁδῶν
658 1804 841 1840 δικαιώματος
857 1806 922 1833 ἀνα-

131 1848 298 1882 στρέφομαι.
311 1848 355 1879 Ὠς
366 1847 447 1874 καλόν
457 1848 531 1873 ἐστιν
543 1848 572 1874 ἐν
580 1847 684 1879 τούτοις
692 1848 869 1876 διακινετσθαι
877 1850 923 1876 καὶ

128 1893 360 1927 διαγυμνάζεσθαι
379 1893 427 1928 τὴν
445 1893 543 1928 ψυχὴν,
560 1893 606 1920 καὶ
630 1894 767 1922 διελθόντα
786 1896 817 1930 τῇ
840 1896 917 1931 κινή-

131 1945 174 1962 σει
193 1936 239 1962 τὸν
260 1936 310 1971 τῆς
326 1936 435 1972 ἐντολῆς
451 1937 543 1970 τόπον,
556 1936 601 1963 ἐπὶ
621 1937 651 1964 τὸ
671 1938 736 1964 αὐτὸ
756 1938 837 1966 πάλιν
853 1940 917 1966 ἀνα-

131 1982 260 2017 στρέφειν
275 1990 281 1996 ·
295 1982 427 2013 τουτέστι,
441 1981 621 2019 πληρώσαντα
633 1983 682 2019 τὴν
695 1984 748 2010 τῶν
772 1985 918 2018 σπουδαζο-

131 2027 222 2062 μένων
236 2025 309 2061 αὐτῷ
322 2026 440 2062 ἐντολὴν,
459 2027 539 2054 πάλιν
556 2027 625 2063 πρὸς
635 2029 680 2055 τὸν
694 2028 818 2065 δεύτερόν
829 2039 858 2056 τε
871 2031 919 2057 καὶ

129 2072 222 2107 τρίτον
244 2073 260 2110 ἡ
276 2072 321 2099 τοῦ
337 2072 419 2108 ἠθους
433 2073 600 2109 κατόρθωσις
622 2074 669 2100 καὶ
684 2075 701 2110 ἡ
727 2075 917 2111 εὐσχημοσύνη

961 849 1077 884 lapidem
1099 849 1258 884 pretiosum.
1284 848 1361 882 Quod
1384 849 1407 877 si
1430 849 1512 876 etiam
1535 856 1568 876 ex
1586 852 1744 876 transverso

960 896 996 923 sit
1018 896 1109 923 verbis
1127 895 1327 924 describendus
1344 899 1469 926 ornatus,
1495 895 1558 922 hinc
1575 894 1744 928 iucorruptio
1764 925 1767 929 _

960 945 986 968 et
1003 941 1190 976 impatibilitas
1209 940 1319 968 domum
1334 941 1485 973 iucrustet;
1502 940 1576 967 illinc
1595 940 1702 974 justitia
1717 945 1745 966 et

961 987 1007 1013 irae
1031 994 1087 1013 non
1108 994 1169 1014 esse
1194 987 1341 1013 obnoxium
1370 990 1448 1013 ornet
1473 986 1681 1013 habitationem.
1703 984 1741 1012 Ex

961 1032 1045 1059 altera
1063 1037 1143 1067 parte
1169 1031 1343 1066 resplendeat
1369 1031 1513 1058 humilitas
1529 1034 1557 1058 et
1581 1031 1691 1063 lenitas,
1715 1033 1745 1058 et

962 1085 1059 1104 rursus
1074 1085 1107 1103 ex
1126 1076 1179 1103 alia
1196 1077 1224 1104 in
1246 1076 1330 1104 Deum
1350 1076 1449 1111 pietas.
1465 1075 1528 1103 Haec
1545 1078 1636 1102 autem
1652 1075 1745 1102 omnia

962 1121 1111 1157 praeclarus
1134 1121 1245 1154 artifex,
1269 1128 1368 1156 nempe
1385 1121 1517 1153 charitas,
1541 1124 1604 1155 apte
1621 1120 1695 1147 inter
1714 1127 1745 1147 se

962 1169 1120 1203 eonjungat.
1151 1165 1226 1199 Quod
1243 1165 1264 1192 si
1277 1167 1380 1194 lavacra
1392 1167 1538 1198 desideres,
1549 1172 1577 1195 et
1591 1167 1662 1195 domi
1680 1167 1744 1194 velis

964 1214 1062 1241 habere
1082 1214 1226 1244 lavacrum,
1239 1215 1266 1238 ct
1279 1213 1398 1247 proprios
1413 1212 1501 1240 fontes
1519 1211 1664 1243 salientes,
1683 1212 1745 1246 qui-

963 1257 1015 1285 bus
1039 1257 1136 1284 animze
1160 1257 1392 1292 maculaepossint
1411 1256 1479 1289 elui,
1505 1256 1531 1284 id
1546 1261 1625 1292 potes
1643 1257 1746 1285 habere

963 1311 1018 1339 quo
1035 1311 1101 1330 usus
1116 1306 1158 1330 est
1176 1310 1292 1338 magnus
1315 1302 1412 1333 David.
1431 1306 1515 1330 uoetu
1532 1302 1560 1329 in
1583 1310 1617 1330 eo
1633 1303 1745 1331 lavacro

964 1357 994 1377 se
1019 1349 1173 1377 obleclaus.
1191 1347 1339 1375 Columnas
1355 1353 1447 1376 autem
1468 1356 1528 1384 qua:
1545 1348 1643 1376 animae
1661 1349 1744 1383 porti-

964 1402 1027 1422 cum
1052 1395 1201 1426 sustinent,
1228 1401 1282 1420 uon
1304 1393 1446 1429 Phrygias,
1473 1397 1519 1420 aut
1539 1392 1742 1429 porphyreticas

965 1448 1096 1476 procura,
1124 1440 1170 1466 sed
1201 1439 1338 1467 stabilitas
1361 1443 1388 1466 ct
1416 1438 1595 1466 immobilitas
1618 1438 1646 1465 in
1671 1438 1746 1466 omni

965 1488 1037 1514 bono
1062 1487 1098 1513 sit
1125 1486 1205 1520 longe
1232 1485 1379 1520 pretiosior
1402 1484 1444 1512 his
1466 1483 1636 1512 ornamentis
1665 1489 1751 1511 matc-

965 1532 1053 1559 riatis.
1079 1531 1166 1558 Omne
1191 1538 1277 1565 genus
1301 1535 1391 1557 :uuem
1419 1529 1578 1561 simulacra,
1606 1537 1654 1557 seu
1679 1529 1747 1563 picta

966 1586 1014 1605 seu
1027 1576 1098 1608 (icta,
1115 1584 1175 1611 qua:
1197 1576 1229 1602 ad
1249 1575 1431 1602 imitationem
1455 1574 1580 1602 veritatis
1601 1573 1744 1602 artiﬁciose

969 1622 1089 1650 fallendo
1115 1621 1240 1648 homines
1261 1620 1445 1651 fabricantur,
1469 1627 1524 1646 non
1548 1613 1671 1646 admittit
1693 1619 1750 1646 haec

967 1665 1114 1698 habitatio,
1130 1665 1158 1692 in
1174 1672 1227 1700 qua
1242 1667 1308 1692 sunt
1322 1664 1410 1698 plena:
1421 1663 1554 1698 imagines
1566 1662 1702 1690 veritatis.
1719 1664 1747 1691 Si

967 1719 1077 1740 cursum
1098 1715 1188 1739 autem
1204 1709 1495 1738 etdeambulatiouem
1512 1708 1665 1740 desideras,
1686 1714 1750 1734 ver-

967 1758 1024 1786 sari
1037 1762 1064 1785 te
1078 1761 1187 1792 oportet
1201 1757 1228 1784 in
1243 1755 1397 1791 prmeeptis.
1416 1756 1462 1783 Sic
1473 1755 1546 1783 enim
1558 1754 1626 1780 dicit
1637 1753 1750 1788 Sapien-

969 1805 1017 1835 tia,
1034 1804 1062 1830 ln
1082 1803 1134 1830 viis
1156 1802 1271 1837 justitiae
1298 1801 1420 1834 ambulo,
1440 1803 1468 1828 et
1489 1807 1586 1827 versor
1614 1799 1642 1825 in
1659 1797 1751 1825 medio

967 1851 1074 1877 viarum
1093 1847 1309 1883 justil‘tcatiouis.
1326 1846 1413 1879 Quam
1435 1845 1581 1880 pulchrum
1595 1848 1637 1871 est
1663 1844 1690 1870 in
1707 1843 1750 1870 his

969 1895 1066 1931 agitari
1092 1899 1118 1922 et
1135 1893 1258 1921 exerceri
1277 1892 1407 1924 animam,
1425 1896 1451 1918 et
1469 1898 1530 1918 cum
1556 1889 1684 1925 praecepti
1711 1889 1751 1917 lo-

968 1949 1030 1967 cum
1057 1943 1132 1967 motu
1152 1937 1316 1973 pervaserit,
1349 1936 1445 1964 eodem
1469 1935 1571 1963 reverti
1595 1934 1672 1962 :boc
1697 1939 1751 1968 est,

969 1990 998 2016 ut
1012 1993 1074 2013 cum
1090 1984 1244 2020 impleverit
1262 1983 1420 2011 mandatum
1436 1989 1531 2010 eorum
1550 1981 1578 2008 in
1595 1988 1656 2016 quae
1671 1987 1751 2007 suum

968 2031 1074 2059 confert
1090 2030 1220 2062 studium,
1239 2028 1363 2057 secundo
1380 2034 1477 2054 rursus
1501 2032 1527 2053 et
1547 2026 1627 2055 tertio
1642 2025 1753 2056 excola-

969 2082 1024 2104 tur‘
1039 2084 1146 2103 morum
1170 2075 1294 2111 probitas
1321 2078 1348 2102 et
1369 2073 1432 2101 vita;
1454 2073 1595 2100 honestas.
1621 2071 1673 2104 Qui
1700 2071 1753 2099 hoc

129 2118 178 2145 τοῦ
194 2118 252 2153 βίου
267 2119 469 2152 καλλωπιζέτω.
486 2119 515 2146 '0
524 2120 616 2147 τοῦτον
627 2120 672 2146 τὸν
682 2121 781 2156 τρόπον
794 2120 913 2153 ὲξασκῶν

969 2122 1049 2150 modo
1062 2122 1095 2149 ad
1114 2121 1345 2157 pulchritudiuem
1365 2127 1445 2147 suum
1463 2123 1578 2148 exornat
1595 2117 1753 2150 aedificium,

130 2165 172 2195 είς
184 2164 280 2195 κάλλος
296 2164 325 2190 τὸ
339 2164 506 2199 οἰκοδόμημα
521 2165 552 2192 τὸ
568 2165 674 2197 ἑαυτοῦ,
696 2166 781 2201 μικρά
796 2168 917 2201 φροντιεῖ

130 2209 182 2244 τῆς
195 2210 290 2245 γηῖνης
301 2209 376 2243 ὕλης,
386 2210 436 2237 οὐκ
448 2210 584 2246 ἐνοχλήσει
599 2211 739 2245 μετάλλοις
748 2212 798 2238 οὐκ
820 2211 917 2238 Ἰνδικά

130 2255 245 2291 περάσει
267 2255 382 2290 πελάγη,
398 2256 441 2282 ἵνα
454 2256 488 2282 τὰ.
509 2256 563 2284 τῶν
583 2256 734 2290 ἐλεφάντων
752 2256 820 2284 ὀστᾶ
831 2257 916 2291 ἐμποο

132 2300 273 2338 ρεύσηται,
288 2300 319 2329 οὺ
334 2301 460 2335 τεχνιτῶν
473 2301 645 2337 περιεργείας
660 2301 835 2337 μισθώσεται,
848 2299 886 2330 ὧν
899 2304 916 2338 ὴ

129 2347 213 2381 τέχνη
237 2347 444 2381 προσαπτομένη
461 2348 493 2382 τῇ
518 2346 569 2383 ὖλῃ
581 2355 589 2363 ·
607 2347 665 2374 ἀλλ’
677 2347 781 2374 οἴκοθεν
803 2347 916 2383 ἔχειτὸν

131 2391 249 2417 πλοῦτον
262 2391 307 2417 τὸν
323 2392 382 2423 ταῖς
394 2391 530 2423 τοιαύταις
549 2393 731 2425 κατασκευαῖς
750 2393 918 2428 χορηγοῦντα

130 2437 182 2469 τὰς
198 2437 274 2469 ὕλας.

168 2483 230 2514 Τοῖς
242 2483 291 2517 μὲν
300 2483 354 2519 γὰρ
362 2483 546 2519 εὐνουστέροις
555 2484 608 2512 τῶν
621 2484 735 2516 παίδων,
752 2484 828 2511 ἐλέου
842 2484 917 2517 ἀξιον

130 2528 262 2564 ἐνομίσθη
276 2529 307 2555 τὸ
327 2529 528 2564 ἀσχημάτιστον
544 2538 551 2546 ·
568 2530 607 2565 τῷ
622 2530 651 2557 δὲ
665 2529 809 2565 ἀτασθάλῳ
821 2539 852 2557 τε
872 2531 918 2564 καὶ

129 2574 296 2609 ἀπαιδεύτῳ,
311 2574 427 2609 γέλωτος
449 2575 577 2611 ἀφορμὴ,
588 2575 619 2602 τὺ
638 2576 691 2612 τῆς
709 2575 793 2611 μέθης
815 2576 920 2610 γίνεται

129 2619 233 2654 θέαμα.
243 2619 329 2647 Πολὺν
340 2619 368 2646 δὲ
383 2620 578 2656 περιλαμϐάνει
593 2621 759 2656 παθημάτων
771 2621 920 2656 κατάλογον

129 2665 148 2699 ὴ
168 2665 216 2699 τῆς
233 2663 287 2689 τῶν
312 2664 480 2699 ἀμπελώνων
503 2665 612 2700 φυτείας
629 2666 829 2703 ἐξομολόγησις.
848 2667 919 2694 Ὅσα

169 2751 191 2767 ⁸⁸
212 2749 280 2778 Gen.
298 2758 336 2782 ix,
353 2750 388 2776 22
402 2758 460 2785 sqq.

970 2176 1067 2204 parum
1095 2167 1203 2194 curabit
1234 2171 1372 2193 terrenam
1404 2164 1567 2197 materiam,
1597 2169 1652 2189 non
1676 2161 1754 2190 dabit

970 2221 1081 2249 operam
1098 2211 1236 2240 fodiendis
1256 2210 1386 2243 metallis,
1402 2217 1457 2236 non
1479 2208 1571 2239 Indica
1584 2207 1754 2235 transmittet

970 2259 1070 2292 maria,
1090 2262 1121 2285 ut
1135 2263 1210 2286 emat
1224 2264 1290 2285 ossa
1304 2257 1521 2291 elephantorum,
1538 2261 1592 2282 non
1605 2253 1753 2280 artilicium

970 2311 1207 2340 supervacaneum
1237 2305 1264 2330 et
1288 2302 1429 2330 curiosum
1457 2299 1591 2327 uouducet
1614 2298 1754 2331 laborem,

970 2358 1088 2386 quorum
1104 2357 1150 2377 ars
1162 2351 1205 2376 est
1219 2348 1348 2384 adjuncta
1365 2345 1506 2374 materiae:
1523 2344 1570 2373 sed
1586 2344 1657 2372 domi
1670 2343 1754 2371 habet

970 2404 1047 2432 opes,
1071 2402 1134 2431 qua
1150 2394 1308 2429 huiusmodi
1323 2392 1474 2421 structuris
1496 2390 1672 2426 suppeditant
1693 2396 1754 2417 ma-

969 2442 1076 2470 teriam.

1006 2486 1065 2518 Filii
1085 2486 1157 2517 enim
1176 2485 1222 2520 qui
1243 2487 1320 2512 erant
1336 2483 1416 2518 paulo
1434 2480 1681 2511 benevolentiores,
1700 2479 1753 2506 mi-

971 2531 1120 2560 sericordia
1135 2531 1247 2565 dignum
1265 2533 1442 2562 censuerunt,
1458 2528 1530 2564 quod
1545 2534 1574 2555 se
1588 2531 1695 2562 gereret
1709 2526 1752 2552 in-

973 2577 1072 2605 decore
1081 2577 1103 2592 “
1119 2585 1126 2607 ;
1143 2575 1244 2603 stultus
1259 2578 1348 2602 autem
1364 2577 1391 2601 et
1411 2573 1532 2600 insolens
1546 2579 1579 2599 ex
1597 2569 1754 2605 spectaculo

974 2621 1114 2648 ebrietatis
1139 2619 1258 2655 sumpsit
1289 2618 1462 2646 occasionem
1490 2616 1573 2643 risus.
1626 2614 1751 2648 Magnum

973 2671 1061 2695 autem
1075 2665 1246 2694 alfectionum
1266 2664 1418 2699 catalogum
1437 2659 1645 2696 comprehendit
1661 2657 1752 2684 vinca-
