1989 3070
250 109 301 137 659

849 109 876 136 S.
901 108 1062 136 CliEGUlill
1083 102 1225 134 :VYSSENI

1826 101 1879 129 660

248 171 310 191 rum
335 164 511 198 plautationis
535 165 683 192 confessio.
711 166 777 198 Qum
792 167 864 193 enim
887 171 914 193 et
939 166 1034 201 quales

1088 163 1139 199 γὰρ
1153 164 1200 189 καὶ
1216 161 1260 190 οἶά
1277 163 1334 188 ἐστι
1360 161 1393 188 τὰ
1408 161 1455 188 τοῦ
1480 161 1550 187 οῖνου
1572 159 1774 194 ἀποτελούμενα
1791 159 1877 195 πάθη,

251 213 316 240 sunt
329 216 389 242 qua:
404 216 418 234 a
432 209 494 235 vino
509 209 578 236 liunt
594 209 760 242 aﬂ‘ectioncs,
776 217 823 238 eas
838 218 933 238 omnes
947 210 1036 238 oratio

251 256 385 287 potestate
399 254 598 288 complectitur.
618 254 686 288 Quis
702 255 775 282 enim
795 262 828 282 ex
842 256 970 283 omnibus
988 263 1036 282 ne-

251 298 313 329 scit.
330 298 402 332 quod
417 298 521 332 vinum,
545 299 655 334 quando
687 300 865 328 immoderate
897 304 1034 335 sumptum

251 342 357 370 excedit
373 350 464 377 usum,
488 349 531 371 est
549 344 638 372 forncs
663 345 889 380 intemperantiae,
908 345 1036 380 suppedi-

251 391 291 415 tat
306 389 468 423 voluptates,
482 394 525 417 est
550 390 686 425 pernicies
709 391 873 426 juvcututis,
904 391 1035 426 probrum

254 434 417 468 senectutis,
434 434 553 463 dedecus
579 436 736 469 mulierum,
765 436 880 464 insaniat
908 436 1036 471 pharma-

250 486 325 511 cum,
340 479 492 507 insolentia
505 485 532 508 et
546 481 703 516 petulantiae
717 481 859 513 viaticum,
878 482 975 508 animae
990 488 1038 508 ve-

250 530 363 557 nenum,
383 525 482 553 mentis
499 526 637 560 interitus,
652 528 764 556 virtutis
780 527 930 554 alienatio?
941 526 980 553 Ex
990 526 1037 554 illo

250 574 293 597 est
311 571 385 598 risus
401 572 504 607 absque
516 573 570 599 ulla
585 574 740 606 occasione,
759 574 850 601 luctus
864 574 925 601 sine
939 580 1034 606 causa,

250 621 409 651 spantaneae
433 618 578 653 lacrymaa,
605 627 666 654 qua}
695 618 850 646 consistere
865 627 920 646 non
948 621 1038 654 potest

247 661 391 696 jactantia,
404 662 431 689 in
448 663 591 691 mendacio
606 664 784 699 impudentia,
800 672 895 692 eorum
911 672 972 699 quae
985 664 1038 691 mi-

251 707 324 735 nime
342 715 403 735 esse
432 710 539 743 possint
564 710 746 741 desiderium,
772 718 835 745 spes
861 718 955 738 eorunt
976 718 1037 745 quae

251 757 389 788 nequeunt
413 755 469 782 ulla
492 755 548 783 ﬁeri
575 756 690 786 ratione,
713 756 793 783 mina!
817 756 899 784 nimis
916 756 1036 789 tumidae.

251 804 342 827 metus
370 808 468 835 expers
502 801 629 835 rationis,
658 801 769 829 minime
800 802 901 829 sentire
929 809 959 829 ea
976 809 1037 836 quae

1087 211 1176 236 πάντα
1190 210 1223 244 τῇ
1243 208 1355 243 δυνάμει
1369 207 1489 241 περιέχει
1502 207 1516 232 ὁ
1530 206 1617 240 λόγος.
1635 205 1683 236 Τίς
1699 205 1753 240 γὰρ
1763 205 1812 232 οὑκ
1823 203 1876 232 οἶδε

1086 255 1140 282 τῶν
1157 255 1277 286 πάντων,
1292 254 1334 280 ὅτι
1356 250 1438 284 οἶνος,
1452 253 1516 279 ὅταν
1529 250 1629 286 παρῄει
1644 253 1678 287 τῇ
1693 251 1811 287 ἀμετρίᾳ
1828 252 1877 287 τὴν

1086 301 1190 336 χρείαν,
1205 299 1352 330 ἀκολασίας
1364 298 1438 324 ἐστὶν
1450 298 1626 332 ὑπέκκαυμα,
1637 296 1739 332 ἡδονῶν
1750 297 1875 332 χορηγία,

1086 345 1210 381 νεότητος
1226 344 1310 379 λύμη,
1330 345 1423 379 γήρως
1449 343 1626 378 ἀσχημοσύνη
1638 365 1644 374 ,
1661 342 1798 376 γυναικῶν
1819 343 1878 369 ἀτι-

1088 392 1146 427 μία,
1176 391 1273 426 μανίας
1302 390 1458 426 φάρμακον,
1484 388 1627 424 παροινίας
1651 387 1878 422 ὲφόδιον,ψυχῆς

1086 436 1257 472 δηλητήριον,
1270 435 1389 466 διανοίας
1411 435 1553 470 νέκρωσις,
1569 435 1669 470 ἀρετῆς
1684 433 1875 469 ἀλλοτρίωσιςς

1092 482 1212 509 Ἐκεῖθεν
1221 482 1235 508 ὁ
1244 481 1446 517 ἀπροφάσιστος
1456 481 1552 515 γέλως,
1561 481 1575 506 ὁ
1584 480 1649 507 ἄνευ
1666 480 1755 512 αίτίας
1768 480 1876 517 θρῆνος,

1088 528 1119 555 τὸ
1147 528 1298 564 αὐτόματον
1312 527 1428 562 δάκρυον
1438 548 1445 560 ,
1459 527 1476 562 ή
1498 526 1681 558 ἀνυπόστατος
1698 526 1876 562 μεγαλαυχία,

1087 574 1104 609 ἡ
1120 574 1165 599 ἐπὶ
1179 572 1218 608 τῷ
1239 572 1331 608 ψεύδει
1355 571 1546 606 ἀναισχυντία.
1569 572 1585 606 ἡ
1611 571 1664 598 τῶν
1693 571 1875 608 ἀνυπάρκτων

1087 617 1231 651 ἐπιθυμία,
1242 617 1260 652 ἡ
1274 616 1326 643 τῶν
1343 616 1491 651 ἀμηχάνων
1507 615 1622 650 ὲλπὶς,ἡ
1639 615 1792 650 ὑπέρογκος
1802 616 1878 642 ἀπει-

1087 662 1131 698 λὴ,
1147 663 1161 689 ὁ
1180 662 1276 696 ἄλογος
1291 661 1383 696 φόϐος,
1400 663 1417 697 ἡ
1433 661 1486 687 τῶν
1512 661 1583 688 κατὰ
1611 661 1736 697 ἀλήθειαν
1754 661 1878 697 φοσερῶν

1088 707 1258 743 ἀναισθησία,
1276 707 1293 742 ὴ
1313 707 1431 738 ἀναίτιος
1455 706 1567 741 ὑποψία,
1585 706 1602 741 ἡ
1617 706 1770 742 παράλογος
1781 707 1877 741 φιλανθ

1088 753 1207 789 θρωπία,
1221 754 1239 789 ἡ
1260 752 1315 779 τῶν
1331 752 1469 779 ἀδυνάτων
1496 751 1645 786 ἐπαγγελία
1659 761 1665 768 ·
1685 752 1727 779 ἴνα
1744 752 1878 788 παρῶμεν

1087 799 1121 825 τὰ
1133 798 1211 830 ἄλλα,
1228 798 1272 824 τὸν
1286 798 1396 833 ἀπρεπῆ
1411 797 1564 832 νυσταγμὸν
1575 818 1582 831 ,
1597 797 1646 832 τὴν
1662 798 1780 833 πάρετον
1796 806 1879 832 καρη-

251 848 316 871 sunt
331 853 393 872 vere
409 846 602 880 formidabilia,
620 847 742 881 suspicio
763 847 920 879 temeraria,
937 846 1036 874 Imma-

1088 844 1195 880 σαρίαν,
1210 843 1258 878 τὴν
1268 844 1300 869 ὲκ
1313 845 1363 878 τῆς
1377 843 1498 879 ἀμέτρου
1511 843 1657 879 πληθώρας
1671 843 1877 879 ἀσχημοσύνην,

251 891 324 919 nitas
347 892 448 920 rationi
477 901 650 928 nequaquam
675 897 871 925 consentanea,
890 893 1036 927 promissio

250 944 344 964 eorum
356 945 416 972 qua:
428 939 485 965 ﬂeri
501 943 656 973 nequeunt:
674 943 702 965 ut
715 939 767 965 alia
782 938 1035 974 praetermittamus,

251 983 410 1010 indecoram
437 984 659 1011 dormitationem
673 1004 680 1016 ,
701 983 863 1011 dissolutam
893 983 1036 1018 crapulam

251 1033 333 1063 caput
365 1033 538 1064 gravantem,
566 1037 598 1056 ex
628 1029 775 1056 immodica
800 1029 951 1064 repletione
977 1033 1036 1056 tur-

251 1074 411 1110 pitudinem.
426 1074 633 1102 dissolutionem
648 1074 839 1105 articulorum,
852 1074 914 1101 colli
926 1078 1037 1101 contor-

250 1120 368 1152 sionem,
395 1119 468 1154 quod
501 1127 531 1147 se
547 1127 602 1146 non
635 1122 725 1154 potest
753 1119 871 1154 amplius
900 1120 1037 1147 sustinere

251 1169 335 1199 snper
355 1165 492 1196 humeros,
507 1164 562 1191 vini
579 1165 694 1191 hutnore
707 1164 770 1191 colli
792 1164 968 1199 ligamentum
991 1172 1036 1192 re-

251 1208 459 1242 solvenie.Quid
471 1209 606 1242 nefarium
616 1209 782 1245 perpetravit
799 1209 931 1244 ﬂagitium
947 1210 1037 1238 coitus

250 1262 313 1282 cum
332 1254 408 1281 tilia?
420 1254 492 1287 Quid
510 1255 537 1282 in
560 1255 593 1282 iis
608 1262 669 1290 qua:
691 1255 792 1282 ﬂebant
805 1254 856 1282 Lot
876 1255 945 1282 laesit
962 1263 1037 1283 men-

250 1305 305 1327 tem
317 1301 350 1332 “.
369 1304 397 1327 ut
414 1300 461 1335 qui
485 1305 512 1327 et
535 1300 667 1335 ﬂagitium
698 1300 905 1335 perpetraverit,
922 1305 949 1328 et
963 1301 1037 1336 quod

252 1346 417 1381 perpetravit
432 1346 599 1381 ignoraverit
617 1346 628 1372 ‘l
652 1345 722 1378 Quid
738 1346 855 1373 alienam
874 1347 982 1374 illorum
1004 1347 1037 1373 ﬂ-

252 1392 350 1419 liorum
368 1391 578 1426 appellationem
597 1391 740 1418 innovavit
756 1395 887 1425 tanquam
911 1391 937 1418 in
952 1392 1037 1426 aenig-

251 1437 343 1465 mate?
359 1437 502 1470 Quomodo
521 1437 648 1464 scelerati
666 1434 762 1472 partus
783 1440 896 1469 matres,
925 1436 1037 1464 fuerunt

251 1490 361 1510 sorores
374 1490 487 1509 suorum
504 1482 642 1509 ﬁliorum?
659 1481 802 1514 Quomodo
835 1482 883 1508 lilii
911 1482 1035 1509 eumdem

251 1527 333 1554 simul
355 1527 490 1554 habebant
504 1531 531 1554 et
548 1531 653 1562 patrem
667 1531 694 1554 et
708 1527 810 1554 avum?
823 1526 893 1560 Quid
907 1531 949 1554 est
964 1527 1036 1562 quod

251 1572 378 1600 confudit
393 1577 520 1600 naturam
531 1573 558 1599 in
571 1572 676 1600 nefario
688 1573 813 1600 scelere?
823 1573 864 1600 An
875 1581 929 1600 non
942 1573 1036 1600 vinum

251 1618 326 1652 quod
341 1618 452 1645 modqu
466 1618 596 1650 excessit,
610 1617 681 1644 banc
694 1617 737 1644 cui
757 1617 823 1645 lides
838 1625 893 1644 non
907 1617 1036 1650 habetur,

252 1663 357 1691 invexit
381 1663 567 1698 tragwdiam?
582 1663 641 1691 Non
669 1664 788 1692 ebrietas
815 1663 939 1691 historia:
955 1665 1036 1692 talem

252 1709 364 1736 annexlt
392 1708 523 1742 fabulam,
547 1717 608 1744 quae
626 1717 677 1737 suo
693 1717 809 1736 excessu
843 1717 923 1736 veras
953 1709 1036 1737 etiam

252 1757 363 1788 superat
379 1752 507 1780 fabulas?
529 1752 614 1780 Suum
629 1753 715 1785 enim.
735 1753 835 1788 inquit,
858 1757 964 1788 patrem
988 1761 1037 1789 po-

252 1803 347 1826 tarunt
359 1799 432 1826 vino.
450 1798 481 1826 Et
494 1798 535 1826 sic
549 1802 640 1826 mente
661 1799 685 1827 ei
707 1799 771 1826 vino
798 1799 954 1832 deturbata,
977 1804 1038 1826 tan-

251 1852 334 1880 quam
348 1844 393 1880 qui
411 1844 498 1880 magia
533 1845 624 1879 aliqua
644 1849 718 1872 esset
747 1845 933 1876 dementatus,
966 1844 1038 1872 hanc

252 1890 353 1917 mundo
368 1890 497 1925 tragicam
513 1890 624 1924 reliquit
639 1890 840 1921 narrationem,
858 1894 888 1917 ut
901 1890 945 1917 cui
959 1893 1031 1916 tem-

251 1943 317 1972 pore
332 1936 479 1971 perpetrati
492 1935 585 1969 ﬂagitii
599 1935 634 1962 ab
648 1935 782 1963 ebrietate
798 1935 872 1963 furto
891 1935 1037 1970 subreptus

253 1981 334 2008 fuerit
350 1988 460 2008 sensus.
476 1980 499 2007 0
512 1988 595 2015 quam
611 1981 682 2008 male
698 1981 826 2009 mulieres
842 1981 908 2014 illas,
925 1989 957 2009 ex
971 1988 1038 2008 con-

251 2026 345 2054 ditivis
362 2025 565 2054 Sodomitarum
579 2027 659 2059 cibis,
675 2034 768 2054 secum
787 2027 882 2054 vinum
896 2026 1035 2054 tulerunt!

251 2071 275 2100 0
291 2079 373 2108 quam
390 2073 490 2099 malum
514 2073 643 2100 amicitia:
666 2073 783 2100 indicem
799 2077 892 2107 potum
916 2081 950 2100 ex
966 2073 1038 2100 malo

252 2123 358 2146 cratere
383 2119 452 2152 patri
477 2126 529 2145 suo
557 2118 721 2146 infuderunt
737 2119 744 2144 l
763 2118 851 2151 Quam
881 2119 961 2152 longe
977 2123 1037 2145 erat

251 2165 351 2192 melius
367 2170 429 2192 cum
443 2164 572 2192 omnibus
593 2164 659 2191 illud
688 2171 798 2199 quoquc
813 2164 907 2191 vinum
926 2164 1037 2191 interire

253 2210 391 2242 Sodomis,
420 2211 581 2246 priusquam
608 2210 688 2237 talem
718 2210 903 2244 suppeditaret
934 2215 1038 2244 ungo:-

252 2257 323 2284 diam
337 2258 343 2284 ί
363 2258 429 2285 Cum
446 2257 501 2285 sint
512 2261 602 2284 autem
616 2257 775 2291 hujusmodi
791 2257 927 2291 exetupla,
942 2261 968 2283 ct
982 2260 1036 2284 tam

253 2304 337 2330 multa
353 2304 423 2330 mala
438 2303 560 2338 quotidie
583 2302 610 2329 iu
626 2302 681 2328 vita
696 2309 729 2329 ex
752 2302 816 2328 vino
831 2302 968 2333 oriantur,
988 2302 1039 2329 hoc

1089 890 1138 925 τὴν
1151 890 1205 916 τῶν
1226 889 1334 925 ἄρθρων
1361 889 1437 916 λύσιν
1452 910 1458 922 ,
1474 889 1521 916 τὸν
1539 889 1670 925 λυγισμὺν
1689 890 1735 916 τοῦ
1756 890 1876 924 αὐχένος,

1089 935 1180 963 οὐκέτι
1196 935 1290 962 ἑαυτὸν
1307 935 1354 962 ἐπὶ
1374 935 1427 962 τῶν
1441 935 1523 970 ὤμων
1542 935 1695 970 ἀνέχοντος,
1711 935 1761 970 τῆς
1775 937 1807 961 ὲκ
1831 935 1877 961 τοῦ

1089 985 1160 1011 οῐνου
1173 984 1322 1019 ὑγρότητος
1336 983 1382 1009 τὸν
1397 983 1542 1018 σύνδεσμον
1560 982 1606 1010 τοῦ
1621 982 1733 1018 αὐχένος
1747 981 1878 1009 ὑπολυού-

1090 1039 1152 1066 σης,
1170 1030 1202 1056 Τί
1222 1030 1252 1056 τὸ
1266 1029 1424 1065 παράνομον
1438 1029 1503 1063 ἄγος
1523 1029 1572 1063 τῆς
1594 1026 1807 1063 θυγατρομιξίας
1822 1028 1878 1062 είρ-

1088 1077 1191 1111 γάσατο
1202 1084 1210 1108 ;-
1221 1076 1247 1102 τί
1262 1076 1312 1111 τὴν
1329 1075 1448 1102 διάνοιαν
1461 1074 1508 1101 τοῦ
1516 1072 1578 1102 Λὼτ
1592 1070 1646 1101 ἀπὸ
1662 1073 1716 1100 τῶν
1729 1073 1878 1108 γινομένων

1089 1120 1280 1155 ὲξέκλεψεν,δς
1303 1120 1351 1147 καὶ
1369 1120 1400 1146 τὸ
1423 1119 1488 1154 ἄγος
1512 1119 1654 1154 ὲτόλμησε,
1678 1119 1725 1146 καὶ
1745 1118 1878 1153 ἠγνόησεν

1088 1167 1157 1201 ὅπερ
1171 1166 1334 1201 ὲτόλμησενς
1347 1165 1389 1197 τίς
1409 1165 1549 1203 ὦσπερήὲν
1576 1164 1717 1200 αίνὶγματι
1734 1163 1783 1199 τὴν
1802 1163 1877 1190 sane

1088 1220 1166 1238 κοτον
1180 1211 1235 1239 τῶν
1250 1211 1353 1238 τέκνων
1370 1211 1482 1238 ἐκείνων
1504 1211 1690 1247 προσηγορίαν
1703 1209 1877 1244 ἐκαινοτόμη-

1089 1265 1149 1290 σεν;
1164 1258 1224 1289 πῶς
1235 1257 1264 1284 αἰ
1276 1257 1321 1283 τοῦ
1335 1257 1448 1291 ἐναγοῦς
1467 1257 1547 1284 τόκου
1564 1256 1681 1292 μητέρες
1695 1255 1809 1289 ἀδελφαὶ
1822 1255 1877 1282 τῶν

1090 1300 1163 1327 ἰδίων
1173 1300 1275 1327 τέκνων
1293 1300 1418 1334 ἐγένοντο
1427 1309 1434 1333 ;
1442 1301 1499 1332 πῶς
1511 1301 1535 1327 οῑ
1549 1300 1642 1332 παῖδες
1655 1300 1700 1326 τὸν
1710 1299 1790 1326 αὑτὸν
1800 1299 1878 1334 ἔσχον

1090 1344 1195 1379 πατέρα
1205 1353 1234 1371 τε
1242 1344 1309 1380 ὁμοῦ
1319 1345 1366 1371 καὶ
1382 1346 1542 1381 προπάτορα
1551 1345 1623 1378 ;τίςό
1632 1345 1747 1380 συγχέας
1757 1346 1784 1371 ὲν
1794 1352 1878 1380 παρα-

1091 1389 1175 1424 νομίᾳ
1188 1390 1238 1424 τὴν
1261 1389 1363 1424 φύσιν;
1386 1390 1436 1416 οὐκ
1459 1387 1530 1422 οἶνος
1567 1390 1650 1426 ἐκβὰς
1669 1390 1704 1416 τὰ
1725 1389 1812 1425 μέτρα
1828 1390 1878 1425 τὴν

1088 1433 1290 1470 ἀπιστουμένην
1303 1435 1405 1470 ταύτην
1414 1435 1568 1471 τραγῳδίαν
1581 1437 1738 1471 εἰσήνεγκεν
1748 1444 1755 1468 ;
1767 1436 1797 1462 οὺ
1808 1435 1877 1470 μέθη

1087 1479 1132 1505 τὸν
1149 1480 1268 1506 τοιοῦτον
1289 1479 1372 1516 μῦθον
1388 1481 1436 1516 τῆς
1447 1481 1567 1517 ἱστορίας
1582 1481 1754 1514 συνέπλεξεν,
1769 1481 1799 1512 ὃς
1817 1482 1877 1511 ταῖς

1088 1525 1249 1560 ὑπερϐολαῖς
1259 1526 1305 1552 καὶ
1315 1527 1377 1558 τοὺς
1389 1526 1473 1558 ὅντως
1486 1526 1586 1562 μύθους
1597 1527 1779 1562 παρέρχεται;
1797 1527 1878 1553 Ἐπό-

1087 1578 1164 1596 τισαν
1177 1570 1241 1605 γὰρ.
1257 1569 1424 1606 φησὶν,οἷνον
1433 1571 1478 1598 τὸν
1492 1572 1593 1598 ἑαυτῶν
1604 1572 1709 1607 πατέρα
1721 1581 1727 1587 ·
1738 1573 1784 1598 καὶ
1792 1571 1878 1604 οὕτως

1088 1615 1161 1651 αὺτῷ
1185 1616 1232 1651 τῆς
1249 1617 1366 1649 διανοίας
1382 1617 1545 1652 ὲξωσθείσης
1561 1618 1614 1644 ἀπὸ
1626 1618 1673 1644 τοῦ
1701 1619 1783 1650 οῐνου,
1798 1619 1879 1646 καθά-

1088 1669 1141 1697 περ
1160 1662 1246 1698 μαγίᾳ
1264 1663 1318 1688 τινὶ
1337 1663 1517 1697 κατεχόμενος
1536 1662 1567 1688 τὸ
1588 1663 1718 1697 τραγικὸν
1741 1663 1818 1690 τοῦτο
1837 1663 1876 1690 δι-

1087 1708 1183 1743 ήγημα
1194 1708 1233 1744 τῷ
1250 1708 1299 1743 βίῳ
1313 1708 1660 1744 κατέλιπεν,ὲκκλαπείο·ης
1677 1709 1753 1744 παρὰ
1769 1709 1814 1736 τὸν
1830 1709 1878 1736 τοῦ

1087 1754 1169 1788 ἄγους
1185 1754 1279 1789 καιρὸν
1302 1753 1354 1780 ὑπὸ
1373 1754 1422 1789 τῆς
1450 1754 1533 1789 μέθης
1548 1754 1622 1790 αὐτῷ
1636 1756 1685 1791 τῆς
1709 1755 1872 1791 αίσθησεως.

1089 1800 1122 1826 Ὦ
1141 1799 1233 1831 κακῶς
1259 1799 1313 1826 τῶν
1342 1800 1523 1835 Σοδομιτικῶν
1546 1801 1686 1828 ἀποθέτων
1707 1802 1735 1827 ai
1751 1802 1878 1835 γυναῖκες

1087 1847 1190 1873 ὲκείναι
1206 1845 1264 1880 μεθ’
1277 1845 1381 1872 ἑαυτῶν
1391 1846 1436 1872 τὸν
1449 1844 1520 1873 οἶνον
1530 1847 1713 1883 ὲκκομίσασαι
1726 1847 1733 1873 ι
1747 1845 1770 1873 ὢ
1789 1846 1878 1881 κακὴν

1088 1892 1247 1927 φιλοτησίαν
1262 1893 1294 1919 ὲκ
1309 1892 1428 1928 πονηροῦ
1453 1895 1591 1929 κρατῆρος
1606 1893 1645 1928 τῷ
1663 1894 1749 1930 πατρὶ
1774 1901 1878 1929 παρεγ-

1087 1937 1183 1972 χέασαι
1194 1938 1200 1965 1
1213 1938 1257 1970 Ὦς
1267 1937 1334 1964 πολύ
1346 1945 1375 1964 τε
1387 1938 1497 1974 ἄμεινον
1504 1937 1536 1974 ἦν
1549 1939 1618 1974 μετὰ
1634 1940 1742 1966 πάντων
1752 1939 1878 1967 κάκεῖνον

1087 1984 1132 2010 τὸν
1142 1981 1211 2010 οῐνον
1219 1984 1248 2010 ὲν
1258 1984 1384 2019 Σοδόμοις
1394 1984 1609 2020 καταφθαρῆναι,
1619 1986 1682 2020 πρὶν
1689 1985 1739 2020 τῆς
1748 1985 1878 2019 τοιαύτης

1087 2029 1241 2065 τραγῳδίας
1268 2030 1385 2066 χορηγὸν
1409 2030 1553 2064 γενέσθαιι
1571 2031 1627 2057 Καὶ
1650 2030 1778 2058 τοιούτων
1793 2030 1877 2057 ὄντων

1088 2075 1292 2111 ὑποδειγμάτων
1302 2075 1348 2102 καὶ
1362 2074 1495 2103 τοσούτων
1508 2076 1692 2112 καθ’ἑκάστην
1707 2077 1813 2112 ἡμέραν
1823 2075 1878 2102 τῶν

1088 2121 1120 2146 ἐκ
1141 2121 1187 2147 τοῦ
1206 2121 1278 2147 οἴνου
1297 2121 1391 2148 κακῶν
1408 2121 1446 2157 τῷ
1462 2122 1521 2157 βίῳ,
1540 2123 1587 2150 καὶ
1601 2123 1680 2150 τοῦτο
1698 2122 1877 2157 πεποιηκέναι

1055 2184 1077 2212 D
1091 2166 1172 2200 φησιν
1195 2167 1209 2192 ὁ
1231 2166 1451 2202 ἀνεπαισχύντως
1477 2167 1520 2194 διὰ
1542 2169 1592 2204 τῆς
1618 2167 1819 2203 ὲξαγορεύσεως
1843 2166 1878 2193 τὰ

1091 2211 1188 2239 ἑαυτοῦ
1202 2213 1377 2247 στηλιτεύων,
1394 2213 1424 2239 τὸ
1447 2213 1484 2248 μὴ
1507 2214 1587 2248 μόνον
1601 2213 1640 2248 τῷ
1653 2214 1709 2241 ὄντι
1727 2213 1878 2249 κεχρῆσθαι

1091 2258 1163 2292 οῐνῳ,
1178 2257 1234 2284 ἀλλ’
1255 2259 1328 2290 ὅπως
1349 2257 1382 2284 ἂν
1400 2259 1446 2285 καὶ
1459 2258 1629 2285 πλεονάσειεν
1648 2260 1664 2294 ὴ
1687 2258 1733 2285 τοῦ
1758 2257 1877 2285 τοιούτου

1093 2303 1230 2338 κτήματος
1241 2303 1356 2339 χορηγία
1373 2303 1565 2340 προνοηθῆναι.

252 2357 359 2385 quoque
374 2349 518 2384 impudens
536 2348 581 2375 ille
595 2349 635 2376 sic
649 2348 717 2375 dicit
730 2347 838 2381 fecisse,
851 2348 971 2382 seipsum
985 2356 1032 2375 sua
1069 2348 1215 2376 traducens
1238 2350 1370 2382 oratione,
1397 2353 1426 2376 ut
1450 2357 1504 2376 non
1535 2350 1622 2377 solum
1647 2357 1713 2377 usus
1753 2349 1789 2376 sit
1815 2348 1879 2375 vino

252 2396 323 2431 quod
339 2400 408 2427 erat,
424 2395 472 2423 sed
489 2395 570 2422 etiam
585 2393 732 2429 providerit
747 2399 775 2421 ut
788 2394 847 2428 ejus
856 2396 933 2421 esset
947 2394 1123 2421 abundantia.

291 2452 300 2468 ι
324 2441 450 2468 Plantavi
476 2441 559 2470 enim.
590 2449 599 2465 ι
630 2440 730 2475 inquit,
760 2449 769 2465 ι
798 2440 864 2466 mihi
897 2439 998 2471 vineta,
1026 2449 1036 2464 ι

252 2488 353 2524 quibus
371 2495 439 2521 opus
456 2495 510 2513 non
525 2485 671 2518 habebam,
688 2493 751 2513 cum
775 2486 833 2520 ipse
850 2485 914 2512 vitis
941 2485 1038 2512 fertilis

251 2542 352 2566 essem,
369 2533 433 2560 vitis
453 2532 617 2567 spiritualis,
634 2531 734 2558 ﬂorens
757 2535 919 2565 comataque
942 2535 969 2557 et
987 2537 1037 2565 pa-

253 2581 322 2612 tula,
338 2579 401 2606 vitae
418 2579 502 2606 ramis
517 2582 545 2605 et
561 2577 687 2605 caritatis
713 2576 850 2612 pampinis
875 2576 1037 2611 complicata

252 2630 280 2653 ct
296 2628 435 2656 contexta,
452 2631 514 2651 cum
534 2623 568 2650 iis
587 2623 634 2658 qui
654 2624 717 2650 sunt
739 2622 791 2648 mei
807 2621 928 2657 generis,
948 2626 975 2648 et
989 2628 1038 2656 pro

253 2670 328 2699 foliis
343 2676 450 2697 morum
474 2669 619 2697 honestate
642 2671 760 2698 comata,
776 2667 910 2701 dulceque
936 2671 963 2694 et
979 2674 1037 2694 ma-

254 2723 342 2745 turum
358 2717 466 2744 botrum
482 2715 593 2742 virtutis
608 2714 752 2755 enutriens
763 2713 796 2740 “.
807 2713 858 2746 Qui
868 2713 925 2741 haec
943 2713 971 2741 in
985 2720 1036 2741 sua

288 2804 307 2820 "
332 2805 401 2834 Gen.
424 2813 481 2839 xtx,
497 2803 532 2832 '50
551 2811 611 2840 sqq.
652 2804 673 2819 ε’
691 2803 775 2831 Eccli.
795 2810 838 2837 ιι,
854 2802 898 2830 εο.

1132 2451 1141 2466 ‹
1163 2441 1308 2476 Ἐφύτευσα
1320 2441 1371 2476 γάρ
1387 2449 1461 2475 potu
1479 2443 1570 2476 φησὶν,
1595 2449 1603 2465 ι
1630 2439 1792 2475 ἀμπελῶνας
1811 2448 1820 2464 ›
1838 2437 1879 2468 ὧν

1091 2485 1141 2512 ούκ
1155 2485 1187 2512 ἂν
1211 2486 1346 2522 δεηθείην,
1366 2488 1380 2514 ό
1393 2487 1473 2518 αὐτὸς
1492 2487 1614 2522 ἄμπελος
1635 2485 1784 2521 εύθηνοῦσα
1800 2485 1880 2519 γενύ-

1093 2540 1181 2567 μενος,
1197 2533 1317 2568 ἄμπελος
1327 2533 1508 2569 πνευματικὴ,
1519 2533 1636 2568 εὐθαλής
1648 2541 1678 2559 τε
1698 2532 1743 2559 καὶ
1755 2531 1878 2567 ἀμφιλα-

1092 2576 1154 2612 φὴς,
1181 2579 1238 2609 τοῖς
1259 2578 1305 2604 τοῦ
1328 2578 1384 2612 βίου
1408 2578 1515 2610 κλάδοις
1539 2578 1585 2605 καὶ¹
1609 2579 1669 2609 ταῖς
1689 2577 1878 2611 ἀγαπητικαϊς

1091 2621 1158 2654 ἕλιξι
1174 2622 1372 2658 διαπλεκομένη
1397 2624 1465 2658 πρὸς
1483 2623 1513 2649 τὸ
1527 2623 1662 2658 ὁμόφυλον
1673 2630 1679 2637 ·
1699 2622 1745 2648 καὶ
1761 2621 1878 2656 κομῶσα

1092 2667 1151 2702 μὲν,
1177 2668 1238 2694 ἀντὶ
1267 2668 1373 2703 φύλλων
1392 2671 1426 2705 τῇ
1455 2668 1646 2705 εὐσχημοσύνῃ
1671 2667 1726 2694 τῶν
1755 2667 1877 2702 τρόπων,

1091 2712 1153 2743 ἡδὺν
1166 2712 1195 2739 δὲ
1209 2713 1256 2740 καὶ
1271 2712 1394 2749 πέπηρον
1406 2714 1455 2749 τῆς
1478 2714 1578 2749 ἀρετῆς
1589 2713 1686 2748 βότρυν
1694 2711 1876 2748 ἐκτρέφουσα.
