1989 3070
115 77 163 106 661

648 75 679 102 ΙΝ
701 74 966 103 ECCLESIASTEN.
986 73 1126 102 HOMILIA
1147 73 1190 101 Ill.

1679 66 1732 97 66'!

121 131 151 157 Ὀ
163 130 251 157 ταῦτα
267 130 295 156 ὲν
314 131 346 165 τῇ
370 130 423 165 ἰδία
440 129 631 163 καταφυτεὺων
647 129 730 165 ψυχῇ,
749 130 797 157 καὶ
809 137 898 164 γεωρ-

951 128 1055 163 plantat
1071 128 1174 160 anima,
1190 131 1218 155 et
1235 127 1303 154 colit
1328 126 1421 154 vinum
1438 125 1512 161 quod
1528 133 1575 152 cor
1604 124 1730 157 laetiﬁcat,

115 175 172 210 γῶν
184 173 254 202 οἶνον
270 175 314 201 τὸν
326 175 375 210 τὴν
389 174 501 210 καρδίαν
515 175 703 210 εὐφραίνοντα,
718 175 765 202 καὶ
781 174 898 210 ἐργαζό-

116 228 197 255 μενος
209 219 258 255 τὴν
273 218 369 245 ἑαυτοῦ
390 220 440 255 γῆν
455 220 525 246 κατὰ
542 219 591 256 τὴν
607 220 775 255 παροιμιώδη
796 219 898 254 φωνήν,

117 265 155 297 ὼς
166 265 180 291 ό
190 265 240 299 τῆς
253 264 378 300 τοιαύτης
388 265 524 300 γεωργίας
537 266 648 292 ἀπαιτεῖ
659 265 740 300 νόμος
750 286 758 298 ,
770 263 824 291 οἷόν
846 271 899 298 περ

118 310 249 336 εἰσκαλῶν
272 311 326 341 τοῖς
352 310 490 345 λογισμοῖς
509 310 554 337 τὸν
571 310 638 345 βίον,
655 310 701 338 καὶ
717 310 750 337 τὰ
768 307 833 336 νόθα
846 308 900 336 τῶν

119 355 336 390 παραφυομένων
361 356 422 387 ταῖς
449 355 503 382 τῶν
525 355 629 390 ἀρετῶν
650 355 737 390 ῥίζαις
759 354 899 385 ὲκτίλλων,

118 400 241 435 ἐπάρδων
257 401 313 430 τοῖς
329 400 471 436 μαθήμασι
491 399 540 435 τὴν
556 400 656 436 ψυχὴν,
671 400 718 426 καὶ
732 401 765 436 τῇ
780 399 901 436 δρεπάνῃ

118 445 163 472 τοῦ
181 444 304 480 κριτικοῦ
326 445 405 480 λόγου
421 445 592 481 περικόπτων
605 446 654 481 τὴν
668 446 709 477 είς
729 445 763 471 τὰ
786 444 902 480 περιττὰ

119 489 165 515 καὶ
178 489 294 524 ἀνόνητα
311 489 359 525 τῆς
375 489 492 520 διανοίας
512 489 598 524 φοράν
608 497 614 504 ·
630 489 794 524 μακαριστὸς
809 489 841 516 ἃν
858 489 899 524 εῐη

117 534 166 567 τῆς
197 534 329 569 γεωργίας
345 530 431 566 οὗτος,
457 533 496 569 τῷ
519 535 568 569 τῆς
594 535 689 569 σοφίας
712 535 829 570 κρατῆρι
857 534 901 560 τὸν

118 579 215 606 ἑαυτοῦ
247 579 344 615 βότρυν
370 580 510 607 ἐκθλίϐων.
547 580 616 606 Ἀλλ’
642 581 672 606 οὐ
699 580 826 614 γινώσκει
853 580 901 614 τὴν

106 624 243 660 ,τοιαύτην
251 626 425 660 φυτουργίαν,
440 625 508 660 πρὸς
517 625 566 660 τήν
579 627 630 660 γῆν
643 625 739 659 λέγων,
749 625 840 651 καὶτὰ
852 625 886 652 αὖ
893 639 902 646 -

118 666 166 703 τῆς
182 668 380 703 ἀσπαζόμενος.
396 669 561 704 Προστίϐησι
569 670 622 705 γὰρ
632 669 735 700 τούτοις
747 669 781 696 τὰ
790 670 843 696 τῶν
853 670 902 704 κή-

118 721 176 739 πων
192 721 221 739 τε
232 713 277 739 καὶ
288 713 458 749 παραδείσων
467 713 512 740 τοῦ
525 714 638 740 πλούτου
644 713 900 749 ὲγκαλλωπίσματα.

117 758 164 789 Τίς
179 759 257 793 χρεία
271 758 441 792 παραδείσων
452 759 556 786 πολλῶν
570 758 608 794 τῷ
622 759 689 794 πρὸς
703 759 748 785 τὸν
756 758 804 786 ἕνα
816 759 902 794 παρά-

114 803 203 830 δεισον
214 803 338 837 βλέποντι
351 812 358 836 ;
369 804 411 835 τίς
424 804 453 830 δέ
469 813 513 839 μοι
523 805 540 839 ή
556 805 588 830 ἐκ
603 804 690 839 κήπου
703 804 794 840 ὄνησις
808 805 855 830 τοῦ
867 804 901 831 τὰ

117 848 218 882 λάχανα
232 848 344 882 φύοντος
357 849 406 884 τὴν
419 849 473 875 τῶν
486 849 670 876 ἀσθενούντων
687 850 790 885 τροφήν
801 858 808 882 ;
827 849 858 876 Εἰ
871 851 900 876 ὲν

115 891 155 926 τῷ
167 892 323 927 παραδείσῳ
339 893 424 927 ήμην,
442 893 491 919 οὐκ
506 894 538 920 ἂν
556 894 597 925 είς
614 894 717 920 πολλῶν
732 894 900 929 παραδείσων

117 935 263 971 ἐπιθυμίαν
280 937 433 972 δ.εχεόμην.
453 938 484 964 Εἰ
500 939 528 964 ὲν
541 939 620 973 ὑγεία
634 939 683 973 τήν
697 939 785 974 ψυχὴν
796 939 899 974 διῆγον,

115 981 154 1013 ὡς
168 981 295 1008 δύνασθαι
310 983 358 1017 τῆς
374 983 562 1018 στερεωτέρας
578 984 703 1018 μετέχειν
716 985 819 1019 τροφῆς
829 1005 836 1016 ,
851 985 901 1011 οὐκ

118 1027 150 1053 ἂν
163 1027 190 1052 εν
205 1028 259 1058 τοῖς
274 1027 399 1062 λαχάνοις
413 1029 631 1064 ὲπησχολούμην,
645 1029 771 1063 κηπεύων
791 1030 901 1065 ἐμαυτῴ

117 1071 166 1098 τὴν
187 1072 352 1107 κατάλληλον
372 1074 404 1108 τῇ
426 1073 553 1109 ἀσθενείᾳ
576 1075 688 1110 τροφήν.
721 1073 789 1101 Ἀλλ’
808 1075 900 1110 ἐπειδὴ

117 1117 190 1150 ἅπαξ
209 1117 364 1153 συνεισῆλθε
388 1118 477 1154 τρυφὴ
493 1121 526 1154 τῇ
546 1119 641 1154 χρείᾳ,
658 1119 780 1155 παρῆλθε
792 1120 820 1146 δὲ
839 1120 901 1151 τοὺς

115 1163 196 1198 ὅρους
215 1163 300 1198 αὐτῆς
318 1164 334 1198 ή
359 1164 506 1200 ἐπιθυμία,
531 1164 600 1199 μετὰ
618 1165 666 1200 τὴν
690 1165 719 1192 ὲν
741 1167 798 1197 τοῖς
817 1165 902 1198 οἴκοις

119 1207 300 1240 πολυτέλειαν,
324 1208 371 1235 καὶ
394 1208 442 1244 τὴν
464 1209 622 1244 ὑπωροφίαν
642 1210 695 1237 τῶν
718 1211 839 1245 ματαίων
855 1211 902 1237 δα-

118 1251 216 1287 πάνην,
240 1253 300 1279 τότε
318 1253 364 1280 καὶ
382 1253 431 1288 τὴν
450 1253 582 1289 ὕπαιθρον
599 1255 752 1290 ἐπιτηδεύει
774 1257 898 1292 τρυφήν·

119 1297 165 1323 καὶ
179 1298 211 1333 τῇ
227 1297 273 1324 τοῦ
288 1298 368 1334 ἀέρος
384 1298 463 1333 φύσει
479 1299 546 1335 πρὸς
562 1299 610 1335 τὴν
626 1300 679 1326 τῶν
692 1300 792 1335 ἡδονῶν
805 1301 901 1328 ἐπιθυ-

119 1341 183 1377 μίαν
203 1343 395 1379 συγκέχρηται.
420 1344 520 1380 Δένδρα
541 1345 595 1380 γὰρ
608 1346 682 1381 αὺτῷ
700 1346 744 1373 διὰ
764 1348 901 1382 γεωργίας

116 1386 301 1421 ἐπιτηδεύεται
315 1387 427 1422 ἀειθαλῆ
435 1397 464 1415 τε
476 1389 523 1415 καὶ
530 1389 623 1423 δασέα,
635 1390 682 1416 καὶ
688 1391 748 1417 ἀντὶ
756 1391 854 1427 ὀρόφου
863 1393 901 1428 τῷ

115 1431 177 1467 ἀέρι
189 1432 325 1480 γινόμενα’
333 1433 375 1480 tua.
383 1434 515 1480 καὶ-ὕπαιθ
520 1443 564 1470 ρος
574 1435 610 1461 ὢν
622 1437 650 1462 ὲν
656 1436 721 1472 οἴκῳ
727 1438 845 1472 τρυφῶν,
856 1440 902 1466 καὶ
915 1452 936 1480 C

116 1477 299 1509 παντοδαπαῖς
308 1479 386 1510 πόαις
398 1478 441 1505 διὰ
453 1479 501 1514 τῆς
520 1479 573 1507 τῶν
584 1481 758 1515 κηπευόντων
773 1483 869 1518 τέχνης
882 1484 899 1519 ἡ

114 1517 260 1561 έπιφὰνεια
272 1524 321 1558 τῆς
344 1524 396 1559 γῆς
410 1524 606 1560 ἀμςειέννυται·
628 1526 665 1558 ὡς
683 1527 718 1553 τὰ
734 1517 900 1564 πανταχόθεν

115 1567 183 1602 ἡδέα
198 1567 285 1593 πάντα
305 1568 343 1602 τῷ
361 1568 492 1604 ὀφθαλμῷ
512 1570 701 1606 προσπίπτειν,
720 1574 763 1606 ἐφ’
779 1574 846 1609 ὅπερ
867 1575 900 1601 ἂν

115 1613 272 1649 περιαγάγῃ
284 1613 313 1639 τὸ
326 1613 444 1650 βλέμμα,
457 1615 503 1642 καὶ
519 1616 664 1649 διαπαντὸς
676 1618 704 1644 ὲν
718 1620 774 1650 τοῖς
787 1621 900 1647 καταθυ-

116 1657 188 1693 μίοις
202 1656 282 1692 εἶναι,
300 1660 346 1686 καὶ
363 1660 472 1695 βλέπειν
487 1661 515 1688 ὲν
527 1662 629 1698 ἑκάστῃ
646 1663 691 1689 τοῦ
703 1663 778 1696 ἔτους
796 1665 855 1702 ὥρα
870 1668 900 1693 τὸ

116 1702 187 1738 ὑπὲρ
198 1703 246 1739 τὴν
259 1704 344 1740 ὥραν,
362 1706 430 1732 πόαν
446 1707 476 1732 ὲν
488 1707 613 1742 χειμῶνι,
627 1709 674 1735 καὶ
687 1708 754 1745 ἄνθη
775 1711 897 1747 πρόωρα,

115 1749 162 1775 καὶ
172 1748 219 1784 τὴν
225 1749 471 1786 ἀναδενδρουμένην
482 1751 612 1786 ἄμπελον,
627 1753 675 1789 τὴν
688 1756 742 1786 τοίς
750 1755 899 1792 ἀλλοτρίοις

113 1794 224 1826 κλάδοις
248 1796 311 1827 τοὺς
328 1796 409 1827 ίδίους
423 1796 657 1830 ὲνδιαπλέκουσαν,
675 1799 722 1825 καὶ
737 1799 786 1832 τὰς
797 1800 900 1836 γλαφυ-

112 1838 165 1874 ρὰς
181 1838 227 1865 τοῦ
246 1839 341 1865 κισσοῦ
362 1840 430 1875 πρὸς
448 1840 483 1867 τὰ
496 1841 592 1876 δένδρα
615 1843 792 1880 περιπλοκὰς,
805 1846 855 1872 ὅσα
869 1856 898 1873 τε

113 1883 205 1915 αὐτοῖς
220 1884 333 1918 καρπῶν
349 1884 422 1920 εἴδη,
439 1885 468 1918 ἐξ
489 1886 653 1921 ἑτερογενῶν
668 1888 791 1924 ἀλλήλοις
803 1892 898 1926 μιγνύ-

116 1937 185 1963 μενα
201 1928 248 1964 τὴν
262 1929 340 1963 φύσιν
363 1929 483 1964 βιάζεται
494 1950 502 1961 ,
518 1931 557 1966 τῷ
570 1932 635 1959 εἴδει
647 1941 677 1959 τε
692 1935 739 1960 καὶ
760 1937 792 1971 τῇ
805 1937 897 1970 γεύσει

113 1973 146 1999 ἐδ
159 1973 375 2010 ἐπαμφοτερίζον
386 1976 608 2011 ἐπισημαίνοντα,
623 1978 661 2010 ὡς
674 1979 815 2016 ἀμφότερα
829 1979 897 2009 εἶναι

113 2018 213 2051 δοκεῖν,
231 2018 302 2054 ἅπερ
315 2019 348 2046 ἂν
364 2021 396 2046 ὲκ
417 2021 467 2056 τῆς
481 2021 535 2048 τῶν
552 2023 705 2058 ἑτεροφυῶν
722 2027 898 2061 συγκράσεως

113 2063 227 2098 γίνεται.
243 2063 335 2090 Πάντα
348 2063 433 2091 ταῦτα
451 2066 497 2092 καὶ
513 2065 540 2091 εἴ
557 2075 583 2093 τι
595 2067 658 2094 ἄλλο
676 2068 786 2104 ἐξεῦρεν
798 2071 827 2097 ὲν
842 2073 898 2103 τοῖς

949 177 976 201 et
988 181 1064 201 suam
1076 176 1205 208 operatur
1214 177 1314 199 terram
1324 173 1387 202 ",ut
1402 170 1505 199 dicitur
1518 170 1545 196 in
1565 169 1730 201 Proverbiis,

950 219 1022 246 sicut
1054 219 1096 245 lcx
1138 217 1222 252 exigit
1247 217 1308 252 ejus
1334 216 1517 252 agricultura,
1543 218 1636 250 utpote
1661 219 1733 242 recte

950 263 1058 291 vivendi
1090 262 1245 290 institutum
1278 261 1432 289 rationibus
1460 264 1487 288 et
1520 258 1731 294 cogitationibus

950 315 1079 340 evocans,
1093 311 1119 334 et
1134 306 1288 334 adulterina
1312 306 1442 337 evellens,
1460 312 1519 340 qua
1544 303 1732 331 adnascuntur

950 352 1082 379 virtutum
1103 350 1253 381 radicibus,
1271 350 1390 377 animam
1419 347 1572 383 disciplinis
1601 347 1729 382 irrigans,

950 401 978 425 et
988 397 1091 432 judicis
1102 396 1223 432 partibus
1233 395 1372 431 fungentis
1382 395 1495 422 rationis
1505 394 1574 421 falce
1585 396 1730 428 amputans

951 443 1082 478 impetum
1097 442 1271 477 cogitationis
1284 441 1389 468 ruentis
1414 440 1449 467 ad
1463 447 1495 467 ea
1517 446 1577 474 quae
1596 443 1660 466 sunt
1685 446 1729 465 su-

951 487 1054 523 perﬂua
1070 492 1096 515 et
1111 487 1218 514 inutilia
1233 495 1240 513 ι
1257 486 1355 513 beatus
1377 486 1412 513 ob
1429 484 1626 519 agriculturam
1650 482 1732 510 fuerit

952 534 996 561 hic
1011 533 1219 565 existimandus,
1233 537 1263 560 ut
1275 533 1322 568 qui
1338 532 1366 559 in
1381 535 1488 559 cratere
1498 530 1639 565 sapientia:
1651 529 1732 556 vitem

952 586 1029 606 suam
1044 578 1188 613 exprimat.
1207 577 1261 605 Sed
1276 578 1346 604 hanc
1369 576 1509 611 plantandi
1525 576 1659 602 rationem
1676 581 1731 601 non

953 624 1027 650 novit
1039 624 1062 651 is
1075 623 1121 658 qui
1136 623 1233 658 aspicit
1246 623 1280 650 ad
1296 629 1406 653 terram.
1422 626 1450 650 et
1465 629 1525 657 qua!
1541 625 1604 649 sunt
1621 625 1731 648 terrena

952 669 1135 704 amplectitur.
1154 668 1201 697 His
1218 669 1290 697 enim
1306 668 1381 695 addit
1394 667 1537 695 hortorum
1552 670 1579 694 et
1595 665 1734 701 pomario-

952 720 1024 745 rum,
1041 713 1197 741 divitiarum
1213 713 1379 748 exquisitam
1395 718 1422 740 et
1437 711 1590 739 affectatam
1608 710 1731 746 pulchri-

954 757 1086 785 tudinem.
1112 757 1184 790 Quid
1211 759 1305 785 multis
1321 765 1391 792 opus
1408 761 1450 785 est
1473 757 1561 784 hortis
1580 756 1605 784 ei
1628 757 1673 791 qui
1698 756 1733 783 ad

953 810 1034 829 unum
1053 802 1172 830 intuetur
1193 803 1373 837 paradisum?
1394 802 1522 835 Quaenam
1550 805 1639 830 autem
1665 802 1732 829 mihi

951 851 993 874 est
1017 855 1048 874 ex
1065 847 1145 875 horto
1172 847 1288 880 utilitas,
1317 848 1364 883 qui
1384 848 1510 883 producit
1537 847 1611 875 olera
1629 848 1675 882 qui
1691 850 1733 876 est

952 892 1032 919 cibus
1048 892 1240 920 inﬁrmorum?
1256 892 1284 920 Si
1301 901 1389 921 essein
1414 893 1442 920 in
1460 892 1598 928 paradiso;
1619 901 1673 920 non
1698 893 1731 919 ad

951 937 1098 964 multorum
1117 937 1260 965 hortorum
1277 938 1446 965 diﬂ'underer
1460 938 1637 966 desiderium.
1659 938 1687 965 Si
1705 938 1732 965 in

951 982 1068 1009 sanitate
1084 990 1142 1009 mea
1160 982 1198 1009 ita
1221 983 1331 1018 degeret
1349 983 1449 1016 anima,
1478 987 1508 1010 ut
1524 983 1662 1011 solidioris
1679 983 1732 1011 cibi

951 1030 1044 1061 posset
1060 1034 1121 1053 esse
1136 1027 1282 1062 particeps,
1304 1035 1359 1054 non
1379 1035 1529 1062 occuparer
1549 1028 1576 1055 in
1601 1028 1731 1060 oleribus,

952 1071 1060 1098 hortum
1077 1072 1192 1099 colendo
1215 1072 1280 1099 mihi
1297 1080 1450 1107 procurans
1469 1073 1559 1100 cibum
1584 1073 1632 1108 qui
1657 1073 1733 1100 inﬁr~

952 1116 1039 1143 mitati
1055 1117 1208 1144 conveniat.
1228 1116 1281 1144 Sed
1298 1121 1440 1152 postquam
1466 1118 1551 1146 semel
1565 1118 1647 1146 simul
1671 1125 1732 1145 cum

952 1169 1002 1189 usu
1019 1162 1149 1196 ingressae
1160 1167 1225 1190 sunt
1238 1163 1353 1196 deliciae,
1363 1171 1429 1191 suos
1441 1168 1531 1192 autem
1546 1164 1614 1192 ﬁnes
1623 1165 1732 1192 transiit

951 1206 1099 1241 cupiditas,
1124 1211 1188 1242 post
1201 1215 1261 1235 eant
1279 1215 1340 1242 quae
1364 1208 1391 1236 in
1418 1209 1523 1237 aadibus
1544 1209 1666 1238 adhibita
1683 1210 1733 1238 fuit

952 1252 1193 1287 magniﬁcentiam,
1211 1253 1238 1279 in
1257 1253 1395 1288 tectisque
1424 1258 1452 1281 et
1467 1255 1644 1289 laquearibus
1668 1263 1733 1290 pro-

952 1297 1041 1325 fusum
1058 1302 1085 1325 et
1099 1298 1276 1325 temerarium
1297 1302 1435 1333 sumptum
1453 1307 1460 1325 :
1483 1303 1549 1327 tunc
1564 1302 1645 1328 etiam
1665 1301 1732 1329 sub-

950 1342 1037 1370 diales
1059 1347 1169 1370 exercet
1194 1342 1328 1371 delicias:
1354 1347 1381 1371 et
1397 1343 1469 1371 aeris
1492 1348 1587 1371 natura
1601 1346 1686 1373 utitur
1698 1345 1733 1372 ad

950 1388 1106 1416 satiandum
1125 1388 1294 1424 voluptatum
1314 1389 1490 1417 desiderium.
1509 1389 1560 1418 Per
1579 1392 1731 1426 agricultu-

953 1442 1011 1460 ram
1027 1433 1098 1461 enim
1117 1433 1251 1468 providet,
1270 1438 1299 1461 ut
1327 1435 1383 1462 sint
1398 1435 1449 1462 sibi
1466 1435 1556 1463 densae
1580 1440 1608 1464 et
1624 1444 1733 1472 semper

952 1479 1160 1507 frondescentes
1183 1483 1208 1507 eI
1233 1480 1420 1515 germinantes
1442 1481 1566 1514 arbores,
1588 1490 1650 1517 qum
1676 1483 1732 1510 aeri

951 1527 1015 1554 tecti
1035 1527 1120 1554 vicem
1139 1526 1299 1561 praebeant:
1319 1530 1348 1553 ut
1362 1527 1441 1555 etiam
1457 1535 1518 1554 cum
1545 1529 1580 1555 sit
1596 1528 1648 1556 sub
1675 1527 1731 1560 dio,

951 1577 1081 1606 tanquam
1098 1572 1124 1598 in
1150 1571 1232 1598 domo
1256 1572 1371 1599 delicate
1397 1573 1478 1599 vitam
1505 1578 1576 1607 agat,
1601 1577 1628 1600 et
1652 1581 1733 1601 omne

950 1626 1035 1654 genus
1061 1617 1172 1649 herbis,
1201 1625 1248 1652 per
1273 1618 1480 1645 hortulanorum
1508 1623 1595 1646 artem
1615 1619 1731 1646 vestitur

950 1669 1029 1690 terra
1041 1662 1200 1697 superﬁcies
1214 1671 1221 1688 :
1237 1662 1304 1689 adeo
1325 1666 1353 1689 ut
1370 1663 1443 1690 omni
1459 1670 1490 1690 ex
1508 1667 1585 1697 parte
1608 1662 1732 1697 jucunda

949 1707 1041 1736 omnia
1067 1707 1094 1734 in
1113 1707 1222 1734 oculum
1242 1707 1396 1739 incurrant,
1415 1715 1580 1743 quocunque
1605 1709 1732 1736 obtutum

949 1753 1135 1785 circumferat,
1152 1757 1179 1781 et
1194 1761 1303 1789 semper
1324 1757 1448 1781 versetur
1461 1754 1489 1781 in
1509 1754 1730 1787 delectabilibus,

949 1803 977 1827 et
992 1799 1114 1835 quolibet
1131 1799 1197 1826 anni
1213 1803 1334 1833 tempore
1357 1799 1448 1828 videat
1472 1801 1546 1834 quod
1567 1803 1610 1828 est
1635 1805 1732 1835 praeter

949 1845 1013 1872 anni
1032 1848 1149 1879 tempus.
1163 1844 1274 1872 herbam
1288 1845 1315 1871 in
1333 1845 1432 1878 hieme,
1446 1849 1474 1873 et
1485 1845 1567 1873 ﬂores
1589 1846 1635 1881 qui
1649 1854 1730 1874 suum

950 1895 1058 1926 tempus
1074 1890 1244 1926 praeveniunt
1257 1910 1265 1922 ,
1281 1894 1309 1918 et
1332 1890 1414 1918 vitem
1443 1890 1472 1918 in
1493 1891 1607 1920 arbores
1632 1898 1730 1919 ascen-

949 1937 1070 1970 dentem,
1085 1944 1146 1972 quze
1162 1936 1259 1963 alienis
1276 1936 1358 1965 ramis
1376 1944 1441 1965 suos
1459 1936 1590 1972 implicat,
1605 1941 1632 1966 et
1646 1937 1730 1966 hede-

949 1989 985 2009 ra?
996 1981 1134 2017 elegantes
1148 1989 1210 2009 cum
1223 1981 1368 2010 arboribus
1382 1982 1536 2017 amplexus.
1550 1986 1577 2010 et
1597 1991 1730 2018 quascun-

948 2036 1002 2063 que
1028 2027 1134 2062 species
1162 2027 1301 2054 fructuum
1328 2034 1360 2054 ex
1384 2027 1420 2054 iis
1450 2035 1511 2062 qua:
1534 2033 1598 2056 sunt
1627 2028 1730 2058 diversi

948 2073 1056 2108 generis
1071 2071 1123 2100 sibi
1141 2072 1258 2099 invicem
1286 2072 1383 2104 mistaa,
1401 2072 1455 2099 vim
1483 2072 1600 2102 alierum
1615 2079 1729 2106 naturae,

113 2109 208 2155 φυτοῖς
222 2109 238 2144 ὴ
252 2108 333 2144 τέχνη
349 2109 501 2146 βιασαμένη
514 2110 563 2147 τὴν
577 2112 667 2146 φύσιν,
683 2113 701 2141 ἃ.
719 2115 734 2149 ή
753 2116 832 2150 χρεία
848 2117 897 2151 μὲν

949 2124 976 2146 et
994 2121 1108 2153 aspectu
1124 2121 1151 2144 et
1167 2122 1249 2152 gustu
1269 2117 1295 2144 id
1313 2117 1385 2152 quod
1403 2121 1445 2145 est
1463 2119 1607 2154 utriusque
1626 2120 1730 2155 signiﬁ-

113 2153 164 2188 τῆς
180 2153 252 2189 ζωῆς
266 2155 316 2181 οὐκ
330 2155 472 2191 ἐζήτησεν,
489 2158 613 2192 ἐπιζητεῖ
629 2159 685 2194 δὲή
704 2161 897 2198 ἁπαιδαγώγη-

112 2207 159 2231 τος
174 2199 320 2235 ἐπιθυμία*
337 2201 423 2227 ταῦτα
441 2203 470 2228 ὲν
482 2203 514 2238 τῇ
533 2202 587 2229 τῶν
600 2204 696 2239 κήπων
706 2206 752 2232 καὶ
767 2208 896 2242 παραδεί-

115 2253 169 2271 σων
184 2245 336 2282 φιλοτεχνίᾳ
358 2248 519 2282 γεγενῆσθαι
532 2249 546 2275 ὁ
561 2249 595 2276 τὰ
609 2250 705 2277 ἑαυτοῦ
727 2252 896 2288 ἐξαγορεύων

113 2289 234 2323 λέγει.’0
248 2290 302 2326 γὰρ
315 2291 409 2324 εἰπὼν,
422 2293 462 2319 ὄτι
479 2303 487 2319 ι
509 2293 658 2328 Ἐφύτευσα
673 2297 726 2324 πᾶν
738 2296 813 2329 ξύλον
829 2307 896 2334 καρ-

114 2333 178 2364 ποῦ,
200 2344 209 2360 ι
225 2336 256 2370 τῇ
279 2335 459 2372 περιληπτικῇ
475 2337 559 2373 ταύτῃ
584 2341 659 2374 φωνῇ
674 2340 704 2366 τὸ
722 2341 803 2376 μηδὲν
817 2333 895 2369 ικλέ.

113 2379 234 2406 λοιπέναι
248 2381 301 2406 τῶν
314 2381 440 2408 τοιούτων
456 2384 663 2416 συνενεδείξατο.
682 2383 747 2412 Εἶτα
761 2386 831 2420 μετὰ
848 2387 896 2424 τὴν

112 2425 217 2460 τροφὴν
231 2426 279 2461 τὴν
294 2426 424 2463 ὖπαιθρόν
437 2436 466 2454 τε
477 2429 523 2455 καὶ
533 2429 698 2465 ὑπωρόφιον,
712 2431 811 2458 οὐδὲτὸ
825 2432 896 2469 ὕδωρ

113 2472 257 2504 ἁσυντελὲς
276 2474 343 2508 πρὸς
365 2474 412 2509 τὴν
431 2475 485 2501 τῶν
504 2475 605 2511 ἡδονῶν
623 2478 752 2513 είσφορὰν
771 2480 896 2506 καταλεί-

113 2526 211 2550 πεται,
232 2518 269 2550 ὡς
291 2519 349 2546 δέον
365 2521 446 2547 πᾶσιν
465 2522 599 2557 ὲντρυφᾷν
616 2525 670 2555 τοῖς
688 2525 845 2559 στοιχείοις·
862 2527 894 2561 τῇ

112 2564 148 2598 γῇ
163 2563 206 2590 διὰ
228 2564 282 2591 τῶν
306 2565 429 2599 οἰκείων,
443 2567 482 2602 τῷ
502 2567 563 2602 ἀέρι
583 2568 626 2595 διὰ
646 2569 700 2596 τῶν
714 2569 839 2606 δένδρων,
855 2571 895 2606 τῷ

111 2607 189 2634 ὕδατι
207 2609 250 2635 διὰ
267 2610 316 2644 τῆς
335 2613 522 2647 χειροποιήτου
543 2613 689 2650 Θαλάσσης.
707 2616 765 2642 Ἵνα
780 2616 833 2652 γὰρ
848 2618 895 2643 καὶ

109 2653 160 2681 τοῦ
174 2652 268 2685 ὓδατος
283 2654 342 2688 ὄψις
359 2657 476 2693 ἐφηδύνῃ
488 2658 542 2686 τῶν
556 2659 701 2695 ὀφθαλμῶν
713 2661 761 2696 τὴν
774 2662 891 2698 ἀπάτην,

150 2744 171 2759 ’⁸³
193 2744 267 2772 Eccl.
284 2752 332 2777 xx,
349 2745 392 2772 30.

946 2167 1052 2193 cantes,
1070 2164 1100 2188 ut
1111 2160 1191 2188 ambo
1206 2168 1269 2188 esse
1285 2161 1429 2189 videantur
1444 2169 1506 2196 quae
1522 2163 1590 2189 ﬁunt
1612 2171 1644 2190 ex
1664 2171 1730 2190 cou-

947 2207 1145 2243 temperatione
1159 2214 1254 2233 eorum
1270 2214 1330 2241 quae
1347 2211 1412 2234 sunt
1425 2207 1525 2235 diversi
1537 2209 1653 2243 generis.
1667 2209 1729 2237 Haec

947 2254 1049 2284 omnia,
1067 2256 1094 2279 et
1109 2252 1132 2279 si
1148 2251 1213 2286 quid
1228 2250 1304 2278 aliud
1325 2251 1352 2278 in
1368 2252 1469 2287 plantis
1485 2253 1587 2280 invenit
1602 2261 1648 2281 ars
1673 2254 1727 2281 vim

946 2298 1062 2325 allerens
1090 2302 1194 2324 natura:
1216 2306 1222 2323 :
1247 2303 1308 2331 quae
1339 2296 1448 2331 quidem
1482 2298 1544 2325 vitae
1574 2306 1640 2326 usus
1672 2306 1727 2327 non

947 2343 1074 2378 requirit,
1092 2341 1207 2376 requirit
1223 2344 1314 2369 autem
1328 2341 1465 2377 cupiditas
1481 2350 1541 2377 quae
1557 2344 1686 2378 castigari
1700 2348 1728 2372 et

947 2389 1068 2417 coerceri
1099 2395 1153 2414 non
1188 2390 1299 2422 potest;
1330 2387 1387 2415 haec
1417 2388 1444 2415 in
1471 2389 1558 2417 hortis
1582 2390 1728 2418 artiﬁciose

947 2435 1069 2463 colendis
1087 2435 1155 2461 facta
1176 2441 1238 2461 esse
1254 2433 1320 2461 dicit
1334 2434 1357 2461 is
1371 2435 1416 2468 qui
1432 2443 1482 2462 sua
1504 2437 1639 2464 enuntiat.
1659 2436 1727 2463 Nam

945 2482 993 2517 qui
1012 2481 1089 2511 dixit,
1109 2488 1118 2504 ι
1135 2479 1258 2505 Plantavi
1276 2486 1355 2506 omne
1374 2480 1476 2514 lignum
1493 2480 1664 2508 fructiferum
1681 2491 1688 2508 ι
1713 2491 1723 2507 ι

946 2527 998 2553 hac
1018 2533 1083 2552 voce
1100 2532 1161 2559 qua:
1185 2524 1269 2550 multa
1286 2525 1489 2558 complectitur,
1517 2526 1637 2554 ostendit
1659 2526 1728 2553 nihil

946 2579 1039 2600 eorum
1057 2570 1187 2598 defuisse.
1205 2568 1306 2597 Deinde
1320 2573 1382 2604 post
1406 2570 1546 2599 subdiales
1564 2571 1687 2604 delicias,
1700 2575 1727 2599 et

947 2625 1007 2652 qua:
1031 2621 1093 2643 sunt
1114 2615 1165 2642 sub
1185 2617 1268 2646 tecto,
1290 2622 1323 2641 ne
1340 2622 1411 2649 aqua
1435 2616 1543 2650 quidem
1564 2616 1727 2652 relinquitur

947 2661 1051 2690 inutilis
1080 2660 1113 2688 ad
1142 2659 1290 2694 voluptates
1315 2659 1504 2693 conferendas,
1527 2665 1619 2696 utpote
1651 2660 1724 2697 quod
