1989 3070
271 69 323 96 663

886 79 915 107 ὃ.
932 79 1094 108 GREGORH
1113 81 1263 109 NYSSENI’

1837 88 1888 117 GM

269 129 394 161 oporteat
410 127 435 154 in
452 129 581 157 omnibus
594 130 736 160 elementis
751 141 780 161 se
794 135 904 170 explere
918 136 1024 166 deliciis

1101 139 1182 175 λίμνη
1192 140 1223 167 τὺ
1231 140 1329 175 ἔδαφος
1341 141 1455 175 γίνεται,
1467 142 1596 170 κυκλόθεν
1605 151 1638 169 πε
1643 143 1888 179 ριοικοδομηυέντις

270 169 298 196 in
312 175 384 197 terra
402 179 449 206 per
465 180 495 200 ea
514 181 574 207 qua:
588 179 652 202 sunt
668 176 692 204 ei
713 169 916 212 convenientia.
941 183 969 209 in
990 191 1053 210 aere

269 223 318 249 per
332 216 455 250 arbores,
479 218 506 246 in
526 226 596 254 aqua
612 229 661 256 per
677 229 752 252 mare
777 231 859 252 manu
890 226 1001 254 factum.
1018 227 1053 255 Ut

269 260 342 288 enim
368 269 446 296 aquze
474 270 600 299 aspectus
633 267 761 302 deceptos
789 270 907 298 oblectet
936 273 1051 306 oculos,

268 306 356 333 solum
377 308 406 334 iit
431 308 518 342 lacus,
536 318 606 346 aqua
630 313 658 340 in
674 314 768 342 orbem
792 317 1050 346 circummdiﬁcata:

268 355 337 379 utet
351 357 463 382 natatus
486 357 652 392 voluptatem
680 359 776 387 all‘erat
816 361 851 389 iis
874 363 921 396 qui
938 370 1051 398 corpora

266 396 422 426 exhilarant
439 409 445 426 :
462 404 489 427 et
503 400 625 431 deﬂuens
642 403 739 432 hortos
756 405 853 433 reddat
867 396 1050 441 ﬂorentiores,

268 447 297 469 ut
310 451 370 479 quae
384 446 458 473 omni
470 453 505 473 ex
521 453 599 482 parte
616 449 798 478 distribuatur
810 451 844 479 ad
860 460 940 480 usum
956 461 1049 482 eorum

266 497 328 524 qua:
356 490 518 526 irrigantur.
551 503 560 519 ι
580 493 643 522 Feci
667 496 752 527 enim,
783 505 792 522 ι
820 497 919 532 inquit,
948 508 957 524 ι
984 499 1050 526 mibi

266 535 387 569 piscinas
406 544 550 571 aquarum,
567 543 596 565 ut
613 540 647 567 iis
661 541 770 575 irrigem
788 542 888 569 saltum
901 543 974 578 ligna
987 552 1050 579 ger-

267 580 425 608 minantem.
433 591 441 607 ι
455 582 506 610 Hic
512 588 570 610 erat
581 584 646 611 mihi
660 584 720 612 fons
732 585 877 618 liorti,nem
881 594 915 622 pe
925 587 1049 616 doctrina

267 625 409 659 virtutum,
425 635 474 662 per
495 636 574 662 quam
607 630 705 657 animae
730 631 841 659 siccitas
867 632 1047 667 irrorabatur,

267 673 432 706 contemptis
443 673 522 708 aquis
535 676 662 706 terrenis,
677 683 793 710 quarum
812 685 878 705 usus
890 682 917 705 et
931 678 1049 706 delecta-

264 716 302 743 tio
327 723 370 744 est
394 721 582 754 temporanea,
612 720 684 748 ﬂuxa
713 725 804 749 autem
833 727 861 750 et
889 724 1048 752 transitoria

264 765 371 790 natura.
406 763 478 791 Nihil
499 772 564 800 ergo
596 765 679 793 fuerit
707 767 805 795 melius
830 775 912 802 quam
934 777 950 796 e
974 769 1049 799 fonte

1102 184 1149 211 τοῦ
1176 185 1290 217 ὓδατος*
1310 185 1348 218 ὡς
1362 187 1395 214 ἂν
1419 187 1466 214 καὶ
1490 185 1591 223 ήνῆξις
1616 188 1712 224 ἡδονὴν
1734 189 1811 224 φέροι
1832 190 1888 221 τοῖς

1103 230 1326 267 φαιδρυνομένοις
1341 232 1375 259 τὰ
1389 232 1519 268 οώματα’
1534 234 1582 260 καὶ
1603 234 1634 260 τὸ
1646 234 1789 270 ἀπορρέον,
1809 234 1887 260 εὐθα-

1101 275 1246 312 λεστέρους
1264 278 1443 313 παραδείσους
1466 279 1664 311 κατασκευάζοι
1683 281 1806 315 πανταχῇ
1820 279 1887 315 πρὸς

1101 322 1150 353 τὰς
1158 323 1249 357 χρείας
1258 322 1310 349 τῶν
1318 323 1476 359 ἁρδομὲνων
1482 325 1721 360 κατασχιζόμενον.
1728 335 1737 350 ι
1756 325 1886 359 Ἐποίησα

1101 367 1155 403 γάρ
1169 376 1224 401 μοι,
1246 378 1256 394 ι
1271 369 1345 404 φησὶ,
1370 378 1379 394 ι
1399 369 1592 405 κολυμϐήθρας
1607 370 1721 402 ὑδάτων,
1736 370 1784 397 τοῦ
1811 370 1887 397 ποτί-

1102 419 1146 437 σαι
1162 412 1209 438 ἀπ’
1223 412 1312 439 αὐτῶν
1321 413 1422 448 δρυμὸν
1435 414 1558 449 βλαστὼν
1571 414 1606 441 τὰ
1623 414 1697 446 ξύλα.
1715 425 1725 440 ι
1751 415 1783 441 Ἠ
1799 414 1828 441 δέ
1841 423 1887 450 μοι

1100 454 1134 490 ἦν
1149 457 1166 491 ὴ
1178 457 1225 483 τοῦ
1249 458 1413 493 παραδείσου
1439 460 1513 494 πηγή
1525 467 1531 473 ·
1546 459 1695 491 τουτέστιν,
1716 460 1734 495 ἡ
1747 459 1803 486 τῶν
1820 460 1885 494 ἀρε-

1100 502 1154 528 τῶν
1170 501 1327 529 διδασκαλία
1338 523 1345 534 ,
1367 504 1400 530 δι’
1416 502 1450 540 ἦς
1464 505 1478 530 ό
1494 505 1543 539 τῆς
1559 505 1647 540 ψυχῆς
1661 505 1765 540 αὐχμὸς
1782 505 1886 540 ὲδροσίι

1100 546 1177 579 ζετο,
1191 548 1325 582 ὑπεριδὼν
1345 549 1398 575 τῶν
1415 550 1516 584 γηΐνων
1537 550 1651 583 ὑδάτων,
1669 547 1706 577 ὧν
1721 551 1885 585 πρόσκαιρος

1102 591 1151 626 μὲν
1164 593 1181 628 ἡ
1194 593 1350 626 ἀπόλαυσις,
1368 594 1501 630 παροδικὴ
1516 594 1544 621 δὲ
1556 596 1572 630 ὴ
1586 594 1677 629 φύσις.
1687 595 1791 622 Οὐκοῦν
1807 596 1885 630 ἄμει-

1099 646 1144 664 νον
1158 638 1191 665 ἃν
1207 639 1250 674 ετη
1260 640 1310 674 τῆς
1325 640 1399 672 θείας
1409 641 1517 676 ’πη-(ῆς,
1531 641 1566 667 δι’
1579 638 1613 676 ἦς
1625 641 1653 668 αι
1665 641 1761 676 ἀρεταὶ
1769 641 1820 677 τῆς
1831 641 1888 676 dau—

1099 684 1151 718 χῆς
1171 683 1316 718 ἐκφύονται
1342 685 1388 711 καὶ
1414 685 1556 721 ἄρδονται.
1578 685 1707 721 βραχεῖαν
1732 686 1885 721 ἀπόρροιαν

1098 727 1206 760 ἑαυτοῖς
1220 729 1396 764 όχετηγῆσαι,
1411 730 1448 761 ὡς
1462 730 1495 757 ἂν
1507 731 1537 757 τὸ
1548 730 1602 757 τῶν
1617 730 1727 765 ἀγαθῶν
1742 731 1884 765 ἐπιτηδευ-

1100 773 1193 808 μάτων
1207 774 1287 806 ᾶλσος
1311 775 1340 801 ὲν
1358 777 1418 807 ταῖς
1439 776 1537 812 ψυχαῖς
1552 777 1631 812 ἡμῶν
1648 777 1754 809 ϐάλλοι,
1772 777 1817 803 διὰ
1834 776 1886 803 τοῦ

263 806 367 839 divino,
384 816 432 843 per
448 817 529 844 quem
548 811 646 838 animae
661 811 775 839 virtutes
799 813 926 840 oriuntur
942 818 969 841 et
984 815 1039 842 irrit

1101 806 1205 854 Κυρίου
1214 820 1294 854 ἡμῶν
1316 806 1413 856 ’ίησοῦγ
1425 806 1554 857 ΧΙριστοὺ,
1602 823 1618 857 ή
1630 822 1694 855 δόξα
1709 806 1756 849 καί
1769 822 1800 848 τὸ
1816 821 1889 858 κράτ.

268 857 376 887 gantur,
393 855 501 882 brevem
513 856 630 890 aliquem
645 856 747 884 ﬂuxum
757 857 890 890 derivare,
906 864 936 886 ut
948 868 1046 889 nemus

1100 872 1145 895 1:0;
1159 864 1198 895 εἰς
1208 864 1271 896 τοὺς
1284 865 1384 898 αἰῶνας
1393 866 1448 893 τῶν
1460 866 1576 894 αἰώνων.
1601 867 1700 902 ’Δμήνο

269 902 402 927 bonorum
415 901 566 928 studiorum
585 905 613 929 et
642 909 754 937 operum
785 904 814 930 in
828 905 932 933 nostris
947 907 1079 941 germinet
1099 909 1207 937 animis.
1224 909 1276 938 Per
1293 910 1438 940 Dominum
1456 917 1581 940 nostrum
1598 901 1692 940 Iesum
1716 912 1854 940 Christum
1870 932 1880 946 ,

266 946 310 973 cui
328 946 412 981 gloria
431 948 458 975 in
476 949 573 976 saaCula
589 949 761 978 saeculorum.
774 951 870 979 Amen.

552 1016 696 1045 HOMILIA
712 1018 757 1046 ιν.

297 1084 387 1112 Locus
402 1086 584 1114 confessionis
597 1087 750 1115 orationem
765 1087 847 1117 nobis
867 1089 956 1117 adhuc
976 1090 1045 1118 deti-

261 1134 317 1157 net.
335 1129 386 1163 Qui
401 1131 473 1158 enim
488 1139 539 1159 sua
556 1138 659 1167 narrat,
675 1134 768 1161 omnia
783 1134 840 1163 fere
854 1137 1042 1172 persequitur,

261 1183 310 1210 per
318 1183 378 1211 qua:
391 1176 473 1212 hujus
488 1178 549 1205 vitae
561 1186 650 1206 rerum
663 1180 769 1207 vanitas
781 1181 947 1215 agnoscitur.
964 1182 1043 1210 Nunc

260 1225 349 1248 autem
365 1222 447 1249 veluti
463 1223 611 1257 quamdam
630 1224 761 1258 majorem
784 1226 872 1260 tangit
895 1227 1044 1262 reprelien-

260 1268 375 1300 sionem,
389 1276 488 1302 nempe
502 1273 529 1296 et
545 1276 606 1303 qua
619 1269 654 1296 ab
669 1270 728 1304 ipso
748 1270 820 1298 facta
840 1276 914 1304 sunt,
932 1280 964 1300 ex
981 1273 1043 1308 qui-

258 1312 309 1340 bus
326 1317 471 1340 accusatur
493 1314 589 1341 vitium
611 1315 756 1350 superblze.
782 1315 853 1349 Quid
870 1317 943 1344 enim
960 1319 988 1345 in
1008 1319 1042 1347 iis

258 1364 318 1391 qua:
334 1363 398 1385 sunt
409 1365 577 1392 enumerata,
591 1364 695 1387 tantum
712 1361 777 1388 facit
792 1362 826 1388 ad
839 1361 952 1395 fastum.
968 1372 1042 1391 nem-

259 1410 292 1436 pe
307 1403 406 1431 domus
421 1408 592 1439 sumptuosa,
606 1410 633 1432 et
650 1406 797 1434 multitudo
814 1407 964 1442 vinearum,
979 1409 1041 1437 hor-

1402 1026 1524 1054 OMIAIA
1537 1028 1574 1053 Δὶ

1130 1093 1192 1122 Ἔτι
1202 1095 1268 1130 ἡμῖν
1281 1095 1296 1121 ό
1308 1095 1357 1130 τῆς
1368 1095 1588 1130 ὲξομολογήσεως
1599 1093 1682 1125 τόπος
1695 1091 1881 1128 παρακατέχει

1093 1139 1140 1168 τὸν
1150 1140 1239 1174 λόγον,
1251 1140 1342 1167 Πάντα
1357 1140 1410 1176 γὰρ
1426 1140 1517 1175 σχεδὸν
1531 1139 1697 1175 διεξέρχεται
1708 1139 1722 1165 ὁ
1733 1138 1768 1164 τὰ
1783 1137 1883 1164 ἑαυτοῦ

1094 1186 1282 1222 διηγούμενος,
1303 1186 1337 1213 δι’
1351 1183 1389 1214 ὦν
1403 1187 1457 1214 τῶν
1477 1186 1549 1213 κατὰ
1563 1186 1609 1213 τὸν
1631 1186 1686 1221 βίον
1699 1184 1793 1212 τοῦτον
1808 1193 1880 1220 πραη

1093 1232 1206 1267 γμάτων
1224 1234 1240 1268 ἡ
1265 1233 1414 1267 ματαιότης
1436 1232 1607 1268 γνωρίζεται.
1634 1231 1691 1258 Νῦν
1709 1230 1737 1257 δὲ
1753 1230 1880 1264 καθάπερ

1095 1277 1215 1312 μείζονός
1239 1286 1310 1309 τινος
1334 1277 1502 1313 κατηγορίας
1526 1277 1641 1304 ἅπτεται
1662 1276 1715 1303 τῶν
1731 1276 1805 1311 αὑτῷ
1830 1284 1879 1301 πε-

1092 1323 1267 1358 πραγμένων,
1285 1324 1314 1356 ἐξ
1329 1321 1366 1350 ὧν
1382 1323 1412 1350 τὸ
1425 1323 1496 1350 κατὰ
1507 1323 1555 1358 τὴν
1570 1322 1757 1359 ὑπερηφανίαν
1769 1321 1878 1348 διαϐάλ-

1091 1367 1165 1394 λεται
1191 1368 1288 1400 πάθος.
1317 1369 1349 1395 Τί
1372 1368 1427 1404 γὰρ
1452 1368 1577 1395 τοσοῦτον
1600 1368 1640 1399 εἰς
1661 1367 1744 1402 τύφου
1770 1368 1798 1395 ἐν
1821 1367 1879 1398 τοῖς

1091 1412 1330 1448 ἁπηριθμημένοις
1345 1414 1429 1445 ἐστὶν,
1447 1411 1520 1445 οἶκος
1539 1413 1696 1448 πολυτελὴς,
1714 1413 1760 1439 καὶ
1776 1411 1879 1446 πλῆθος

258 1453 404 1483 torumque
419 1453 447 1477 et
460 1458 593 1485 aquarum
612 1452 799 1486 pulchritudo,
817 1453 1039 1490 piscinarumque

1091 1457 1230 1493 ἀμπέλων,
1251 1459 1297 1485 καὶ
1314 1460 1331 1494 ἡ
1348 1460 1376 1485 ἐν
1393 1459 1491 1492 κήποις
1508 1458 1566 1494 ὥρα
1587 1459 1635 1485 καὶ
1652 1458 1706 1484 τῶν
1723 1457 1837 1489 ὑδάτων,
1858 1457 1876 1492 ἦ

256 1495 437 1526 constructio,
454 1499 480 1522 et
492 1495 633 1523 hortorum
649 1497 810 1532 amplitudo,
824 1504 955 1533 quantum
966 1502 1038 1536 quod

256 1538 303 1573 qui
315 1542 356 1565 est
372 1539 465 1572 homo,
481 1540 602 1575 seipsum
618 1542 757 1570 existimat
777 1543 918 1572 dominum
945 1553 1040 1574 eorum

255 1584 302 1619 qui
318 1589 382 1612 sunt
404 1584 525 1619 ejusdem
545 1586 625 1621 cujus
646 1587 704 1622 ipse
723 1593 765 1615 est
788 1590 917 1624 generis?
949 1601 958 1616 I
974 1591 1040 1620 Pos-

255 1629 313 1657 sedi
325 1630 409 1664 enim,
429 1640 439 1656 ›
457 1630 557 1665 inquit,
572 1640 582 1657 ‹
600 1639 696 1660 servos
708 1637 735 1661 et
748 1635 874 1667 ancillas,
887 1641 914 1663 et
929 1636 1040 1664 fuerunt

255 1675 323 1702 mihi
337 1683 436 1703 vernae.
451 1686 460 1702 ι
480 1676 563 1705 Vides
571 1682 706 1706 tumorem
719 1680 891 1715 arrogantiae.
909 1681 972 1708 Haec
987 1689 1039 1710 vox

254 1724 348 1756 aperte
363 1721 481 1757 insurgit
493 1722 626 1750 adversus
645 1723 741 1752 Deum.
762 1723 859 1752 Omnia
878 1725 952 1753 enim
979 1734 1038 1754 ser-

254 1767 312 1794 vire
326 1768 362 1799 ei,
380 1775 443 1803 quae
452 1773 495 1796 est
507 1776 590 1804 supra
607 1770 709 1802 omnia,
733 1771 873 1805 potestati,
900 1771 1038 1800 audiimus

253 1819 269 1838 a
283 1813 435 1847 prophetia.
452 1812 503 1846 Qui
519 1819 610 1841 autem
628 1822 708 1842 suum
725 1814 792 1842 facit
806 1815 833 1842 id
851 1816 923 1851 quod
937 1824 953 1843 a
981 1816 1037 1845 Deo

252 1857 418 1891 possidetur,
434 1861 462 1885 et
483 1866 535 1886 suo
558 1859 652 1894 generi
666 1867 726 1887 eam
749 1861 845 1888 tribuit
862 1865 1035 1896 potestatem,

251 1905 283 1928 ut
303 1909 333 1929 se
347 1907 423 1937 putet
438 1902 580 1931 dominum
598 1904 720 1932 virorum
733 1910 760 1933 et
789 1906 945 1939 mulierum,
969 1907 1036 1942 quid

252 1948 328 1975 aliud
343 1957 423 1983 quam
442 1954 568 1978 naturam
583 1955 694 1986 superat
704 1952 839 1986 superbia,
854 1953 900 1988 qui
914 1953 1036 1988 seipsum

251 1993 351 2028 aspicit
365 1999 495 2029 tanquam
511 1995 614 2030 aliquid
627 1997 700 2023 aliud
716 1997 750 2024 ab
766 1997 799 2024 iis
813 1999 861 2032 qui
882 2002 946 2025 sunt
969 1999 1036 2027 sub-

247 2039 337 2073 jecti?
356 2049 365 2065 ι
397 2039 510 2068 Possedi
531 2048 627 2068 servos
654 2046 682 2069 et
711 2043 838 2070 ancillas.
856 2052 866 2069 ι
891 2043 1034 2072 Hominem

250 2084 417 2112 condemnas
430 2086 578 2119 servitutis,
597 2086 677 2121 cujus
690 2092 733 2114 est
748 2087 843 2120 libera,
858 2092 886 2116 et
898 2090 941 2116 sui
962 2089 1034 2124 juris

1090 1511 1121 1529 τε
1135 1503 1204 1529 κατὰ
1221 1503 1270 1535 τὰς
1289 1503 1481 1539 κολυμϐήθρας
1496 1503 1635 1535 σύστασις,
1647 1503 1694 1529 καὶ
1710 1504 1726 1537 ἡ
1742 1503 1770 1529 ὲν
1784 1509 1876 1536 παρα-

1088 1546 1186 1579 δείσοις
1203 1548 1332 1581 διάλυσις,
1351 1549 1412 1575 ὅσον
1431 1548 1461 1574 τὸ
1484 1548 1626 1583 ἄνθρωπον
1640 1547 1721 1579 ὄντα,
1742 1547 1877 1582 δεσπότην

1090 1590 1183 1619 ἑαυτὸν
1195 1593 1250 1619 τῶν
1262 1593 1406 1628 ὁμοφύλων
1421 1593 1542 1626 οἴεσθαι;
1559 1603 1568 1619 ε
1594 1592 1768 1628 Ἐχτησάμην
1782 1602 1791 1619 ι
1808 1592 1875 1628 γὰρ,

1090 1637 1168 1672 φησὶ,
1190 1647 1199 1663 t
1218 1638 1326 1670 δούλους
1343 1639 1390 1664 καὶ
1410 1639 1566 1670 παιδίσκας,
1582 1638 1628 1665 καὶ⁴
1647 1638 1794 1672 οἰκογενεῖς
1812 1637 1875 1671 ἐγέ-

1088 1681 1163 1707 νοντό
1179 1690 1233 1716 μοι.
1261 1691 1270 1708 ι
1301 1682 1381 1718 Ὁρᾷς
1396 1682 1442 1709 τὸν
1462 1682 1543 1716 δγκον
1559 1682 1609 1717 τῆς
1624 1681 1796 1713 ἀλαζονείαςο
1813 1681 1877 1716 Θεῷ

1088 1724 1217 1761 ἄντικρυς
1236 1727 1252 1761 ὴ
1275 1726 1384 1762 τοιαύτη
1408 1726 1483 1761 φωνὴ
1510 1725 1721 1761 ἀντεπαίρεται·
1743 1725 1778 1751 τὰ
1805 1725 1875 1760 σύμ-

1086 1778 1175 1796 παντα
1200 1770 1254 1806 γὰρ
1278 1770 1359 1797 δοῦλα
1387 1769 1455 1797 εἶναι
1480 1771 1530 1805 τῆς
1546 1771 1654 1797 πάντων
1673 1770 1874 1806 ὑπερκειμένης

1086 1815 1209 1847 ἐξουσίας
1219 1835 1226 1848 ,
1245 1816 1320 1851 παρὰ
1334 1816 1384 1850 τῆς
1399 1816 1568 1851 προφητείας
1588 1815 1755 1850 ἠκούσαμεν.
1780 1816 1809 1842 '0
1824 1813 1874 1842 οὖν

1086 1861 1180 1896 κτῆμα
1198 1862 1294 1888 ἑαυτοῦ
1314 1862 1345 1888 τὺ
1361 1862 1408 1888 τοῦ
1424 1862 1491 1888 Θεοῦ
1510 1861 1604 1896 κτῆμα
1621 1861 1796 1896 ¹ποιούμενος,
1812 1862 1874 1887 ὲπι-

1087 1907 1204 1942 μερίζων
1219 1916 1248 1933 τε
1261 1907 1300 1942 τῷ
1315 1907 1388 1942 γένει
1410 1908 1459 1942 τὴν
1476 1907 1651 1940 δυναστείαν,
1665 1907 1703 1939 ὡς
1723 1907 1826 1943 ἀνδρῶν
1841 1916 1872 1934 τε

1085 1951 1133 1978 καὶ
1155 1952 1291 1986 γυναικῶν
1313 1953 1407 1988 κύριον
1431 1953 1526 1980 ἑαυτὸν
1547 1952 1668 1984 οἴεσθαι,
1691 1951 1719 1979 τί
1737 1952 1800 1979 ἄλλο
1823 1953 1874 1984 καὶ

1085 1997 1146 2032 οὐχὶ
1168 1997 1299 2025 διαϐαίνει
1315 2000 1349 2034 τῇ
1371 1997 1544 2032 ὑπερηφανίᾳ
1563 1998 1612 2033 τὴν
1635 1998 1733 2032 φύσιν,
1754 1997 1818 2025 ἄλλο
1843 2007 1871 2026 τι

1084 2043 1180 2069 ἑαυτὸν
1197 2044 1274 2079 παρὰ
1287 2045 1349 2072 τοὺς
1359 2043 1525 2079 ἀρχομένους
1539 2043 1662 2079 suum;
1675 2054 1684 2070 ι
1696 2043 1871 2079 Ἐκτησάμην

1084 2088 1192 2121 δούλους
1205 2089 1251 2116 καὶ
1263 2087 1400 2115 παιδίσκαι.
1410 2096 1420 2113 ›
1432 2087 1541 2123 Δουλείᾳ
1562 2089 1753 2121 καταδικάζεις
1764 2089 1809 2116 τὸν
1822 2089 1871 2116 ἄνα

249 2133 358 2162 natura,
376 2134 403 2157 ct
424 2130 508 2165 legem
526 2130 580 2158 l'ers
598 2131 729 2159 adversus
760 2131 856 2165 Deum,
881 2135 1032 2162 naturalem

1090 2134 1208 2170 lpwmv,
1219 2132 1250 2161 οὗ
1263 2134 1391 2169 ἐλευθέρα
1401 2135 1418 2170 ἠ
1444 2135 1525 2169 φύσις
1541 2136 1589 2162 καὶ
1611 2134 1799 2171 αὑτεξοὺσιος,
1820 2136 1872 2168 καὶ

249 2174 308 2209 ejus
321 2175 406 2210 legem
421 2181 556 2204 evertens.
571 2175 638 2203 Eum
658 2178 731 2204 enim
746 2178 793 2212 qui
808 2177 870 2206 ideo
887 2177 975 2209 factus
990 2184 1033 2208 est

250 2225 280 2247 ut
296 2225 368 2258 esset
385 2227 466 2248 terrm
493 2222 634 2254 dominus,
659 2227 686 2249 et
717 2231 797 2258 quem
828 2227 857 2250 ut
886 2225 1033 2260 imperaret

248 2266 394 2293 constituit
416 2267 541 2298 Creator,
569 2274 630 2294 eum
661 2267 766 2302 subigis
793 2269 859 2304 jugo
879 2270 1030 2303 servitutis,

247 2315 379 2346 tanquam
393 2312 486 2340 divino
506 2317 641 2347 praecepto
664 2313 795 2342 resistens
811 2320 839 2342 et
862 2323 1029 2351 repugnans.

248 2357 392 2385 Oblitusnc
404 2367 435 2386 es
452 2359 564 2393 quinam
586 2363 652 2386 sunt
666 2360 776 2396 termini
793 2366 846 2388 tua
866 2363 1028 2396 potestatis;

246 2410 344 2438 nempe
357 2403 431 2438 quod
451 2403 505 2431 huc
521 2412 608 2438 usque
630 2408 707 2431 tuum
725 2405 867 2433 deﬁnitum
890 2407 927 2434 sit
944 2407 1030 2442 impe—

246 2449 333 2481 rium,
364 2453 394 2475 ut
424 2449 520 2483 praesis
551 2449 641 2476 brutis
667 2449 874 2478 animantibus?
893 2450 1029 2487 lmpereut

245 2493 331 2525 enim,
347 2494 446 2528 inquit,
464 2495 622 2522 volucribus
641 2499 668 2522 et
685 2495 806 2530 piscibus
826 2500 853 2524 et
874 2497 1029 2533 quadrupe-

245 2540 335 2567 dibus.
354 2539 496 2572 Quomodo
509 2541 645 2575 praetcrita
660 2549 720 2575 qua:
731 2545 783 2568 tua:
799 2543 893 2569 manui
905 2543 1028 2577 subjecta

244 2590 287 2612 est
314 2586 454 2617 servitute,
483 2586 614 2613 adversus
633 2587 720 2620 ipsam
745 2587 857 2613 liberam
887 2588 1028 2616 extolleris

244 2635 381 2662 naturam,
399 2631 424 2657 in
441 2630 648 2664 quadrupedum
667 2630 708 2657 vel
723 2630 803 2656 etiam
822 2630 1027 2665 (insectorum)

244 2675 359 2710 pedibus
377 2675 529 2702 carentium
547 2682 690 2702 numerum
707 2673 828 2703 referens
847 2675 875 2702 id
889 2676 960 2711 quod
985 2680 1028 2704 est

243 2721 364 2755 ejusdem
379 2721 486 2756 generis
498 2720 509 2746 ?
521 2731 529 2745 ι
547 2720 644 2747 Omnia
658 2721 800 2756 subjecisti
817 2720 929 2753 homini,
943 2731 951 2746 ι
970 2723 1027 2750 cla-

243 2771 298 2795 mat
315 2767 453 2802 Scriptura
475 2775 522 2802 per
538 2767 717 2802 prophetiam,
733 2773 759 2796 ct
785 2769 811 2797 in
832 2769 957 2797 eumdem
984 2778 1025 2797 rc-

1082 2180 1297 2215 ἀντινομοθετεϊς
1309 2179 1349 2215 τῷ
1361 2180 1429 2215 Θεῷ,
1445 2181 1608 2216 ἀνατρέπων
1620 2180 1702 2209 αὑτοῦ
1715 2180 1760 2207 τὸν
1775 2180 1820 2206 ἐπὶ
1835 2182 1871 2219 τῇ

1083 2226 1162 2260 φύσει
1178 2226 1268 2261 νόμον.
1284 2227 1336 2253 Τὸν
1350 2226 1404 2261 γὰρ
1419 2227 1466 2252 ἐπὶ
1480 2226 1566 2262 τούτῳ
1578 2226 1732 2261 γενόμενον,
1745 2226 1788 2260 ἐφ’
1803 2223 1826 2261 ᾧ
1839 2235 1870 2252 τε

1082 2271 1176 2306 κύριον
1189 2269 1257 2297 εἶναι
1270 2272 1318 2306 τῆς
1329 2271 1391 2306 γῆς.
1406 2272 1453 2297 καὶ
1466 2272 1504 2303 είς
1516 2272 1603 2307 ἀρχὴν
1615 2271 1780 2306 τεταγμένον
1793 2271 1871 2307 παρὰ

1081 2316 1128 2343 τοῦ
1138 2315 1299 2348 πλάσαντος,
1309 2316 1403 2343 τοῦτον
1414 2317 1528 2351 ὑπάγεις
1539 2316 1577 2352 τῷ
1588 2318 1637 2352 τῆς
1648 2317 1770 2348 δουλείας
1781 2316 1868 2354 ζυγῷ,

1081 2359 1175 2397 ὥσπερ
1190 2361 1349 2388 ἀντιδαίνων
1367 2369 1397 2387 τε
1417 2362 1463 2388 καὶ
1486 2361 1636 2399 μαχόμενος
1654 2361 1692 2396 τῷ
1706 2361 1771 2396 θείῳ
1784 2369 1870 2397 προσ-

1080 2407 1211 2442 τάγματι.
1242 2407 1413 2441 Ἐπιλέλησαι
1432 2407 1487 2434 τῶν
1508 2408 1556 2442 τῆς
1577 2407 1699 2439 ἐξουσίας
1720 2407 1807 2443 ὅρων,
1825 2408 1869 2439 ὅτι

1081 2461 1122 2480 σοι
1144 2452 1226 2488 μέχρι
1241 2453 1289 2488 τῆς
1302 2452 1356 2479 τῶν
1369 2453 1473 2486 ἀλόγων
1496 2452 1655 2484 ἐπιστασίας
1671 2453 1687 2488 ἡ
1702 2453 1772 2489 ἀρχὴ
1787 2462 1870 2490 περι-

1080 2498 1203 2533 ώρισται.
1217 2498 1385 2533 Ἀρχέτωσαν
1394 2499 1459 2534 γὰρ,
1471 2508 1506 2535 φη
1511 2499 1546 2532 si,
1555 2499 1695 2533 πετεινῶν,
1704 2500 1752 2527 καὶ
1764 2500 1866 2536 ἰχθύων

1080 2544 1127 2570 καὶ
1141 2543 1323 2578 τετραπόδων.
1348 2544 1410 2575 Πῶς
1426 2544 1568 2579 παρελθὼν
1583 2545 1631 2580 τὴν
1649 2545 1803 2581 ὑποχείριόν
1822 2554 1867 2576 σοι

1079 2588 1199 2615 δωλείαν
1220 2589 1279 2614 κατ’
1300 2588 1385 2623 αὐτῆς
1403 2589 1503 2626 ὲπαίρῃ
1522 2591 1571 2625 τῆς
1591 2590 1734 2626 ἐλευθέρας
1756 2590 1865 2625 φύσεως

1081 2635 1149 2670 μετὰ
1162 2634 1216 2660 τῶν
1227 2634 1400 2670 τετραπόδων
1416 2636 1432 2670 ἢ
1448 2636 1493 2662 καὶ
1507 2635 1561 2662 τῶν
1575 2636 1682 2663 ἀπόδων
1694 2636 1819 2672 ἀριθμῶν
1834 2636 1866 2662 τὺ

1078 2679 1229 2714 ὀμόφυλον;
1250 2689 1259 2704 ι
1272 2679 1362 2707 Πάντα
1376 2679 1510 2712 ὑπέταξας
1519 2679 1557 2715 τῷ
1569 2679 1712 2716 ἀνθρώπῳ,
1725 2690 1734 2707 ι
1753 2681 1802 2716 βοᾷ
1819 2680 1866 2708 διὰ

1078 2724 1129 2759 τῆς
1145 2724 1313 2759 προφητείας
1329 2724 1344 2750 ό
1361 2724 1463 2758 Λόγος,
1479 2725 1525 2751 καὶ
1542 2725 1593 2751 ὑπὸ
1614 2725 1731 2761 ἀριθμὸν
1746 2726 1806 2759 ἄγει
1829 2725 1867 2752 τὰ

1079 2769 1222 2804 ὑποχείρια
1237 2769 1275 2805 τῷ
1290 2770 1372 2806 λόγῳ,
1391 2779 1400 2795 ι
1412 2770 1505 2806 κτήνη,
1518 2769 1563 2797 καὶ
1573 2770 1692 2806 βόαςκαὶ
1703 2769 1834 2806 πρόϐατα.
1849 2782 1857 2796 ι
