1989 3070
124 88 179 117 665

649 87 682 115 1N
705 88 973 118 ECCLESIASTEN.
991 90 1132 118 llOSllLlA
1153 90 1196 118 IV.

1690 93 1742 121 666

122 147 170 183 Μὴ
185 148 218 174 ὲκ
235 147 290 174 τῶν
302 148 406 183 κτηνῶν
422 158 463 176 σοι
480 152 623 184 γεγόνασιν
643 154 796 190 ἄνθρωποι;
812 154 858 190 Μὴ
879 156 902 183 αι

963 157 1013 184 fert
1026 164 1168 184 numerum
1186 163 1246 190 qua:
1263 155 1362 182 rationi
1387 158 1451 183 sunt
1465 154 1586 190 subjecta
1603 164 1612 181 ι
1634 148 1744 190 pecora,

124 194 186 229 βόες
208 201 248 219 σοι
266 193 316 228 τὴν
340 193 512 231 ἀνθρωπίνην
529 198 608 232 γονὴν
631 199 831 233 ἐτεκνώσαντος
853 200 910 226 Μία

123 240 179 275 γὰρ
198 240 303 266 δουλεία
313 240 367 266 τῶν
381 241 533 276 ἀνθρώπων
547 243 581 269 τὰ
595 244 689 278 ἄλογα,
712 245 910 278 Ἑξανατέλλων

122 296 178 331 γὰρ
197 296 292 331 χόρτον
307 297 364 328 τοῖς
382 297 519 333 κτήνεσιν,
536 300 584 325 καὶ
597 300 677 335 χλόην
691 302 723 338 τῇ
736 300 842 335 δουλείᾳ
855 300 910 328 τῶν

122 341 284 376 ἀνθρώπων.
299 341 336 367 Σὺ
352 342 381 369 δὲ
393 342 441 378 τὴν
459 343 540 378 φύσιν
551 344 672 376 δουλείας
687 346 734 374 καὶ
752 345 909 382 κυριότητος

123 386 228 421 σχίσας,
243 386 327 423 αὐτὴν
341 388 423 423 ἑαυτῇ
438 388 586 421 δουλεύειν,
599 390 646 416 καὶ
656 391 756 425 ἑαυτῆς
771 391 908 425 κυριεύειν

121 433 263 467 ἐποίησας.
300 444 310 460 ι
323 432 493 470 Ἐκτησάμην
504 436 556 471 γὰρ
565 435 671 468 δούλους
683 437 727 464 καὶ
738 437 904 470 παιδίσκας.»

121 478 214 511 Ποίας,
231 478 291 505 είπέ
312 488 366 514 μοι,
388 479 489 514 τιμῆς;
511 479 543 506 Τί
558 477 636 516 εὗρες
657 482 686 508 ὲν
711 482 766 512 τοῖς
782 479 841 507 οὖσι
857 481 908 515 τῆς

68 534 72 537 ·
122 524 229 557 φύσεως
247 524 350 559 ταύτης
366 524 506 558 ἀντάξιον;
523 525 609 551 Πόσου
628 526 764 561 κέρματος
785 526 907 561 ὲτιμήσω

121 570 167 596 τὸν
182 570 277 603 λόγονς
288 570 384 601 Πόσσις
397 569 498 601 ὀϐολοῖς
513 570 562 606 τὴν
575 571 667 598 εἰκόνα
676 570 722 599 τοῦ
737 571 803 600 Θεοῦ
826 573 903 599 ἀντε-

120 615 292 650 σταομησας;
306 615 396 641 Πόσων
419 616 560 650 στατήρων
581 616 630 651 τὴν
647 616 810 644 θεόπλαπον
825 616 906 650 φύσιν

120 658 348 693 ἀπενεπώλησας;
365 657 448 688 Εἶπεν
461 661 474 686 ὁ
486 660 559 694 Θεὸς,
574 671 582 687 ι
593 662 752 697 Ποιήσωμεν
764 661 905 697 ἄνθρωπον

74 728 79 734 ,
120 705 180 730 κατ’
196 704 288 731 εἰκόνα
303 705 437 740 ἡμετέραν
446 706 493 734 καὶ
504 706 639 741 ὁμοίωσιν.
652 717 661 733 ι
673 706 724 732 Τὸν
737 707 797 734 καθ’
813 707 904 742 ὁμοιό-

119 756 188 782 τητα
201 748 248 774 τοῦ
262 749 328 775 Θεοῦ
341 749 415 780 ὄντα.
428 750 475 776 καὶ
489 750 579 785 πάσης
594 751 710 786 ἄρχοντα
723 752 771 786 τῆς
782 752 844 786 γῆς,
858 753 904 778 καὶ

118 792 227 819 πάντων
247 793 300 819 τῶν
323 794 369 820 ἐπὶ
390 794 439 829 τῆς
464 795 516 829 γῆς
538 795 587 831 τὴν
612 795 735 828 ἐξουσίαν
758 796 833 831 παρὰ
856 796 903 822 τοῦ

118 836 185 863 θεοῦ
206 837 427 873 κληρωσάμενον,
443 839 485 872 τίς
500 841 514 866 ὁ
527 840 712 875 ἁπεμπωλὼν,
728 841 805 874 εἰπὲ,
824 841 864 873 τίς
890 843 904 868 ὸ

119 881 286 916 ὼνούμενος;
306 883 394 909 Μόνου
408 883 475 910 Θεοῦ
491 884 522 910 τὸ
531 884 676 920 δυνηθῆναι
685 886 765 912 τοῦτο
776 895 783 902 ·
804 886 903 921 μᾶλλον

118 926 147 952 δὲ
166 927 227 953 οὐδὲ
246 927 328 954 αὐτοῦ
348 929 438 963 σχεδὸν
453 929 499 955 τοῦ
517 929 595 957 Θεοῦ.
614 940 622 956 ι
636 931 842 967 ’Λμεταμέλητα
850 932 904 968 γὰρ

119 972 229 1006 abem-1,,
241 973 316 1008 φησὶ,
329 983 339 999 ‹
350 974 384 1000 τὰ
395 974 578 1010 χαρίσματα.»
591 977 648 1003 Οὐκ
663 976 696 1003 ἂν
706 974 750 1003 οὖν
761 979 774 1004 ό
784 977 848 1009 Θεὺς
855 977 903 1014 τὴν

118 1028 199 1063 φύσιν
211 1028 449 1063 καταδουλώσειεν,
463 1030 492 1061 ὅς
501 1038 531 1064 γε
545 1030 592 1057 καὶ
602 1031 770 1067 αὐθαιρέτως
784 1032 857 1067 ἡμᾶς
870 1033 902 1067 τῇ

116 1074 240 1109 ἁμαρτίᾳ
252 1073 432 1106 δουλωθέντας
445 1076 486 1106 εἰς
500 1075 655 1111 ἐλευθερίαν
667 1077 856 1105 ἀνεκαλέσατο.
872 1077 903 1103 Εἰ

116 1117 145 1143 δὲ
159 1118 173 1143 ό
190 1117 256 1149 Θεὸς
271 1118 301 1144 οὐ
316 1118 404 1144 δουλοί
426 1118 578 1154 ἐλεύθερον,
594 1120 635 1152 τίς
651 1121 665 1146 ὁ
685 1121 838 1157 ὑπερτιθεὶς
856 1121 903 1148 τοῦ

116 1162 184 1189 Θεοῦ
200 1162 248 1198 τὴν
261 1163 343 1190 αὑτοῦ
357 1164 535 1198 δυναστείανς
551 1165 612 1197 Πῶς
627 1165 654 1192 δὲ
671 1167 718 1193 καὶ
733 1167 903 1201 πραθήσεται

115 1208 130 1233 ὁ
144 1208 234 1243 ἄρχων
251 1208 340 1244 πάσης
358 1209 408 1244 τῆς
424 1209 478 1244 γῆς
500 1210 548 1236 καὶ
568 1210 621 1237 τῶν
636 1211 765 1245 ἐπιγείων
780 1212 902 1245 πάντων;

121 1252 240 1286 ’Ἀνάγκη
261 1252 315 1288 γὰρ
340 1253 414 1280 πᾶσα
436 1254 485 1279 καὶ
504 1253 535 1280 τὸ
550 1254 644 1288 κτῆμα
666 1254 713 1280 τοῦ
729 1255 902 1290 πωλουμένου

116 1296 347 1323 συναποδέδοσθαι.
378 1297 466 1323 Πόσου
495 1297 550 1324 τῶν
577 1299 629 1324 ὑπὸ
659 1299 749 1325 πᾶσαν
774 1299 822 1334 τὴν
851 1300 902 1334 γῆν

114 1341 303 1377 τιμησόμεθας
326 1343 357 1368 Εἰ
376 1340 405 1368 δὲ
423 1342 509 1369 ταῦτα
524 1343 662 1378 ἀτίμητα,
682 1345 696 1370 ὸ
711 1345 781 1380 ὑπὲρ
805 1345 902 1377 ταῦτα,

114 1386 194 1417 ποίας
208 1386 281 1419 ἄξιος
296 1386 389 1421 τιμῆς,
405 1387 465 1413 εἰπέ
482 1395 544 1422 μοι;
563 1387 623 1414 Κᾶν
644 1387 688 1414 τὸν
711 1388 828 1423 κόσμον,
844 1389 903 1415 ὅλον

113 1431 210 1467 εἴπῃς,
223 1432 283 1458 οὐδὲ
295 1430 381 1463 οὕτως
398 1428 477 1468 εὗρες
490 1433 539 1468 τὴν
554 1433 621 1468 πρὸς
638 1433 715 1466 ἀξίαν
725 1434 818 1469 τιμήν.
835 1434 902 1461 Οὐδὲ

114 1477 169 1513 γὰρ
185 1477 245 1504 ὅλον
266 1475 326 1503 εἷπε
341 1478 387 1504 τὸν
400 1478 502 1513 κόσμον
524 1479 538 1505 ὀ
561 1478 638 1510 εἰδὼς
656 1479 705 1514 τὴν
728 1479 901 1515 ἀνθρωπίνην

115 1521 194 1557 φύσιν
212 1522 333 1558 ἀκριϐῶς
351 1523 480 1558 τιμᾶσθαι
495 1523 568 1555 ἄξιον
586 1522 657 1550 εἶναι
679 1524 729 1559 τῆς
748 1524 838 1560 ψυχῆς
853 1524 900 1550 τοῦ

113 1566 257 1602 ἀνθρώπου
269 1568 455 1604 ἀντάλλαγμα.
472 1568 631 1604 Ἀνθρωπος
645 1569 733 1596 τοίνυν
745 1570 808 1596 ὅταν
824 1570 902 1601 ὤνιος

113 1610 142 1647 ᾖ,
155 1613 231 1639 οὐδὲν
248 1612 340 1648 ἕτερον
356 1614 373 1649 ἦ
388 1615 402 1641 ὁ
416 1614 467 1649 τῆς
480 1614 532 1650 γῆς
555 1614 648 1650 κύριος
670 1615 716 1641 ἐπὶ
732 1615 762 1641 τὸ
778 1615 903 1650 πωλητή-

115 1666 172 1694 ριον
192 1659 298 1693 ἄγεται.
315 1659 419 1686 Οὐκοῦν
436 1660 744 1696 συναποκηρυχθήσεται
764 1661 837 1696 αὐτῷ
853 1661 901 1696 δη-

113 1703 180 1739 λαδὴ
202 1704 248 1730 καὶ
263 1704 280 1739 ἡ
296 1704 454 1742 ὑπάρχουσα
478 1705 576 1737 κτίσις.
595 1704 669 1740 Δῦτη
692 1705 720 1732 δέ
741 1706 798 1732 ἐστι
817 1706 853 1741 γῆ
872 1714 901 1731 τε

113 1749 161 1776 καὶ
175 1749 296 1778 θάλασσα
310 1749 358 1776 καὶ
375 1749 462 1786 νῆσοι,
479 1750 526 1776 καὶ
540 1749 575 1777 τὰ
587 1751 617 1776 ὲν
629 1750 735 1782 τούτοις
752 1750 850 1777 πάντα.
869 1750 901 1776 Τί

113 1795 160 1822 οὖν
173 1794 356 1830 καταθήσεται
375 1795 545 1831 ὼνοὺμενος;
567 1795 599 1821 Τί
612 1795 640 1822 δὲ
652 1795 766 1830 λήψεται
780 1795 902 1822 ἀποδιδό-

115 1847 206 1874 μενος,
219 1839 345 1869 τοσούτου
360 1840 500 1874 κτήματος
514 1839 647 1874 ἑπομένου
657 1839 704 1865 τοῦ
718 1839 903 1874 συναλλάγμα-

113 1892 179 1916 το;;
196 1883 263 1912 ἀλλὰ
276 1884 307 1913 τὸ
325 1883 409 1920 βραχὺ
426 1884 565 1919 βιϐλίδιον,
585 1884 631 1910 καὶ
649 1885 666 1919 ὴ
688 1884 901 1920 ὲγγεγραμμένη

115 1928 252 1964 συνθήκη,
265 1929 313 1956 καὶ
365 1929 418 1959 τῶν
436 1929 536 1955 ὀᾶολῶν
552 1929 753 1964 ἀπαρίθμησις,
769 1929 901 1965 δεσπότην

115 1983 146 2001 σε
163 1974 212 2009 τῆς
227 1975 329 2006 είκόνος
347 1975 392 2001 τοῦ
412 1975 478 2006 Θεοῦ
496 1973 566 2005 εἷναί
585 1984 614 2002 σε
635 1975 783 2011 ἠπάτησεν.
803 1977 834 2002 Ὠ
851 1977 899 2011 τῆς

112 2019 216 2050 ἀνοίας.
229 2019 260 2048 Εί
275 2019 302 2046 δὲ
316 2019 443 2047 ἀπόλοιτο
458 2020 488 2046 τὺ
508 2020 680 2055 συμὸόλαιον,
697 2020 722 2046 εὶ
737 2020 766 2046 δὲ
783 2020 834 2047 ὑπὸ
853 2028 900 2055 σηι

112 2065 168 2093 τῶν
186 2065 348 2101 διαφθαρείη
373 2065 407 2096 τὰ
424 2066 588 2101 γράμματα,
611 2066 636 2095 εἰ
658 2066 686 2092 δὲ
705 2065 801 2097 ὓδατος
820 2065 901 2092 ποθεν

113 2110 329 2147 παρεμπεσοῦσα
356 2111 431 2146 ῥανὶς
456 2110 633 2145 ἐξαλείψειεν,
661 2110 713 2137 ποῦ
739 2119 780 2137 σοι
800 2111 834 2137 τὰ
852 2112 901 2146 τῆς

961 203 1045 230 boves
1059 207 1086 230 et
1103 210 1167 230 oves
1179 201 1211 228 “.
1232 212 1241 228 ι
1255 200 1324 227 Num
1339 209 1370 228 ex
1388 201 1530 236 pecoribus
1544 201 1594 228 tibi
1611 201 1666 228 nati
1680 204 1744 228 sunt

961 248 1110 275 homines?
1124 247 1193 274 Num
1213 247 1261 274 tibi
1281 247 1362 274 boves
1391 246 1538 273 humanam
1565 251 1744 281 procrearuut

960 292 1106 321 sobolem?
1124 293 1182 320 Una
1197 293 1269 319 enim
1285 291 1428 318 hominum
1443 291 1560 318 servitus
1572 294 1635 318 sunt
1649 291 1744 319 bestia

959 342 1087 373 expertes
1099 337 1214 364 rationis
1225 336 1257 363 ".
1273 335 1429 362 Producens
1442 336 1513 363 enim
1532 335 1623 363 fenum
1635 337 1742 371 jumen-

962 383 1008 415 lis,
1025 388 1054 410 et
1075 383 1185 409 herbam
1201 381 1326 409 servituti
1342 381 1495 409 hominum.
1512 380 1552 408 Tu
1570 386 1659 409 autem
1684 389 1743 409 scr-

957 428 1054 455 vitutis
1074 431 1101 455 et
1124 426 1239 454 dominii
1259 426 1345 453 scissa
1371 429 1480 457 natura,
1509 426 1597 460 ipsam
1621 426 1673 453 sibi
1690 426 1743 460 ipsi

959 474 1074 505 servire,
1093 477 1121 501 et
1137 473 1164 500 in
1179 473 1298 507 seipsaut
1312 471 1483 498 dominatum
1501 471 1628 498 obtinere
1641 470 1742 499 fecisti.

961 528 970 545 ι
988 519 1100 546 Possedi
1121 519 1193 546 enim
1225 525 1320 545 servos
1347 520 1374 544 et
1394 517 1519 544 ancillas.
1542 526 1552 542 ι
1586 515 1655 549 Quo,
1686 517 1742 549 dic,

956 573 1060 600 quaeso,
1074 565 1162 599 pretio
1179 564 1368 598 comparasti?
1381 563 1450 596 Quid
1463 563 1490 589 in
1507 562 1589 589 rebus
1604 563 1741 595 invenisti,

956 610 1029 645 quod
1051 609 1133 644 hujus
1148 613 1255 636 natura
1271 609 1358 643 pretio
1372 608 1548 644 reSponderet
1561 608 1570 634 ἶ
1584 607 1655 640 Quot
1666 615 1742 634 num-

957 656 1008 682 mis
1018 655 1157 682 aestimasti
1172 654 1326 681 rationem?
1337 653 1408 686 Quot
1416 653 1512 681 obolos
1525 653 1678 687 expendisti
1691 660 1741 687 pro

956 700 1003 727 Dei
1028 699 1169 734 imagine?
1194 698 1266 732 Quot
1299 698 1446 725 stateribus
1461 697 1550 724 emisti
1566 705 1627 732 quae
1653 705 1667 724 a
1685 697 1740 725 Deo

954 745 1025 772 facta
1042 744 1093 771 fuit
1113 749 1238 771 naturam
1249 743 1263 770 ?
1280 743 1352 770 Dixit
1369 743 1450 774 Deus,
1469 751 1478 768 ι
1498 742 1740 770 Faciamushomi-

955 799 1016 818 nem
1030 791 1061 817 ad
1072 791 1217 825 imaginem
1229 793 1255 816 et
1266 788 1473 815 similitudinem
1481 794 1601 816 nostram
1610 788 1661 815 “.i
1670 789 1738 815 Eum

920 835 940 862 Β
955 837 1001 871 qui
1016 838 1049 863 ad
1061 836 1108 863 Dei
1126 836 1214 863 factus
1239 838 1280 862 cst
1297 835 1517 866 similitudinem,
1547 837 1574 861 et
1589 834 1636 869 qui
1677 834 1740 861 uni-

955 887 1127 911 vcrsteterrae
1145 883 1305 916 imperat,et
1317 881 1364 915 qui
1379 881 1501 908 onmium
1514 888 1575 915 quae
1584 885 1738 916 suntsupra

955 932 1054 956 terram
1071 932 1233 963 potestatem
1242 935 1258 954 a
1269 927 1322 954 Deo
1333 931 1374 954 est
1382 926 1559 961 adeptus,dic
1570 927 1636 961 quis
1642 932 1684 954 est
1691 926 1740 962 qui

954 974 1064 1005 vendat.
1079 974 1142 1008 quis
1161 974 1207 1008 qui
1221 977 1295 1001 emat
1308 973 1319 999 ’ἶ
1333 972 1428 1001 Solius
1445 972 1492 1000 Dei
1507 977 1550 1000 est
1569 973 1620 1000 hoc
1635 980 1716 1007 posse
1730 981 1738 1001 :

954 1021 1009 1047 imo
1023 1017 1087 1046 vero
1103 1027 1137 1046 ne
1153 1019 1241 1053 ipsius
1252 1018 1362 1053 quidem
1378 1024 1429 1051 est,
1442 1026 1526 1054 prope
1536 1019 1663 1052 dixerim,
1681 1019 1738 1046 Dei.

956 1072 966 1088 ι
985 1062 1050 1090 Sine
1059 1064 1218 1097 poenitentia
1233 1063 1317 1096 enim,
1330 1063 1438 1098 iinquit
1454 1083 1460 1095 ,
1490 1067 1554 1090 sunt
1581 1071 1591 1087 ι
1605 1063 1664 1097 ejus
1687 1063 1737 1091 do-

954 1108 1036 1135 na."i
1048 1108 1104 1134 Non
1112 1114 1174 1142 ergo
1184 1108 1253 1135 Deus
1260 1113 1380 1136 naturam
1390 1109 1518 1143 redegerit
1526 1110 1550 1137 in
1567 1108 1739 1140 servitutem,

954 1154 999 1189 qui
1026 1153 1110 1181 etiam
1128 1161 1175 1180 sua
1194 1157 1291 1188 sponte
1318 1161 1368 1180 nos
1395 1153 1499 1188 peccati
1517 1153 1643 1181 servituti
1661 1153 1740 1180 addi-

953 1203 1023 1229 ctos,
1050 1198 1167 1225 asseruit
1198 1198 1224 1225 in
1243 1198 1408 1225 libertatem.
1441 1198 1469 1224 Si
1496 1202 1586 1225 autem
1616 1198 1687 1226 Deus
1711 1198 1740 1225 id

954 1244 1025 1278 quod
1039 1248 1080 1271 est
1098 1244 1213 1270 liberum
1229 1251 1284 1270 non
1306 1244 1404 1278 redigit
1424 1243 1452 1270 in
1469 1244 1628 1271 servitutem
1642 1253 1650 1276 ;
1677 1243 1741 1278 quis

953 1294 995 1317 est
1009 1290 1055 1324 qui
1069 1288 1113 1315 Dei
1131 1289 1257 1324 potestati
1277 1288 1386 1323 prarfert
1399 1289 1499 1316 suam?
1524 1288 1667 1322 Quomodo
1690 1296 1740 1315 au-

954 1339 1006 1361 tem
1018 1334 1152 1361 vcudetur
1166 1334 1211 1368 qui
1229 1338 1326 1368 pricest
1338 1334 1471 1361 universae
1484 1338 1562 1361 terrae
1574 1338 1600 1361 et
1613 1334 1740 1361 omnibus

954 1387 1013 1414 qua:
1024 1384 1089 1407 sunt
1103 1387 1185 1413 supra
1209 1379 1332 1406 terram?
1348 1379 1467 1406 Omnino
1481 1379 1554 1406 enim
1571 1386 1684 1411 necesse
1697 1383 1741 1406 est

953 1426 1035 1453 etiam
1048 1426 1129 1453 simul
1146 1425 1226 1452 vendi
1240 1425 1386 1452 facultates
1397 1425 1457 1460 ejus
1481 1425 1528 1460 qui
1554 1424 1739 1452 venundatur.

955 1470 1056 1503 Quanti
1071 1470 1268 1498 aestimabimus
1284 1478 1316 1497 ea
1336 1478 1397 1504 qua
1427 1474 1493 1497 sunt
1517 1477 1599 1503 super
1630 1476 1738 1496 omnem

955 1516 1077 1543 terram?
1089 1515 1166 1548 Quod
1184 1515 1206 1542 si
1218 1522 1249 1541 ea
1268 1518 1332 1541 sunt
1347 1514 1556 1546 inaestimabilia,
1572 1513 1666 1548 quanti
1681 1520 1741 1548 pre-

955 1560 985 1586 tii
1001 1563 1043 1587 est
1061 1560 1083 1586 is
1111 1559 1157 1594 qui
1185 1563 1228 1586 est
1242 1567 1325 1593 super
1343 1558 1400 1585 htec
1415 1558 1518 1590 omnia,
1545 1557 1600 1589 dic,
1626 1556 1740 1591 quaeso?

954 1605 1066 1632 Etiamsi
1083 1604 1186 1631 dixeris
1199 1609 1284 1630 totum
1299 1603 1440 1635 mundum,
1459 1611 1493 1630 ne
1506 1603 1608 1638 justum
1629 1603 1738 1637 quidem

953 1651 1069 1685 pretium
1086 1650 1199 1676 dixeris.
1215 1649 1266 1682 Qui
1282 1649 1356 1676 enim
1382 1649 1528 1675 humanam
1558 1649 1636 1675 novit
1657 1652 1737 1674 natu-

954 1703 1024 1728 ram,
1042 1702 1092 1722 nec
1105 1699 1191 1722 totum
1208 1695 1317 1729 quidem
1343 1693 1477 1721 mundum
1498 1693 1567 1720 dixit
1593 1701 1654 1720 esse
1671 1693 1740 1720 satis

950 1741 1054 1773 justum
1067 1741 1195 1776 pretium,
1209 1740 1281 1774 quod
1299 1739 1381 1767 detur
1408 1747 1458 1774 pro
1485 1739 1576 1766 anima
1606 1739 1737 1766 hominis.

955 1786 1039 1813 Homo
1063 1793 1128 1821 ergo
1148 1785 1257 1820 quando
1281 1784 1365 1812 fuerit
1393 1785 1508 1816 venalis,
1536 1784 1604 1811 nihil
1621 1785 1693 1811 aliud
1709 1785 1736 1811 iu

954 1831 1042 1858 furum
1069 1830 1181 1857 ducitur
1195 1837 1276 1865 quam
1292 1833 1373 1856 terra:
1401 1829 1537 1856 dominus.
1560 1828 1646 1855 Simul
1673 1836 1739 1864 ergo

953 1884 1015 1903 cum
1041 1884 1074 1903 eo
1120 1876 1227 1904 scilicet
1245 1874 1428 1903 venundanda
1452 1875 1687 1910 proclamabitur,
1711 1879 1739 1902 et

954 1929 1014 1958 quae
1041 1925 1083 1949 est
1107 1926 1243 1949 creatura.
1274 1920 1310 1947 Ea
1326 1924 1469 1948 autemest
1489 1925 1517 1948 et
1527 1924 1601 1947 terra
1617 1925 1644 1948 et
1665 1927 1738 1947 mare

953 1972 980 1995 et
1000 1968 1105 2001 insulae,
1121 1972 1148 1995 et
1170 1975 1231 2002 quae
1251 1967 1278 1994 in
1297 1967 1338 1995 his
1355 1971 1419 1994 sunt
1447 1967 1550 1994 omnia.
1578 1966 1649 1999 Quid
1674 1974 1739 2001 ergo

954 2014 1040 2042 solvet
1054 2014 1101 2049 qui
1117 2014 1205 2041 emit?
1220 2013 1290 2046 Quid
1303 2017 1395 2040 autem
1426 2013 1541 2048 accipiet
1569 2013 1616 2047 qui
1633 2013 1738 2045 vendit,

953 2068 1015 2088 eum
1031 2064 1202 2089 contractum
1224 2065 1298 2088 tanta
1314 2064 1499 2095 consequatur
1516 2060 1671 2094 possessio?
1685 2060 1739 2088 Sed

954 2114 1054 2142 parvus
1070 2106 1187 2145 libellus.
1208 2110 1235 2132 et
1254 2107 1356 2141 scripta
1368 2106 1524 2138 conventio,
1548 2109 1575 2133 et
1595 2099 1738 2132 obolorum

113 2156 233 2188 δουλείας
244 2155 372 2191 ὲνέχυρα;
387 2155 442 2182 Ποῦ
457 2163 498 2181 σοι
509 2155 543 2181 τὰ
553 2155 604 2192 τῆς
615 2155 772 2189 δεσποτείας
787 2156 899 2192 ἐφόδια;

956 2151 1127 2179 enumeratio
1143 2155 1170 2179 te
1193 2151 1301 2184 fefellit,
1317 2156 1347 2178 ut
1375 2155 1401 2178 te
1422 2156 1500 2186 putes
1523 2150 1662 2178 dominum
1690 2149 1738 2178 Dei

113 2202 195 2229 Οὐδὲν
212 2202 266 2238 γὰρ
286 2202 343 2238 δρῶ
359 2201 440 2228 πλέον
459 2201 535 2236 παρὰ
555 2201 600 2228 τὸν
621 2201 777 2237 ὑποχείριον
797 2203 830 2229 ὲκ
851 2202 899 2229 τοῦ

112 2248 243 2284 ὀνόματός
262 2256 303 2274 σοι
318 2247 531 2284 προσγινόμενον
544 2267 551 2280 ,
568 2247 637 2283 πλὴν
650 2247 697 2274 τοῦ
711 2248 851 2283 ὀνόματος.
868 2248 900 2274 Τί

111 2295 167 2330 γὰρ
183 2295 215 2329 τῇ
232 2295 265 2329 σῇ
279 2293 358 2328 φύσει
375 2294 392 2329 ή
411 2293 520 2326 ἐξουσία
536 2293 725 2328 προσέθηκεν;
742 2294 779 2320 οὐ
795 2294 900 2329 χρόνον,

112 2341 142 2367 οὐ
156 2340 360 2375 προτερήματα·
379 2339 411 2365 ὲκ
423 2339 477 2365 τῶν
493 2337 581 2365 αὐτῶν
592 2346 633 2364 σοι
646 2338 663 2372 ὴ
679 2338 796 2371 γένεσις,
810 2338 901 2374 ὁμοιό-

112 2394 210 2422 τροπος
231 2386 248 2420 ἡ
270 2385 339 2420 ζωὴ,
365 2383 436 2411 κατὰ
457 2384 487 2410 τὺ
502 2381 560 2410 ῐσον
582 2384 725 2418 ἐπικρατεῖ
743 2384 781 2410 τά
801 2392 831 2409 τε
851 2384 900 2419 τῆς

112 2431 201 2467 ψυχῆς
222 2431 269 2457 καὶ
288 2430 322 2457 τὰ
344 2430 390 2457 τοῦ
409 2429 533 2465 σώματος
551 2428 637 2463 πάοη,
660 2428 707 2454 σοῦ
732 2436 762 2454 τε
785 2428 832 2455 τοῦ
851 2437 898 2455 κυ-

113 2477 248 2514 ριεύοντος
270 2477 317 2504 καὶ
329 2476 431 2503 ἐκείνου
442 2475 489 2503 τοῦ
500 2474 702 2510 ὑπεζευγμένου
712 2475 745 2510 τῇ
758 2475 898 2510 κυριότητι

111 2525 203 2552 ὀδύναι
219 2525 266 2550 καὶ
280 2522 419 2558 εὐθυμίαι,
436 2520 600 2557 εὐφροσύναι
617 2520 665 2547 καὶ
678 2519 839 2554 ἁδημονίαι,
852 2519 898 2546 λύ-

111 2580 162 2598 παι
181 2570 227 2597 καὶ
240 2569 330 2605 ἡδοναὶ
340 2589 346 2600 ,
363 2567 443 2603 θυμοὶ
457 2567 504 2593 καὶ
519 2566 606 2600 φόϐοι,
622 2565 694 2592 νόσοι
711 2565 758 2592 καὶ
774 2565 894 2592 θάνατοι.

112 2617 157 2652 Μή
177 2624 218 2647 τις
233 2617 261 2642 ὲν
275 2615 378 2645 τούτοις
394 2611 510 2647 διαφορὰ
532 2611 599 2646 πρὸς
620 2611 665 2637 τὸν
677 2610 769 2637 δοῦλον
786 2610 824 2645 τῷ
848 2619 897 2639 κυ-

113 2660 240 2697 ριεύοντις
257 2660 293 2686 Οὐ
305 2659 349 2685 τὸν
361 2658 440 2685 αὐτὸν
450 2657 574 2683 ἕλκουσιν
586 2656 656 2691 ἀέρα
671 2656 715 2682 διὰ
729 2655 775 2682 τοῦ
792 2656 896 2690 ἄσθμα-

111 2713 173 2739 τοςς
189 2705 245 2739 Οὐχ
258 2703 386 2734 ὡσαύτως
400 2701 483 2737 ὁρῶσι
502 2701 547 2728 τὸν
565 2701 655 2735 ἥλιον;
672 2701 727 2736 Οὐχ
744 2701 844 2735 ὁμοίως
863 2702 895 2735 τῇ

954 2198 1092 2233 imaginis.
1107 2197 1129 2224 0
1142 2197 1310 2224 amentiam!
1329 2196 1382 2224 Sed
1399 2197 1420 2224 si
1443 2199 1537 2231 pereat
1562 2199 1737 2228 contractus,

953 2243 977 2271 si
992 2251 1007 2270 a
1023 2243 1103 2270 tineis
1120 2249 1240 2270 corrosm
1255 2241 1357 2269 fuerint
1375 2241 1483 2273 litterm.
1500 2245 1548 2268 aut
1568 2240 1591 2268 si
1611 2240 1740 2268 alicunde

953 2289 1078 2316 incidens
1102 2295 1180 2323 aqua:
1200 2291 1277 2322 gutta
1297 2287 1447 2319 deleverit,
1480 2287 1591 2314 ubinam
1609 2287 1658 2314 tibi
1675 2290 1739 2314 sunt

952 2334 1110 2362 dominatus
1126 2337 1296 2368 argumenta,
1313 2339 1373 2367 qua:
1390 2332 1508 2367 probant
1523 2336 1550 2359 te
1569 2340 1630 2360 esse
1648 2332 1738 2359 domi--

953 2387 1018 2407 num
1030 2379 1041 2405 ?
1058 2378 1096 2406 Ex
1108 2386 1140 2406 eo
1157 2378 1231 2405 enim
1243 2378 1289 2413 qui
1304 2382 1346 2405 est
1360 2377 1411 2405 sub
1421 2385 1503 2404 manu
1515 2381 1571 2411 tua,
1583 2377 1651 2404 nihil
1664 2377 1739 2404 aliud

952 2425 1001 2453 tibi
1017 2425 1095 2452 video
1111 2424 1240 2451 accedere
1254 2427 1353 2458 prmter
1374 2430 1483 2450 nomen.
1504 2423 1574 2456 Quid
1590 2423 1663 2451 enim
1689 2430 1738 2457 po-

952 2475 1037 2498 testas
1052 2475 1098 2497 tua
1121 2469 1222 2503 adjecit
1238 2469 1363 2496 naturae?
1387 2477 1442 2496 non
1460 2474 1580 2504 tempus,
1611 2476 1665 2496 non
1683 2468 1738 2495 ulla

952 2516 1102 2551 privilegia.
1124 2515 1161 2543 Ex
1180 2515 1276 2542 iisdem
1290 2515 1338 2543 tibi
1359 2519 1402 2542 est
1423 2519 1513 2546 ortus,
1537 2514 1633 2542 eodem
1656 2513 1738 2540 modo

952 2570 966 2589 a
981 2562 1058 2595 vobis
1078 2562 1131 2589 vita
1147 2561 1265 2596 degitur,
1279 2568 1311 2588 ex
1329 2568 1409 2595 aequo
1424 2560 1600 2587 dominantur
1613 2559 1695 2587 animi
1711 2565 1737 2586 ct

951 2607 1076 2642 corporis
1096 2605 1265 2638 allectiones.
1286 2606 1312 2632 in
1331 2610 1357 2633 te
1379 2606 1425 2640 qui
1449 2613 1479 2633 es
1496 2605 1623 2632 dominus
1658 2609 1686 2631 et
1707 2604 1735 2631 iu

953 2654 1028 2680 illum
1045 2653 1090 2687 qui
1102 2655 1144 2679 cst
1159 2651 1300 2685 subjectus
1311 2657 1357 2678 tuo
1372 2651 1506 2683 dominio,
1517 2658 1618 2678 muti-or
1633 2655 1660 2677 ct
1676 2649 1735 2676 ani-

951 2700 987 2727 mi
1005 2698 1144 2729 alacritas,
1164 2698 1256 2725 hctitia
1272 2702 1298 2725 ct
1319 2697 1444 2730 tristitia,
1460 2697 1537 2725 dolor
1554 2700 1577 2723 ct
1596 2696 1733 2730 voluptas,

147 2796 170 2812 "
189 2796 262 2826 Paul.
278 2796 374 2829 "11,8.
413 2798 434 2812 "
455 2796 526 2825 Psal.
548 2805 606 2831 Cltl,
625 2796 665 2824 ll.
705 2797 726 2812 “
746 2796 811 2824 Gcn.
831 2804 849 2828 ι,
873 2795 907 2822 26
957 2795 976 2811 ⁸⁷
999 2794 1079 2822 lium.
1107 2802 1142 2827 xi,
1163 2793 1208 2820 29.
