1989 3070
234 80 286 109 [ὶϋῖ

851 81 879 109 S.
901 80 1062 110 GBEGORII
1084 81 1231 110 NYSSENI

1800 84 1854 112 668

236 137 280 164 ira
296 141 324 165 et
337 141 438 168 metus,
455 135 567 164 morbus
578 138 606 163 et
620 142 703 163 mors.
719 135 801 163 Estne
816 137 842 163 in
857 138 898 165 bis
915 139 1021 173 aliquod

1074 140 1122 174 τῆς
1139 139 1240 174 τροφῆς
1258 138 1399 174 προσθήκῃ
1427 139 1587 174 συντηροῦσι
1609 140 1658 174 τὴν
1677 139 1772 173 φύσιν;
1798 142 1853 176 Οὐχ

235 183 383 210 discrimen
398 182 468 208 inter
484 189 593 209 servum
613 185 640 208 et
671 181 833 209 dominum?
853 182 951 210 Annon
971 192 1018 218 per

237 227 384 255 anhelitum
401 226 525 254 eumdem
547 227 662 253 trahunt
676 227 788 254 aerem?
804 227 862 254 Non
891 228 1019 256 similiter

237 272 321 299 solem
338 271 498 298 intuentur?
513 270 571 298 Non
586 271 679 298 eadem
701 271 837 298 nntricndi
866 272 1020 306 adjectione

237 325 313 344 suam
328 322 491 344 conservant
506 321 631 343 naturam
645 316 656 342 ?
671 315 729 343 Non
750 321 793 343 est
815 317 909 344 cadent
933 318 1020 344 visce-

237 367 297 387 rum
315 361 505 387 Constructio?
521 361 617 387 Annon
638 361 717 386 ambo
735 366 797 387 sunt
815 367 875 395 post
905 367 1018 389 mortem

238 414 309 434 unus
324 406 435 440 pulvis?
457 406 515 432 Non
537 414 621 433 unum
644 410 685 433 est
700 406 859 440 judicium?
886 406 945 434 Non
976 411 1018 434 est

237 459 381 478 commune
406 459 528 486 regnum,
555 457 581 478 et
603 452 725 486 gehenna
745 453 926 479 communis?
957 451 1011 484 Qui

237 496 349 530 aequalis
370 505 398 523 es
413 497 439 523 in
455 496 592 527 omnibus,
615 497 641 523 in
670 504 734 531 quo,
753 504 856 531 quaeso.
888 497 1016 531 superior

238 541 333 573 fimi-is,
347 547 375 568 nt
390 550 450 569 cum
463 543 502 569 sis
516 543 606 574 homo,
620 542 760 568 dominum
772 542 892 569 hominis
903 535 1030 576 teipsum‘

238 591 317 620 putes
329 588 340 612 2
353 597 362 611 ι
378 586 410 612 Et
426 587 544 621 possedi,
564 597 572 612 ι
590 587 689 621 inquit,
701 596 710 611 ι
726 595 819 614 servos
831 591 857 614 et
870 587 993 618 ancillas,
1007 594 1016 611 ι

237 636 366 666 tanquam
389 640 532 666 caprarum
554 633 658 667 aliquos
688 637 714 660 et.
743 641 887 668 porcorum
913 641 1018 668 greges.

237 675 304 702 Nam
318 684 378 703 cum
396 677 521 708 dixisset,
539 686 549 702 ι
577 675 688 704 Possedi
704 685 798 705 servos
820 681 846 705 et
861 678 984 709 ancillas,
1007 686 1016 702 ›

1070 185 1098 210 αἱ
1112 184 1191 210 αὐταὶ
1209 184 1261 211 τῶν
1282 184 1440 219 σπλάγχνων
1458 185 1640 217 κατασκευαί;
1658 185 1695 211 Οὐ
1716 185 1764 220 μία
1781 186 1854 218 κόνις

1070 229 1095 255 οί
1108 229 1154 256 δύο
1169 230 1237 264 μετὰ
1253 231 1297 256 τὶν
1315 230 1446 262 θάνατονς
1462 231 1528 265 Οὐχὶ
1544 230 1571 256 ἓν
1592 229 1622 256 τὸ
1641 232 1796 266 κριτὴριον;
1815 231 1853 257 Οὐ

1071 273 1148 309 κοινὴ
1168 274 1299 309 βασιλεία,
1323 275 1370 301 καὶ
1393 275 1489 309 γέεννα
1511 275 1603 310 statvi];
1631 275 1660 301 Ὁ
1680 277 1709 301 ἐν
1735 277 1801 302 πᾶσι
1824 277 1854 303 τὸ

1070 317 1128 345 ἴσον
1143 319 1221 354 ἔχων,
1238 320 1266 345 ἐν
1277 319 1330 346 τίνι
1344 320 1373 346 τὸ
1390 319 1469 346 πλέον
1484 319 1564 355 ἔχεις,
1580 319 1650 351 εἰπὲ,
1665 320 1734 347 ὥστε
1750 321 1855 356 ἀνθρω-

1071 372 1121 389 πον
1139 364 1202 390 ὄντα
1216 364 1347 398 δεσπότην
1362 364 1502 400 ἀνθρώπου
1521 365 1614 391 ἑαυτὸν
1632 365 1751 398 οῖεσθαι;
1771 375 1780 392 ι
1799 367 1854 393 Καὶ

1070 409 1245 444 ἐκτησάμην,
1272 418 1281 434 ι
1303 409 1408 443 λέγεις,
1432 419 1440 435 ι
1464 409 1572 442 δούλους
1596 410 1643 436 καὶ
1660 410 1813 443 παιδίσκας.
1840 421 1850 438 ι

1069 452 1173 488 Ὥσπερ
1183 453 1303 480 αίπόλιόν
1316 462 1353 486 τι,
1364 453 1380 489 ἢ
1395 455 1540 481 συοὸόσιον.
1553 454 1643 481 Εἰπὼν
1657 455 1710 491 γὰρ
1721 455 1762 482 ὃτι
1789 465 1798 480 I
1810 456 1853 482 Ἐ-

1064 497 1209 533 κτησάμην
1216 498 1319 532 δούλους
1328 500 1372 528 χαὶ
1384 500 1537 533 παιδίσκας,
1550 510 1559 527 ι
1573 501 1726 536 προσέθηκε
1751 501 1799 536 τὴν
1823 502 1852 528 ὲν

1071 543 1127 573 τοῖς
1144 542 1278 578 ποιμνίοις
1294 544 1341 570 καὶ
1357 543 1504 578 βουκολίοις
1522 546 1761 581 προγεγενημένην
1775 546 1854 572 εὐθυ-

1073 587 1137 622 μίαν
1155 587 1238 623 αὐτῷ.
1256 597 1265 613 ι
1288 589 1340 615 Καὶ
1354 589 1449 624 κτῆσις
1471 599 1480 615 ι
1498 590 1563 626 γὰρ,
1587 590 1664 626 φησὶ,
1683 600 1692 617 ι
1716 591 1854 626 βουκολίου

1071 632 1117 658 καὶ
1131 626 1253 667 ποιμνίου
1267 633 1373 667 ἐγένετό
1388 642 1432 668 μοι
1448 634 1542 670 πολλὴ,
1559 645 1568 661 ι
1582 635 1619 667 ὡς
1631 637 1659 662 ὲν
1673 637 1705 670 τῇ
1720 636 1763 670 ῐσῃ
1779 635 1854 667 τάξει

1072 676 1175 702 τούτων
1187 685 1216 702 τε
1230 677 1364 704 κάκείνων
1377 677 1585 713 ὑπεζευγμένων
1600 680 1632 713 τῇ
1647 678 1766 713 ἐξουσίᾳ.

238 721 337 756 adjecit
351 725 452 756 quanta
467 722 518 749 sibi
552 723 628 757 prius
645 722 740 750 fuisset
758 725 928 759 prosperitas
947 724 975 750 in
988 722 1075 750 bobus
1089 725 1116 749 et.
1145 722 1253 750 ovibus.
1293 731 1301 748 ι
1326 722 1359 750 Et
1382 725 1479 754 multa,
1502 733 1511 749 ι
1534 725 1634 759 inquit,
1669 734 1679 750 ι
1708 726 1777 753 mibi
1803 726 1855 753 fuit

237 767 377 801 possessio
392 767 472 793 boum
489 772 516 794 et
536 768 642 799 ovium,
661 778 670 793 ι
688 772 780 803 utpote
806 769 879 804 quod
908 769 936 796 in
959 767 1018 803 pari
1037 767 1134 795 ordine
1148 768 1290 802 potestatis
1306 772 1333 796 et
1345 769 1402 796 haec
1415 773 1443 796 et
1460 769 1506 796 illa
1519 769 1644 802 subjecta
1660 775 1763 798 essent.

273 812 375 840 Deinde
394 816 455 847 post
467 813 523 840 haec
544 814 578 841 ad
596 814 699 848 majora
716 819 829 849 peccata
846 815 1018 849 progreditur

1103 811 1169 840 Εἶτα
1185 814 1231 839 ἐπὶ
1243 811 1345 845 τούτοις
1362 814 1414 849 ὁδῷ
1438 815 1559 850 πρόεισιν
1570 815 1616 841 ἐπὶ
1638 816 1672 842 τά
1695 817 1779 851 μείζω
1801 817 1856 844 τῶν

237 857 298 892 ejus
304 859 492 890 enuntiatio,ct
499 859 550 886 sibi
559 859 649 886 inesse
657 860 822 887 vociferatur
831 862 952 887 omnium
962 868 1018 887 ma-

238 902 325 930 lorum
344 903 473 936 radicem,
489 911 584 938 nempe
595 904 747 931 avaritiam.
764 903 809 932 Sic
827 905 899 931 enim
913 905 978 932 dicit
990 905 1017 932 in

238 951 368 974 contextu
386 947 534 974 dictionis:
556 957 565 973 ι
581 947 683 984 Collegi
703 949 769 976 mihi
789 953 817 977 et
833 956 972 984 argentum
992 955 1019 977 et

237 999 345 1019 aurum.
362 1002 371 1018 ι
386 992 455 1025 Quid
467 993 539 1020 enim
552 994 645 1021 nocuit
658 1002 755 1021 aurum
773 1000 844 1023 terra
855 995 1016 1028 immistum,

237 1040 265 1064 et
281 1037 306 1063 in
326 1037 380 1064 illis
394 1037 508 1065 etlusum
523 1038 602 1070 locis,
617 1038 643 1065 in
660 1039 759 1073 quibus
783 1047 797 1066 a
812 1040 939 1068 Creatore
963 1048 1018 1075 po-

239 1082 320 1110 situm
346 1082 397 1108 fuit
420 1083 454 1110 ab
478 1082 580 1110 initio?
600 1083 734 1116 Quidnam
752 1085 799 1112 tibi
814 1085 875 1120 plus
892 1086 1018 1113 utilitatis

237 1127 335 1155 aﬂ'erre
346 1127 409 1155 fecit.
422 1136 512 1155 rerum
524 1129 614 1163 opifex
626 1137 707 1164 quam
720 1129 827 1158 fructus
838 1131 935 1158 terrae?
947 1131 1016 1158 Num

237 1173 286 1200 tibi
312 1174 384 1200 solos
415 1174 543 1201 arborum
571 1175 676 1202 fruetus
691 1179 718 1202 et
733 1177 837 1203 semina
865 1177 959 1203 tribuit
983 1176 1017 1204 ad

237 1221 436 1248 nutrimentum
448 1222 460 1248 ?
473 1222 528 1249 Cur
543 1221 612 1248 data:
626 1222 769 1256 potestatis
784 1223 917 1250 terminos
927 1227 1018 1250 trans-

238 1267 383 1300 grederis?
399 1267 453 1293 Aut
466 1267 580 1294 ostende
594 1268 651 1294 haec
668 1275 776 1302 quoque
790 1268 839 1294 tibi
854 1275 985 1296 concessa
1002 1275 1018 1295 a

236 1311 365 1338 Creatore
394 1315 422 1338 ut
435 1312 532 1342 fodias,
549 1317 575 1338 et
588 1311 696 1338 metalla
712 1311 855 1344 scruteris,
872 1315 898 1338 et
909 1319 939 1338 ea
957 1311 1018 1346 igne

239 1357 346 1389 fundas,
361 1362 387 1384 et
404 1365 553 1392 congreges
571 1365 630 1392 qua:
645 1364 699 1384 non
718 1357 865 1392 sparsisti;
886 1362 932 1384 aut
960 1357 1018 1385 inec

239 1402 355 1430 fortasse
371 1402 436 1428 nulli
449 1410 510 1430 esse
527 1402 633 1430 crimini
654 1401 743 1429 attinia
762 1403 824 1437 quis
846 1403 1018 1431 existimave-

238 1447 283 1479 rit,
304 1448 343 1474 sic
362 1447 409 1473 tibi
434 1448 577 1481 pecuniam
597 1454 764 1482 congregare
784 1455 815 1474 ex
832 1448 948 1475 metallis
964 1454 1018 1476 ter-

239 1493 298 1520 rm?
314 1493 360 1520 sed
376 1494 503 1526 quoniam
518 1493 626 1520 additur
641 1494 758 1521 orationi
774 1502 866 1528 regum
883 1499 909 1522 et
931 1495 1020 1530 regio-

239 1546 303 1565 num
317 1539 421 1573 copias,
444 1546 520 1565 mens
534 1538 717 1573 congregandi
741 1547 795 1565 non
815 1543 904 1573 potest
925 1547 985 1567 esse
1005 1547 1021 1567 a

239 1585 318 1618 culpa
335 1584 473 1611 immunis.
486 1583 626 1619 Tanquam
647 1576 718 1611 enim
737 1585 817 1619 regia:
842 1585 923 1612 liceat
946 1590 1021 1620 pote-

239 1629 302 1657 stati
317 1637 350 1655 ex
376 1629 532 1663 regionibus
557 1636 720 1664 congregare
748 1629 854 1664 copiam
876 1630 1020 1664 pecuniae:

240 1675 381 1710 vectigalia
407 1675 511 1702 scilicet
525 1674 674 1708 imponere,
691 1674 812 1702 decimas
839 1676 954 1710 exigere,
972 1683 1020 1710 pe-

239 1722 348 1748 cuniam
369 1720 508 1751 conferre,
532 1728 579 1747 eos
606 1720 653 1755 qui
683 1720 743 1754 ejus
763 1720 877 1755 imperio
907 1721 1022 1756 subjecti

240 1771 316 1797 sunt,
334 1773 440 1801 cogere,
457 1765 497 1793 sic
514 1765 581 1792 dicit
596 1773 625 1793 se
642 1773 739 1792 aurum
753 1769 779 1793 et
798 1769 940 1800 argentum
957 1774 1023 1794 con-

241 1819 378 1846 gregasse.
392 1811 525 1838 (lictorum
543 1818 591 1838 seu
607 1810 658 1843 sic,
677 1818 723 1838 seu
739 1811 817 1837 aliter
829 1818 858 1838 se
872 1811 937 1838 dicit
954 1819 1022 1839 con-

240 1865 380 1892 gregasse,
392 1856 518 1884 lubenter
529 1856 626 1884 scirem
645 1856 709 1891 quid
734 1857 910 1884 emolumenti
926 1856 1022 1884 redibit

241 1903 274 1930 ad
289 1911 351 1930 eum
369 1903 414 1937 qui
429 1903 500 1929 hanc
520 1905 667 1936 congregat
696 1902 849 1928 materiam.
876 1900 1023 1937 Fingamus

241 1955 301 1975 eam
316 1955 370 1974 non
385 1955 432 1980 per
453 1947 554 1973 minam
576 1950 622 1973 aut
646 1947 803 1973 drachmam
820 1950 866 1973 aut
893 1947 1023 1973 talentum

242 1992 335 2020 w-nire
350 1993 382 2018 ad
396 1999 443 2019 eos
464 1992 509 2026 qui
527 1995 592 2018 sunt
607 1992 699 2026 cupidi
716 1993 849 2026 pecuniae,
868 1992 915 2020 sed
927 1993 967 2020 eis
985 1993 1024 2020 si-

243 2038 299 2065 mul
316 2041 425 2071 repente
438 2036 529 2063 omnia
545 2035 616 2062 facta
633 2043 694 2063 esse
712 2043 805 2068 aurea,
821 2040 937 2068 terram,
962 2044 1024 2064 are-

243 2089 317 2112 nam.
336 2085 451 2113 montes,
465 2088 586 2115 campos,
597 2081 694 2113 saltus,
710 2088 844 2115 ponamus
865 2082 956 2109 omnia
983 2090 1024 2110 γοα

245 2131 325 2163 pcnte
338 2128 364 2154 in
380 2135 438 2154 eatn
456 2130 558 2154 mutata
571 2125 656 2154 fuisse
666 2126 817 2158 materiam,
830 2127 894 2161 quid
910 2135 957 2162 per
968 2128 1024 2155 hmo

243 2175 307 2201 vita:
328 2172 438 2200 accedet
461 2172 494 2199 ad
515 2171 735 2200 beatitudinem?
752 2171 780 2198 Si
804 2172 870 2199 illud
900 2173 972 2200 videt
998 2174 1025 2200 in

244 2220 373 2246 universo
388 2217 460 2256 quod
476 2224 548 2244 nunc
564 2219 650 2244 cernit
663 2217 689 2243 in
701 2217 810 2252 exiguo,
823 2217 888 2252 quid
899 2225 931 2245 ex
944 2218 1025 2245 animi

245 2265 335 2297 bonis,
349 2265 412 2300 quid
434 2272 467 2290 ex
483 2263 516 2291 iis
530 2270 648 2298 quorum
665 2263 756 2289 studio
771 2263 896 2290 ducimur
917 2268 1028 2298 propter

245 2318 354 2344 corpus.
374 2318 405 2337 ex
432 2310 477 2336 illa
495 2313 569 2336 tanta
595 2308 701 2336 eveniet
722 2309 824 2343 copia?
841 2309 878 2336 Ex
902 2317 935 2337 eo
950 2314 1028 2337 estne

246 2356 301 2382 ulla
316 2363 388 2390 spes,
406 2359 434 2382 ut
447 2355 493 2389 qui
511 2355 577 2381 vivit
591 2358 694 2381 tantam
713 2354 817 2382 habens
831 2355 885 2381 vim
908 2356 977 2388 auri,
993 2356 1028 2383 sit

246 2401 366 2436 sapiens,
384 2401 554 2435 ingeniosus,
571 2400 807 2435 contemplativus,
830 2401 944 2428 scientia
961 2409 1029 2436 prm-

246 2447 330 2478 ditns,
360 2445 414 2473 Deo
430 2446 539 2477 eharus,
558 2445 708 2478 modestus,
734 2454 836 2480 purus,
857 2447 1027 2481 itnpatibilis,

245 2492 394 2527 cujuslibet
405 2490 478 2526 quod
496 2491 528 2518 ad
546 2491 643 2518 vitium
659 2492 771 2519 attrahit
785 2500 884 2527 expers
902 2496 929 2519 ct
950 2494 1029 2520 initii-

248 2546 291 2565 me
311 2537 417 2572 capax?
446 2538 487 2564 An
513 2537 564 2564 hoc
590 2537 698 2572 quidem
726 2537 848 2569 minime,
878 2537 925 2565 sed
945 2542 974 2564 ut
994 2539 1029 2566 sit

247 2588 345 2619 potens
361 2590 485 2618 corpore,
501 2586 528 2610 et.
543 2587 573 2610 ut
585 2582 669 2609 vitam
684 2582 812 2610 extendat
827 2582 854 2609 in
873 2583 956 2609 multa
977 2591 1029 2610 sa:-

247 2629 321 2658 cnla.
343 2628 419 2655 senio
431 2636 486 2655 non
500 2627 653 2659 confectus,
669 2630 697 2655 et
720 2626 815 2654 morbo
836 2627 947 2654 minime
964 2627 1028 2654 aﬂ‘e-

251 2679 320 2705 ctus.
340 2674 461 2708 nullique
478 2672 626 2700 calamitati
642 2672 788 2705 obnoxius,
802 2675 830 2698 et
853 2671 944 2698 omnia
960 2678 1030 2706 quo-

249 2726 311 2746 rum
328 2718 419 2746 studio
445 2725 477 2745 ac
500 2717 637 2745 desiderio
662 2717 688 2744 in
707 2717 760 2743 vita
779 2717 890 2744 charius
903 2720 1030 2744 tenentur

249 2764 398 2792 homines?
420 2763 472 2791 Sed
501 2771 581 2790 netno
608 2767 649 2790 est
679 2763 745 2790 adeo
778 2763 909 2796 stolidus,
944 2770 1030 2797 tneque

1033 1478 1054 1507 ο

1068 858 1272 894 ἁμαρτημάτων
1295 860 1311 894 ὴ
1332 859 1523 894 ἑξαγόρευσις·
1544 860 1592 895 βοᾷ
1607 860 1661 896 γὰρ
1678 862 1738 888 καθ’
1759 863 1855 890 ἑαυτοῦ

1067 901 1116 936 τὴν
1131 902 1239 929 πάντων
1260 903 1315 929 τῶν
1341 904 1433 930 κακῶν
1448 905 1535 939 ῥίζαν,
1555 905 1615 940 ἥτις
1634 906 1707 932 ἐστὶν
1723 907 1740 941 ἡ
1758 907 1855 943 φιλαρ-

1067 948 1158 983 γυρία.
1172 948 1226 975 Καί
1240 957 1322 984 φησιν
1338 950 1383 977 ἐπὶ
1399 949 1497 982 λέξεως
1510 950 1605 982 οὕτως·
1622 961 1631 977 ι
1642 951 1795 987 Συνήγαγόν
1810 962 1855 987 μοι

1067 995 1112 1022 καί
1124 1004 1157 1030 γε
1170 994 1299 1030 ἀργύριον
1313 995 1359 1021 καί
1373 1004 1403 1030 γε
1419 994 1538 1030 χρυσίον,
1550 1005 1559 1021 ι
1575 995 1608 1022 Τί
1621 995 1675 1031 γὰρ
1689 997 1806 1032 ἐλύπησε
1821 999 1854 1033 τῇ

1067 1044 1101 1078 τῇ
1119 1042 1357 1077 καταμεμιγμένον
1385 1040 1416 1067 τὸ
1439 1041 1559 1076 χρυσίον,
1582 1043 1718 1074 κάκείνοις
1741 1044 1856 1078 ἐκκεχυ-

1069 1088 1147 1122 μένον
1169 1089 1224 1119 τοῖς
1242 1087 1344 1118 τόποις,
1360 1085 1401 1118 οἷς
1420 1087 1449 1120 ἐξ
1470 1087 1558 1122 ἀρχῆς
1577 1087 1684 1123 ὲνετέθη
1710 1088 1785 1124 παρά
1808 1088 1855 1115 τοῦ

1067 1133 1225 1165 κτίσαντος;
1251 1131 1284 1159 Τί
1311 1132 1419 1168 όφειλήν
1444 1140 1484 1159 σοι
1510 1130 1590 1158 πλέον
1615 1133 1679 1168 περὶ
1703 1133 1766 1165 τοὺς
1789 1142 1857 1168 καρ-

1068 1179 1134 1211 ποὺς
1151 1178 1201 1214 τῆς
1216 1179 1267 1213 γῆς
1287 1178 1301 1204 δ
1323 1177 1526 1213 δημιουργήσας
1554 1178 1698 1213 sarcinam;
1724 1179 1761 1206 Οὐ
1789 1179 1856 1214 μόνα

1070 1231 1110 1249 σοι
1143 1222 1179 1249 τὰ
1213 1222 1349 1258 ἀκρόδρυα
1385 1223 1433 1250 καὶ
1459 1223 1494 1250 τὰ
1529 1222 1674 1259 σπέρματα
1707 1223 1775 1260 πρὸς
1807 1224 1857 1259 τὴν

1067 1267 1169 1303 τροφὴν
1197 1267 1410 1302 ἀπεκλήρωσεν·
1450 1266 1492 1293 διὰ
1519 1267 1546 1293 τί
1578 1269 1702 1304 παρέρχῃ
1730 1269 1778 1304 τῆς
1805 1269 1858 1302 ἑξ-

1069 1312 1161 1344 ουσίας
1188 1313 1248 1343 τοὺς
1271 1312 1367 1347 ὄρουςς
1387 1313 1421 1338 Ἣ
1436 1311 1522 1345 δεῖξόν
1548 1321 1588 1339 σοι
1612 1313 1659 1339 καὶ
1679 1312 1766 1340 ταῦτα
1792 1322 1858 1348 συγ-

1069 1355 1250 1391 κεχωρημένα
1268 1355 1343 1392 παρὰ
1362 1355 1409 1382 τοῦ
1426 1356 1583 1389 κτίσαντος,
1599 1356 1669 1384 ὥστε
1685 1358 1858 1393 μεταλλεύειν

1069 1408 1098 1426 τε
1113 1402 1161 1427 καὶ
1175 1400 1344 1436 ἀνορὺσσειν,
1367 1401 1413 1427 καὶ
1432 1401 1498 1437 πυρὶ
1519 1402 1717 1437 καταχωνεύειν
1739 1403 1769 1430 τὺ
1793 1404 1858 1430 ὕπο-

1070 1446 1204 1481 κείμενον.
1221 1445 1266 1472 καὶ
1291 1446 1416 1480 συνάγειν
1439 1445 1526 1473 ταῦτα
1545 1446 1563 1473 ἃ
1580 1447 1617 1482 μὴ
1642 1447 1822 1482 ὲσκόρπισας·
1839 1449 1856 1484 ἥ

1071 1491 1155 1518 ταῦτα
1180 1491 1228 1526 μὲν
1249 1491 1313 1523 ἴσως
1333 1491 1407 1518 οὐδὲν
1427 1491 1551 1527 ἔγκλημά
1564 1501 1604 1523 τις
1622 1490 1690 1519 εἶναι
1706 1492 1858 1529 λογίσηται,

1070 1536 1101 1563 τὺ
1119 1537 1189 1563 οὕτω
1208 1536 1312 1571 σεαυτῷ
1327 1536 1452 1571 συνάγειν
1470 1538 1501 1564 ἐκ
1515 1537 1569 1568 τῶν
1585 1537 1635 1572 τῆς
1656 1538 1708 1573 γῆς
1721 1539 1860 1574 μετάλλων

1070 1582 1104 1608 τὰ
1125 1582 1272 1617 χρήματα;
1296 1581 1352 1608 ἀλλ’
1375 1582 1467 1617 ἐπειδὴ
1487 1584 1645 1617 πρόσκειται
1667 1583 1706 1618 τῷ
1722 1583 1803 1620 λόγῳ,
1817 1585 1859 1612 ὅτι

1072 1627 1300 1662 περιουσιασμοὺς
1312 1627 1443 1662 βασιλέων
1454 1627 1501 1654 καὶ
1516 1628 1568 1655 τῶν
1582 1629 1780 1664 χωρῶν,οὐκέτι
1791 1631 1861 1666 πρὸς

1071 1672 1256 1699 τὺ⁴ἀνεύθυνον
1275 1673 1292 1708 ἡ
1314 1673 1360 1699 τοῦ
1380 1675 1540 1707 συναγαγεῖν
1559 1674 1661 1701 διάνοια
1674 1675 1796 1710 φέρεται.
1816 1676 1861 1707 Ὧς

1072 1717 1125 1754 γὰρ
1140 1718 1198 1750 ὲξδν
1212 1719 1244 1754 τῇ
1262 1717 1386 1754 βασιλικῇ
1405 1719 1549 1754 δυναστείᾳ
1568 1720 1600 1745 ὲκ
1619 1719 1673 1746 τῶν
1693 1721 1789 1756 χωρῶν
1812 1721 1860 1747 τὸν

1073 1762 1281 1798 περιουσιασμὺν
1310 1763 1365 1790 τῶν
1394 1763 1543 1799 χρημάτων
1572 1764 1712 1799 συνάγειν·
1739 1765 1860 1801 δηλονότι

1073 1807 1171 1843 φόρους
1205 1807 1376 1840 ἐπιϐάλλειν,
1402 1808 1516 1840 δεκάτας
1548 1809 1778 1845 εἰσπράττεσθαι.
1805 1812 1862 1838 εἰσ-

1072 1852 1166 1887 φέρειν
1188 1852 1327 1887 χρήματα,
1343 1853 1405 1884 τοὺς
1428 1853 1599 1888 ὑποχειρίους
1625 1855 1860 1889 καταναγκάζειν,

1073 1896 1158 1929 οὕτως
1174 1897 1352 1933 συνειλοχέναι
1372 1898 1438 1933 φησὶ
1448 1898 1478 1925 τό
1491 1908 1521 1925 τε
1539 1899 1649 1934 χρυσίον
1668 1900 1716 1926 καὶ
1733 1900 1763 1926 τὸ
1775 1901 1862 1936 ἀργύ-

1074 1952 1141 1980 ριον.
1158 1945 1230 1979 Πλὴν
1249 1944 1334 1976 οὕτως
1352 1944 1406 1971 εἴτε
1423 1944 1532 1980 ἑτέρως,
1557 1944 1641 1980 ἡδέως
1660 1946 1694 1972 ἂν
1707 1946 1819 1981 μάθοιμι
1834 1948 1861 1973 τί

1075 1989 1154 2016 πλέον
1170 1989 1245 2016 ἔσται
1267 1989 1306 2025 τῷ
1326 1989 1377 2021 τὰς
1397 1989 1523 2022 τοιαύτας
1539 1988 1604 2022 ὕλας
1617 1991 1769 2024 συνάγοντι.
1785 1992 1864 2018 A566-

1075 2034 1130 2061 σθω
1154 2034 1214 2061 καθ’
1237 2034 1374 2066 ὑπόθεσιν,
1399 2033 1436 2070 μὴ
1461 2034 1531 2061 κατὰ
1554 2033 1665 2071 μνᾶν,ῆ
1691 2035 1824 2072 δραχμὴν,
1842 2036 1861 2072 ἦ

1074 2081 1201 2108 τάλαντον
1229 2082 1283 2112 τοῖς
1310 2079 1541 2116 φιλοχρηματοῦσι
1572 2081 1780 2116 προσγίνεσθαι,
1804 2083 1861 2109 ἀλλ’

1075 2126 1178 2161 ἀθρόως
1194 2126 1285 2158 αὐτοῖς
1306 2126 1533 2161 ἀποχρυσωθῆναι
1557 2126 1592 2153 τὰ
1610 2127 1708 2158 πάντα,
1729 2128 1778 2162 τὴν
1799 2128 1860 2162 γῆν,

1077 2171 1125 2206 τὴν
1146 2171 1269 2206 ψάμμον,
1290 2171 1324 2197 τὰ
1347 2171 1408 2206 δρη,
1430 2171 1463 2198 τὰ
1486 2170 1575 2204 πεδία,
1598 2172 1646 2204 τὰς
1661 2173 1758 2204 νάπας,
1773 2173 1863 2200 πάντα

1078 2216 1221 2251 ὑποθῶμεν
1231 2216 1299 2251 πρὸς
1309 2216 1409 2250 ταύτην
1420 2216 1490 2243 κατὰ
1499 2216 1529 2243 τὺ
1539 2216 1571 2243 ἀθ
1576 2216 1635 2252 ρόον
1646 2218 1863 2252 μεταϐεϐλῆσθαι

1077 2262 1126 2296 τὴν
1150 2258 1230 2296 ὓλην,
1243 2261 1269 2287 τί
1291 2260 1359 2296 πρὸς
1377 2260 1547 2295 εὐδαιμονίαν
1564 2261 1607 2288 διὰ
1623 2262 1724 2288 τούτων
1738 2262 1864 2289 ἐπιδώσει

1078 2309 1092 2334 ὁ
1113 2307 1185 2342 βίος;
1206 2306 1237 2333 Εἰ
1261 2307 1347 2333 ἐκεῖνο
1369 2307 1398 2332 ὲν
1415 2307 1494 2333 παντὶ
1515 2306 1607 2341 βλέπει
1630 2306 1644 2332 ὃ
1666 2307 1713 2333 νῦν
1730 2307 1759 2333 ὲν
1781 2307 1865 2342 ὀλίγῳ

1078 2354 1138 2388 ὁρᾷ,
1151 2352 1176 2379 τί
1193 2352 1246 2379 τῶν
1271 2352 1321 2386 τῆς
1342 2352 1430 2387 ψυχῆς
1446 2352 1565 2386 ἀγαθῶν,
1579 2353 1606 2379 τί
1622 2353 1675 2379 τῶν
1694 2354 1763 2380 κατὰ
1785 2353 1865 2388 σῶμα

1080 2397 1310 2432 σπουδαζομένων,
1325 2395 1369 2422 διὰ
1390 2396 1438 2431 τῆς
1462 2396 1588 2432 τοιαύτης
1611 2398 1766 2433 περιουσίας
1784 2398 1865 2432 γενή-

1080 2452 1174 2476 σεται;
1192 2444 1245 2479 ἄρα
1255 2452 1297 2475 τις
1320 2443 1396 2474 ἐλπὶς
1414 2442 1489 2469 ἔσται
1511 2443 1555 2470 διὰ
1569 2443 1672 2476 τούτου,
1697 2443 1727 2470 τδ
1746 2443 1774 2469 ἐν
1803 2451 1866 2469 τοσ-

1079 2490 1149 2525 ούτῳ
1165 2489 1254 2521 ζῶντα
1270 2488 1362 2524 χρυσῷ
1381 2488 1506 2522 γενέσθαι
1531 2488 1622 2523 σοφὸν,
1641 2489 1777 2524 ἀγχίνουν,
1798 2489 1867 2515 θεω-

1081 2533 1199 2570 ρητικὺν,
1216 2534 1392 2568 ἐπιστήμονα,
1409 2534 1484 2568 φίλον
1498 2533 1567 2569 Θεῷ,
1588 2535 1721 2570 σώφρονα,
1733 2535 1863 2570 καθαρὸν,

1080 2579 1289 2614 ἀπαοῆ,παντὸς
1299 2579 1344 2605 τοῦ
1356 2579 1423 2614 πρὸς
1437 2579 1533 2606 κακίαν
1548 2579 1724 2611 καθέλκοντος
1736 2579 1822 2614 ἀμιγῆ
1833 2588 1865 2606 τε

1081 2625 1127 2651 καὶ
1141 2624 1343 2659 ἀπαράδεκτον;
1362 2622 1378 2658 ἢ
1403 2623 1481 2650 τοῦτο
1493 2623 1541 2658 μὲν
1570 2623 1640 2658 οὐχὶ,
1663 2624 1772 2650 δυνατδν
1784 2623 1812 2650 δὲ
1826 2619 1870 2657 τῷ

1082 2670 1197 2706 σώματι,
1215 2670 1261 2695 καὶ
1275 2670 1314 2700 είς
1333 2669 1431 2700 πολλὰς
1452 2669 1518 2695 ἑτῶν
1538 2669 1717 2700 ἑκατοντάδας
1731 2668 1778 2703 τὴν
1792 2668 1865 2702 ζωὴν

1082 2715 1284 2750 παρατείνοντα,
1301 2715 1396 2750 ἀγήρω
1409 2714 1454 2740 καὶ
1474 2714 1567 2741 ἄνοσον
1590 2714 1635 2741 καὶ
1658 2714 1798 2749 ἀπήμονα,
1818 2713 1866 2738 καὶ

1083 2762 1169 2788 πάντα
1186 2762 1234 2788 ὅσα
1247 2761 1309 2796 περὶ
1322 2761 1366 2788 τὸν
1382 2761 1409 2786 ἓν
1426 2760 1504 2796 σαρκὶ
1518 2759 1573 2794 βίον
1589 2758 1780 2791 σπουδάζεται;
1797 2755 1865 2785 Ἀλλ’
