1989 3070
103 69 150 97 669

622 69 656 97 ΙΝ
676 69 945 98 ECCLESIASTEN.
964 70 1105 99 HOMILIA
1124 70 1168 98 IV.

1663 71 1716 99 6'70

104 126 182 158 οὐδεὶς
203 125 274 153 οὕτω
298 127 420 162 μάταιος,
442 126 502 153 οὐδὲ
516 127 564 161 τῆς
597 124 703 161 φύσεως
723 126 773 161 τῆς
793 127 884 161 κοινῆς

943 127 1089 154 :ommunis
1103 130 1205 154 naturae
1217 127 1284 155 adeo
1298 127 1451 163 imperitus,
1469 133 1498 155 ut
1509 128 1565 156 haec
1579 129 1717 157 eristimut

105 171 311 204 ἃνιπίσκεπτος,
335 172 372 203 ὡς
400 171 487 198 ταῦτα
516 172 625 207 νομίσαι
649 173 706 203 τοῖς
732 172 884 207 ἀνθρώποις

105 216 300 252 προσγίνεσθαι,
315 217 392 252 εἴπερ
407 217 447 248 είς
466 216 566 252 πλῆθος
586 216 700 251 ἄφθονον
718 217 735 251 ἡ
749 216 802 242 τῶν
818 224 884 251 χρη-

107 261 192 297 μάτων
207 260 255 296 ῦλη
269 262 327 287 κατ’
345 261 467 294 ἐξουσίαν
486 262 553 288 πᾶσι
574 261 724 296 προχέοιτο.
746 260 823 286 Ἐπεὶ
838 259 885 287 καὶ

106 305 148 332 νῦν
164 305 234 332 ἐστιν
254 306 316 332 ίδεῖν
335 306 446 338 πολλοὺς
465 307 519 333 τῶν
534 306 604 333 κατὰ
615 306 663 342 τὴν
677 306 804 341 τοιαύτην
820 314 885 340 προ-

106 349 214 384 εχόντων
230 350 385 384 περιουσίαν
406 350 514 385 ἐλεεινῷ
539 350 643 384 σώματι
667 349 780 382 ζῶντας,
803 347 842 381 οἷς
860 350 884 375 εί

107 394 142 429 μὴ
153 395 261 428 παρεῖεν
273 396 296 421 ot
308 394 511 431 θεραπεύοντες,
532 395 568 430 μὴ
589 394 653 422 ἄνευ
675 395 763 421 αὐτῶν
778 395 886 426 ἱκανοὺς

107 437 169 465 εἶναι
185 439 253 474 πρὸς
271 439 320 474 τὴν
345 439 426 474 ζωήν.
442 440 474 466 Et
490 437 536 466 οὖν
556 440 572 474 ὴ
595 439 655 466 καθ’
676 438 802 466 ὑπόθεσιν
819 439 885 473 ἡμῖν

106 484 148 510 τοῦ
172 485 282 519 χρυσίου
308 485 449 520 περιουσία
463 483 632 520 ,προτεθεῖσα
657 485 696 520 τῷ
719 482 799 520 λόγῳ,
824 484 886 511 οὔτε

107 529 236 564 1σώματος,
248 526 308 563 οὕτε
320 528 410 566 ψυχῆς
423 539 449 558 τι
462 531 555 566 κέρδος
568 531 704 564 ὑπέδειξεν
714 540 720 547 ·
736 531 802 558 πολὺ
819 531 886 566 μᾶλ-

107 574 147 601 λον
155 575 183 601 τὸ
193 577 221 601 ὲν
231 575 313 610 ὀλίγῳ
322 576 492 612 δεικνύμενον
502 576 636 612 ἄχρηστον
646 578 686 609 είς
695 577 825 612 ὠφέλειαν
832 577 885 604 τῶν

107 619 215 654 ἑχόντων
229 619 377 655 ἐλέγχεται.
393 621 432 647 Ἤ
445 621 471 647 τί
488 622 541 656 γὰρ
555 621 589 648 ἂν
605 621 709 655 γένοιτο
727 622 791 656 παρ’
801 621 887 656 αὐτῆς

106 666 151 701 τῆς
165 666 230 701 ὕλης
247 666 285 702 τῷ
304 666 404 702 ἔχοντι,
421 667 438 702 ἢ
454 668 522 703 μήτε
536 667 640 701 γεύσει,
660 668 728 702 μήτε
744 667 886 702 ὀσφρήσει,

108 712 172 746 μήτε
180 713 213 746 τῇ
228 712 296 747 ἀκοῇ
310 712 420 747 ἐνεργὸν
436 712 549 746 γίνεται,
564 712 580 748 ἥ
595 713 665 739 κατά
676 713 725 747 τὴν
740 712 810 747 ἁφὴν
823 713 887 747 ὁμο-

105 757 188 792 τίμως
204 757 271 792 πρὸς
286 759 340 785 πᾶν
357 759 387 785 τὸ
401 758 546 785 ἀντίτυπον
564 758 635 793 ἐχει;
657 757 695 793 μὴ
711 758 763 794 γάρ
779 767 823 792 μοι
837 757 886 793 τὴν

106 804 136 830 ἐκ
149 803 368 838 συναλλάγματος
383 804 565 840 ποριζομένην
577 804 679 840 τροφὴν
694 803 710 838 ἣ
732 803 886 839 περιϐολὴν,

106 847 142 882 τῷ
153 848 246 883 χρυσῷ
263 849 430 884 προστιθέτω
444 858 495 881 τις.
513 849 542 875 '0
555 849 608 884 γὰρ
620 849 724 884 χρυσίῳ
737 848 782 875 τὸν
795 849 886 884 ἄρτον,

106 892 122 927 ἢ
138 892 168 918 τὸ
183 893 289 927 ἱμάτιον
309 892 502 928 ἀλλαξάμενος.
516 893 562 920 τοῦ
584 894 721 929 ἀχρήστου
735 893 765 919 τὸ
782 894 889 928 ἐπωφε-

106 937 148 970 λὲς
161 938 331 973 διημείψατο,
348 939 394 966 καὶ
409 939 453 974 ζῇ,
468 939 570 975 τροφὴν
589 938 677 974 ἑαυτῷ
691 939 736 965 τὸν
750 939 842 974 ἄρτον,
856 939 887 966 οὐ

105 981 150 1025 τὸν
160 983 258 1018 χρυσὸν
278 985 471 1019 ποιησάμενος.
490 984 521 1011 '0
532 985 560 1011 δὲ
574 984 622 1020 τὴν
639 984 706 1019 ὓλην
725 984 825 1020 ταύτην
844 983 888 1010 διὰ

105 1028 157 1054 τῶν
170 1028 298 1055 τοιούτων
312 1029 540 1064 συναλλαγμάτων
553 1029 642 1065 ἑαυτῷ
657 1029 827 1064 συναγαγὼν,
839 1031 888 1062 ,είς

104 1074 130 1099 ’τί
141 1073 194 1100 τῶν
206 1074 353 1110 χρημάτων
365 1074 503 1107 ἀπώνατο,
515 1076 557 1106 τίς
570 1075 707 1110 σνμΰουλὴ
720 1075 763 1102 διὰ
775 1075 887 1107 τούτων,

105 1119 147 1149 τίς
175 1119 334 1146 διδασκαλία
365 1120 553 1155 πραγμάτων,
580 1120 643 1146 ποία
670 1120 717 1146 τοῦ
749 1120 889 1155 μέλλοντος

106 1164 270 1199 πρόρρησιςς
285 1165 333 1197 Τίς
348 1165 416 1200 πρὸς
427 1165 478 1196 τὰς
491 1164 538 1192 τοῦ
554 1165 678 1200 σώματος
691 1165 784 1197 ὀδύνας
800 1174 890 1202 παρα-

107 1209 204 1244 μυθίαν
222 1209 317 1245 ἐσχεν;
340 1210 503 1246 ἠρίθμησεν,
519 1210 646 1243 ἀπέθετο,
670 1211 798 1246 σφραγῖδι
823 1219 889 1237 κατ-

105 1255 270 1290 εσημήνατο,
287 1256 409 1290 αἰτηθεὶς
434 1255 579 1292 ἠρνήσατο,
601 1255 762 1290 ἀπιστηθεὶς
779 1255 825 1282 καὶ
839 1255 891 1281 ἐπ-

106 1299 223 1334 ώμοσεν.
246 1296 332 1332 Οὗτος
348 1301 362 1326 ὁ
375 1300 557 1336 μακαρισμὸς,
571 1300 651 1326 τοῦτο
664 1301 713 1336 τῆς
732 1300 848 1335 σπουδῆς
861 1301 891 1327 τὺ

107 1345 203 1380 πέρας,
223 1345 292 1381 αὕτη
308 1347 324 1381 ἠ
341 1345 500 1378 ἀπόλαυσις,
527 1346 607 1381 μέχρι
621 1345 716 1372 τούτου
731 1346 749 1381 ἡ
766 1345 892 1380 εὐδαιμο-

106 1390 162 1422 νία,
177 1390 216 1423 τὺ,
233 1390 297 1425 ὓλην
308 1391 340 1425 τῇ
355 1389 483 1426 ἐπιορκία
494 1391 666 1427 πορίσασθαι.
685 1390 754 1417 Ἀλλ’
766 1390 891 1425 εὖχρουν,

107 1437 184 1472 φησι,
200 1436 246 1463 τοῦ
269 1436 380 1472 χρυσίου
402 1436 433 1463 τὸ
449 1434 528 1468 εἶδος.
545 1436 591 1472 Μὴ
610 1437 657 1463 καὶ
677 1435 724 1463 τοῦ
742 1436 826 1472 πυρὸς
848 1437 892 1463 εὒι

108 1481 275 1517 χροὼτερον;
297 1483 342 1519 Μὴ
363 1482 417 1509 τῶν
437 1483 545 1518 ἄστρων
564 1482 823 1518 περικαλλέστερον,
847 1482 893 1518 Μὴ

107 1527 161 1554 τῶν
173 1528 289 1556 ἀκτίνων
302 1528 348 1554 τοῦ
364 1528 439 1563 ἡλίου
457 1529 628 1563 φανώτερον;
644 1528 692 1559 Τίς
708 1528 722 1554 ὸ
736 1528 848 1554 κωλύων
863 1537 894 1554 σε

107 1573 157 1607 ’τῆς
172 1572 347 1604 ἀπολαύσεως
361 1572 473 1608 ταύτης,
488 1571 559 1598 ὥστε
578 1581 619 1598 σοι
632 1572 754 1607 ἀνάγκην
769 1570 837 1599 εῖναι
850 1572 894 1599 διὰ

107 1613 158 1653 τῆς
179 1618 304 1653 εὐχροίας
322 1618 368 1645 τοῦ
395 1619 495 1654 χρυσοῦ
517 1618 553 1645 τὰ
576 1618 625 1653 τῆς
649 1618 744 1653 ἡδονῆς
770 1618 894 1654 πορίζειν

107 1665 168 1695 ταῖς
183 1663 289 1698 ὂψεσινς
311 1664 391 1690 Ἀλλὰ
410 1665 561 1697 σϐέννυται,
586 1664 662 1698 φησὶ,
679 1664 709 1689 τὸ
731 1663 797 1699 πῦρ,
818 1663 865 1690 καὶ
881 1664 895 1690 ὁ

107 1709 184 1743 ἥλιος
199 1708 301 1742 δύεται,
312 1710 359 1736 καὶ
371 1710 402 1736 οὐ
417 1710 521 1745 διαρκεῖ
533 1710 581 1744 τῆς
593 1709 762 1744 λαμπηδόνος
775 1710 790 1743 ἡ
805 1709 894 1743 χάρις.

108 1755 163 1781 Τοῦ
183 1755 211 1781 δὲ
226 1755 326 1791 χρυσοῦ
342 1755 394 1787 τίς,
407 1755 466 1782 εἰπέ
483 1763 539 1790 μοι,
551 1754 594 1780 διὰ
603 1754 649 1781 τοῦ
665 1755 778 1784 σκότους
791 1754 897 1789 παραλ-

107 1799 180 1836 λαγὴ
191 1801 259 1836 πρὸς
273 1801 318 1828 τὸν
332 1800 472 1835 μόλιϐδονς
495 1800 563 1826 Ἀλλ’
577 1800 627 1826 οὐκ
640 1799 684 1831 ἂν,
697 1799 789 1835 φησιν,
804 1799 837 1825 ὲκ
849 1799 896 1826 τοῦ

108 1846 206 1881 πυρὸς,
219 1846 236 1880 ἢ
250 1845 303 1872 τῶν
326 1845 433 1880 ἄστρων
448 1845 554 1879 γένοιτο
570 1845 635 1879 ἡμῖν
654 1844 738 1880 δέῥρα
758 1844 805 1870 καὶ
821 1852 897 1880 περι-

107 1891 195 1924 δέεια,
222 1891 270 1918 καὶ
294 1891 408 1926 πόρπαι,
433 1891 480 1917 καὶ
499 1890 593 1923 ζῶναι,
619 1891 667 1916 καὶ
691 1890 831 1925 μανιάκαι,
851 1890 897 1917 καὶ

108 1937 249 1970 στέφανοι,
275 1936 323 1963 καὶ
347 1936 382 1963 τὰ
403 1935 532 1962 τοιαῦτα·
555 1936 569 1962 6
591 1935 619 1962 δὲ
637 1935 736 1971 χρυσὸς
758 1935 845 1962 ταῦτα
867 1944 896 1962 τε

109 1983 193 2013 ποιεῖ,
200 1981 246 2008 καὶ
252 1981 310 2008 εῐτι
321 1981 384 2008 ἄλλο
394 1981 461 2016 πρὸς
468 1981 569 2016 κόσμον
580 1980 780 2016 ἐπιτηδεύεται.
789 1981 896 2015 Ἥγαγε

108 2027 181 2063 πρὸς
197 2027 227 2054 τὸ
240 2027 386 2061 κεφάλαιον
399 2028 447 2062 τῆς
460 2027 637 2062 ματαιότητος
665 2026 784 2062 σπουδὴν
796 2027 814 2061 ἡ
828 2035 893 2053 συν-

108 2073 211 2109 ηγορία
230 2073 279 2108 τῆς
297 2072 373 2108 ὕλης.
396 2072 467 2099 Δὺτὺ
483 2072 537 2108 γὰρ
558 2072 636 2098 τοῦτο
660 2072 728 2106 πρὸς
741 2072 839 2103 αὐτοὺς
859 2072 897 2098 εἴ·

934 172 1030 201 adesse
1043 173 1209 204 hominibus,
1223 173 1245 200 si
1264 173 1291 200 in
1307 181 1411 201 summa
1429 175 1508 209 copia
1521 175 1643 208 pecunia
1658 183 1715 202 ma-

935 220 1004 245 teria
1019 219 1103 246 libere
1121 218 1249 245 omnibus
1265 218 1457 253 prolundatur.
1475 218 1540 246 Nam
1559 227 1632 246 nunc
1648 227 1718 254 quo-

935 270 988 298 que
1004 264 1064 290 licet
1077 262 1169 290 videre
1190 263 1291 290 mullos
1303 271 1335 290 ex
1349 264 1391 296 iis,
1405 265 1450 298 qui
1468 264 1602 298 ejusmodi
1622 270 1719 299 praeter

935 312 1049 335 caeteros
1060 308 1199 335 abumlant
1214 307 1404 340 facultatibus.
1426 310 1517 336 vivere
1534 317 1650 344 corpore
1667 311 1720 337 mi-

936 352 1057 385 serabili,
1070 352 1170 387 quibus
1190 353 1243 380 nisi
1269 353 1394 380 adessent
1420 354 1466 388 qui
1497 361 1544 381 eos
1573 359 1717 386 curarent,

935 398 1037 433 absque
1055 399 1088 425 iis
1102 406 1155 425 non
1175 403 1287 433 possent
1307 399 1406 426 vivere.
1425 398 1453 425 Si
1478 407 1544 433 ergo
1558 407 1617 434 quae
1640 400 1720 428 nobis

936 451 967 471 ex
985 444 1127 479 hypothesi
1146 445 1286 480 proposita
1306 449 1348 472 est
1371 445 1398 471 in
1415 445 1531 472 dicendo
1552 446 1612 472 auri
1631 446 1720 480 copia,

936 497 1025 524 neque
1041 491 1161 525 corpori.
1177 499 1266 525 neque
1286 491 1382 518 anima:
1407 491 1492 517 ullum
1513 489 1590 517 affert
1616 490 1720 518 lucrum

936 538 983 562 aut
1006 536 1196 563 commodum:
1219 536 1303 563 multo
1325 536 1411 571 magis
1428 537 1488 571 ejus
1515 536 1650 562 modicum
1669 543 1722 562 ar-

936 582 1029 616 guitur
1048 590 1109 610 esse
1124 583 1230 613 inutile,
1259 587 1288 609 ut
1305 582 1435 617 prodesse
1459 583 1544 616 possit
1569 582 1603 609 iis
1630 583 1676 616 qui
1693 582 1720 608 id

936 628 1048 655 habent.
1068 628 1137 662 Quid
1149 630 1221 656 enim
1239 636 1271 656 ex
1293 629 1342 656 hac
1357 629 1470 656 materia
1487 628 1576 655 redire
1590 633 1677 662 potest
1687 628 1720 654 ad

936 681 998 700 eum
1016 674 1062 708 qui
1080 673 1165 710 ipsam
1186 674 1276 706 habet,
1295 682 1356 708 quae
1379 682 1468 708 neque
1482 675 1510 701 in
1533 679 1653 708 gustum,
1676 681 1722 701 ne-

937 726 990 754 que
1006 720 1032 746 in
1048 719 1203 751 odoratum,
1223 728 1311 755 neque
1328 721 1353 747 in
1371 720 1493 747 auditum
1507 719 1608 754 aliquid
1628 727 1722 754 opera-

939 767 993 795 tur.
1007 773 1068 800 qum
1080 766 1162 792 etiam
1181 766 1207 792 in
1223 766 1338 799 quodvis
1350 766 1422 800 quod
1434 765 1537 792 resistit
1551 765 1676 792 similiter
1692 773 1722 792 se

942 807 1031 839 habet,
1044 807 1115 842 quod
1132 808 1164 835 ad
1177 811 1279 835 tactum
1294 809 1414 836 attinet?
1435 808 1502 836 Nam
1519 810 1590 843 quod
1604 817 1637 837 ex
1656 817 1724 836 con--

941 857 1027 880 tractu
1053 859 1165 888 paratur
1196 854 1356 881 alimentum
1383 858 1430 881 aut
1447 855 1646 888 vestimcntum,
1657 862 1723 881 auro

941 906 1021 926 nemo
1037 900 1166 927 ascribat.
1192 900 1244 933 Qui
1263 901 1335 927 enim
1353 908 1420 927 auro
1444 908 1541 935 panem
1558 905 1604 927 aut
1621 905 1723 927 restem

941 945 1114 980 permutavit,
1129 949 1158 972 ut
1169 946 1253 977 vivat,
1277 946 1351 973 dedit
1369 946 1434 972 utile
1453 954 1502 980 pro
1519 946 1618 978 inutili,
1636 950 1666 973 ut
1678 946 1724 980 qui

942 997 1111 1024 panem,non
1131 997 1228 1017 aurum
1246 998 1296 1025 pro
1320 991 1487 1018 nutrimento
1511 991 1563 1018 sibi
1583 991 1724 1019 asciverit.

942 1034 993 1067 Qui
1009 1038 1098 1062 autem
1115 1042 1163 1069 per
1174 1035 1309 1069 ejusmodi
1330 1040 1488 1063 contractus
1506 1035 1578 1062 hanc
1593 1036 1644 1063 sibi
1668 1036 1727 1063 col-

942 1080 1005 1114 legit
1018 1082 1168 1111 materiam,
1184 1081 1217 1107 ad
1233 1088 1379 1116 quamnam
1398 1088 1455 1108 retu
1478 1089 1511 1108 ea
1534 1082 1630 1114 utitur,
1653 1082 1727 1117 quod

942 1125 1087 1152 consilium
1112 1133 1144 1153 ex
1162 1125 1236 1158 istis,
1256 1133 1317 1160 qua:
1335 1123 1498 1152 documenta
1519 1125 1640 1161 depromi
1664 1134 1728 1161 pos-

943 1173 1007 1198 sunt
1023 1170 1056 1196 ad
1074 1177 1117 1197 res
1133 1170 1283 1205 gerendas,
1303 1177 1433 1204 quaenam
1452 1169 1537 1197 futuri
1567 1171 1729 1205 praedictio?

943 1215 1010 1249 Quis
1030 1223 1062 1242 ex
1075 1223 1106 1242 ea
1121 1216 1253 1244 adversus
1273 1215 1382 1243 dolores
1407 1216 1532 1251 corporis
1546 1216 1640 1243 habuit
1662 1218 1728 1244 sola-

944 1261 1011 1288 tlum
1022 1261 1033 1287 ?
1044 1259 1210 1292 Numeravit,
1228 1261 1361 1295 reposuit,
1380 1260 1470 1295 sigillo
1486 1261 1650 1296 obsignavil,
1666 1269 1728 1288 cum

944 1305 979 1333 ab
993 1313 1025 1333 eo
1040 1310 1185 1340 peteretur,
1201 1305 1319 1340 negavit,
1331 1308 1359 1331 et
1373 1311 1435 1331 cum
1449 1304 1474 1332 ei
1489 1305 1556 1332 fides
1575 1313 1629 1331 non
1645 1305 1729 1332 habe-

944 1354 1030 1384 retur,
1044 1350 1125 1377 etiam
1143 1350 1283 1384 pejeravit.
1311 1349 1373 1377 Haec
1389 1353 1432 1377 est
1447 1350 1598 1383 beatitudo,
1624 1350 1669 1377 hic
1687 1354 1730 1378 est

946 1396 1007 1423 linis
1022 1395 1082 1429 ejus
1099 1395 1172 1430 quod
1193 1395 1220 1421 in
1236 1402 1267 1421 ea
1294 1394 1404 1429 ponitur
1426 1395 1519 1427 studii,
1543 1395 1587 1422 hic
1612 1395 1728 1426 fructus.

946 1441 999 1468 hue
1013 1448 1100 1475 usque
1119 1440 1241 1475 procedit
1257 1439 1383 1472 felicitas,
1398 1442 1428 1466 ut
1444 1440 1587 1467 materiam
1612 1440 1730 1474 praebeat

945 1486 1075 1521 perjurio.
1099 1486 1133 1512 At
1155 1485 1263 1520 pulchri
1277 1485 1391 1517 coloris,
1412 1485 1511 1520 inquit.
1534 1490 1575 1513 est
1589 1486 1649 1513 auri
1666 1493 1725 1520 spe-

945 1532 1010 1558 cies.
1031 1531 1098 1558 Num
1111 1535 1153 1558 est
1164 1531 1246 1558 etiam
1260 1531 1360 1557 coloris
1371 1531 1535 1564 pulchrior-is
1549 1538 1629 1566 quam
1644 1531 1731 1566 ignis?

945 1576 1015 1603 Num
1033 1576 1120 1604 stellis
1133 1580 1175 1603 est
1189 1575 1360 1610 speciosior?
1374 1574 1443 1601 Num
1459 1574 1543 1603 radiis
1555 1576 1621 1602 solis
1640 1576 1731 1609 splen-

945 1621 1055 1650 didior?
1073 1620 1140 1653 Quis
1153 1624 1194 1648 est
1212 1621 1258 1655 qui
1275 1625 1347 1647 vetat
1368 1628 1423 1655 quo
1443 1620 1533 1646 minus
1553 1620 1594 1647 bis
1619 1620 1729 1652 fruaris,

947 1670 976 1693 ut
993 1666 1041 1693 tibi
1059 1673 1172 1692 necesse
1193 1666 1229 1692 sit
1244 1672 1293 1699 per
1311 1665 1370 1691 auri
1396 1665 1513 1699 speciem
1531 1665 1619 1692 oculis
1635 1673 1731 1699 parare

945 1713 1111 1747 voluptatem
1124 1713 1135 1737 '.'
1148 1711 1182 1737 At
1197 1711 1279 1745 ignis,
1303 1710 1403 1744 inquit,
1425 1710 1621 1745 exstinguitur,
1637 1714 1664 1738 ct
1690 1711 1731 1738 sol

946 1757 1055 1789 occidit,
1080 1764 1130 1784 nec
1149 1756 1278 1791 perennis
1295 1755 1379 1783 decor
1394 1755 1454 1790 ejus
1479 1755 1642 1790 splendoris.
1659 1755 1731 1788 Quid

947 1807 1048 1834 autem,
1075 1801 1129 1833 dic,
1161 1808 1265 1836 quzeso,
1294 1804 1417 1834 tempore
1441 1800 1615 1827 tenebrarum
1641 1799 1732 1828 ditl‘ert

947 1855 1043 1875 aut-um
1058 1855 1072 1873 a
1087 1846 1221 1882 plumbo?
1237 1846 1271 1872 At
1282 1853 1315 1873 ex
1331 1845 1403 1880 igne,
1420 1845 1519 1880 inquit,
1535 1845 1577 1872 vel
1592 1853 1626 1872 ex
1643 1846 1731 1873 stellis

947 1893 1005 1920 fleri
1020 1898 1075 1920 non
1091 1895 1206 1926 possunt
1226 1891 1305 1918 nobis
1322 1891 1445 1922 monilia,
1462 1898 1548 1922 zonae,
1561 1895 1684 1925 torques,
1704 1895 1733 1917 et

947 1945 1066 1969 coronae,
1081 1940 1108 1964 et
1127 1943 1188 1971 quae
1206 1939 1269 1963 sunt
1281 1934 1417 1969 ejusmodi
1431 1943 1437 1962 :
1455 1943 1553 1962 aurum
1568 1939 1659 1962 autem
1675 1935 1733 1963 haec

947 1981 1039 2013 edicit.
1059 1986 1086 2009 et
1097 1981 1119 2008 si
1136 1980 1201 2014 quid
1219 1983 1331 2014 paratur
1343 1978 1376 2005 ad
1387 1983 1525 2006 ornatum.
1538 1978 1577 2005 Ad
1593 1987 1731 2006 summum

947 2027 1067 2054 studium
1086 2025 1214 2052 vanitatis
1225 2024 1338 2052 deduxit
1349 2024 1408 2051 auri
1423 2023 1557 2051 defensio.
1572 2024 1630 2051 Hoc
1643 2024 1733 2058 ipsum

946 2073 1018 2099 enim
1032 2072 1072 2099 eis
1089 2071 1203 2098 dixerim
1220 2070 1372 2103 :Quidnam
1397 2070 1450 2097 sibi
1473 2070 1528 2096 vult
1551 2073 1578 2098 et
1595 2070 1666 2105 quod
1690 2073 1733 2097 est

109 2127 191 2153 ποιμι
204 2118 248 2145 ἄν’
269 2119 340 2146 ’Δντὶ
351 2118 434 2146 τίνων
451 2118 594 2150 σπουδάζει
610 2119 624 2144 ὁ
638 2117 730 2153 χρυσῷ
745 2117 794 2152 τὴν
809 2117 891 2152 κόμην

949 2117 1010 2151 ejus
1021 2116 1151 2148 studium,
1167 2116 1214 2150 qui
1227 2120 1305 2142 curat
1326 2119 1356 2142 ut
1379 2123 1446 2142 auro
1463 2122 1540 2142 coma
1570 2115 1663 2148 niteat,
1686 2119 1734 2141 aut

108 2164 302 2199 περιανθίςων,
329 2164 345 2199 ἢ
364 2164 417 2191 τῶν
440 2164 515 2190 ὤτων
530 2164 653 2196 ἐξάπτων
675 2164 709 2190 τὰ
725 2165 896 2198 περικοσμήα

110 2218 196 2244 ματα,
213 2209 230 2244 ἦ
247 2210 296 2245 τὴν
317 2210 396 2245 δέρην
418 2210 586 2245 περιὸἁλλων
601 2210 656 2240 tot;
673 2209 895 2244 περιτραχηλίοις

108 2255 247 2290 χλιδῶσιν,
265 2255 281 2290 ἠ
299 2256 328 2281 ἐν
344 2255 415 2290 ἄλλῳ
430 2256 483 2281 τινὶ
498 2255 588 2289 φέρων
606 2254 682 2289 μέρει
705 2251 751 2280 τοῦ
771 2253 897 2288 σώματος

107 2300 210 2336 χρυσὸν
225 2300 427 2335 προδείκνυσιν;
444 2301 583 2335 ’Ὀπουπερ
597 2299 630 2326 ἂν
648 2299 724 2334 τύχοι
748 2299 897 2334 προϐεϐλη-

109 2347 192 2381 μένος
205 2345 252 2372 τοῦ
266 2345 398 2380 σώματος,
418 2346 493 2372 οὐδὲν
506 2346 588 2378 αὐτὸς
602 2346 669 2381 πρὸς
685 2346 735 2380 τὴν
748 2345 834 2380 αὐγὴν
849 2345 896 2371 τοῦ

107 2391 222 2427 χρυσίου
240 2391 505 2427 μεταμορφούμενος.
531 2392 560 2418 '0
576 2391 630 2426 γὰρ
650 2391 718 2426 πρὸς
739 2391 784 2417 τὸν
799 2400 897 2426 χρυσο-

106 2436 248 2471 φοροῦντσ.
271 2436 387 2471 βλέπων,
401 2436 446 2463 τὸν
464 2437 513 2472 μὲν
529 2435 629 2471 χρυσὸν
643 2435 728 2467 οὕτως
742 2437 802 2472 ὁρᾷ,
818 2436 855 2468 ὡς
872 2437 896 2463 εί

105 2483 188 2517 τύχοι
210 2483 256 2509 καὶ
280 2484 308 2508 ὲν
330 2484 385 2514 τοῖς
405 2482 565 2518 πρατηρίοις
587 2482 783 2517 προκείμενος⁸
807 2481 853 2508 τὸν
868 2482 896 2508 δὲ

106 2526 246 2561 φοροῦντα
259 2523 314 2559 οἷός
327 2535 357 2553 τε
374 2526 478 2561 πέφυκε
493 2526 611 2554 τοιοῦτον
626 2526 729 2562 βλέπει.
747 2526 806 2553 Κᾶν
820 2526 897 2560 εὐερ-

106 2573 159 2606 γές
173 2581 204 2599 τε
223 2572 270 2599 καὶ
282 2573 427 2607 διάγλυφον
442 2570 458 2608 ᾖ
473 2572 503 2598 τδ
518 2573 639 2608 χρυσίον,
657 2573 707 2599 κᾶν
722 2572 769 2605 τὰς
784 2572 897 2607 χλοερὰς

106 2618 126 2654 ἢ
157 2620 305 2654 πυραυγεῖς
331 2619 450 2654 ψηφίδας
470 2619 498 2645 ὲν
524 2619 614 2654 ἑαυτῷ
639 2619 793 2655 περιείργῃ.
821 2619 897 2645 οὑδιν

108 2662 214 2698 μᾶλλον
234 2662 360 2697 αἴσθησίν
383 2671 443 2689 τινα
468 2662 521 2690 τῶν
549 2663 791 2698 παρακειμένωνή
817 2663 897 2697 φύσις

108 2706 237 2742 tatem-
265 2708 321 2734 ἀλλ’
347 2709 373 2735 εί
393 2717 423 2735 τε
438 2708 510 2745 λώϐη
533 2718 575 2740 τις
590 2708 632 2744 εἴη
657 2709 720 2744 περὶ
742 2709 791 2740 τὰς
810 2708 896 2743 ὄψεις,

110 2755 171 2782 εἴτε
186 2763 212 2782 τι
229 2754 316 2781 λείποι
338 2754 390 2781 τῶν
406 2754 474 2781 κατὰ
490 2755 578 2789 φύσιν,
595 2754 610 2790 ἥ
634 2754 770 2789 ὀφθαλμοῦ
787 2755 896 2789 ἐκρυέν-

948 2163 993 2197 qui
1010 2162 1123 2189 auribus
1134 2161 1262 2195 appendit
1274 2165 1448 2191 ornamenta,
1462 2164 1509 2187 aut
1522 2162 1567 2194 qui
1584 2160 1731 2186 luxurianti

949 2211 1045 2241 torque
1059 2207 1158 2233 collum
1171 2206 1334 2237 circumdat,
1345 2209 1392 2232 aut
1407 2214 1437 2232 se
1455 2205 1480 2231 in
1494 2205 1585 2239 aliqua
1596 2205 1648 2231 alia
1658 2210 1733 2239 parte

948 2252 1070 2284 corporis
1086 2259 1183 2278 aurum
1199 2250 1289 2277 ferens
1306 2249 1437 2277 ostendit?
1465 2250 1626 2285 Ubicunque
1639 2249 1665 2277 id
1678 2244 1734 2277 [οε-ι

948 2297 983 2324 rit
994 2297 1076 2324 situm
1088 2296 1116 2323 in
1132 2303 1257 2330 corpore,
1275 2295 1333 2330 ipse
1344 2296 1377 2323 ab
1389 2296 1449 2323 auri
1467 2295 1611 2330 splendore
1622 2296 1733 2324 minimc

947 2342 1168 2370 transformatur.
1189 2341 1241 2374 Qui
1255 2341 1328 2369 enim
1348 2341 1472 2368 intuetur
1493 2349 1554 2368 eutn
1571 2341 1618 2376 qui
1634 2349 1731 2368 aurum

947 2392 1045 2424 gestat,
1058 2395 1153 2415 revera
1169 2387 1278 2422 quidem
1304 2395 1401 2414 aurum
1424 2387 1507 2420 videt,
1532 2388 1643 2422 perinde
1660 2395 1691 2414 ac
1708 2387 1732 2415 si

948 2436 984 2463 sit
999 2434 1171 2470 propositum
1187 2433 1281 2460 venale
1294 2442 1300 2460 :
1316 2440 1378 2460 cum
1405 2438 1495 2460 autem
1509 2433 1556 2468 qui
1571 2433 1597 2459 id
1622 2437 1708 2468 gestat
1722 2449 1730 2464 ,

949 2481 1028 2508 talem
1042 2480 1131 2515 qualis
1153 2484 1195 2506 est
1224 2483 1321 2506 natura
1341 2478 1451 2512 aspicit.
1477 2478 1590 2505 Etiamsi
1619 2478 1731 2513 pulchre

947 2526 1115 2554 elaboratum
1128 2529 1155 2552 et
1170 2525 1293 2552 czelatum
1312 2524 1348 2551 sit
1365 2531 1461 2551 aurum
1475 2546 1481 2556 ,
1498 2524 1605 2551 etiamsi
1628 2523 1727 2552 virides

947 2576 995 2600 aut
1011 2571 1082 2607 ignis
1094 2572 1181 2599 instar
1193 2570 1342 2597 candentes
1357 2577 1478 2605 gemmas
1492 2569 1519 2596 in
1534 2576 1564 2596 se
1581 2569 1730 2600 contineat.

948 2618 1033 2646 nihilo
1055 2618 1139 2652 magis
1159 2617 1264 2650 accepit
1282 2620 1380 2642 natura
1405 2622 1517 2642 sensum
1542 2622 1637 2641 eorum
1671 2621 1732 2648 qua:

949 2667 1013 2691 sunt
1031 2662 1136 2697 adjecta
1149 2671 1155 2688 ε
1175 2661 1223 2689 scd
1237 2661 1294 2688 sive
1309 2660 1404 2687 morbo
1419 2660 1511 2694 aliquo
1523 2659 1628 2686 laborat
1642 2659 1728 2690 visus,

949 2709 1005 2736 sive
1017 2709 1117 2743 aliquid
1130 2707 1219 2735 deficit
1229 2714 1321 2734 eorum
1335 2714 1394 2741 quae
1408 2710 1471 2733 sunt
1484 2705 1633 2732 secundum
1646 2709 1727 2731 natu~

950 2762 1017 2786 ram,
1034 2758 1125 2788 ulpolc
1140 2753 1210 2788 quod
1229 2753 1268 2780 vel
1283 2753 1379 2780 oculus
1396 2751 1538 2783 cllluxcrit,
1558 2751 1597 2778 vcl
1617 2758 1685 2786 gena
1699 2750 1728 2778 in
