1989 3070
265 105 314 133 li“

859 107 888 135 S.
910 104 1072 143 GREGORll
1092 104 1238 132 NYSSENI

1836 103 1890 131 672

264 163 394 190 cicatrice
410 163 525 199 turpiter
536 169 631 192 cavata
646 165 740 199 fuerit,
757 169 848 193 manet
864 166 1006 201 turpitudo
1021 167 1046 193 in

1099 175 1155 198 τος,
1173 166 1189 200 ἢ
1207 164 1322 199 παρειᾶς
1339 163 1465 198 είδεχθῶς
1477 164 1506 190 ἐν
1522 163 1586 198 οὑλῇ
1601 162 1795 197 κοιλανθείσης.
1812 162 1890 196 μένει

263 217 297 236 eo
310 209 382 244 quod
398 215 522 244 apparet,
543 211 603 238 auri
623 210 729 246 fulgore
748 211 862 239 minime
879 212 1026 240 obscurata
1041 222 1047 240 :

263 259 291 282 et
304 255 328 282 si
342 263 442 290 corpus
453 255 548 284 dolore
562 257 655 291 aliquo
668 256 750 284 fuerit
759 257 899 292 allectum,
915 257 1049 285 laboranti

265 299 333 326 nihil
348 300 439 326 solatii
455 300 533 328 aﬂ‘ert
546 301 606 328 auri
624 301 750 330 materia.

300 400 377 434 Quod
400 408 465 435 ergo
484 409 573 436 neque
592 401 626 428 ad
646 402 895 436 pulchritudinem,
909 410 998 437 neque
1016 402 1049 428 ad

266 448 363 473 bonam
379 448 506 481 corporis
525 447 734 482 habitudinem,
753 456 843 483 neque
863 448 897 475 ad
918 448 1049 476 levandos

264 493 373 520 dolores
385 513 392 524 .
410 494 442 522 iis
455 493 500 528 qui
517 493 578 528 ejus
593 494 685 521 studio
700 499 838 528 tenentur,
854 495 932 522 all‘ert
945 495 1050 530 aliquid

265 538 331 565 utile
342 558 348 568 ,
364 546 414 565 cur
428 543 505 565 lauto
519 540 610 566 studio
625 540 778 574 quacritur;
793 546 820 567 et
834 541 971 576 quomodo
985 544 1050 568 sunt

264 583 355 611 allecti
376 585 394 610 ii
411 592 529 618 quarum
547 593 595 612 cor
610 586 638 613 in
655 586 706 613 hac
723 587 895 614 contabescit
917 587 1048 619 materia,

264 638 327 656 cum
346 631 373 656 in
391 631 451 657 auri
469 633 644 666 possessione
661 633 720 667 ipsa
732 640 780 660 eos
796 637 895 668 arguat
909 633 1051 660 conscien-

264 674 321 705 tia,
342 675 414 709 quod
435 683 468 702 ex
485 684 516 702 ea
535 676 587 704 sibi
607 678 768 711 promittant
787 686 915 713 magnum
936 677 1049 712 aliquod

264 721 502 748 emolumentum?
518 723 546 749 Si
563 724 624 756 quis
639 731 705 758 ergo
725 731 773 751 eos
790 728 886 758 roget,
906 727 934 750 ut
949 743 956 754 ,
979 724 1000 751 si
1022 724 1048 750 in

263 765 331 791 illud
347 766 430 792 velint
448 774 526 793 sttam
543 768 643 794 mutari
658 774 801 801 naturam,
818 775 845 796 ct
861 769 887 796 id
905 768 960 796 ﬁeri
976 769 1048 803 quod

264 815 407 846 tantopere
429 817 579 847 expetunt,
603 819 630 841 et
654 817 680 841 in
705 819 781 841 tanto
806 816 905 843 habent
928 816 1048 847 honore,

264 861 359 889 petant
379 865 438 884 eam
460 859 655 890 mutationem,
678 866 706 887 ut
724 868 756 887 ex
776 861 932 888 hominibus
953 862 979 887 in
996 869 1046 888 au-

262 907 323 926 rum
342 905 467 929 transeat
484 911 578 930 eorum
600 909 717 937 natura,
737 910 763 932 et
782 913 835 932 non
856 907 910 933 sint
929 907 1046 941 amplius

263 946 368 974 ratione
385 953 412 974 et
430 949 609 983 intelligentia
627 950 731 985 praediti
744 971 751 982 ,
768 956 795 978 et
811 951 844 978 ad
863 952 946 979 vitam
966 956 1046 979 uten-

264 997 305 1019 tes
319 993 457 1026 sensibus,
474 994 522 1021 sed
536 995 647 1029 pallidi,
661 1004 770 1031 graves,
787 1003 811 1024 et
826 1005 893 1025 voce
905 1002 1044 1031 carentes,

262 1037 433 1072 inanimique
449 1044 476 1066 et
488 1040 646 1073 insensiles,
662 1050 723 1076 qua:
734 1047 777 1070 est
790 1044 850 1070 auri
863 1047 978 1077 natura;
991 1052 1044 1072 non

261 1082 390 1109 existimo
415 1084 443 1110 id
470 1092 532 1112 esse
550 1086 707 1119 electuros,
730 1096 782 1116 nec
801 1096 848 1116 eos
868 1089 979 1124 quidem
999 1090 1046 1125 qui

262 1128 460 1156 contabescunt
479 1131 635 1159 vehementi
653 1134 714 1160 auri
731 1134 881 1161 desiderio.
900 1135 928 1162 Si
945 1143 1010 1171 ergo
1028 1136 1046 1163 ii

262 1173 309 1206 qui
325 1179 389 1201 sunt
405 1183 479 1203 same
495 1178 595 1205 tuentis
612 1171 791 1209 exsecrantur
808 1185 835 1207 et
852 1181 1048 1209 abominantur

263 1218 363 1245 habere
391 1221 573 1255 proprietates
598 1224 727 1252 inanima;
754 1227 891 1258 materiae,
920 1235 1046 1262 quaenam

262 1269 304 1290 est
318 1272 415 1292 eorum
436 1271 542 1294 ratione
558 1269 639 1303 plane
655 1278 754 1298 carens
771 1271 797 1298 in
817 1272 850 1300 iis
870 1273 1047 1307 acquirendis

262 1309 368 1337 insania
378 1331 386 1344 ,
398 1319 514 1346 quorum
532 1313 592 1341 linis
606 1319 647 1341 est
659 1316 782 1348 vanitas,
798 1321 828 1344 ut
841 1322 868 1345 et
880 1319 968 1345 caedes
981 1326 1046 1354 pro-

261 1359 355 1388 pterea
371 1356 477 1389 facere,
497 1362 523 1385 et
539 1359 713 1387 latrocinium
731 1370 859 1390 exercere
875 1363 993 1391 audeant
1008 1365 1045 1398 ii,

261 1400 308 1433 qui
328 1402 450 1434 pecuniae
471 1403 568 1431 insana
588 1405 716 1433 laborant
736 1408 836 1435 rabie?
854 1408 909 1436 Nec
929 1410 981 1436 hoc
1001 1418 1047 1437 so-

263 1445 335 1477 lum,
353 1448 399 1474 sed
412 1448 493 1475 etiam
508 1450 661 1484 improbum
678 1452 780 1480 l'cnoris
796 1454 956 1487 inventum,
973 1456 1046 1490 quod

1100 212 1130 238 τὸ
1147 208 1239 244 αἶσχος
1256 210 1283 235 ὲν
1297 208 1336 243 τῷ
1352 209 1514 244 φαινομένῳ,
1531 209 1613 244 μηδὲν
1626 209 1659 243 τῇ
1673 209 1744 243 αὐγῇ
1760 207 1806 234 τοῦ
1823 216 1890 243 χρυ-

1102 255 1159 282 σίου
1186 252 1411 287 ἐπισκοτούμενον
1423 261 1429 268 ·
1457 252 1508 280 κᾶν
1532 253 1652 288 ὲπαλγὴς
1667 251 1705 278 ὣν
1725 252 1764 287 τῷ
1782 251 1889 287 σώματι

1100 300 1186 335 τύχοι,
1204 298 1331 334 οὐδεμίαν
1359 299 1482 334 ἐπήγαγε
1505 298 1681 335 παραμυθίαν
1702 298 1742 333 τῷ
1762 298 1888 325 πονοῦντι

1132 344 1193 378 ὕλη.

1101 346 1118 380 ἡ
1132 346 1232 416 ἵέηοῦν
1249 389 1316 423 μήτε
1337 388 1405 423 πρὸς
1419 388 1525 421 κάλλος,
1543 388 1611 423 μήτε
1632 389 1700 423 πρὸς
1713 389 1819 422 εὐεξίαν
1835 389 1889 417 σώ-

1103 441 1195 468 ματος,
1218 433 1286 468 μήτε
1307 434 1376 468 πρὸς
1393 433 1442 468 τὴν
1465 433 1520 460 τῶν
1533 433 1699 468 ἀλγημάτων
1713 434 1889 470 παραμυθίαν

1101 479 1179 513 φέρει
1203 486 1229 504 τι
1250 480 1383 513 χρήσιμον
1408 479 1464 510 τοῖς
1489 477 1694 512 σπουδάζουσιν,
1723 478 1793 513 ὑπὲρ
1816 478 1890 510 τίνος

1102 523 1295 555 σπουδάζεται;
1322 523 1369 550 καὶ
1394 523 1436 554 τίς
1461 523 1478 557 ἡ
1503 523 1622 554 διάθεσις
1645 523 1700 550 τῶν
1734 525 1767 558 τῇ
1790 523 1889 558 καρδίᾳ

1101 568 1322 604 προστετηκότων
1338 569 1375 603 ,τῇ
1392 567 1452 604 ὖλῃ,
1478 568 1542 594 ὅταν
1567 568 1595 594 ὲν
1620 567 1660 603 τῷ
1685 569 1813 595 συνειδότι
1838 569 1889 603 τῆς

1100 613 1227 648 τοιαύτης
1243 614 1364 648 κτήσεως
1380 613 1497 648 τύχωσιν
1512 613 1597 646 ὄντες,
1618 612 1656 644 ὥς
1669 621 1696 639 τι
1715 613 1794 640 πλέον
1813 613 1889 648 ἔχον·

1100 666 1144 689 τες
1158 659 1263 690 ἑαυτοῖς
1288 659 1500 692 ὲπαγάλλονται;
1522 659 1583 692 'Ap‘
1598 658 1624 685 εἰ
1643 667 1685 690 τις
1700 659 1798 690 αὐτοὺς
1820 660 1889 694 ἐρω-

1100 703 1217 737 τήσειεν,
1242 703 1267 728 εί
1294 702 1415 737 δέχονται
1433 703 1524 734 αὐτοῖς
1542 703 1705 738 ἀμειφθῆναι
1717 703 1782 738 πρὸς
1800 704 1888 730 ὲκιῖνο

1099 748 1148 783 τὴν
1165 748 1255 782 φύσιν,
1270 748 1317 775 καὶ
1333 749 1459 783 γενέσθαι
1482 739 1568 780 τούτο,
1585 748 1599 774 ὃ
1624 750 1656 784 τῇ
1679 749 1796 784 τοσαύτῃ
1821 750 1887 784 παρ’

1100 792 1190 819 αὐτῶν
1214 793 1333 820 διαθέσει
1355 793 1511 828 τετίμηται,
1535 793 1637 820 ἕλοιντο
1659 793 1693 820 ἂν
1710 793 1759 828 τὴν
1775 793 1889 828 μεταϐο-

1065 831 1086 861 Β
1100 838 1158 872 λὴν,
1175 838 1245 864 ὥστε
1261 838 1290 870 ἐξ
1304 838 1454 874 ἀνθρώπων
1478 838 1545 873 πρὸς
1557 839 1603 865 τὸν
1616 839 1714 874 χρυσὸν
1730 839 1821 870 αὐτοῖς
1836 846 1888 874 με·

261 1491 307 1524 qui
326 1492 400 1519 aliud
417 1495 592 1522 latrocinium
610 1501 636 1524 et
652 1498 827 1532 parricidium
842 1501 1044 1533 nominaverit,
1059 1507 1080 1534 ε

262 1543 315 1563 non
328 1539 421 1572 procul
432 1540 466 1566 ab
474 1547 506 1566 eo
516 1542 587 1575 quod
599 1542 688 1574 decet,
699 1544 876 1573 aberraverit.
888 1546 960 1579 Quid
973 1547 1044 1575 enim

261 1582 342 1609 refert
357 1591 390 1609 an
402 1584 557 1612 clanculum
573 1588 708 1621 perfossis
719 1591 804 1618 muris
818 1592 955 1626 praedonis
971 1601 1046 1621 more

262 1629 351 1655 aliena
368 1629 484 1660 habeas.
496 1635 522 1658 et
536 1635 727 1666 przctereuutis
740 1636 813 1664 ctede
832 1641 857 1664 te
873 1645 967 1665 eorutn
985 1647 1046 1674 (pne

263 1672 381 1701 habebat
398 1675 538 1703 dominum
557 1680 711 1707 constituas
727 1690 732 1707 :
751 1689 784 1708 an
800 1681 904 1710 fenoris
922 1672 1045 1711 necessi-

262 1724 318 1745 tate
338 1722 465 1755 acquiras
484 1730 514 1750 ea
535 1732 596 1758 qua:
613 1726 646 1752 ad
664 1729 690 1752 to
708 1734 760 1752 non
776 1728 934 1761 pertinent?
949 1729 971 1756 0
987 1739 1046 1757 ma-

262 1764 315 1790 lum
333 1767 503 1801 vocabulum,
521 1769 599 1796 fenus
615 1771 642 1796 lit
659 1779 758 1798 nomen
773 1773 908 1800 latrocinii
921 1775 927 1800 ί
940 1782 955 1802 ο
968 1783 1045 1802 acer-

262 1811 311 1837 bas
330 1813 462 1846 nuptias!
484 1822 500 1840 ο
520 1815 670 1849 improbam
691 1817 913 1852 conjunctionem
929 1843 935 1852 ,
963 1830 1045 1856 quam

261 1860 357 1883 natura
387 1859 496 1892 quidem
525 1869 577 1888 non
605 1863 751 1896 cognovit,
784 1872 929 1892 avarorum
955 1873 1045 1895 autem

261 1902 373 1930 morbus
394 1903 464 1931 inter
484 1906 603 1932 inanima
625 1907 782 1935 innovavit!
796 1909 817 1936 0
833 1918 929 1945 graves
944 1916 971 1939 et
989 1921 1046 1940 mo-

262 1948 346 1975 lcstos
359 1955 510 1987 conceptus
520 1970 527 1982 ,
540 1959 572 1978 ex
586 1953 687 1988 quibus
701 1953 836 1987 ejusmodi
849 1955 921 1983 fetus
934 1957 1046 1993 (nempe

262 1992 357 2026 fenus)
371 1996 527 2024 enascitur!
539 1995 715 2026 Solummodo
731 2000 757 2026 in
773 2000 854 2028 rebus
867 2020 874 2032 ,
887 2009 947 2036 quae
964 1992 1044 2036 sunt,

261 2037 431 2065 discernitur
443 2041 595 2068 animatum
611 2050 659 2077 per
674 2044 821 2073 discrimen
839 2055 921 2075 sexus
938 2057 1046 2077 mascu-

259 2082 309 2109 lini
326 2089 353 2110 et
371 2084 505 2113 feminini.
522 2087 569 2114 Eis
585 2088 655 2115 dixit
672 2089 743 2117 Deus
760 2095 887 2126 creator,
901 2102 910 2118 ε
925 2094 1047 2123 Crescite

259 2133 287 2155 et
307 2129 527 2164 multiplicamini
546 2133 569 2149 “
584 2143 589 2161 :
602 2143 611 2159 ι
624 2137 653 2160 ut
673 2143 722 2169 per
737 2141 858 2165 mutuam
877 2147 910 2166 ex
929 2148 958 2167 se
974 2141 1045 2168 inter

258 2182 288 2211 se
315 2177 518 2209 generationem
550 2185 716 2214 augerentur
740 2186 766 2208 et
795 2184 1044 2219 multiplicarenlur

258 2229 319 2255 quae
331 2222 480 2257 gignuntur
493 2225 652 2254 animantia.
667 2227 733 2254 Auri
748 2233 838 2256 autem
853 2230 934 2263 fetus,
948 2240 1044 2267 nempe

259 2267 357 2299 l'cuus,
375 2277 408 2296 ex
426 2277 544 2304 quonam
563 2273 693 2300 consistit
710 2274 910 2303 matrimonio?
926 2286 957 2304 ex
975 2287 1044 2313 qua-

260 2321 322 2339 num
338 2315 478 2348 perﬁcitur
492 2318 694 2352 conceptione?
708 2319 841 2348 Caeterum
859 2330 891 2349 ex
906 2322 1043 2359 Propheta

259 2359 340 2386 didici
361 2368 421 2394 qua;
450 2362 486 2388 sit
503 2362 585 2398 hujus
605 2364 675 2391 fetus
694 2367 847 2401 conceptio.
859 2378 868 2393 ‹
883 2369 953 2398 Ecce
981 2379 1043 2406 par~

260 2405 338 2431 turiit
365 2406 545 2440 injustitiam,
571 2410 697 2444 concepit
722 2412 861 2446 laborem,
887 2420 914 2441 et
937 2405 1043 2451 peperit

259 2450 431 2485 iniquitatem
450 2454 484 2480 θ’.
500 2463 508 2479 ι
523 2453 572 2483 Hic
588 2461 630 2483 est
648 2457 692 2485 ille
710 2464 805 2493 partus
817 2480 823 2492 ,
844 2469 924 2495 quem
948 2467 1043 2497 partu-

259 2495 306 2522 riit
321 2496 431 2531 quidem
446 2499 576 2533 avaritia,
593 2503 663 2536 parit
678 2508 768 2532 antem
784 2506 933 2540 iniquitas,
949 2495 977 2535 et
994 2509 1044 2536 ob-

257 2542 416 2570 stetrieatur
443 2544 641 2575 inhumanitas.
668 2548 720 2582 Qui
742 2551 815 2578 enim
842 2559 950 2586 semper
972 2554 1044 2581 celat

258 2597 338 2623 opes.
353 2593 380 2617 et
398 2589 507 2623 juratus
526 2592 642 2621 afﬁrmat
661 2602 691 2621 se
710 2602 766 2622 non
786 2595 901 2628 habere.
919 2605 981 2625 cum
999 2601 1042 2626 vi-

257 2636 328 2663 derit
343 2644 466 2671 pressum
480 2639 659 2673 necessitate,
674 2644 739 2667 tunc
754 2641 814 2675 ejus
827 2649 958 2670 crumena
975 2653 1042 2679 prae-

259 2690 345 2717 gnans
367 2683 502 2715 cernitur,
527 2689 591 2712 tunc
618 2685 687 2713 lucri
714 2686 854 2714 desiderio
878 2689 1041 2718 sceleratum

259 2728 375 2762 parturit
396 2728 479 2754 fctum
492 2750 498 2762 ,
519 2733 545 2756 et
565 2737 639 2764 spem
661 2730 763 2759 fenoris
785 2733 886 2761 misero
904 2735 1040 2768 ostendit,

295 2814 317 2829 ⁸⁸
338 2814 405 2843 Gcn.
425 2825 443 2850 ι,
460 2818 506 2845 22.
545 2819 567 2834 θ’
587 2818 657 2846 Psal.
676 2827 721 2852 vu,
735 2820 776 2847 15.

1061 2171 1082 2198 1)

1098 883 1212 918 ταϐῆναι
1226 884 1275 918 τὴν
1292 883 1382 918 φύσιν,
1398 884 1445 911 καὶ
1462 883 1600 919 δειχθῆναι
1618 883 1717 919 μηκέτι
1734 884 1838 918 λογικοί
1857 892 1887 911 τε

1099 929 1146 955 καὶ¹
1171 928 1351 964 διανοητικοὶ,
1377 929 1426 956 καὶ
1450 930 1506 961 τοῖς
1532 929 1717 966 αἰσθητηρίοις
1745 931 1814 966 πρὸς
1837 930 1888 965 τὴν

1100 973 1171 1008 ζωὴν
1200 974 1375 1009 κεχρημένοι,
1402 974 1459 1000 ἀλλ’
1489 974 1573 1010 ὼχροί
1598 983 1628 1001 τε
1653 975 1700 1001 καὶ
1723 975 1815 1010 βαρεῖς
1839 976 1888 1002 καὶ

1099 1018 1218 1050 ἄναυδοι,
1238 1018 1336 1053 ἀψυχοί
1351 1027 1381 1045 τε
1394 1019 1441 1045 καὶ
1456 1019 1622 1055 ἀναίσθητοι,
1637 1020 1708 1055 οἲαὴ
1722 1020 1770 1046 τοῦ
1785 1020 1887 1056 χρυσοῦ

1099 1064 1179 1098 φύσις
1199 1065 1281 1096 ἐστὶν,
1298 1065 1348 1090 οὐκ
1365 1064 1399 1091 ἂν
1414 1063 1489 1098 οἶμαι
1506 1065 1591 1092 ταῦτα
1613 1065 1729 1097 ἑλέσθαι,
1749 1065 1809 1091 οὐδὲ
1823 1066 1887 1097 τοὺς

1101 1108 1201 1144 σφόδρα
1221 1108 1264 1134 διὰ
1282 1108 1332 1143 τῆς
1353 1109 1501 1144 ἐπιθυμίας
1517 1109 1713 1144 συντετηκότας
1728 1111 1760 1144 τῇ
1777 1109 1837 1146 ὕλῃ.
1855 1111 1887 1136 Εἰ

1100 1153 1146 1180 οὖν
1159 1155 1187 1181 ὲν
1203 1154 1310 1190 κατάρᾳ
1323 1155 1377 1185 τοίς
1393 1152 1421 1180 εὖ
1438 1154 1581 1189 φρονοῦσιν
1595 1155 1645 1190 ήδη
1659 1156 1726 1187 ἐστὶ,
1743 1156 1773 1181 τὸ
1788 1156 1816 1182 ὲν
1831 1158 1886 1188 τοῖς

1102 1199 1226 1234 ἰδιώματι
1242 1199 1291 1234 τῆς
1302 1198 1405 1233 ἀψύχου
1421 1198 1487 1234 ὕλης
1501 1199 1638 1233 γενέσθαι,
1653 1199 1694 1231 τίς
1708 1199 1804 1233 ἄλογος
1822 1201 1887 1236 περὶ

1099 1244 1148 1279 τὴν
1168 1244 1264 1279 κτῆσιν
1281 1243 1383 1270 τούτων
1404 1244 1497 1279 μανία.
1512 1241 1549 1270 ὧν
1564 1244 1594 1270 τὺ
1608 1244 1683 1276 τέλος
1703 1245 1720 1280 ὴ
1739 1246 1886 1280 ματαιότης

1100 1290 1183 1322 ἐστὶν,
1197 1290 1234 1321 ὡς
1246 1289 1291 1316 καὶ
1307 1290 1396 1324 φόνων
1409 1289 1453 1316 διὰ
1466 1289 1545 1316 τοῦτο
1558 1289 1605 1316 καὶ
1620 1290 1745 1326 λῃστείας
1758 1290 1886 1316 κατατολη

1102 1335 1185 1369 μῆσαι
1200 1335 1262 1366 τοὺς
1278 1334 1533 1371 προλελυσσηκότας
1547 1336 1604 1366 τοῖς
1624 1335 1766 1370 χρήμασι;
1786 1336 1833 1361 καὶ⁴
1854 1335 1886 1361 οὐ

1099 1380 1178 1406 τοῦτο
1201 1381 1288 1415 μόνον,
1318 1380 1387 1407 ἀλλά
1410 1381 1457 1407 καὶ
1484 1381 1533 1415 τῆς
1549 1379 1670 1416 πονηρᾶς
1692 1380 1812 1412 ἐπινοίας
1831 1380 1887 1407 τῶν

1100 1425 1197 1456 τόκων,
1212 1426 1245 1460 ἣν
1264 1425 1345 1460 ἄλλην
1359 1434 1401 1457 τις
1413 1425 1539 1462 λῃστείαν
1559 1426 1606 1452 καὶ
1619 1425 1772 1461 μιαιφονίαν
1786 1426 1886 1462 ὀνομά-

1101 1478 1161 1501 σας,
1173 1470 1222 1496 οὑκ
1233 1470 1266 1496 ἂν
1282 1471 1398 1505 ἁμάρτοι
1412 1470 1457 1496 τοῦ
1475 1470 1589 1501 δέοντος.
1607 1471 1642 1496 Ἦ
1659 1470 1685 1496 τί
1698 1470 1751 1505 γὰρ
1763 1470 1886 1506 διαφέρει

1097 1515 1232 1550 λαθραίως
1245 1516 1277 1541 ὲκ
1290 1516 1469 1551 τοιχωρυχίας
1482 1515 1608 1550 ἀλλότρια
1624 1515 1786 1551 ληϊσάμενον
1800 1516 1886 1551 ἔχειν,

1096 1562 1143 1587 καὶ
1157 1561 1194 1597 τῷ
1210 1562 1283 1597 φόνῳ
1296 1562 1342 1588 τοῦ
1361 1561 1564 1596 παροδεύοντος,
1579 1561 1711 1597 δεσπότην
1727 1562 1820 1588 ἑαυτὸν
1832 1562 1886 1588 τῶν

1096 1606 1199 1632 ἐκείνου
1216 1605 1337 1640 ποιεῖν,ἢ
1353 1605 1397 1631 διὰ
1404 1606 1454 1640 τῆς
1467 1605 1522 1632 τῶν
1535 1605 1622 1632 τόκων
1632 1605 1757 1640 ἀνάγκης
1767 1606 1885 1633 κτᾶσθαι

1095 1651 1130 1678 τὰ
1150 1652 1187 1687 μὴ
1214 1652 1402 1687 προσήκοντα;
1427 1652 1459 1677 Ὢ
1471 1651 1559 1686 κακῆς
1584 1652 1786 1687 προσηγορίαςί
1804 1652 1885 1685 τόκος

1096 1697 1180 1732 ὕνομα
1189 1698 1238 1732 τῆς
1250 1697 1375 1734 λῃστείας
1385 1697 1498 1731 γίνεται.
1511 1698 1543 1723 Ὢ
1551 1697 1657 1732 πικρῶν
1665 1697 1761 1733 γάμων
1772 1698 1778 1724 ί
1791 1698 1823 1723 Ὦ
1833 1706 1885 1724 πο-

1095 1743 1180 1777 νηρᾶς
1189 1743 1325 1776 συζυγίας,
1332 1743 1364 1778 ἣν
1374 1744 1390 1778 ἡ
1401 1742 1480 1777 φύσις
1490 1743 1538 1777 μὲν
1545 1743 1595 1769 οὐκ
1603 1742 1759 1778 ἐγνώρισεν,
1768 1743 1784 1778 ἠ
1792 1743 1820 1769 δὲ
1829 1743 1885 1770 τῶν

1096 1788 1367 1824 φιλοχρηματούντων
1378 1788 1454 1820 νόσος
1466 1790 1494 1814 ὲν
1507 1790 1562 1820 τοῖς
1578 1787 1691 1823 ἀψύχοις
1710 1789 1884 1824 ἐκαινοτόμη-

1097 1834 1159 1860 σενῑ
1176 1834 1208 1859 Ὢ
1227 1833 1353 1868 χαλεπῶν
1367 1834 1524 1870 κυημάτων,
1538 1833 1583 1868 ἀφ’
1598 1830 1635 1860 ὧν
1652 1835 1666 1861 ὁ
1677 1834 1795 1866 τοιοῦτος
1806 1834 1885 1865 τόκος

1096 1877 1235 1912 ὲκφύεται.
1258 1878 1345 1905 Μόνον
1361 1879 1390 1906 ὲν
1412 1880 1468 1910 τοῖς
1487 1877 1546 1906 οὖσι
1567 1879 1597 1905 τὸ
1614 1879 1735 1914 ἔμψυχον
1758 1880 1789 1914 τῇ
1814 1880 1885 1906 κατὰ

1095 1922 1125 1948 τὸ
1139 1923 1221 1958 ἄρρεν
1233 1923 1280 1950 καὶ
1291 1923 1357 1958 θῆλυ
1375 1923 1491 1958 διαιρορᾷ
1501 1923 1632 1959 διεκρίθη.
1649 1924 1762 1956 Τούτοις
1779 1922 1855 1950 εἶπεν
1869 1926 1884 1951 ὀ

1096 1968 1202 1999 πλάσας
1210 1967 1285 1999 Θεὸς,
1300 1975 1310 1992 ι
1321 1967 1471 2000 Αὺξάνεσθε
1488 1969 1535 1995 καὶ
1548 1969 1725 2004 πληθύνεσθε,
1754 1969 1824 1996 ὥστε
1839 1969 1884 1997 διὰ

1095 2013 1146 2048 τῆς
1161 2013 1191 2046 ὲξ
1204 2012 1325 2048 ἀλλήλων
1339 2014 1472 2047 γενέσεως
1487 2015 1527 2046 είς
1536 2014 1637 2050 πλῆθος
1651 2014 1681 2041 τὸ
1696 2015 1884 2050 ζωογονούμε-

1096 2067 1140 2086 νον
1156 2059 1295 2091 αὖξεσθαι.
1315 2060 1344 2086 ὐ
1360 2060 1389 2087 δὲ
1409 2060 1455 2086 τοῦ
1470 2061 1582 2096 χρυσίου
1599 2061 1678 2092 τόκος
1694 2061 1726 2088 ὲκ
1741 2061 1824 2088 ποίων
1834 2062 1884 2095 -γά-

1098 2113 1155 2139 μων
1170 2104 1346 2139 συνίσταταις
1370 2107 1419 2133 Ἐκ
1430 2106 1509 2138 ποίας
1523 2106 1725 2142 τελεσφορεῖται
1740 2108 1882 2142 κυήσεως;

1103 2149 1172 2175 Ἀλλ’
1198 2148 1257 2177 οἶδα
1279 2151 1329 2186 τὴν
1343 2151 1427 2178 ὠδῖνα
1446 2151 1492 2178 τοῦ
1505 2152 1625 2178 τοιούτου
1644 2152 1725 2178 τόκου
1744 2152 1820 2187 παρά
1834 2151 1883 2179 τοῦ

1097 2195 1240 2229 Προφήτω
1265 2195 1465 2230 μαθὼν,‹“1δοὺ
1487 2195 1582 2223 ὤδινεν
1608 2196 1726 2228 ἀδικίαν,
1753 2196 1883 2223 συνέλαϐε

1098 2239 1187 2270 πόνον.
1206 2239 1252 2268 καὶ
1262 2239 1352 2266 ἔτεκεν
1362 2239 1499 2274 ἀνομίαν.»
1513 2237 1597 2273 Οὗτος
1608 2241 1710 2272 ἐκεῖνός
1728 2242 1801 2268 ἑστιν
1814 2243 1828 2268 ό
1839 2241 1883 2268 τό·

1097 2293 1154 2317 κυς,
1167 2284 1196 2311 δν
1213 2285 1326 2321 ὼδίνησε
1335 2286 1384 2321 μὲν
1399 2287 1415 2322 ἡ
1432 2287 1582 2319 πλεονεξία,
1597 2287 1684 2314 τίκτει
1699 2287 1727 2314 δὲ
1740 2288 1757 2322 ὴ
1772 2287 1882 2322 ἀνομία,

1096 2331 1170 2366 καὶὴ
1188 2331 1381 2367 μισανθρωπία
1400 2332 1551 2367 μαιεύεται,
1575 2333 1604 2360 '0
1623 2333 1677 2368 γὰρ
1693 2333 1738 2359 ἀεὶ
1752 2332 1884 2368 κρύπτων

1095 2375 1144 2411 τὴν
1167 2376 1307 2412 εὐπορίαν,
1326 2377 1372 2404 καὶ
1401 2377 1476 2413 ὅρκῳ
1497 2378 1528 2404 τὸ
1547 2378 1584 2414 μὴ
1600 2378 1671 2413 ἔχειν
1692 2377 1882 2413 πιστούμενος,

1093 2421 1203 2448 ἐπειδάν
1219 2430 1280 2449 τινα
1290 2422 1332 2459 ἴδῃ
1346 2423 1454 2459 ἀνάγκῃ
1467 2423 1709 2458 καταπνιγόμενον,
1723 2423 1784 2449 τότε
1799 2422 1883 2457 ἐγκύ-

1096 2474 1153 2501 μων
1166 2466 1204 2501 τῷ
1217 2467 1351 2502 βαλαντίῳ
1373 2468 1552 2503 προφαίνεται
1564 2476 1571 2483 ·
1589 2468 1649 2494 τότε
1663 2468 1708 2494 τὸν
1719 2467 1836 2504 πονηρὸν
1847 2470 1882 2504 τῇ

1094 2511 1251 2547 φιλοκερδίᾳ
1265 2513 1354 2540 ὼδίνει
1368 2513 1457 2545 τόκον,
1472 2513 1568 2540 ἐλπίδα
1584 2512 1632 2540 τοῦ
1651 2513 1830 2548 δανείσματος
1842 2513 1884 2548 τῷ

1088 2556 1268 2592 δυστυχοῦντι
1280 2558 1480 2593 προδείκνυσιν,
1497 2559 1531 2594 ἢν
1547 2558 1687 2586 ἐπιϐάλλει
1700 2558 1766 2594 ὓλην
1782 2558 1822 2594 τῷ
1835 2559 1884 2585 δυ-

1094 2603 1257 2638 στυχήματι,
1287 2603 1380 2640 ὥσπερ
1400 2604 1414 2630 ό
1440 2604 1479 2639 τῷ
1502 2603 1585 2639 ὲλαίῳ
1606 2603 1813 2632 κατασϐεννύων
1831 2604 1884 2640 τὴν

1093 2646 1189 2680 φλόγα.
1207 2647 1245 2674 Ού
1259 2647 1313 2684 γὰρ
1332 2648 1499 2684 ἐθεράπευσε
1526 2649 1565 2685 τῷ
1588 2649 1685 2685 δανείῳ
1700 2650 1750 2685 τὴν
1765 2649 1879 2685 ζημίαν,

1092 2691 1149 2718 ἀλλ’
1159 2691 1296 2719 ἐπέτεινεν
1306 2701 1313 2708 ·
1329 2693 1375 2720 καὶ
1385 2694 1478 2730 ὥσπερ
1489 2695 1518 2721 ἐν
1527 2695 1582 2726 τοῖς
1593 2695 1708 2730 αὐχμοῖς
1720 2695 1881 2730 αὐτομάτως

1092 2737 1322 2773 ἀκανθοφοροῦσιν
1343 2740 1369 2766 αί
1390 2739 1514 2775 ἄρουραι,
1532 2739 1602 2767 οὕτω
1624 2740 1671 2768 καὶ
1691 2741 1719 2768 ὲν
1737 2742 1796 2772 ταῖς
1813 2748 1880 2774 συμ-
