1989 3070
104 111 151 139 575

635 114 668 141 ΙΝ
687 111 952 142 ECCLESIASTEN.
975 111 1114 140 HOMILM
1129 113 1172 140 IV.

1664 116 1717 145 678

105 174 195 208 caput;
222 173 277 200 τῶν
294 173 560 208 στενοχορουμένων,
587 174 611 200 οἱ
634 175 688 202 τῶν
713 174 880 201 πλεονεκτῶν

932 181 990 207 qua:
1007 173 1159 200 infortunio
1175 172 1271 208 ingerit
1286 174 1429 202 materiam
1441 195 1449 208 ,
1464 174 1603 210 quomodo
1624 176 1648 205 is
1667 179 1714 210 qui

105 217 260 252 ὑλιομανοῦσι
287 217 370 244 τόκοι.
392 215 458 244 Εἶτα
487 218 622 255 προτείνει
652 219 700 254 τὴν
717 221 795 254 χεῖρα
813 218 881 254 μετὰ

103 262 145 289 τοῦ
158 264 307 298 χρήματος,
324 263 417 299 ὥσπερ
433 265 449 299 ὴ
466 264 550 299 ὁρμιά
559 264 589 290 τὸ
601 264 789 300 κεκρυμμένον
804 265 881 298 ἄγκι-

105 315 175 342 στρον
198 306 238 342 τῷ
264 307 438 343 δελεάσματι.
461 308 617 343 Περιχανὼν
635 309 663 335 δὲ
679 309 693 334 ό
716 308 830 340 δείλαιος
847 309 880 343 τῇ

104 353 165 387 πρὸς
178 353 208 379 τὸ
225 353 310 389 παρὸν
323 353 448 390 εὐπορίᾳ,
463 354 510 380 καὶ
523 354 550 380 εἴ
562 362 588 380 τι
605 353 725 389 κρυπτὸν
742 353 772 379 ὲν
782 353 881 380 ἀποθέ-

102 406 152 430 τοις
162 395 230 433 εἶχε,
240 400 274 434 τῇ
286 399 332 425 τοῦ
346 399 493 434 ἀγκίστρου
504 399 569 434 ὁλκῇ
579 399 750 434 συνεξέμεσε.
765 399 881 427 Τοιαῦτα

102 443 133 469 τὰ
146 444 197 470 τῶν
211 443 297 470 τόκων
312 445 529 479 εὐεργετήματα.
546 444 604 471 Κᾶν
613 444 662 479 μέν
678 453 719 476 τις
733 445 800 480 πρὸς
821 444 881 479 βίαν

102 489 228 524 ἀφέληταί
238 498 311 521 τινος
320 490 350 516 τὺ
360 490 474 524 ἑφόδιον,
490 490 507 525 ἢ
526 490 614 517 λαθὼν
631 489 781 525 ὑποκλέψῃ,
795 490 881 524 βίαιος

102 533 145 560 καὶ
168 533 335 569 λωποδύτης,
362 535 408 560 καλ¹
433 535 468 560 τὰ
482 534 594 561 τοιαῦτα
615 534 741 568 λέγεται·
757 535 771 560 ό
789 533 816 559 δὲ
832 533 880 568 τὴν

102 579 203 606 ἀδικίαν
217 580 393 616 ἑμμάρτυρον
402 580 449 607 καὶ
461 580 510 615 τὴν
527 580 641 616 πικρίαν
653 579 822 614 ποιούμενος,
835 581 881 606 καὶ

104 625 243 659 συνθήκαις
269 625 318 660 τὴν
332 626 505 660 παρανομίαν
523 625 676 660 κρατύνων,
693 626 881 662 φιλάνθρωπος

102 670 146 696 καὶ
160 670 315 705 εὐεργέτης,
327 671 374 697 καὶ
389 671 489 706 σωτὴρ,
501 672 547 698 καὶ
564 672 652 698 πάντα
665 672 698 698 τὰ
711 672 818 707 χρηστὰ
827 672 880 699 τῶν

100 715 234 750 ὀνομάτων
249 716 479 751 προσαγορεύεται
489 725 495 731 ·
509 717 594 744 καὶτὸ
610 718 659 753 μὲν
669 718 699 750 ἐξ
714 718 882 753 ὑφαιρέσεως

101 760 201 795 κέρδος.
219 760 330 796 κλέμμα
343 761 465 796 λέγεται,
477 763 525 790 όδὲ
540 763 584 790 διὰ
599 764 649 798 τῆς
663 763 790 799 τοιαύτης
802 765 882 799 ἀνάγε-

100 814 148 840 κης
172 806 336 841 ἀπογυμνῶν
349 807 393 834 τὸν
416 808 542 843 Χριστὸν,
559 809 747 845 φιλανθρωπίᾳ
763 809 812 844 τὴν
834 819 880 836 πι-

933 218 993 244 oleo
1006 218 1155 252 exstinguit
1175 217 1322 245 ﬂammam.
1344 218 1402 246 Non
1418 219 1490 246 enim
1508 221 1658 248 calamitati
1677 224 1714 249 t'c-

932 271 998 290 uore
1020 263 1097 290 aﬁcrt
1121 263 1290 295 remedium,
1307 264 1354 290 sed
1374 271 1434 291 eam
1457 265 1542 300 magis
1566 269 1666 300 auget.
1687 270 1714 292 rt

931 309 1069 342 quomodo
1082 309 1108 335 in
1119 308 1190 336 locis
1204 309 1289 336 aridis
1302 313 1329 336 et
1342 310 1455 337 incultis
1467 313 1539 337 terra
1553 318 1603 338 sua
1617 316 1714 346 sponte

932 353 1060 388 producit
1077 355 1186 389 spinas:
1205 354 1243 381 ita
1259 355 1341 381 etiam
1359 354 1386 381 in
1402 355 1602 393 calamitatibus
1618 364 1714 384 eorum

932 400 977 432 qui
999 404 1161 433 premuntur
1181 398 1333 433 angustiis,
1355 406 1500 426 avarorum
1521 399 1615 426 fenora
1635 401 1715 428 luxu-

931 443 1013 470 riant.
1030 443 1131 471 Deinde.
1146 451 1256 470 manum
1277 444 1397 478 porrigit
1416 452 1477 470 cum
1494 446 1623 479 pecunia,
1643 447 1715 473 sicut

930 489 1037 516 arundo
1050 489 1160 517 hamum
1174 496 1236 517 esca
1251 493 1364 516 tectum.
1389 489 1474 516 lliaus
1489 494 1578 517 autem
1597 491 1650 519 iste
1664 492 1716 518 mi-

930 535 1014 562 sellus
1031 535 1063 561 ad
1081 538 1247 570 praesentem
1265 535 1394 570 copiam,
1411 536 1518 562 etiamsi
1536 536 1603 570 quid
1621 537 1714 564 occul-

931 583 987 607 ttttn
1006 580 1124 607 habebat
1138 581 1289 615 repositum
1301 599 1310 610 ,
1324 588 1386 606 cum
1402 584 1519 607 attracto
1538 582 1616 609 hamo
1632 583 1714 609 simul

930 625 1040 652 evomit.
1055 624 1168 652 Fcnoris
1179 625 1314 659 ejusmodi
1326 629 1390 652 sunt
1402 625 1543 652 beneﬁcia.
1559 626 1591 653 Et
1604 627 1627 654 si
1639 628 1714 661 quis-

931 670 1003 704 piam
1022 670 1140 704 alicujus
1160 670 1271 705 quidem
1291 670 1423 697 viaticum
1444 671 1469 698 vi
1487 671 1649 704 abstulerit,
1667 676 1714 700 :tut

931 716 1000 742 clam
1016 716 1195 751 subripuerit,
1212 720 1315 750 raptor,
1330 720 1356 743 et
1371 716 1415 743 fur
1425 738 1432 749 ,
1449 720 1476 744 et
1490 725 1550 751 quae
1562 721 1627 745 sunt
1641 718 1714 752 ejus-

930 761 1003 788 modi
1019 761 1131 789 dicitur.
1146 761 1199 795 Qui
1214 766 1304 789 autem
1320 762 1400 789 etiam
1414 761 1545 789 adhibitis
1558 763 1673 790 testibus
1683 771 1713 791 se

931 807 1033 840 injuste
1051 811 1078 835 et
1097 808 1195 835 acerbe
1214 807 1304 842 gerit,
1323 811 1349 834 et
1370 808 1457 842 pactis
1477 809 1620 837 conventis
1635 817 1712 837 suam

100 852 176 885 κρίαν
204 852 394 888 ὑποκορίζεται
405 861 413 869 ι
429 854 500 880 οὓτω
517 853 570 889 γὰρ
589 854 637 886 τὰς
654 855 752 890 ζημίας
767 856 819 882 τῶν
832 856 880 882 δει-

932 853 1077 880 conﬁrmat
1096 853 1266 888 iniquitatem
1279 873 1286 885 ,
1306 853 1442 888 benignus
1460 854 1560 881 dicitur
1575 859 1602 882 et
1615 855 1714 882 beneﬁ-

99 896 178 923 λαίων
204 898 430 932 κατονομάζουσι.
450 908 459 924 ι
478 900 636 934 Συνήγαγον
654 909 699 936 μοι
718 901 764 927 καί
785 909 816 934 γε
832 902 881 936 ἀρ-

99 942 189 977 γύριον
205 943 252 969 καί
266 951 297 976 γε
306 944 427 979 χρυσίον.
444 953 454 970 ›
470 945 553 972 Ἀλλὰ
568 945 662 972 τούτου
681 946 759 982 χάριν
771 947 785 972 ὁ
802 947 882 981 σοφὸς

99 987 230 1014 παιδεύων
244 988 289 1015 τὸν
309 989 375 1023 βίον,
393 991 421 1016 ὲν
432 989 470 1024 τῷ
490 991 631 1026 καταλόγῳ
649 991 704 1018 τῶν
723 992 881 1027 ἐξαγορευο-

100 1033 186 1067 μένων
227 1035 273 1060 καὶ
296 1034 381 1062 ταῦτα
396 1036 631 1071 κατηριθμήσατο,
649 1037 692 1064 ἵνα
707 1037 838 1072 μαθόντες
856 1039 881 1064 οἱ

98 1077 232 1112 ἅνθρωποι
259 1079 334 1114 παρὰ
345 1079 391 1106 τοῦ
406 1081 438 1115 τῇ
456 1081 538 1116 πείρᾳ
553 1082 767 1115 κατεγνωκότος,
787 1083 829 1109 ὅτι
852 1082 880 1109 ἓν

97 1123 149 1149 τῶν
164 1123 206 1150 ἐπ’
235 1125 334 1160 ἀτοπίᾳ
364 1127 594 1161 κατεγνωσμένων
617 1126 695 1153 τοῦτό
713 1128 781 1160 ἐστι,
796 1128 879 1162 (puli-

98 1168 193 1200 ξωνται
214 1169 267 1204 πρὸ
289 1171 339 1204 τῆς
366 1171 461 1206 πείρας
476 1172 525 1206 τὴν
546 1172 593 1198 τοῦ
607 1172 692 1199 κακοῦ
710 1173 860 1208 προσϐολήν
873 1182 879 1188 ·

98 1215 221 1250 καθάπερ
238 1216 294 1243 ἐστι
315 1217 361 1243 καὶ
387 1218 448 1249 τοὺς
460 1217 621 1253 λῃστρικοὺς
640 1227 669 1244 τε
681 1219 726 1245 καὶ
741 1219 881 1255 θηριώδεις

97 1261 196 1292 τόπους
222 1260 334 1292 ἀπαθῶς
354 1261 477 1293 διελθεῖν,
503 1262 547 1288 διὰ
563 1263 592 1288 τὸ
610 1263 751 1298 προελθεῖν
770 1265 833 1295 τοὺς
852 1265 881 1290 ὲν

96 1306 199 1337 τούτοις
219 1306 504 1341 προκινδυνεύσαντας.
529 1307 623 1339 Καλῶς
638 1308 666 1334 δὲ
682 1310 696 1335 ό
715 1308 784 1340 θεῖος
804 1308 881 1335 Ἀπό-

97 1352 198 1383 στολος,
215 1348 304 1382 καλῶς
320 1351 351 1377 τὸ
370 1351 453 1383 πάθος
479 1352 529 1386 τῆς
549 1352 730 1388 φιλαργυρίας
750 1354 880 1389 ὁρίζεται,

97 1396 175 1431 ῥίζαν
183 1396 266 1431 αὐτὴν
279 1396 386 1423 πάντων
394 1396 447 1422 τῶν
456 1397 548 1423 κακῶν
557 1398 881 1433 ἀποφηνάμενος,”Ωσπερ

95 1442 149 1477 γὰρ
159 1442 185 1467 εἴ
194 1451 246 1468 τινι
258 1442 335 1478 μέρει
347 1442 495 1477 διεφθορώς
507 1443 553 1469 καὶ
569 1443 754 1478 σηπεδονώδης
766 1445 881 1479 ἐπιρρυῇ

95 1486 191 1520 χυμὸς,
206 1487 252 1512 καὶ
266 1485 404 1521 φλεγμονὴ
425 1485 464 1520 τῷ
488 1487 562 1521 τόπῳ
583 1487 738 1522 ἐγγένηται,
774 1488 879 1522 ἀνάγκη

94 1531 170 1557 πᾶσα
184 1531 224 1562 εἰς
236 1531 387 1558 ἀπόστασίν
406 1540 467 1558 τινα
481 1532 528 1558 καὶ
542 1532 689 1567 διαφθορὰν
703 1533 732 1559 τὸ
743 1533 879 1568 ὲνσκῆψαν

96 1575 179 1610 ὑγρὸν
193 1576 393 1611 ἀπορραγῆναι,
409 1576 585 1611 διαφυγόντος
605 1577 652 1604 τοῦ
669 1578 746 1604 ποιοῦ
758 1578 807 1613 τὴν
821 1579 880 1604 ἐπι-

95 1621 222 1655 φάνειαν·
237 1621 323 1653 οὕτως
332 1620 371 1654 οἷς
387 1623 467 1658 ὲνρυῇ
478 1623 527 1657 τῆς
536 1623 750 1659 φιλοχρηματίας
763 1625 780 1659 ἡ
794 1624 879 1657 νόσος,

94 1668 134 1699 εἰς
147 1667 293 1694 ἀκολασίαν
306 1667 342 1699 ὡς
359 1667 392 1694 τὰ
413 1668 497 1694 πολλὰ
521 1669 551 1695 τὸ
568 1669 653 1700 πάθος
668 1669 815 1705 ἐπέσκηψε.
832 1670 880 1696 Διὰ

92 1712 174 1739 τοῦτο
189 1713 349 1748 προστίθησι
371 1715 404 1748 τῇ
429 1714 572 1749 περιουσίᾳ
592 1714 639 1740 τοῦ
662 1715 773 1749 χρυσίου
790 1723 818 1740 τε
834 1715 880 1741 καὶ

93 1757 227 1792 ἀργυρίου
236 1757 285 1792 τὴν
300 1757 453 1789 ἀκολούθως
467 1758 505 1792 τῷ
522 1759 738 1793 προκατασχόντι
748 1760 880 1794 νοσήματι

92 1801 329 1828 ἐπακολουθοῦσαν
359 1802 562 1837 ἀσχημοσύνην.
581 1811 591 1828 ι
622 1803 751 1838 Ἐποίησα
777 1804 840 1839 γὰρ,
869 1815 877 1830 ι

94 1846 189 1880 φησὶν,
208 1854 218 1871 ι
241 1845 352 1880 ᾅδοντας
375 1845 423 1871 καὶ
441 1845 565 1880 ᾀδούσας,
579 1856 589 1872 ι
609 1847 662 1873 τῶν
677 1848 832 1882 συμποσίων
847 1849 880 1875 τὰ

92 1891 301 1926 ἔντρυφήματα,
326 1891 460 1925 οἰνοχόους
490 1892 537 1917 καὶ
553 1892 838 1928 οἰνοχόας.›”Ηρκεσεν
861 1895 877 1928 ἡ

94 1936 192 1971 μνήμη
209 1935 263 1961 τῶν
282 1936 420 1970 ὀνομάτων
437 1936 608 1971 στηλιτεῦσαι
626 1938 655 1963 τὸ
669 1938 764 1970 πάθος,
779 1939 846 1974 ὅπερ
861 1940 878 1975 ἡ

92 1980 160 2014 περὶ
171 1980 204 2006 τὰ
219 1980 346 2016 χρήματα
359 1981 435 2012 νόσος
447 1982 708 2017 προωδοποίησεν.Ὢ
717 1984 764 2018 τῆς
778 1984 877 2011 ἀτόπου

90 2026 197 2061 ταύτης
214 2026 392 2062 φιλοτεχνίαςί
406 2027 442 2058 ὡς
454 2027 550 2062 ἀθρόον
562 2029 700 2056 ἐπιϐάλλει
714 2030 767 2056 τῶν
779 2030 877 2065 ἡδονῶν

89 2073 123 2098 ’τὺ
141 2072 241 2107 ῥεῦμα,
258 2070 313 2098 οἷόν
326 2081 380 2098 τισι
394 2073 554 2108 χειμάρροις
573 2074 676 2106 διπλοῖς
698 2075 732 2101 δι’
750 2076 833 2111 ἀκοῆς
849 2085 878 2103 τε

91 2118 143 2145 καὶ
150 2118 237 2152 ὄψεως
248 2118 296 2150 τὰς
304 2112 392 2153 ψυχὰς
401 2119 554 2151 ἐπικλύζων,
563 2119 605 2146 ἵνα
618 2119 747 2155 βλέπηται
760 2122 789 2147 τὸ
798 2123 880 2148 κακὸν

931 906 995 931 cus,
1017 902 1044 925 et
1063 904 1197 930 servator,
1215 903 1241 926 et
1259 899 1432 931 nominibus.
1447 908 1627 936 quaecumque
1644 901 1713 928 bona

931 948 1013 975 sunt,
1039 944 1214 978 appellatur:
1238 947 1265 970 et
1281 944 1355 979 quod
1379 952 1412 972 ex
1438 945 1578 973 ablatione
1604 946 1713 980 quidem

931 994 1042 1023 paratur
1058 990 1163 1016 lttcrutn
1175 1008 1183 1020 ,
1200 988 1300 1015 dicitur
1316 989 1434 1021 furtum,
1449 990 1497 1024 qui
1514 995 1604 1017 autent
1619 991 1714 1026 hujus-

932 1035 1002 1062 tnodi
1020 1034 1186 1061 necessitate
1203 1035 1375 1068 compulsum
1393 1035 1492 1069 spoliat
1505 1035 1692 1063 Christianum
1704 1056 1712 1067 ,

931 1079 1032 1106 blando
1061 1079 1240 1113 benignitatis
1265 1079 1400 1106 vocabulo
1423 1080 1489 1106 lenit
1512 1081 1686 1108 acerbitatem
1706 1089 1712 1107 :

931 1124 1093 1152 miserorum
1111 1125 1183 1151 enittt
1208 1123 1350 1150 hominum
1371 1125 1470 1152 damna
1497 1125 1533 1152 ita
1559 1126 1711 1153 nominant.

935 1178 944 1194 ι
956 1169 1074 1204 Collegi.
1087 1178 1096 1194 ›
1111 1169 1215 1203 inquit,
1231 1178 1240 1194 ι
1258 1169 1324 1195 mihi
1340 1173 1366 1196 et
1379 1174 1520 1204 argentum
1536 1175 1563 1198 et
1578 1179 1684 1198 aurum.
1701 1181 1710 1197 ι

933 1214 985 1241 Sed
1001 1214 1051 1240 hac
1067 1213 1100 1240 de
1114 1221 1198 1240 causa
1213 1213 1322 1248 sapiens
1338 1214 1420 1240 vitam
1436 1214 1580 1247 erudiens,
1598 1216 1624 1242 in
1640 1221 1715 1242 cata-

932 1259 993 1294 logo
1007 1267 1101 1286 eorttm
1117 1267 1177 1293 qua:
1192 1259 1292 1290 refert,
1310 1259 1366 1285 hch
1380 1267 1490 1294 quoque
1503 1262 1691 1287 annumeravit
1705 1282 1712 1291 ,

933 1308 963 1331 ut
979 1311 1041 1330 cum
1059 1304 1184 1331 homines
1198 1304 1232 1330 ab
1246 1311 1278 1330 eo
1294 1304 1441 1331 didicerint
1453 1305 1499 1339 qui
1515 1306 1572 1340 ipsa
1588 1307 1714 1340 cognovit

936 1350 1102 1384 experientia
1113 1370 1120 1381 ,
1136 1349 1188 1376 hoc
1205 1357 1266 1376 esse
1281 1357 1364 1376 tinum
1381 1357 1412 1377 ex
1431 1350 1464 1377 iis
1479 1358 1538 1385 quae
1553 1356 1581 1377 ut
1595 1352 1714 1378 absurda

931 1400 957 1422 et
969 1395 1057 1422 aliena
1073 1398 1136 1421 sunt
1148 1394 1328 1421 condemnata
1340 1414 1347 1425 ,
1362 1399 1475 1422 caveant
1486 1397 1549 1423 ntali
1566 1397 1694 1432 impetum
1706 1418 1714 1428 ,

932 1440 1090 1474 priusquam
1106 1440 1166 1474 ejus
1179 1440 1281 1466 faciant
1295 1440 1448 1474 periculum
1461 1449 1467 1467 :
1479 1441 1642 1468 sicutetiam
1657 1446 1714 1468 tuto

936 1485 1084 1513 transmitti
1104 1489 1218 1520 possunt
1236 1486 1293 1511 loca
1310 1492 1325 1512 a
1343 1486 1496 1514 latronibus
1514 1491 1540 1514 et
1558 1487 1653 1514 bestiis
1670 1489 1714 1514 in-

934 1531 1012 1563 festa,
1026 1533 1180 1565 propterea,
1192 1530 1266 1564 quod
1282 1533 1477 1564 praecesserint
1489 1532 1533 1567 qui
1551 1533 1576 1559 in
1590 1533 1623 1560 iis
1636 1538 1714 1560 antea

932 1576 1056 1603 adierunt
1077 1575 1241 1610 periculum.
1264 1575 1381 1604 Pulchre
1400 1581 1489 1604 autem
1513 1577 1621 1605 divinus
1642 1579 1715 1613 Apo-

931 1622 1018 1650 stolus
1030 1642 1037 1651 ,
1057 1621 1187 1655 pulchre,
1206 1621 1332 1656 inquam,
1351 1621 1445 1648 deﬁnit
1462 1622 1557 1649 vitiutn
1574 1625 1714 1657 avaritiae,

931 1668 1112 1702 pronuntians
1120 1667 1206 1700 ipsam
1214 1674 1275 1694 esse
1282 1668 1402 1694 omnium
1412 1667 1544 1695 malorum
1555 1670 1672 1697 radicem
1680 1671 1712 1697 ⁷⁸.

931 1714 990 1746 Quo
1006 1713 1085 1739 tnodo
1101 1713 1173 1739 enim
1189 1712 1210 1739 si
1227 1713 1253 1739 in
1268 1713 1391 1747 aliquam
1409 1717 1511 1747 partem
1528 1719 1674 1748 corruptus
1688 1720 1714 1742 ct

932 1759 1060 1794 pulridus
1074 1758 1172 1784 hutnor
1187 1758 1320 1785 aﬁluxcrit
1330 1778 1338 1791 ,
1349 1763 1375 1785 et
1391 1758 1418 1785 in
1437 1759 1497 1785 loco
1513 1759 1593 1786 fuerit
1608 1761 1714 1787 inﬂatu-

933 1804 1018 1830 matio
1030 1823 1037 1835 ,
1053 1810 1166 1830 necesse
1181 1806 1224 1829 est
1247 1803 1358 1829 omnino
1377 1806 1407 1828 ut
1430 1803 1456 1829 in
1474 1803 1589 1838 aliquem
1605 1805 1714 1832 absces-

932 1858 991 1877 sum
1007 1853 1034 1876 et
1052 1848 1254 1882 corruptionem
1274 1848 1371 1874 humor
1386 1848 1431 1874 ille
1444 1853 1584 1883 erumpat,
1602 1857 1663 1876 ctttn
1679 1851 1713 1878 ad

934 1893 1103 1929 superﬁciem
1124 1900 1193 1928 opus
1213 1893 1385 1927 pervaserit:
1405 1893 1442 1919 ita
1462 1893 1564 1927 qttihus
1589 1896 1714 1929 pecunia:

935 1939 1090 1974 cupiditatis
1107 1939 1218 1965 morbus
1247 1938 1399 1971 adluxerit,
1423 1938 1456 1965 ad
1477 1939 1713 1973 intemperantiaut

935 1992 1033 2019 magna
1048 1991 1079 2011 ex
1098 1987 1173 2018 parte
1187 1983 1301 2010 inclinat
1320 1983 1427 2011 vitium.
1448 1982 1594 2018 Propterea
1611 1986 1671 2012 auri
1687 1991 1713 2012 et

934 2030 1036 2065 argenti
1057 2030 1141 2064 copiae
1158 2029 1233 2056 addit
1252 2029 1450 2063 turpitudinem
1466 2049 1473 2061 ,
1490 2037 1551 2064 quze
1570 2025 1692 2058 morbum
1704 2051 1713 2062 ,

932 2076 976 2110 qui
998 2075 1073 2110 prius
1094 2076 1247 2107 invaserat,
1267 2075 1336 2102 solet
1352 2074 1450 2102 deinde
1468 2075 1612 2110 consequi.
1627 2085 1636 2101 ι
1651 2075 1713 2103 Feci

931 2121 1021 2152 enim,
1040 2130 1049 2145 ι
1066 2120 1170 2154 inquit,
1189 2129 1198 2144 ι
1214 2124 1341 2147 cantores
1369 2123 1397 2146 et
1427 2120 1610 2152 cantatrices,
1627 2130 1636 2145 ι
1654 2129 1713 2155 qum

90 2165 142 2191 καὶ
165 2164 312 2199 ἀκούηταιὶ
333 2164 363 2190 Ἦ
377 2165 432 2200 ᾠδὴ
455 2165 502 2200 τὴν
518 2166 600 2201 ἀκοὴν
621 2167 845 2202 καταστρέφεται,
863 2169 879 2203 ἡ

934 2165 1121 2191 conviviorum
1139 2167 1204 2191 sunt
1218 2164 1339 2195 deliciae,
1364 2164 1540 2198 pocillutot'cs
1558 2168 1584 2191 el.
1600 2160 1713 2198 pocilla-

89 2207 154 2242 ὖψις
186 2208 235 2243 τὴν
265 2207 323 2242 ὄψιν
357 2209 582 2244 καταγωνίζεται.
615 2210 732 2237 Ἐκεῖθεν
759 2212 773 2238 ό
799 2211 880 2246 θῆλυς

89 2253 212 2287 φθόγγος
227 2253 270 2279 διὰ
281 2254 330 2289 τῆς
343 2254 491 2290 λελυμένης
504 2256 557 2282 τῶν
574 2256 650 2291 ᾠδῶν
664 2257 804 2292 ἁρμονίας,
819 2267 880 2285 συν-

88 2299 200 2332 εισάγει
217 2299 304 2335 ἐαυτῷ
325 2301 371 2326 ἐπὶ
387 2301 436 2335 τὴν
452 2301 566 2336 καρδίαν
581 2302 612 2328 τὸ
628 2302 723 2334 πάθος.
743 2303 880 2341 Ἐντεῦθεν

87 2347 106 2380 ἡ
118 2345 183 2379 ὖψις
190 2342 244 2371 οἷόν
250 2355 275 2371 τι
290 2347 396 2382 μηχάνη
401 2356 439 2382 μα
452 2347 598 2382 πολεμικὸν
608 2349 663 2379 τοῖς
670 2348 818 2383 ὀφθαλμοῖς
832 2349 878 2376 τοῦ

87 2390 154 2420 ταῖς
166 2389 248 2424 ᾠδαῖς
255 2391 446 2423 ὲπιπίπτοντος
457 2392 688 2428 προδιαλυθέντος⁷
695 2394 878 2428 ἐμπίπτουσα,

86 2433 141 2469 τὴν
153 2433 241 2469 ψυχὴν
255 2435 481 2470 καταστρέφεται.
496 2437 649 2472 Στρατηγὺς
657 2437 685 2464 δὲ
697 2438 745 2473 τῆς
756 2439 880 2473 παρατά-

88 2479 162 2511 ξεως
173 2479 274 2514 ταύτης
286 2482 300 2507 ό
313 2478 384 2512 οἶνος
395 2481 508 2516 γίνεται,
520 2481 616 2518 ὥσπερ
627 2491 668 2514 τις
681 2484 796 2519 πονηρὸς
808 2484 882 2517 τοξό-

85 2533 142 2559 της
153 2525 257 2556 διπλοῖς
273 2525 363 2560 βέλεσι
387 2527 574 2558 κατατοξεύων
599 2528 645 2554 τὸν
668 2528 820 2564 ἄνθρωπον,
835 2531 881 2557 ἐπί

84 2576 118 2594 τε
137 2568 190 2604 τὴν
207 2569 291 2605 ἀκοὴν
303 2570 351 2596 καὶ
366 2571 414 2606 τὴν
425 2571 484 2605 new
493 2571 611 2598 εὐθύνων
623 2572 673 2604 τὰς
681 2573 776 2605 ἀκίδας
785 2582 792 2589 ⁶
805 2574 881 2609 βέλος

84 2614 146 2650 γὰρ
157 2615 263 2648 γίνεται
280 2615 330 2650 τῆς
347 2616 395 2651 μὲν
412 2616 506 2651 ἀκοῆς.
521 2618 538 2652 ἡ
548 2617 604 2651 ᾠδή
617 2626 622 2632 ’
635 2618 684 2652 τῆς
697 2618 726 2644 δὲ
739 2619 836 2653 ὅψεως,
850 2620 881 2646 τὸ

85 2660 266 2695 φαινόμενον.
285 2661 322 2687 Οὐ
341 2661 396 2696 γὰρ
406 2661 482 2695 ψιλὸν
494 2662 577 2697 δνομα
592 2662 645 2688 τῶν
661 2663 878 2698 οἰνοχόωνέστίν·

83 2706 150 2733 ἀλλ’
163 2708 196 2733 ἐκ
211 2706 257 2733 τοῦ
277 2706 356 2741 ἔργου
372 2708 477 2739 πάντως
491 2709 507 2742 ἡ
519 2707 660 2742 ἐπωνυμία
671 2708 783 2741 γίνεται.
797 2709 880 2736 Ὅταν

124 2789 152 2806 ⁷⁸
171 2791 183 2819 ι
201 2791 271 2819 Tim.
285 2800 321 2825 vt,
341 2791 382 2823 10.

933 2210 1024 2237 trices.
1042 2209 1146 2235 Sullicit
1164 2209 1267 2235 mentio
1280 2209 1423 2236 nominum
1445 2209 1477 2235 ad
1501 2209 1712 2236 deseribcndutn

933 2255 1028 2281 vitium
1041 2274 1048 2286 ,
1064 2254 1097 2281 ad
1113 2254 1186 2288 quod
1202 2254 1272 2281 viam
1293 2254 1382 2280 muttit
1404 2255 1516 2281 morbus
1529 2273 1535 2284 ,
1561 2254 1607 2288 qui
1628 2256 1713 2282 oritur

932 2308 964 2327 ex
981 2299 1059 2334 copia
1077 2299 1209 2334 pecunize.
1225 2298 1246 2326 0
1263 2299 1416 2333 improbum
1433 2304 1460 2326 et
1474 2300 1660 2334 importunum
1674 2310 1719 2327 ar-

932 2345 1133 2379 tiﬁciumquam
1143 2344 1255 2372 densum
1265 2345 1411 2372 acervatim
1421 2346 1539 2372 immittit
1547 2347 1713 2381 voluptatum

932 2389 1080 2422 ﬂuentum,
1101 2389 1175 2424 quod
1198 2390 1282 2417 veluti
1306 2390 1469 2424 quibusdam
1485 2390 1641 2425 duplicibus
1660 2396 1710 2419 tor-

932 2436 1057 2463 rentibus
1071 2442 1120 2470 pcr
1134 2435 1256 2462 auditum
1272 2439 1300 2462 et
1314 2437 1402 2462 visum
1419 2436 1534 2462 inundat
1547 2437 1652 2464 animas
1662 2457 1669 2469 ,
1686 2443 1711 2464 ut

932 2481 1068 2513 videatur,
1093 2484 1119 2508 et
1142 2480 1270 2508 audiatur
1288 2481 1388 2508 malum
1403 2481 1409 2507 !
1426 2480 1531 2508 Cantus
1549 2483 1648 2509 evertit
1666 2490 1712 2509 att-

934 2527 1040 2559 ditum,
1069 2529 1199 2561 aspectus
1224 2530 1335 2561 superat
1363 2531 1390 2554 et
1415 2529 1564 2562 prosternit
1591 2527 1715 2554 oculum.

936 2571 1005 2599 llinc
1022 2572 1164 2599 muliebris
1177 2579 1262 2599 sonus
1275 2580 1323 2607 per
1337 2571 1449 2599 fractam
1463 2577 1593 2600 cantuum
1610 2573 1720 2599 harmo-

934 2618 1006 2645 niam
1023 2624 1115 2643 sccum
1134 2618 1216 2644 sumit
1234 2617 1266 2644 ad
1284 2625 1331 2644 cor
1346 2622 1373 2644 et
1389 2617 1499 2644 deducit
1513 2618 1621 2644 vitium.
1639 2618 1715 2644 Illinc

934 2662 1009 2690 visus
1021 2665 1148 2696 tanquam
1164 2662 1253 2697 aliqua
1269 2661 1396 2689 machina
1409 2662 1505 2690 bellica
1519 2663 1545 2689 in
1557 2662 1667 2694 oculos,
1682 2670 1717 2688 eo

935 2707 1005 2743 quod
1022 2707 1048 2734 iu
1065 2715 1144 2735 aures
1160 2708 1287 2736 cantibus
1308 2708 1461 2736 incurrerat
1477 2708 1532 2743 jam
1551 2709 1655 2739 fracto.
1673 2707 1716 2734 in-
