1989 3070
269 167 322 194 (ὶἽό

890 156 919 184 S.
936 155 1098 183 GREGORII
1118 156 1261 184 NYSSENI

1838 152 1890 180 676

270 228 404 251 currens.
424 214 522 247 evertit
543 218 671 244 animum.
696 213 784 248 llujus
807 217 897 239 autem
919 211 986 238 aciei
1003 211 1056 238 dux

1116 213 1197 238 τοίνυν
1209 212 1336 247 ἐγχέηται
1347 212 1395 246 μὲν
1409 210 1525 245 ἀφειδῶς
1536 210 1590 241 τοῖς
1611 209 1760 245 συμπόταις
1775 210 1789 236 ὁ
1802 210 1887 246 ἄκρα-

270 272 313 296 cst
348 267 460 296 vinum,
488 264 560 299 quod
577 261 659 289 veluti
675 259 785 295 quidam
810 257 951 292 improbus
973 255 1054 290 sagit-

270 313 356 340 tarius
369 310 526 346 duplicibus
541 309 602 336 telis
615 307 756 334 hominem
771 303 910 335 confodit,
927 301 960 328 ad
975 309 1055 328 aures

271 363 298 386 et
314 358 409 385 oculos
423 357 546 391 dirigens
561 353 680 381 aculeos.
697 350 814 377 Auditus
827 348 901 375 enim
916 347 999 374 telum
1015 349 1056 373 est

271 408 370 432 cantus
379 425 386 435 ,
397 403 474 429 visus
487 405 576 428 autem
588 399 615 426 id
629 397 700 433 quod
714 396 845 423 cernitur.
857 393 914 420 Non
929 396 971 420 est
983 391 1055 418 enim

272 450 374 478 nudum
389 456 420 475 ac
433 448 520 475 solum
537 452 636 472 nomen
652 442 842 478 pocillatorum
855 448 862 466 ς
879 437 927 466 sed
942 437 1056 464 omnino

273 503 306 522 ex
321 494 392 521 facto
405 498 432 521 et
442 501 474 520 ex
486 499 515 519 re
527 491 586 527 ipsa
603 491 631 516 lit
645 486 844 516 denominalio.
857 483 972 517 Quando
988 489 1055 516 ergo

273 540 397 568 convivis
412 538 522 573 quidem
539 535 647 563 abunde
657 537 684 561 et
696 534 770 560 laute
786 531 880 558 vinum
892 527 1057 557 infunditur,

274 586 339 613 huic
353 589 444 612 autem
464 582 547 610 servit
564 579 717 608 ministerio
729 578 860 613 juventus
876 577 1008 602 exornata
1025 571 1059 598 ad

274 630 524 666 pulchritudinem,
538 631 584 654 aut
598 625 691 660 pueris
707 632 755 659 per
772 624 901 649 ornatum
917 617 1059 646 ell'emina-

276 662 329 705 tis,
346 676 393 700 aut
406 674 488 699 etiam
504 672 564 706 ipso
578 677 645 697 sexu
663 666 796 696 feminino
811 666 938 692 versante
955 662 982 689 in
999 667 1061 687 con-

275 719 365 751 vivio,
383 722 411 745 et
429 716 557 752 benignis
577 713 786 742 invitationlbus
807 711 944 738 ﬂammam
959 706 1062 734 excitat

276 764 433 792 indecoram
448 772 454 789 :
474 763 572 788 horum
590 759 746 788 studiorum
764 761 910 792 quemnam
928 759 989 780 esse
1005 751 1062 778 exi-

275 815 334 837 tum
352 813 395 837 est
412 805 648 835 consentaneum?
669 803 721 837 Qui
743 802 816 831 enim
843 796 1062 832 uniuscujusque

276 864 310 883 ex
324 855 357 882 iis
369 862 430 889 qua
447 853 514 881 fiunt
535 858 646 886 scopum
663 849 715 877 sibi
736 846 881 883 proponit,
902 842 1062 871 curiositate

1105 267 1162 289 τος,
1179 258 1311 293 ὑπηρετεῖ
1329 257 1357 283 δὲ
1367 258 1398 292 τῇ
1411 255 1520 291 τοιαύτῃ
1534 254 1655 290 διακονίᾳ
1665 255 1759 290 νεότης
1773 257 1813 287 εἰς
1823 256 1888 282 κάλ-

1105 305 1151 334 lo;
1165 302 1354 338 ὲξησκημένη,’
1367 302 1383 335 ἦ
1403 301 1504 327 παίδων
1522 300 1565 326 διὰ
1591 299 1637 326 τοῦ
1658 300 1761 335 κόσμου
1781 300 1890 334 θηλυνο-

1109 347 1206 382 μένων,
1221 347 1237 380 ἢ
1254 346 1300 372 καὶ
1317 345 1399 372 αὑτοῦ
1411 344 1456 381 τοῦ
1466 343 1568 379 θήλεως
1580 343 1676 377 γένους
1687 343 1889 378 ἀναστρεφομέ-

1107 399 1152 417 νου
1168 390 1207 425 τῷ
1222 390 1373 425 συμποσίῳ,
1395 389 1442 415 καὶ
1462 390 1522 419 ταῖς
1538 387 1706 423 φιλοτησίαις
1723 387 1769 414 τὸν
1781 387 1890 422 ἀπρεπῆ

1107 435 1236 470 λογισμὸν
1258 435 1418 470 συγχέοντος
1431 442 1437 449 ·
1453 435 1492 465 εἰς
1509 434 1534 460 τί
1559 441 1624 459 ποτε
1640 433 1714 464 είκὸς
1732 432 1891 467 τελευτῆσαι

1108 481 1157 512 τὰς
1168 480 1292 511 τοιαύτας
1310 479 1445 512 σπουδάς;
1465 479 1494 505 'U
1504 478 1558 514 γὰρ
1574 478 1674 505 σκοπὸν
1701 479 1815 504 ἑκάστου
1838 478 1891 505 τῶν

1108 524 1257 559 γινομένων
1268 524 1436 559 ποιούμενος.
1451 523 1498 550 καὶ
1513 522 1620 558 παριὼν
1636 524 1668 558 τῇ
1684 523 1830 558 περιεργίᾳ
1844 522 1892 556 τὴν

1109 569 1213 605 χρείαν,
1225 569 1298 600 ὅπως
1319 569 1367 604 μὲν
1384 568 1583 603 κατακοσμήσῃ
1604 566 1652 599 τὰς
1672 567 1722 601 τὴν
1740 565 1810 601 ᾠδὴν
1828 574 1891 600 μου·

1110 613 1287 649 σουργούσας,
1309 614 1367 640 οἴαν
1380 613 1410 640 δὲ
1423 613 1564 648 περιθήσει
1581 613 1641 643 ταῖς
1651 610 1832 645 οἰνοχοούσαις
1844 610 1892 646 τὴν

1110 659 1216 694 στολὴν,
1228 660 1331 694 σιωπᾷν
1342 659 1393 694 χρὴ
1406 659 1441 685 τὰ
1454 657 1564 685 τοιαῦτα
1575 657 1684 693 μᾶλλον,
1700 657 1745 683 καὶ
1757 655 1794 691 μὴ
1809 655 1893 691 ἐμϐα-

1110 703 1200 730 θύνειν
1223 704 1262 739 τῷ
1283 703 1354 740 λόγῳ
1376 705 1409 739 τῇ
1432 703 1485 730 τῶν
1501 703 1627 730 τοιούτων
1640 703 1796 737 ὑτωγραφῇ,
1810 701 1847 732 ὡς
1860 701 1892 728 ἂν

1111 749 1149 785 μὴ
1163 749 1197 775 δι’
1217 749 1302 784 αὐτῆς
1313 749 1490 785 κατηγορίας,
1505 749 1637 782 ἔπιξαίνοι
1651 749 1708 780 τοῖς
1726 747 1894 783 ἐμπαθεστέ-

1112 803 1169 830 ροις
1182 795 1198 829 ἡ
1216 795 1309 830 μνήμη
1326 795 1360 822 τὰ
1369 795 1513 830 τραύματα
1525 804 1532 811 ·
1547 795 1591 825 διὰ
1606 794 1693 823 ταῦτα
1704 794 1836 830 ὁχρυσδς,
1849 793 1894 821 καὶ

1112 838 1182 874 ὑπὲρ
1194 838 1296 866 τούτων
1308 840 1322 865 ὁ
1334 839 1464 875 ἄργυρος,
1479 839 1522 866 ἵνα
1531 838 1566 866 τὰ
1577 838 1689 866 τοιαῦτα
1700 838 1894 875 παρασκευάσῃ

277 902 362 928 nimia
385 907 464 928 usum
485 897 712 934 praetermittens,
731 889 959 928 quemadmodum
984 889 1062 914 ornet

1116 884 1161 919 τῆς
1175 884 1278 920 τρυφῆς
1290 885 1470 920 δελεάσματα.

277 946 389 980 quidem
407 951 454 971 eas
468 929 528 977 qua:
556 942 678 969 musicas
702 938 867 965 meditemur
887 931 1052 962 cantilenas,
1073 931 1099 956 et
1118 935 1172 963 quo
1189 929 1297 956 ornabit
1313 931 1376 956 alluit
1386 934 1412 956 tu
1431 930 1630 964 pocillatrices,
1651 934 1715 958 sunt
1733 930 1788 956 haec
1806 930 1895 965 potius

278 991 391 1019 tacenda
404 1010 411 1022 ,
429 994 456 1017 et
472 990 505 1016 ad
523 989 580 1015 haec
597 984 777 1014 describenda
796 990 850 1009 non
871 984 914 1008 est
932 977 1057 1006 oratione
1075 975 1278 1010 prouedendum
1310 977 1408 1008 altius,
1423 986 1456 1005 ne
1477 986 1524 1012 per
1537 978 1607 1005 hanc
1639 978 1893 1013 reprehensionem,

279 1039 313 1066 iis
329 1038 375 1073 qui
397 1040 459 1065 sunt
482 1035 564 1071 paulo
586 1033 673 1068 magis
696 1029 808 1059 obnoxii
831 1026 992 1056 alTectibus,
1019 1022 1131 1051 vulnera
1156 1022 1266 1051 refricct
1287 1025 1428 1052 memoria.
1452 1024 1565 1060 Propter
1588 1025 1646 1053 haec
1668 1030 1709 1053 est
1733 1033 1847 1058 aurmu,
1869 1031 1895 1054 et

279 1093 328 1120 pro
344 1084 387 1111 his
403 1087 444 1110 est
461 1070 618 1117 argentum,
637 1083 666 1106 ut
683 1079 732 1105 has
747 1079 824 1112 paret
841 1081 918 1102 escas
935 1070 1104 1099 deliciarum.

315 1130 384 1157 Num
402 1130 453 1156 hac
467 1128 500 1156 de
513 1135 596 1154 causa
615 1133 675 1161 qlne
691 1128 775 1152 estex
785 1123 927 1156 voluptate
943 1118 1061 1148 alTectio,

280 1182 394 1210 serpens
410 1174 570 1200 nominatur
594 1178 608 1197 a
628 1170 780 1204 Scriptura,
791 1167 872 1201 cujus
888 1166 946 1192 huic
959 1168 1002 1191 est
1013 1170 1062 1190 na-

280 1226 353 1252 tura,
370 1224 399 1246 ut
416 1219 439 1246 si
452 1222 536 1253 caput
555 1217 651 1245 subeat
668 1215 740 1242 nutri
762 1219 938 1248 compagem,
954 1210 1063 1237 univer-

280 1274 326 1293 sus
351 1265 397 1300 qui
411 1272 482 1299 pone
495 1267 538 1291 est
554 1265 660 1290 tractus
680 1260 760 1288 simul
776 1257 955 1293 ingrediatur.
979 1253 1061 1288 Ejus-

281 1311 355 1338 modi
369 1315 409 1337 est
423 1308 496 1344 quod
510 1309 573 1336 dico
585 1306 678 1334 :Facit
695 1309 796 1332 natura
811 1302 885 1330 utsit
899 1300 1055 1327 hominibus

281 1356 441 1384 necessaria
459 1353 613 1386 habitatio;
630 1351 677 1379 sed
692 1358 740 1386 per
751 1351 826 1376 hunc
839 1355 918 1375 nsum
934 1346 1063 1379 voluptas

282 1401 395 1428 subiens
409 1407 458 1434 per
473 1398 570 1425 anima:
587 1402 761 1432 compagem,
777 1393 915 1420 convertit
939 1397 1019 1418 usum
1035 1389 1064 1415 in

282 1445 428 1482 quamdam
448 1443 656 1471 immoderatam
670 1446 696 1467 et
707 1443 898 1474 sumptuosam
912 1441 1063 1463 ornamen-

282 1478 374 1518 tbrum
406 1487 654 1523 magniﬁcentiam,
680 1489 707 1513 et
739 1483 862 1511 traduxit
886 1480 1010 1509 studium
1029 1478 1062 1505 ad

282 1536 407 1571 quaedam
424 1535 514 1561 vineta
537 1537 563 1560 et
581 1531 714 1567 piscinas,
737 1535 764 1558 et
780 1529 888 1558 hortos,
913 1532 940 1554 et
965 1526 1063 1552 horto-

283 1568 344 1610 rum
362 1583 535 1608 ornamenta.
551 1578 694 1612 Tanquam
719 1583 838 1610 serpens
856 1572 963 1607 adrepit
986 1570 1064 1598 volu-
1078 1568 1099 1596 C

284 1632 358 1663 ptas,
380 1629 475 1662 postea
492 1629 584 1651 autem
595 1622 724 1658 superbia
745 1621 772 1648 in
785 1620 914 1647 verticem
935 1616 1065 1651 assurgit,

284 1673 495 1708 arrogantiaque
520 1674 547 1697 et
569 1668 640 1696 fastu
678 1665 912 1696 circumvolvitur,
935 1663 1067 1690 adversus

284 1727 334 1747 eos
345 1719 391 1753 qui
409 1721 473 1745 sunt
488 1715 610 1750 ejusdem
634 1713 743 1749 generis
758 1711 811 1740 sibi
827 1710 1000 1744 subjungens
1019 1709 1067 1735 im-

286 1765 402 1800 perium.
436 1762 501 1789 Post
522 1762 579 1788 haec
593 1766 686 1787 secum
709 1757 822 1785 attrahit
838 1760 958 1783 tractum
984 1762 1068 1788 pecu-

285 1811 338 1838 niae
347 1808 519 1844 cupiditatis,
553 1813 634 1841 quam
647 1803 806 1833 necessario
820 1802 945 1837 sequitur
968 1801 1068 1827 intem-

289 1855 427 1892 perantia,
445 1861 505 1888 qum
521 1856 563 1880 est
582 1852 678 1879 ultima
695 1855 721 1877 et
732 1849 826 1877 cauda:
843 1849 930 1875 instar
938 1847 1068 1874 obtinens

287 1909 351 1937 pars
367 1900 482 1927 feritatis
497 1906 556 1933 qua:
568 1902 610 1925 est
625 1905 657 1925 ex
672 1895 823 1930 voluptate.
841 1893 894 1920 Sed
910 1900 967 1928 quo
985 1892 1066 1918 modo

286 1955 342 1974 non
357 1949 447 1980 potest
462 1951 577 1978 serpens
601 1941 704 1968 attrahi
728 1941 762 1967 ab
776 1944 900 1967 extrema
920 1942 997 1973 parte
1013 1937 1069 1971 spi-

287 2000 329 2020 na:
346 1991 421 2018 dorsi
433 1997 531 2024 nempe
550 1996 565 2016 a
594 1987 693 2019 cauda,
717 1993 780 2013 cum
807 1991 928 2020 squamae
950 1987 1068 2010 natura-

287 2038 350 2064 liter
363 2040 460 2063 contra
479 2035 615 2062 resistant
644 2033 679 2061 iis
697 2032 745 2067 qui
778 2031 938 2058 attrahunt:
955 2030 996 2056 ira
1015 2036 1070 2055 non

288 2084 353 2111 licvt
365 2083 398 2110 ab
415 2083 511 2109 ultimo
527 2081 650 2115 incipere
665 2078 803 2114 expellere
814 2085 847 2105 ex
868 2077 962 2104 anima
989 2075 1071 2102 ulcus

288 2129 447 2163 voluptatis,
475 2127 529 2155 nisi
554 2126 626 2153 malo
653 2125 772 2160 primum
791 2123 950 2158 ingressum
985 2121 1069 2148 inter-

288 2174 415 2203 cluseris.
440 2172 625 2206 Quamobrem
652 2168 809 2205 caputeius
823 2168 972 2196 observare
993 2166 1071 2201 jubet

1152 1116 1186 1142 "H
1202 1117 1296 1144 τούτου
1310 1118 1399 1152 χάριν,
1419 1118 1450 1144 τὸ
1463 1117 1531 1144 κατὰ
1549 1118 1598 1154 τὴν
1619 1118 1713 1153 ἡδονὴν
1728 1118 1821 1150 πάθος,
1835 1119 1895 1153 bet;

1115 1162 1167 1189 ὑπὸ
1180 1164 1230 1198 τῆς
1247 1164 1357 1199 Γραφῆς
1371 1164 1543 1199 ὀνομάζεται,
1599 1165 1615 1200 ἡ
1639 1165 1717 1199 φύσις
1734 1166 1816 1194 ἐστὶν,
1839 1166 1862 1191 εί
1879 1166 1895 1201 ἡ

1115 1208 1219 1244 κεφαλὴ
1244 1210 1312 1244 πρὸς
1335 1210 1384 1245 τὴν
1400 1210 1532 1245 ἁρμονίαν
1553 1210 1600 1236 τοῦ
1620 1211 1708 1245 τοίχου
1734 1210 1894 1246 παραδυείη.

1115 1253 1203 1281 πάντα
1214 1253 1259 1280 τὺν
1271 1255 1386 1282 κατόπιν
1393 1255 1470 1282 ὁλκὸν
1481 1255 1695 1290 συνεισάγεσθαι.
1708 1253 1770 1282 Οἶόν
1780 1265 1805 1282 τι
1815 1256 1895 1290 λέγων

1121 1300 1285 1334 Ἀναγκαίαν
1311 1301 1402 1333 αὐτοῖς
1427 1301 1581 1337 ἀνθρώποις
1605 1303 1676 1328 ποιεῖ
1703 1303 1719 1337 ἡ
1744 1302 1823 1336 φύσις
1849 1302 1897 1337 τὴν

1115 1345 1221 1381 οἴκησιν
1239 1355 1245 1361 ·
1270 1346 1337 1373 ἀλλὰ
1360 1347 1403 1374 διὰ
1425 1348 1474 1383 τῆς
1493 1348 1585 1383 χρείας
1601 1348 1717 1383 ταύτης,
1734 1349 1750 1383 ὴ
1767 1348 1848 1383 ἡδονὴ
1864 1350 1897 1384 τῇ

1119 1393 1237 1429 ἁρμονίᾳ
1247 1393 1295 1426 τῆς
1308 1393 1397 1430 ψυχῆς
1410 1394 1575 1429 παραδυεῖσα
1585 1395 1624 1426 εἰς
1640 1389 1757 1429 ἄμετρόν
1769 1403 1827 1421 τινα
1839 1394 1900 1420 καλ-

1115 1438 1256 1474 λωπισμοῦ
1274 1439 1457 1472 πολυτέλειαν,
1474 1440 1523 1476 τὴν
1539 1440 1634 1476 χρείαν
1655 1440 1833 1475 παρέτρεψεν,
1852 1440 1900 1467 καὶ

1116 1483 1166 1518 τὴν
1186 1484 1303 1519 σπουδὴν
1325 1485 1501 1519 μετεποίησεν
1522 1494 1528 1502 ”
1559 1483 1618 1512 εἷτα
1648 1485 1714 1520 πρὸς
1738 1484 1900 1520 ἀμπελῶνάς

1117 1538 1202 1561 τινας,
1218 1530 1263 1556 καὶ
1278 1530 1469 1566 κολυμῦήθρας
1484 1532 1531 1558 καὶ
1547 1531 1725 1566 παραδείσους
1740 1532 1786 1558 καὶ
1801 1532 1834 1558 τὰ
1846 1532 1900 1558 τῶν

1119 1576 1214 1610 κήπων
1224 1576 1481 1616 ὲγκαλλωπίσματα,
1494 1576 1624 1612 μεθέρπει
1636 1576 1666 1603 τό
1678 1576 1769 1612 θηρίον
1780 1578 1796 1612 ἡ
1807 1576 1899 1612 ἡδονή.

1117 1622 1191 1648 Μετὰ
1208 1622 1294 1651 ταῦτα
1314 1622 1522 1658 ἐπικορυφοῦται
1544 1624 1578 1658 τῇ
1599 1622 1779 1658 ὑπερηφανίᾳ,
1799 1623 1846 1649 καὶ
1863 1622 1901 1658 τῷ

1117 1668 1193 1703 τύφῳ
1208 1668 1417 1703 περιελίσσεται,
1431 1669 1480 1704 τὴν
1499 1669 1567 1698 κατά
1587 1669 1641 1695 τῶν
1657 1669 1800 1704 ὁμοφύλων
1814 1668 1901 1704 ἀρχὴν

1119 1715 1200 1750 ἑαυτῇ
1222 1714 1402 1746 ὑποζεύξασα.
1437 1715 1499 1741 Ἐπὶ
1518 1714 1622 1746 τούτοις
1640 1715 1685 1741 τδν
1704 1714 1754 1749 τῆς
1772 1714 1901 1750 φιλοχρη-

1120 1761 1218 1796 ματίας
1232 1761 1309 1787 ὁλκὸν
1325 1760 1494 1796 ὲπισὺρεται,
1509 1757 1531 1794 ᾧ
1544 1760 1614 1788 κατὰ
1626 1761 1748 1795 ἀνάγκην
1765 1760 1859 1786 ἕπεται
1872 1759 1902 1785 τδ

1118 1806 1281 1836 ἀκόλαστον,
1308 1806 1337 1832 τὸ
1356 1806 1467 1840 ἔσχατόν
1491 1814 1521 1832 τε
1545 1806 1592 1832 καὶ
1615 1805 1722 1840 οὐραῖον
1749 1806 1830 1840 μέρος
1852 1805 1903 1839 τῆς

1119 1852 1188 1878 κατὰ
1199 1851 1247 1886 τὴν
1264 1851 1358 1886 ἡδονὴν
1372 1850 1538 1886 θηριώσεως,
1561 1850 1630 1877 Ἀλλ’
1650 1850 1744 1886 ὥσπερ
1764 1851 1813 1876 οὐκ
1831 1849 1903 1876 ἔστιν

1119 1897 1151 1923 ἐκ
1164 1896 1210 1923 τοῦ
1230 1896 1338 1931 οὐραίου
1359 1896 1408 1931 τῆς
1426 1896 1522 1931 ῥαχίας
1546 1896 1590 1922 τὴν
1613 1896 1673 1930 ὅφιν
1695 1895 1903 1930 ἀνελκυσθῆναι,

1120 1942 1240 1976 φυσικῶς
1257 1942 1305 1976 τῆς
1323 1941 1427 1976 φολίδος
1445 1942 1513 1977 πρὸς
1529 1942 1559 1968 τὸ
1585 1942 1701 1976 ἔμπαλιν
1716 1942 1771 1972 τοῖς
1792 1941 1904 1975 ἐφελκο-

1122 1989 1212 2023 μένοις
1227 1987 1431 2022 ἁντιὸαινούσης
1440 1997 1446 2005 ν
1465 1987 1550 2017 οὕτως
1562 1988 1610 2014 οὐκ
1621 1987 1692 2014 ἔστιν
1703 1988 1734 2014 ὲκ
1745 1987 1798 2013 τῶν
1813 1989 1905 2014 τελευ-

1119 2034 1202 2061 ταίων
1219 2033 1351 2069 ἄρξασθαι
1368 2034 1416 2068 τῆς
1429 2033 1517 2068 ψυχῆς
1531 2033 1672 2065 ὲξοικίζειν
1685 2034 1734 2069 τὴν
1747 2033 1796 2068 τῆς
1808 2034 1905 2068 ἡδονῆς

1120 2079 1265 2114 ὲρπηὸόνα,
1287 2079 1311 2105 εἰ
1336 2079 1373 2114 μή
1395 2088 1436 2110 τις
1452 2079 1490 2114 τῷ
1509 2079 1585 2114 κακῷ
1606 2079 1656 2113 τὴν
1675 2078 1786 2114 πρώτην
1803 2078 1905 2104 εἴσοδον

1120 2125 1300 2152 ἀποκλείσειε.
1319 2124 1364 2150 Διὸ
1381 2124 1428 2151 καὶ
1444 2124 1492 2160 τὴν
1507 2123 1626 2159 κεφαλὴν
1636 2123 1718 2150 αὑτοῦ
1735 2124 1874 2159 ἐπιτηρεῖν
1891 2124 1906 2150 ό

1121 2171 1170 2205 τῆς
1188 2170 1289 2206 ἀρετῆς
1308 2170 1449 2206 ὑφηγητὴς
1470 2170 1652 2204 ὲγκελεὺεται,
1670 2170 1789 2205 κεφαλὴν
1807 2170 1906 2205 ὀνομα-

290 2225 440 2256 prasceptor
454 2218 576 2249 virtutis.
604 2216 713 2244 initium
727 2215 786 2242 vitii
803 2218 883 2249 caput
909 2213 1065 2244 nominans,

1123 2217 1176 2249 ζων
1192 2217 1241 2252 τὴν
1258 2217 1344 2253 ἀρχὴν
1365 2217 1414 2251 τῆς
1433 2216 1545 2248 κακίας,
1565 2213 1599 2252 ἧς
1617 2217 1653 2252 μὴ
1678 2215 1905 2251 παραδεχοείσης,

288 2275 343 2302 quo
357 2274 412 2294 non
429 2265 562 2296 admisso,
578 2264 604 2291 id
617 2262 690 2298 quod
702 2265 850 2292 restat,est
866 2260 974 2286 irritum
990 2263 1015 2285 et
1028 2258 1070 2285 in-

288 2313 394 2340 ellicax.
413 2311 466 2344 Qui
493 2312 565 2338 enim
584 2309 696 2337 omnino
723 2313 765 2336 est
788 2307 883 2334 hostili
915 2310 942 2333 et
969 2305 1070 2332 infesto

289 2359 381 2385 animo
397 2357 529 2384 adversus
548 2356 728 2389 voluptatem.
754 2361 808 2380 non
830 2352 996 2386 subjicietur
1013 2351 1071 2377 sin—

288 2403 432 2438 gularibus
451 2401 511 2428 vitii
527 2400 689 2428 insultibus.
712 2399 763 2431 Qui
778 2402 867 2425 autem
885 2398 945 2424 vitii
961 2397 1070 2423 initium

289 2447 412 2476 admisit.
424 2451 509 2474 totam
521 2447 547 2473 in
563 2454 593 2473 se
608 2445 689 2473 simul
707 2445 818 2472 admisit
832 2443 960 2470 bestiam.
974 2443 1072 2475 Quam-

289 2494 383 2520 obrem
399 2501 460 2520 cum
473 2493 564 2518 omnia
583 2496 657 2519 esset
679 2494 852 2526 persecutus,
868 2489 914 2523 qui
934 2488 1071 2521 ejusmodi

289 2539 356 2566 vitia
372 2538 530 2573 proferebat
556 2538 583 2564 in
601 2538 752 2572 publicum,
777 2537 803 2562 in
820 2542 954 2562 summam
981 2534 1071 2560 locum

290 2585 400 2619 redigit.
431 2584 498 2611 Nam
513 2592 574 2611 cum
598 2584 714 2610 dixisset
732 2583 766 2608 ab
783 2582 876 2613 initio,
900 2581 1072 2615 Magniticavi

289 2637 358 2664 opus
380 2638 481 2662 memn,
503 2630 669 2656 nuncetiam
694 2628 865 2662 singulorum
889 2635 948 2661 qua:
964 2627 1073 2654 accide-

290 2679 354 2700 runt
379 2674 578 2708 expositionem
600 2672 760 2706 snbjungit.
778 2671 968 2703 Magnificatus
997 2680 1071 2702 sum,

289 2717 389 2752 inquit,
399 2717 550 2744 ostendens
569 2717 640 2752 quod
660 2724 713 2743 non
738 2723 786 2750 per
800 2717 925 2750 (praedam
942 2724 1025 2750 parva
1047 2717 1071 2743 ci

289 2763 491 2789 contrariorum
506 2763 612 2790 exstitit
629 2762 827 2796 cognitio:scd
841 2763 877 2788 ita
894 2767 923 2788 ut
941 2762 974 2789 ad
993 2770 1070 2790 sum-

289 2817 359 2835 mam
371 2809 585 2842 magnitudiunm
598 2809 621 2835 ei
633 2808 796 2842 processerit
806 2808 986 2841 experientia.
1003 2809 1072 2834 adeo

293 2862 321 2881 ut
333 2854 408 2881 nulla
423 2855 553 2882 similium
570 2854 700 2881 memoria
716 2861 764 2887 par
779 2853 812 2880 sit
827 2854 852 2879 in
872 2854 904 2879 iis
918 2855 962 2888 qui
981 2854 1069 2888 ipsum

1122 2261 1259 2297 ἄπρακτόν
1274 2263 1330 2288 ἐστι
1352 2261 1382 2288 τὸ
1400 2261 1567 2295 λειπόμενον.
1591 2261 1620 2287 '0
1636 2261 1690 2296 γὰρ
1704 2261 1818 2287 καθόλου
1838 2260 1906 2295 πρὸς

1121 2307 1169 2342 τὴν
1182 2307 1278 2342 ἡδονὴν
1293 2307 1428 2342 πολεμίως
1444 2307 1610 2342 προστεθεὶς,
1626 2307 1675 2333 οὐκ
1696 2306 1729 2333 ἂν
1749 2307 1808 2338 ταῖς
1829 2315 1907 2341 μερι-

1121 2354 1183 2384 καῐς
1200 2353 1361 2388 προσϐολαῖς
1378 2352 1424 2379 τοῦ
1444 2352 1545 2384 πάθους
1569 2352 1728 2386 ὑπενεχθείη
1740 2361 1747 2368 ·
1773 2352 1787 2377 ό
1811 2352 1840 2378 δὲ
1858 2352 1907 2386 τὴν

1122 2399 1208 2435 ἀρχὴν
1234 2399 1280 2425 τοῦ
1299 2398 1400 2430 πάθους
1415 2399 1622 2434 ὑποδεξάμενος,
1645 2399 1716 2425 ἅπαν
1729 2399 1757 2424 ὲν
1773 2397 1862 2432 ἐαυτῷ
1879 2398 1910 2424 1'0

1123 2444 1216 2480 θηρίον
1233 2444 1462 2480 συμπαρεδέξατο.
1478 2444 1526 2470 Διὰ
1539 2445 1617 2471 τοῦτο
1637 2444 1724 2471 πάντα
1737 2443 1879 2476 διεξελθὼν
1895 2445 1910 2470 ὁ

1123 2493 1157 2518 τὰ
1171 2492 1281 2519 τοιαῦτα
1295 2492 1462 2527 δημοσιεύων
1474 2492 1557 2526 πάθη,
1576 2492 1621 2518 ἐπὶ
1636 2491 1773 2524 κεφαλαίῳ
1786 2490 1910 2524 ἀναλαμ-

1123 2538 1198 2564 ϐάνει
1212 2537 1255 2564 τὸν
1273 2537 1360 2571 λόγον.
1373 2537 1463 2563 Εἰπὼν
1476 2537 1530 2572 γὰρ
1542 2537 1571 2568 ἐξ
1583 2536 1669 2571 ἀρχῆς
1680 2537 1720 2562 ὃτι
1738 2535 1910 2570 Ἑμεγάλυνα.

1124 2583 1229 2618 ποίημά
1242 2592 1306 2618 μου·
1325 2584 1370 2610 καὶ
1383 2584 1429 2610 νῦν
1445 2584 1542 2618 ἐπάγει
1559 2583 1607 2619 τὴν
1623 2584 1668 2609 ἐπὶ
1685 2583 1784 2618 μέρους
1800 2582 1910 2609 ἔκθεσιν

1123 2628 1176 2656 τῶν
1193 2629 1351 2662 γεγονότων,
1373 2629 1413 2655 ὅτι
1434 2628 1635 2664 Ἐμεγαλὺνθην
1653 2636 1659 2642 ·
1688 2628 1794 2659 δεικνὺς
1811 2628 1850 2654 ’ότι
1877 2628 1909 2654 οὐ

1122 2673 1165 2700 διὰ
1191 2673 1295 2709 μικρῶν
1320 2682 1399 2700 τινων
1421 2674 1532 2707 γέγονεν
1564 2673 1638 2708 αὺτῷ
1660 2673 1714 2700 τῶν
1740 2673 1870 2700 ἐναντίων
1891 2673 1909 2708 ἡ

1122 2719 1222 2753 γνῶσις
1233 2728 1240 2734 '
1256 2719 1313 2746 ἁλλ’
1328 2719 1364 2751 ὡς
1381 2721 1419 2751 εὶς
1431 2719 1460 2745 τὸ
1477 2719 1624 2755 ἀκρότατον
1640 2719 1751 2754 μέγεοος
1768 2719 1910 2754 προελθεῖν

1122 2765 1171 2799 τὴν
1188 2766 1296 2800 πεῖραν,
1319 2764 1356 2795 ὼς
1381 2764 1513 2800 μηδεμίαν
1535 2764 1589 2790 τῶν
1609 2765 1708 2799 ὁμοίων
1731 2765 1851 2799 μνήμην,
1879 2765 1910 2789 ἐν

1122 2810 1178 2840 τοῖς
1202 2809 1254 2843 πρὸ
1277 2808 1360 2835 αὐτοῦ
1383 2810 1575 2843 γεγενημένοις
1597 2809 1626 2836 τὸ
1652 2809 1706 2836 ἴσον
1730 2810 1812 2844 ἔχειν.
1840 2810 1910 2843 Φησὶ

1123 2855 1188 2889 γὰρ,
1201 2854 1241 2880 ὅτι
1261 2863 1270 2879 ι
1291 2854 1501 2889 Ἑμεγιὶύνθην,
1519 2865 1527 2880 ι
1553 2855 1599 2881 καὶ
1616 2855 1776 2890 προσέθηκε,
1805 2865 1812 2880 ι
1832 2855 1911 2889 Παρὰ
