1989 3070
115 120 158 146 677

629 123 660 149 ΙΝ
681 122 948 151 l-ICCLHSMSTI'IN.
966 122 1105 150 liOMlLIA
1126 123 1159 149 ιν

1673 125 1724 153 673

115 179 208 209 πάντας
220 179 281 210 τοὺς
297 181 458 215 γενομένους
473 181 627 217 ἔμπροσθέν
642 191 691 218 μου
707 183 736 209 ὲν
760 183 890 219 Ἰερουσα-

944 186 1155 218 praecesserunt.
1179 181 1250 210 Dicit
1267 182 1362 210 enim:
1385 183 1596 219 «Magnificatus
1622 191 1693 214 sum.
1711 195 1723 212 ι

114 224 186 259 λὴμ,ι
198 225 244 251 καὶ
254 225 313 251 ὅτου
323 225 402 260 χάριν
419 227 628 261 προπαιδευθεὶς
645 229 718 264 πάσῃ
733 229 812 264 σοφίᾳ
823 229 889 264 πρὸς

113 270 157 305 τὴν
171 270 223 296 τῶν
249 272 376 298 τοιούτων
392 272 508 308 κατῆλθε
526 274 639 308 πεῖραν,
657 273 703 300 νῦν
722 274 768 300 τὸν
791 274 890 300 σκοπὸν

115 314 264 349 ἑξεκάλυψε.
290 325 298 341 ι
314 316 398 351 Σοφία
414 318 467 352 γάρ
493 327 556 353 μου,
572 319 664 353 φησὶν,
682 318 782 353 ἐστάθη
807 327 861 353 μοι.
877 328 886 344 ›

114 360 235 395 Σημαίνει
249 361 277 388 δὲ
292 361 335 388 διὰ
355 362 409 389 τῶν
432 363 592 398 εἰρημένων,
613 363 654 389 ὅτι
669 363 716 390 Διὰ
731 365 778 398 τῆς
795 364 890 397 σοφίας

112 406 330 442 ἀνηρευνησάμην
353 409 443 435 πᾶσαν
463 409 665 444 ἀπολαυστικὴν
687 409 819 441 ἐπίνοιαν,
844 410 890 436 καὶ

113 451 162 478 ἔστι
176 460 226 487 μου
239 453 255 487 ἡ
272 452 376 480 διάνοια
391 454 436 480 ἐπὶ
449 454 495 481 τοῦ
510 455 660 490 ἀκροτάτου
676 455 729 481 τῶν
742 456 771 481 ὲν
787 455 890 487 τούτοις

111 498 316 533 εὑρισκομένων.
333 500 370 527 Ἦ
383 508 411 527 τε
434 499 495 535 ὄψις
516 502 548 536 τῇ
573 501 704 536 ἐπιθυμίᾳ
727 501 889 536 συνήργησε,

112 543 181 578 καὶὴ
205 543 363 580 προαίρεσις
385 545 429 572 διὰ
450 546 500 580 τῆς
524 546 579 573 τῶν
603 547 690 581 θῴεων
715 547 811 582 ἡδονῆς
837 547 891 573 τῶν

112 589 280 624 καταθυμίων
297 590 447 626 ὲνεφορήθη
458 599 466 606 ο
486 591 524 623 ὡς
540 592 621 628 μηδὲν
634 592 823 628 ἐπιλειφθῆναι
838 593 891 620 τῶν

112 634 146 665 εις
160 634 308 662 ἀπόλαυσιν
322 636 522 672 ὲπινοουμένων
531 645 538 653 ·
564 637 631 664 ἀλλά
642 647 688 673 μοι
700 637 827 671 γενέσθαι
843 647 891 672 με-

112 679 165 714 ρίδα
181 680 302 715 κτήσεως
318 681 367 716 τὴν
379 682 433 708 τῶν
448 682 507 709 καθ’
518 682 616 718 ἡδονὴν
634 684 778 718 μετουσίαν
791 692 798 700 ·
821 684 890 719 ὅπερ

110 725 179 753 οὐδὲν
198 725 261 752 ἄλλο
285 727 427 761 σημαίνειν
442 736 486 762 μοι
502 728 636 762 φαίνεται,
653 729 669 764 ἢ
686 730 727 756 ὅτι
745 729 890 765 Περιέσχον

110 771 136 797 ἐν
150 771 258 806 ὲμαυτῷ
273 773 361 799 πᾶσαν
385 773 587 809 ἀπολαυστικὴν
609 774 742 807 ἐπίνοιαν,
764 772 819 802 οἷον
837 775 890 802 ἀπό

109 824 174 847 τινος
193 817 332 852 κτήματος
355 818 404 854 τὴν
423 818 592 854 εὐφροσύνην
605 819 658 846 ἀπὸ
672 820 725 847 τῶν
741 820 888 856 γινομένων

108 863 305 898 καρπούμενος.

941 234 967 257 et
982 229 1105 263 adjecit:
1125 238 1134 254 ι
1147 228 1247 256 Praeter
1269 236 1364 257 omnes
1392 231 1439 264 qui
1468 230 1579 257 fuerunt
1595 235 1658 259 ante
1680 239 1724 259 me

941 273 967 300 in
981 273 1181 304 Hierusalem,»
1200 277 1226 299 et
1244 280 1363 307 quanam
1379 273 1412 301 de
1425 281 1508 301 causa
1530 275 1607 308 prius
1629 275 1724 302 erudi-

939 323 984 346 tus
996 319 1069 345 omni
1088 319 1233 353 sapientia,
1246 319 1395 346 accesserit
1409 319 1442 346 ad
1458 319 1612 346 faciemlum
1629 327 1723 347 earum

939 372 1030 391 rerum
1046 364 1210 399 periculum,
1227 364 1383 391 institutum
1395 369 1422 391 et
1436 372 1550 399 scopum
1569 372 1642 391 nunc
1656 373 1722 400 ape-

922 410 1005 437 'ruit.
1024 419 1032 435 ι
1046 409 1187 445 Sapientia
1207 410 1280 437 enim
1302 418 1361 437 mea
1389 410 1479 437 astitit
1502 410 1580 438 mihi.
1596 420 1606 437 ι
1631 410 1725 445 Signi-

941 456 1100 483 ttcatautem
1112 463 1161 491 per
1179 463 1209 483 ea
1224 464 1285 491 qua:
1305 456 1378 483 dicta
1392 459 1466 488 sunt,
1488 455 1559 490 quod
1578 455 1725 492 [nvestiga-

939 500 965 527 vi
993 500 1128 535 quidquid
1157 508 1205 534 per
1223 500 1385 535 sapientiam
1404 499 1438 527 ad
1466 500 1609 527 fruendum
1636 503 1725 534 potest

939 546 1103 580 excogitari,
1132 550 1160 572 et
1186 553 1245 573 mea
1263 550 1389 573 versatur
1404 546 1535 580 cogitatio
1560 546 1586 572 in
1613 553 1722 572 summo

939 598 1034 619 eorum
1069 599 1129 626 qua:
1149 591 1177 618 in
1201 591 1244 618 his
1266 591 1455 618 inveniuntur.
1481 591 1577 625 itaque
1599 595 1626 618 et
1649 591 1726 618 visus

940 644 1018 672 opem
1050 637 1112 664 tulit
1134 637 1291 672 cupiditati,
1314 642 1341 665 et
1367 637 1482 664 liberum
1512 637 1655 664 arbitrium
1679 644 1726 672 per

940 683 1107 717 voluptatem
1125 690 1220 710 eorum
1244 690 1304 718 quae
1325 687 1490 714 cernuntur,
1502 683 1642 719 'repletum
1674 683 1726 710 fuit

940 727 975 755 iis
987 735 1047 762 quae
1058 728 1266 762 crantjucunda
1281 733 1308 756 et
1328 729 1499 756 delcctabilia
1516 738 1524 756 :
1553 730 1622 756 adeo
1639 733 1669 756 ut
1687 729 1726 756 ni-

940 773 980 800 hil
1009 777 1082 801 esset
1109 773 1243 808 reliquum
1270 781 1303 801 ex
1331 774 1364 801 iis
1385 781 1446 808 qua:
1474 775 1663 810 excogitantur
1691 774 1726 801 ad

941 817 1097 850 fruendum,
1119 818 1167 844 sed
1191 826 1255 853 pars
1275 820 1460 853 possessionis
1481 823 1555 846 esset
1573 820 1637 846 mihi
1664 827 1726 854 par-

903 859 1062 898 Bticipatio
1099 871 1196 891 eorum
1222 872 1282 899 qua:
1310 868 1436 899 spectant
1466 865 1500 892 ad
1533 865 1724 899 voluptatem:

108 909 174 944 quod
197 908 307 943 quidem
326 907 396 935 nihil
410 908 486 936 aliud
503 909 611 936 videtur
635 909 700 937 mihi
735 909 902 944 signiﬁcare,
923 915 1006 943 quam
1037 908 1068 936 In
1091 909 1197 943 meipso
1212 909 1410 944 comprehendi
1425 909 1559 944 quidquid
1581 909 1616 936 ad
1639 909 1727 936 fruen-

108 957 167 984 dmn
184 959 273 990 potest
290 957 450 991 excogitari,
469 961 498 983 ut
513 961 640 991 tanquam
659 957 877 992 ex’possessione
897 957 988 991 aliqua
1003 963 1035 982 ex
1050 956 1083 982 iis
1096 964 1154 989 qum
1169 960 1229 983 orta
1253 961 1320 984 sunt
1351 958 1472 984 laetitiam
1510 958 1678 993 colligerem.

143 1013 152 1028 ι
165 1003 221 1029 Οὐκ
233 1001 396 1028 ἀπεκώλυσα
410 1002 463 1038 γὰρ
479 1004 526 1038 τὴν
542 1004 654 1039 καρδίαν
666 1013 715 1038 μου
730 1004 781 1030 ἀπὸ
797 1004 887 1034 πάσης

107 1048 270 1084 εὐφροσύνης
287 1056 292 1061 ·
321 1048 366 1074 καὶ
384 1049 400 1083 ἡ
423 1048 520 1083 καρδία
537 1057 587 1084 μου
605 1049 742 1084 εὐφράνθη
763 1050 791 1075 ἐν
807 1049 887 1075 παντὶΙ

109 1093 196 1129 μόχθῳ
212 1102 263 1128 μου
273 1101 280 1108 '
297 1092 343 1119 καὶ
357 1092 434 1119 τοῦτο
448 1093 556 1126 ἐγένετο
572 1093 650 1129 μερίς
668 1102 718 1128 μου
733 1094 778 1120 ἐπὶ
790 1093 888 1125 παντὸς

108 1140 204 1174 μόχθου
220 1147 269 1174 μου
280 1147 286 1154 ·
306 1149 314 1164 ι
343 1139 439 1174 μερίδα
456 1139 506 1174 τὴν
526 1139 623 1174 κτῆσιν
637 1140 732 1174 λέγων.
755 1141 830 1166 Ἐπεὶ
842 1137 888 1167 οὖν

106 1186 224 1220 διεξῆλθε
236 1185 284 1220 τὴν
297 1185 341 1211 ἐπὶ
357 1185 455 1219 μέρους
470 1185 583 1220 τρυφὴν,
601 1186 647 1212 ἀπ’
661 1185 747 1220 ἀρχῆς
760 1186 799 1216 είς
814 1185 888 1216 τέλος

108 1230 272 1266 ἐπιδραμὼν,
298 1231 343 1257 καὶ
364 1231 451 1257 πάντα
474 1230 513 1265 τῷ
537 1230 608 1265 λόγῳ
631 1230 780 1263 διεξελθὼν,
797 1230 829 1256 δι’
851 1226 888 1256 ὧν

107 1278 160 1308 τοῖς
185 1276 364 1303 ἀπολαύουσιν
386 1277 414 1302 αἱ
436 1276 525 1311 ἡδοναὶ
549 1275 766 1311 συνεγείρονται,
787 1275 821 1302 τὰ
836 1275 888 1302 τῶν

107 1322 326 1358 οἰκοδομημάτων
337 1321 432 1356 κάλλη,
443 1322 504 1353 τοὺς
517 1321 691 1357 ἀμπελῶνας,
702 1322 763 1352 τοὺς
775 1323 888 1356 κήπους,

107 1368 156 1399 τὰς
168 1367 370 1403 κολυμΰήθρας,
387 1367 450 1398 τοὺς
477 1367 665 1402 παραδείσους,
685 1368 733 1401 τὴν
750 1366 821 1394 κατά
836 1367 888 1393 τῶν

108 1412 247 1446 ὁμοφύλων
260 1412 356 1447 ἀρχὴν,
371 1411 419 1447 τὴν
433 1411 485 1438 τῶν
503 1413 650 1447 χρημάτων
662 1411 829 1447 περισσείαν,
840 1412 889 1446 τὴν

107 1459 136 1484 ἐν
150 1460 205 1490 τοῖς
219 1459 378 1493 συμποσίοις
400 1458 467 1494 πρὸς
486 1458 534 1490 τὰς
551 1459 684 1494 θυμηδίας
702 1459 887 1494 παρασκευὴν,

106 1505 204 1535 πάντα,
232 1503 321 1536 καθὼς
343 1505 487 1540 ὀνομάζει,
511 1504 545 1531 τά
566 1505 771 1540 ὲντρυφήματα,
795 1505 823 1531 ἐν
849 1501 889 1536 οἷς

106 1549 281 1585 ἀπησχολήθη
293 1550 375 1576 αὑτοῦ
391 1551 407 1585 ἡ
423 1551 513 1584 σοφία,
527 1550 560 1576 τὰ
571 1550 681 1576 τοιαῦτα
692 1549 889 1584 διερευνωμὲνη

107 1595 153 1622 καὶ
177 1597 216 1626 εἰς
237 1596 356 1622 ἐπίνοιαν
381 1597 484 1630 ἄγουσα
497 1617 503 1627 ,
525 1593 562 1622 ὧν
579 1596 790 1624 ἀπολελαυκέναι
812 1595 888 1630 φησὶ,

106 1640 150 1667 διὰ
173 1641 261 1677 πάσης
288 1641 455 1676 αἰσθήσεως,
479 1641 533 1668 τῶν
552 1649 580 1668 τε
603 1641 748 1676 ὀφθαλμῶν
758 1641 802 1666 »τὰ
821 1640 888 1675 πρὸς
902 1649 923 1677 C

105 1685 457 1721 ἡδονὴνέὐρισκόντων,τῆς
466 1695 494 1712 τε
504 1686 590 1721 ψυχῆς
600 1685 712 1721 ἐχούσης
726 1687 779 1712 πᾶν
790 1686 819 1712 τὸ
830 1686 889 1711 κατ’

105 1729 252 1764 ἐπιθυμίαν
277 1731 429 1762 ἀκώλυτον,
454 1730 512 1756 τότε
537 1730 586 1764 τὴν
610 1729 720 1764 πρώτην
746 1729 889 1764 ὲρμηνεύει

106 1775 208 1810 φωνὴν,
221 1776 253 1810 ἣν
263 1776 292 1801 ἐν
304 1776 456 1812 προοιμίοις
470 1774 516 1801 τοῦ
528 1775 607 1808 λόγου
620 1775 774 1809 πεποίηται,
789 1775 890 1810 μάταια

104 1818 176 1846 εἶναι
190 1821 222 1847 τὰ
236 1821 323 1847 πάντα
336 1821 554 1856 ἀποφηνάμενος.
573 1820 641 1855 Φησὶ
654 1820 707 1855 γὰρ
724 1820 791 1856 πρὸς
803 1820 888 1848 ταῦτα

105 1865 225 1900 βλέπων,
249 1866 313 1900 περὶ
336 1866 384 1900 τῆς
409 1865 581 1900 ἀνθρωπίνης
596 1864 669 1899 ζωῆς
687 1865 888 1900 ἀποφήνασθαι,

103 1911 148 1937 ὅτι
163 1911 252 1937 πάντα
267 1910 413 1945 ματαιότης
430 1910 513 1941 ἐστὶν,
525 1909 636 1946 ὁσαῆτε
646 1909 769 1945 αἴσθησις
784 1909 887 1944 βλέπει,

103 1955 154 1982 καὶ
181 1956 256 1989 παρὰ
280 1955 333 1982 τῶν
361 1955 511 1990 ἀνθρώπων
539 1957 579 1987 εἰς
601 1955 769 1991 εὐφροσύνην
794 1957 888 1991 ἐπιτη-

102 2000 223 2029 δεύεται,

143 2055 153 2071 ι
181 2045 330 2080 Ἑπέῦλεψα
347 2046 400 2081 γὰρ
420 2047 448 2072 ἐν
466 2047 530 2072 πᾶσι
551 2048 606 2078 τοῖς
627 2046 758 2082 ποιήμασί
776 2055 836 2081 μου,
852 2042 892 2078 οἷς

102 2091 237 2125 ἐποίησαν
254 2092 282 2117 αἱ
305 2091 393 2127 χεῖρές
415 2100 474 2126 μου,
498 2092 543 2118 καὶ
559 2092 587 2118 ἐν
603 2092 682 2118 παντὶ
698 2091 788 2127 μόχθῳ
809 2100 857 2127 μου
870 2088 893 2125 ᾧ

101 2135 245 2170 ἔμὸχθησα
267 2137 316 2162 τοῦ
340 2138 434 2165 ποιεῖν,
450 2136 496 2162 καὶ
518 2136 570 2164 ἰδοὺ
586 2137 620 2163 τὰ
634 2136 722 2164 πάντα
734 2137 891 2172 ματαιότης,

101 2183 152 2209 καὶ
168 2182 325 2217 προαίρεσις
348 2181 510 2216 πνεύματος,
532 2182 577 2208 καὶ
597 2182 646 2208 οὐκ
669 2181 725 2208 ἐστι
750 2183 892 2217 περισσεία

100 2227 158 2254 ὑπὸ
173 2227 218 2254 τὸν
234 2227 317 2262 ἣλιον.
336 2237 345 2253 ι
361 2228 438 2253 Πᾶσα
452 2227 506 2262 γὰρ
521 2228 536 2262 ὴ
551 2228 605 2254 τῶν
617 2227 767 2263 αἰσθήσεων
780 2228 891 2263 δύναμίς

99 2282 133 2300 τε
153 2273 201 2300 καὶ
217 2273 350 2308 ἐνέργεια,
368 2273 428 2308 ερον
443 2273 498 2308 ἔχει
519 2273 567 2309 τὴν
581 2274 624 2307 ὑφ’
639 2273 706 2309 ήλίῳ
722 2273 806 2309 ζωήν·
822 2273 851 2300 τὺ
864 2274 892 2299 δὲ

99 2318 235 2344 ἐπέκεινα
253 2317 390 2352 διαϐῆναι.
414 2318 460 2344 καὶ
482 2318 536 2344 τῶν
558 2318 761 2353 ὑπερκειμένων
783 2318 891 2352 ἀγαθῶν

976 1001 1053 1028 «Νοη
1068 1002 1194 1036 prohibui
1209 1003 1281 1029 enim
1297 1010 1346 1030 cor
1358 1011 1448 1030 meum
1471 1003 1506 1030 ab
1523 1003 1598 1030 omni
1617 1003 1725 1034 laetitia,

938 1051 964 1075 ct
979 1055 1027 1075 cor
1046 1056 1135 1074 meum
1153 1049 1271 1074 lzctatum
1295 1052 1336 1075 est
1351 1049 1378 1075 in
1394 1049 1468 1075 omni
1488 1049 1581 1076 labore
1604 1056 1684 1075 meo:
1699 1054 1726 1075 et

937 1093 990 1120 hoc
1004 1092 1057 1120 fuit
1072 1101 1135 1127 pars
1150 1100 1208 1120 mea
1235 1093 1261 1119 in
1278 1094 1351 1120 omni
1379 1094 1472 1123 labore
1493 1101 1553 1120 meo
1570 1103 1576 1121 :
1592 1103 1600 1119 ι
1621 1098 1724 1128 partem

939 1138 1034 1165 dicens
1053 1138 1251 1172 posscsionem.
1275 1137 1424 1173 Postquam
1438 1146 1504 1172 ergo
1518 1138 1655 1165 recensuit
1673 1146 1719 1165 cas

938 1191 998 1218 qua:
1017 1187 1080 1210 sunt
1095 1183 1122 1209 in
1143 1188 1219 1218 parte
1233 1183 1442 1215 delectationes,
1455 1184 1489 1210 ab
1507 1183 1586 1211 initio
1601 1183 1635 1210 ad
1645 1183 1725 1210 tinent

939 1237 1027 1264 usque
1045 1237 1225 1264 persequens,
1246 1233 1272 1256 ct
1287 1229 1411 1256 oratione
1421 1229 1513 1256 omnia
1527 1229 1724 1263 complectens,

939 1282 986 1309 per
998 1282 1078 1309 quem
1096 1275 1128 1302 ab
1142 1275 1176 1302 iis
1189 1276 1234 1310 qui
1253 1275 1391 1307 fruuntur,
1415 1274 1584 1310 colliguntur
1597 1275 1725 1309 volupta-

944 1325 995 1352 tes,
1020 1320 1198 1355 aediﬁciorum
1226 1319 1470 1354 pulchritudinem,
1493 1319 1594 1350 vincta,
1619 1319 1724 1350 hortos,

939 1367 1070 1402 piscinas,
1093 1367 1225 1402 pomaria,
1250 1366 1395 1402 imperium
1419 1365 1445 1392 in
1462 1373 1512 1392 eos
1530 1365 1576 1400 qui
1602 1368 1666 1391 sttnt
1682 1365 1725 1392 sui

939 1410 1058 1445 generis,
1074 1410 1197 1444 pecunia:
1214 1414 1240 1437 et
1257 1409 1415 1436 facultatum
1434 1409 1551 1444 copiam,
1565 1413 1726 1444 apparatum

939 1455 967 1482 in
980 1455 1114 1482 conviviis
1126 1455 1160 1482 ad
1174 1464 1206 1482 ea
1223 1463 1284 1490 quae
1303 1459 1366 1483 sunt
1380 1455 1514 1489 jucunda,
1529 1463 1636 1488 omnes,
1655 1456 1727 1482 sicut

940 1500 998 1535 ipse
1010 1500 1143 1532 nominat,
1158 1500 1283 1533 delicias,
1305 1501 1332 1528 in
1353 1501 1453 1535 quibus
1469 1504 1577 1528 versata
1596 1500 1647 1527 fuit
1664 1500 1725 1535 ejus

940 1545 1085 1580 sapientia,
1099 1553 1130 1573 ea
1146 1551 1323 1580 perscrutans
1344 1549 1370 1572 ct
1382 1546 1552 1581 exeogitans,
1576 1553 1609 1573 ex
1627 1546 1727 1581 quibus

941 1598 989 1625 per
1006 1598 1115 1617 omnem
1136 1599 1246 1618 sensum
1263 1590 1372 1618 dicitse
1392 1592 1534 1626 accepisse
1545 1592 1725 1626 voluptatem,

939 1640 966 1662 et
976 1636 1062 1663 oculis
1073 1644 1103 1663 ea
1119 1637 1320 1664 invenientibus
1333 1644 1393 1671 qua:
1407 1635 1512 1663 faciunt
1526 1637 1559 1664 'ad
1569 1637 1727 1665 delectatio-

943 1689 1015 1713 nem,
1041 1686 1067 1709 et
1082 1682 1201 1709 habente
1217 1682 1308 1709 anima
1326 1682 1431 1716 absque
1442 1682 1630 1716 prohibitione
1646 1683 1727 1719 quid-

942 1726 1007 1762 quid
1024 1727 1314 1762 concupiscilur,tunc
1331 1727 1528 1762 interpretatur
1549 1728 1665 1763 primam
1679 1736 1726 1755 v0-

943 1779 1012 1804 cem,
1029 1779 1082 1807 qua
1108 1781 1174 1799 usus
1197 1777 1239 1800 est
1256 1773 1292 1799 in’
1305 1773 1419 1800 exordio
1443 1773 1516 1805 libri,
1530 1774 1643 1808 quando
1656 1775 1726 1801 dixit

942 1825 1012 1844 vana
1029 1826 1090 1846 esse
1103 1818 1205 1844 omnia.
1228 1818 1298 1845 Dicit
1318 1819 1391 1845 enim
1409 1819 1441 1846 ad
1466 1819 1524 1846 haec
1547 1820 1670 1851 intuens,
1696 1827 1726 1847 sc

941 1863 975 1890 de
988 1864 1107 1890 humana
1131 1864 1185 1890 vita
1210 1864 1414 1898 pronuntiasse,
1435 1865 1528 1892 omnia
1545 1873 1604 1892 esse
1619 1865 1725 1892 vanita-

942 1913 1007 1940 tem,
1029 1913 1055 1936 οι
1073 1917 1133 1944 quze
1149 1917 1248 1937 sensus
1264 1910 1374 1945 aspicit,
1394 1914 1422 1937 et
1437 1918 1498 1945 qua:
1514 1911 1548 1938 ab
1562 1911 1722 1938 hominibus

941 1959 1104 1982 exercentur
1123 1955 1156 1982 ad
1175 1955 1307 1984 laetitiam.

979 2044 1021 2071 Η.
1059 2044 1193 2079 «Aspexi,
1209 2054 1219 2070 ι
1242 2045 1341 2080 inquit,
1359 2054 1367 2070 ι
1381 2044 1409 2072 in
1438 2045 1567 2073 omnibus
1592 2045 1722 2080 operibus

943 2090 1022 2122 meis,
1036 2098 1097 2124 qua:
1112 2090 1236 2118 fecerunt
1251 2099 1347 2119 manus
1360 2099 1436 2122 meae.
1451 2096 1478 2118 et
1495 2092 1523 2118 in
1538 2092 1609 2118 omni
1621 2091 1725 2123 labore,

943 2143 1022 2170 quem
1037 2136 1157 2163 laboravi
1175 2141 1204 2163 ut
1218 2137 1345 2169 facerem,
1370 2142 1397 2164 et
1409 2145 1474 2164 ecce
1489 2137 1580 2164 omnia
1604 2137 1723 2169 vanitas.

942 2184 968 2207 et
978 2180 1131 2208 voluntaria
1145 2181 1253 2208 aﬂ'ectio
1269 2182 1394 2216 spiritus,
1417 2186 1443 2210 et
1459 2191 1512 2209 non
1526 2186 1568 2210 est
1593 2183 1644 2210 sub
1665 2184 1724 2211 sole

943 2225 1138 2253 redundantia.
1152 2237 1161 2253 ι
1176 2226 1272 2254 Omnis
1288 2228 1360 2254 enim
1382 2235 1512 2255 sensuum
1531 2228 1572 2255 vis
1586 2231 1614 2255 et
1627 2236 1725 2263 opera-

943 2271 981 2297 lio
996 2279 1075 2298 suum
1088 2272 1168 2299 habet
1181 2273 1342 2305 terminum,
1354 2273 1435 2299 vitam
1454 2281 1514 2308 quae
1529 2277 1571 2300 est
1583 2273 1634 2300 sub
1648 2274 1723 2302 sole:

943 2316 1060 2343 ulterius
1074 2321 1163 2344 autem
1188 2319 1316 2349 transire,
1343 2321 1369 2345 et
1387 2326 1447 2351 qua:
1467 2326 1549 2353 supra
1572 2322 1636 2345 sunt
1655 2319 1726 2346 bona

99 2364 131 2389 ὲν
147 2362 270 2398 περινοίᾳ
283 2362 417 2396 γενέσθαι,
435 2364 450 2397 ἡ
468 2363 611 2398 αἰσθητικὴ
627 2363 706 2397 φύσις
719 2363 749 2389 οὐ
767 2363 887 2390 δύναται.

941 2362 1108 2396 cogitatione
1119 2363 1276 2397 complecti,
1294 2371 1348 2390 non
1367 2367 1459 2397 potest
1472 2363 1595 2391 sentiens
1615 2366 1724 2391 natura.

98 2408 199 2434 Ταῦτα
219 2405 265 2434 οὖν
287 2408 372 2434 πάντα
396 2408 441 2434 καὶ
459 2408 492 2434 τὰ
511 2408 621 2435 τοιαῦτα
643 2407 890 2443 κατασκεψάμενος,

97 2452 227 2478 παιδεύει
241 2451 286 2477 τὸν
302 2451 367 2486 βίον,
382 2451 411 2478 τὸ
426 2452 493 2487 πρὸς
510 2452 591 2487 μηδὲν
606 2452 659 2478 τῶν
675 2449 724 2478 ὦδε
740 2451 890 2486 θαυμαστι-

97 2496 160 2527 κῶς
177 2495 350 2526 διατίθεσθαι,
370 2496 491 2528 πλοῦτον,
508 2497 669 2532 φιλοτιμίαν,
688 2497 735 2531 τὴν
753 2497 821 2523 κατὰ
836 2496 890 2523 τῶν

97 2541 269 2576 ὑποχειρίων
283 2541 378 2577 ἀρχὴν,
389 2541 535 2577 θυμηδείας
544 2551 573 2569 τε
581 2543 627 2569 καὶ
639 2543 754 2577 τρυφάς.
766 2544 811 2569 καὶ
823 2552 891 2577 συμ-

95 2587 197 2617 πόσια,
213 2587 259 2613 καὶ
273 2586 299 2612 εί
315 2595 342 2612 τι
361 2587 424 2613 ἄλλο
445 2587 498 2613 τῶν
520 2588 617 2622 τιμίων
634 2586 701 2613 εἶναι
720 2588 887 2623 νενόμισται·

94 2632 161 2659 ἀλλ’
174 2633 241 2668 όρᾷν
258 2633 298 2658 ὅτι
312 2632 341 2658 ἓν
356 2632 431 2662 τέλος
451 2632 505 2658 τῶν
517 2632 643 2659 τοιούτων
657 2632 781 2659 ἁπάντων
804 2633 820 2668 ἡ
839 2641 890 2667 μα-

92 2678 216 2712 ταιότης
230 2677 312 2709 ἐστὶν,
328 2675 361 2713 ἧς
377 2677 520 2712 περισσεία
534 2678 573 2709 είς
593 2677 624 2703 τὸ
642 2677 739 2712 ἑφεξῆς
752 2678 800 2712 οὐχ
817 2678 890 2713 εὑρί-

94 2732 210 2751 σκεται.
229 2723 360 2758 Καθάπερ
374 2722 428 2758 γὰρ
443 2723 468 2748 οἱ
489 2722 549 2749 καθ’
563 2722 657 2753 ὓδατος
672 2723 830 2757 γράφοντες,
848 2724 890 2748 ὲν-

92 2768 217 2805 εργοῦσι
234 2768 282 2803 μὲν
295 2768 340 2795 διὰ
354 2768 403 2802 τῆς
415 2767 504 2802 χειρὸς
518 2768 566 2802 τὴν
579 2768 695 2803 γραφὴν,
712 2769 773 2800 τοὺς
790 2768 890 2800 τύπους

92 2815 157 2842 τῶν
173 2815 354 2850 χαρακτήρων
373 2815 400 2840 ὲν
418 2813 456 2848 τῷ
479 2813 554 2848 ὑγρῷ
570 2814 799 2848 ὲνδιαγρὰῳοντες,
817 2814 890 2848 μένει

942 2406 1011 2433 Cum
1030 2407 1087 2434 haac
1101 2415 1166 2443 ergo
1179 2409 1282 2440 omnia,
1301 2412 1329 2436 et
1343 2416 1405 2443 quae
1422 2413 1485 2436 sunt
1507 2408 1641 2442 ejusmodi
1661 2416 1727 2435 con-

942 2451 1104 2485 siderasset,
1117 2454 1201 2479 vitam
1220 2453 1323 2485 erudit,
1346 2457 1376 2480 ut
1395 2453 1463 2480 nihil
1486 2461 1581 2480 eorum
1600 2461 1661 2488 qua:
1681 2453 1726 2480 hic

941 2501 1017 2530 sunt,
1033 2498 1193 2531 admiretur,
1212 2507 1265 2526 non
1287 2506 1364 2533 opes,
1382 2506 1437 2525 non
1453 2498 1584 2529 honores,
1607 2506 1663 2524 non
1678 2498 1728 2525 im-

942 2542 1048 2575 perium
1065 2542 1091 2569 in
1105 2543 1256 2577 subjectos.
1277 2551 1332 2570 non
1347 2543 1455 2577 epulas,
1474 2542 1603 2569 convivia
1624 2545 1652 2569 et
1673 2543 1724 2569 dc-

943 2587 1032 2620 licias,
1050 2593 1077 2615 et
1093 2589 1115 2616 si
1132 2589 1198 2624 quid
1213 2589 1287 2616 aliud
1296 2589 1472 2617 existimatur
1482 2596 1544 2616 esse
1554 2588 1724 2623 pretiosum:

942 2633 990 2661 sed
1007 2634 1097 2661 videat
1113 2634 1186 2669 quod
1203 2634 1300 2662 horum
1312 2634 1434 2661 omnium
1449 2642 1521 2662 unus
1539 2634 1601 2660 linis
1618 2638 1660 2660 est
1676 2640 1726 2659 va-

942 2680 1025 2712 nitas,
1042 2679 1122 2713 cujus
1132 2680 1267 2714 reliquum
1279 2680 1409 2715 deinceps
1420 2687 1476 2707 non
1494 2679 1646 2706 invenitur.
1665 2677 1726 2710 Quo

944 2725 1025 2751 modo
1048 2725 1120 2751 enim
1140 2725 1186 2760 qui
1210 2725 1337 2752 scribunt
1361 2726 1388 2752 in
1411 2732 1492 2760 aqua.
1515 2731 1596 2750 manu
1613 2721 1725 2757 quidem

943 2769 1064 2795 cilicium
1088 2769 1273 2804 scripturam.
1301 2774 1382 2804 typos
1404 2769 1597 2795 characterum
1619 2765 1726 2793 descri—

944 2814 1039 2842 hentcs
1057 2815 1083 2842 in
1107 2816 1240 2849 humido;
1266 2824 1297 2843 ex
1313 2814 1524 2843 characteribus
1544 2816 1636 2840 autem
1655 2811 1724 2839 nihil
