1989 3070
259 125 312 154 (αἲξ)

857 128 885 156 S.
904 127 1066 156 GREGORII
1084 126 1242 155 NYSSENI‘

1830 127 1880 155 680

256 187 348 210 tnanct
362 183 390 210 in
406 182 492 218 ﬁgura
507 192 513 210 :
531 183 578 211 sed
594 184 734 212 scribendi
761 192 844 220 opera
860 189 903 212 est
927 189 1035 212 tantum

1100 185 1115 211 γὲ
1135 184 1190 211 τῶν
1212 183 1396 219 χαραγμάτων
1418 183 1492 210 οὒδέν
1521 182 1567 209 ἐπὶ
1595 182 1750 218 σχήματος*
1778 183 1836 210 ἀλλ’
1862 185 1878 219 ἡ

254 229 318 257 dum
336 228 485 256 scribitur:
498 236 611 256 manum
633 230 708 257 cnim
728 238 838 266 semper
859 230 985 266 sequitur
1008 237 1038 256 a-

255 282 315 308 qua!
330 274 504 309 superﬁcies,
522 274 548 302 id
563 275 636 309 quod
652 279 694 302 est
710 277 876 310 impressum
891 275 1015 309 levigans
1029 283 1035 299 ι

255 319 291 345 ita
309 326 392 346 omnc
407 319 528 347 studium
536 324 566 346 et
578 320 704 355 operatio
712 328 773 355 qua:
787 321 934 356 poniturin
944 320 1039 347 fruen-

254 365 289 392 da
302 365 454 399 voluptate,
469 369 584 400 apparet
610 366 637 393 in
655 366 690 394 iis
709 374 771 402 qua:
788 367 866 394 lium.
887 365 957 393 Nam
975 374 1037 393 cum

255 411 406 438 cessaverit
421 411 557 445 operatio,
573 411 682 439 deletur
696 412 780 439 etiam
798 420 898 440 sensus
911 412 1038 447 volupta-

255 457 302 488 tis,
318 464 406 492 neque
420 457 481 491 ejus
495 457 646 492 quidquam
660 459 780 494 amplius
802 458 973 490 reconditur.
991 465 1040 486 ne-

255 510 310 537 que
331 502 376 534 iis,
396 503 442 537 qui
467 503 609 536 laetantur,
636 509 760 532 remanet
788 505 873 531 ullum
893 504 1038 539 vestigium

256 551 303 574 aut
320 547 444 582 reliquiae
460 549 641 584 operationis,
667 557 730 585 quae
752 556 814 578 erat
834 558 868 578 ex
887 550 1038 584 voluptate.

257 592 315 620 Hoc
337 597 378 620 est
397 594 470 628 quod
497 595 634 629 signiﬁcat
652 595 679 623 id
704 595 779 631 quod
797 595 865 624 dicit
884 605 891 622 :
908 595 969 622 Non
998 599 1041 622 est

257 637 392 673 reliquum
405 638 456 665 sub
473 639 530 666 sole
547 639 580 667 iis
599 639 647 674 qui
666 640 694 668 in
711 640 747 668 iis
763 640 905 672 laborant,
920 648 1039 675 quorum

256 682 391 710 terminus
404 688 446 710 est
459 683 578 710 vanitas.
594 683 678 711 Extra
691 692 809 719 quaznos
819 692 931 720 quoque
940 684 1040 716 simus.

257 728 344 762 gratia
362 727 467 754 Domini
483 729 569 755 nostri
582 727 647 756 Jesu
664 728 779 762 ChristiI
791 730 835 757 cui
852 730 940 765 gloria
951 730 979 757 in
996 737 1043 758 sae-

257 772 319 799 cula
336 773 509 800 saeculorum.
526 774 624 801 Amen.

549 862 693 891 HOMILIA
713 863 746 890 V.

294 941 371 970 Nunc
386 950 501 978 magnus
519 944 572 970 dux
594 944 723 972 Ecclesia:
737 952 788 972 nos
802 945 919 980 mystice
929 944 1045 973 deducit

259 988 292 1015 ad
311 988 474 1023 disciplinas
488 989 674 1017 sublimiorcs.
688 989 756 1017 Nam
773 998 836 1017 cum
850 991 884 1018 iis
895 998 956 1026 quae
966 991 1044 1025 prius

259 1033 330 1060 dicta
346 1036 419 1065 sunt.
433 1037 544 1062 nostras
559 1039 702 1070 purgasset
722 1035 842 1067 animas,
864 1041 891 1063 et
909 1036 1045 1063 abduxis-

259 1083 302 1106 set
318 1079 352 1106 ab
371 1080 447 1106 omni
474 1080 624 1115 cupiditate
644 1089 705 1116 qua:
733 1081 894 1109 hominibus
920 1083 992 1109 inest
1011 1089 1046 1109 ex

259 1124 391 1156 vanitate,
404 1125 441 1152 ita
455 1124 564 1152 demum
586 1130 706 1154 mentem
731 1128 809 1154 ducit
827 1128 860 1155 ad
878 1128 1044 1160 veritatem,

260 1177 352 1196 rerum
368 1177 504 1197 vanarum
521 1171 626 1204 dolore,
655 1172 740 1199 veluti
758 1173 877 1207 quodam
901 1180 985 1200 onere
997 1181 1045 1200 ex-

259 1222 342 1242 cusso
359 1223 392 1242 ex
407 1215 539 1243 humeris.
558 1215 597 1243 Ita
611 1221 701 1244 autem
717 1221 848 1252 tanquam
872 1218 900 1245 in
918 1218 1046 1253 dogmate

260 1260 402 1287 erudiatur
428 1261 565 1293 Ecclesia,
592 1262 691 1289 edocta
719 1270 734 1289 a
759 1264 887 1297 praesenti
908 1264 1045 1298 doctrina,

260 1306 334 1340 quod
349 1306 421 1339 vitae,
434 1313 495 1341 quae
515 1314 549 1333 ex
565 1307 666 1335 virtute
689 1308 790 1342 agitur,
814 1312 855 1336 cst
880 1309 1046 1344 principium

261 1358 323 1378 esse
336 1355 414 1378 extra
430 1352 539 1378 vitium.
559 1351 674 1387 Magnus
691 1354 764 1380 enim
783 1354 865 1381 David
882 1356 908 1382 in
932 1356 1047 1390 psalmis

261 1396 408 1432 quamdam
427 1397 532 1425 faciens
548 1398 751 1426 institutionem
775 1400 839 1427 vitm
852 1401 970 1428 rationis
986 1405 1047 1436 quae

261 1450 330 1478 pure
344 1446 386 1469 est
403 1442 519 1477 agenda,
537 1451 591 1469 non
608 1443 706 1478 incipit
731 1454 744 1471 ιι
766 1445 937 1479 perfectione
949 1455 1046 1474 eorum

262 1491 399 1523 quesunt
415 1489 443 1514 in
461 1488 643 1515 beatitudine.
657 1488 716 1515 Non
733 1491 805 1516 enim
817 1491 888 1517 divit
908 1499 970 1519 eum
985 1500 1047 1521 esse

1087 229 1135 256 τοῦ
1149 229 1264 265 γράφειν
1288 229 1408 265 σπουδὴ,
1436 230 1464 256 ἐν
1496 229 1567 265 μόνῳ
1592 228 1631 263 τῷ
1653 229 1768 264 γράφειν
1794 229 1877 255 ἐστίν·

1091 275 1187 301 ἕπεται
1202 274 1257 310 γὰρ
1273 275 1316 301 ἀεὶ
1332 275 1363 310 τῇ
1388 273 1459 310 χειρὶ
1472 275 1488 309 ἡ
1503 273 1550 300 τοῦ
1567 273 1662 304 ὕδατος
1681 273 1835 307 ἐπιφάνεια,
1853 273 1884 299 τὸ

1091 319 1295 356 κεχαραγμένον
1316 320 1520 347 ὲπιλεαίνουσαο
1542 319 1628 350 οὕτως
1646 319 1749 353 πᾶσαή
1769 318 1884 345 ἀπολαυ-

1093 366 1171 402 στικὴ
1193 365 1294 401 σπουδὴ
1312 366 1358 392 καὶ
1378 365 1503 401 ἐνέργεια
1530 366 1586 396 τοῖς
1606 363 1758 399 γινομένοις
1773 364 1885 399 ἐμφανί-

1092 411 1178 442 ζεται.
1193 411 1378 446 Παυσαμένης
1391 410 1444 446 γὰρ
1456 410 1506 445 τῆς
1517 409 1667 444 ἐνεργείας.
1679 408 1823 445 ἐξηλείφθη
1839 409 1885 436 καὶ

1091 457 1107 491 ὴ
1131 456 1288 488 ἀπόλαυσις,
1312 456 1359 483 καὶ
1383 456 1459 483 οὐδὲν
1484 456 1524 487 εἰς
1541 455 1572 482 τὸ
1594 453 1694 490 ἑφεξῆς
1714 453 1884 489 ταμιεύεται,

1094 502 1155 528 οὐδὲ
1172 501 1323 536 ὑπελείφθη
1344 509 1370 527 τι
1386 501 1442 532 τοῖς
1460 500 1601 536 ἡδομένοις
1616 500 1687 535 ῐχνος
1707 499 1884 534 εὐφροσύνης,

1091 545 1109 580 ἣ
1130 545 1256 580 λείψανον
1271 545 1459 582 παρελθούσης
1475 545 1525 581 τῆς
1547 544 1619 572 κατὰ
1635 545 1684 580 τὴν
1700 544 1796 579 ἡδονὴν
1812 544 1886 578 ἐνερ-

1091 592 1180 626 γείας.
1196 591 1281 618 Τοῦτό
1295 591 1368 617 ἐστιν
1381 591 1395 617 ὃ
1409 589 1533 625 σημαίνει
1546 591 1559 617 ὀ
1575 590 1653 624 λόγος
1672 589 1764 621 εἰπὼν,
1783 589 1824 615 ὃτι
1837 589 1886 615 οὐκ

1093 638 1151 664 ἔστι
1167 636 1310 672 περισσεία
1324 635 1376 663 ὑπὸ
1397 636 1443 663 τὸν
1460 635 1536 671 ἥλιον
1549 636 1606 666 τοῖς
1620 635 1655 662 τὰ
1667 634 1779 661 τοιαῦτα
1791 633 1886 660 πονοῦ-

1094 691 1148 714 σιν,
1163 678 1200 709 ὧν
1221 682 1252 708 τὺ
1274 681 1373 717 τέρμα.
1398 681 1546 716 ματαιότης
1568 680 1657 707 ἐστίν·
1676 676 1714 707 ὧν
1739 680 1786 706 καὶ
1807 683 1886 714 ημεις

1094 728 1145 760 ἔξω
1156 726 1311 762 γενοίμεθα,
1327 726 1418 762 χάριτι
1435 726 1481 753 τοῦ
1503 726 1604 762 Κυρίου
1619 725 1695 761 ἡμῶν
1715 724 1802 760 Ἰησοῦ
1817 725 1885 761 Χρι-

1095 771 1169 804 στοῦ,
1182 769 1233 808 ᾧὴ
1253 772 1317 804 δόξα
1338 773 1385 800 καὶ
1404 771 1435 798 τὺ
1456 771 1556 807 κράτος
1577 771 1617 803 εἰς
1637 771 1701 803 τοὺς
1716 770 1816 802 αἰῶνας
1832 770 1885 796 τῶν

1095 818 1209 845 αἰώνων.
1231 818 1327 854 Ἀμήν.

1401 863 1521 889 OMlAlA
1542 861 1580 888 E'.

1131 943 1188 969 Νῦν
1202 943 1267 977 ἡμῖν
1283 941 1359 977 παρὰ
1372 941 1419 969 τοῦ
1439 941 1556 977 μεγάλου
1572 941 1622 976 τῆς
1644 941 1886 975 Ἐκκλησίαςκαθ-

1095 988 1238 1023 ηγεμόνος,
1258 988 1275 1022 ἡ
1298 987 1344 1014 ἐπὶ
1367 987 1401 1014 τὰ
1428 987 1580 1022 ὑψηλότερα
1595 986 1650 1014 τῶν
1666 986 1832 1021 μαθημάτων
1845 986 1886 1019 γί-

1096 1041 1170 1059 νεται
1194 1031 1381 1066 μυσταγωγία.
1398 1031 1577 1066 Προκαθήρας
1596 1030 1650 1066 γὰρ
1672 1029 1722 1061 τὰς
1739 1029 1827 1064 ψυχὰς
1844 1030 1886 1056 διὰ

1096 1073 1150 1105 τῶν
1164 1078 1351 1113 προλαϐόντων
1376 1078 1474 1111 λόγων,
1499 1078 1546 1104 καὶ
1565 1077 1655 1111 πάσης
1669 1077 1825 1111 ἀποστήσας
1838 1077 1887 1110 τῆς

1097 1119 1167 1146 κατὰ
1191 1119 1221 1145 τὸ
1243 1118 1356 1153 μάταιον
1379 1120 1434 1150 τοῖς
1456 1118 1608 1154 ἀνθρώποις
1630 1118 1806 1153 ἐγγινομένης
1827 1118 1887 1143 ἐπι-

1098 1165 1207 1200 θυμίας,
1220 1165 1290 1192 οὕτω
1309 1166 1439 1201 προσάγει
1455 1167 1487 1200 τῇ
1509 1164 1624 1200 ἀληθεία
1644 1164 1690 1190 τὸν
1706 1163 1777 1195 νοῦν,
1790 1161 1845 1190 οἷόν
1860 1172 1886 1189 τι

1098 1209 1206 1245 φορτίον
1226 1209 1255 1241 ἐξ
1278 1209 1360 1245 ὤμων
1382 1209 1431 1244 τὴν
1453 1209 1587 1245 ἀχθηδόνα
1607 1210 1660 1236 τῶν
1679 1208 1800 1244 ματαίων
1820 1209 1886 1235 ἀπο-

1099 1255 1266 1290 σεισάμενον.
1278 1254 1314 1281 Τὸ
1326 1255 1353 1281 δὲ
1364 1254 1492 1286 τοιοῦτον,
1507 1255 1544 1286 ὡς
1557 1255 1585 1280 ὲν
1596 1254 1709 1290 δόγματι
1720 1253 1888 1280 παιδευέσθω

1098 1299 1115 1333 ἠ
1130 1298 1286 1333 Ἐκκλησία,
1300 1298 1422 1333 μαθοῦσα
1434 1298 1478 1325 διὰ
1488 1296 1538 1333 τῆς
1552 1298 1693 1334 παρούσης
1704 1297 1886 1329 διδασκαλίας.

1098 1343 1138 1370 ὅτι
1159 1343 1228 1380 ἀρχὴ
1248 1343 1295 1370 τοῦ
1315 1345 1375 1370 κατ’
1390 1344 1489 1380 ἀρετὴν
1512 1343 1569 1378 βίου
1590 1345 1648 1370 ἐστὶ
1674 1344 1704 1370 τὸ
1719 1344 1770 1378 τῆς
1789 1344 1888 1374 κακίας

1098 1388 1176 1420 ἐκτὸς
1192 1389 1326 1422 γενέσθαι.
1341 1389 1395 1416 Καὶ
1410 1390 1464 1424 γὰρ
1478 1390 1491 1415 ὁ
1508 1389 1594 1424 μέγας
1611 1389 1691 1416 Δαϐὶδ
1708 1388 1889 1423 είσαγωγικόν

1099 1442 1159 1460 τινα
1178 1434 1245 1469 πρὸς
1265 1435 1313 1470 τὴν
1335 1435 1458 1470 καθαρὰν
1479 1435 1615 1462 πολιτείαν
1631 1435 1765 1470 ὑφήγησιν
1784 1435 1812 1460 ἐν
1829 1436 1887 1465 ταῖς

1100 1478 1269 1514 ψαλμῳδίαις
1281 1480 1450 1515 ποιούμενος,
1464 1481 1514 1506 οὐκ
1528 1480 1581 1507 ἀπὸ
1594 1481 1642 1515 τῆς
1655 1480 1820 1515 τελειότητος
1834 1480 1885 1506 τῶν

261 1535 384 1566 beatum,
399 1534 442 1560 cui
458 1533 549 1560 omnia
575 1538 649 1561 recte
670 1535 834 1568 succedunt,
861 1537 909 1571 qui
934 1538 1046 1564 assimi-

1101 1523 1181 1558 ἐντῷ
1207 1524 1373 1560 μακαρισμῷ
1399 1523 1593 1560 θεωρουμένων
1615 1524 1686 1559 λόγῳ
1703 1524 1825 1559 ἄρχεται.
1851 1525 1887 1549 Οὐ

262 1581 334 1608 latus
348 1584 391 1607 est
402 1579 485 1615 ligno,
501 1579 574 1614 quod
593 1580 743 1614 plantatum
760 1585 801 1608 est
817 1589 899 1609 secus
909 1582 1047 1611 decursus

262 1633 407 1660 aquarum,
434 1626 479 1660 qui
507 1629 637 1661 perpetuo
659 1626 759 1653 ﬂorens
786 1631 879 1654 manet
908 1629 934 1655 in
955 1629 1047 1661 bonis,

262 1671 308 1706 qui
323 1671 492 1706 temporibus
514 1671 741 1699 convenientibus
761 1672 867 1700 fructus
888 1674 950 1700 vita:
971 1675 1048 1701 colli-

262 1718 332 1754 git“
351 1727 357 1745 :
375 1719 422 1745 sed
436 1718 615 1746 beatitudinis
634 1719 799 1754 principium
814 1720 958 1747 constituit
971 1720 1047 1748 desi-

263 1773 328 1793 nere
338 1773 352 1792 a
365 1766 486 1798 malis",
502 1770 596 1801 utpote
608 1766 679 1801 quod
692 1774 746 1793 non
758 1767 810 1793 alia
820 1768 928 1794 ratione
946 1768 1047 1795 bonum

262 1819 324 1839 esse
340 1812 493 1846 contingat,
509 1813 672 1846 priusquam
685 1812 746 1838 vitii
762 1812 859 1840 sordes
883 1814 994 1841 eluerit.
1009 1814 1047 1841 [ta

263 1864 330 1892 ergo
345 1858 372 1884 in
391 1857 478 1892 signis
491 1865 602 1893 quoque
623 1858 669 1885 hic
693 1858 878 1887 Ecclesiastes
893 1867 963 1887 vana
990 1861 1050 1895 pri-

264 1909 339 1928 mum
356 1901 446 1929 aufert
459 1903 561 1934 verbis,
583 1907 611 1929 ut
624 1903 764 1938 quomodo
788 1903 814 1930 in
837 1912 952 1939 corpore
971 1905 1051 1933 labo-

263 1950 343 1974 rante
358 1954 389 1973 ea
405 1954 458 1980 qua
480 1955 530 1981 par
542 1952 584 1974 est
607 1955 674 1974 cura
695 1954 847 1983 expurgato
871 1950 977 1981 morbo.
999 1958 1050 1978 sua

266 1995 365 2026 sponte
379 1991 568 2019 adestbonum
583 1993 722 2020 sanitatis.
742 1995 891 2028 Propterea
900 1996 1049 2024 vanitatem

265 2041 308 2065 est
319 2037 444 2064 oratione
458 2042 619 2071 persecutus
635 2059 642 2070 ,
671 2039 769 2066 dicens
786 2047 899 2067 sensum
919 2049 972 2068 non
989 2050 1051 2070 esse

266 2086 354 2109 tutum
365 2082 428 2109 boni
436 2087 462 2109 ct
471 2083 705 2117 lienestijudicem
716 2093 723 2111 ς
733 2084 850 2118 subjecit
858 2086 946 2113 oculis
957 2094 988 2113 ea
997 2095 1050 2114 non

266 2135 346 2162 posse
372 2128 534 2158 consistere,
552 2136 670 2163 quorum
694 2129 786 2156 studio
808 2133 943 2158 tenemur.
965 2132 1051 2168 Sepa-

266 2173 337 2199 ravit
352 2177 474 2199 nostram
496 2173 656 2207 cupiditatis
680 2173 850 2202 affectionem
875 2183 890 2202 a
910 2177 1050 2212 voluptate
1067 2185 1089 2212 ι)

266 2217 390 2252 corporis
404 2226 410 2243 :
426 2222 453 2244 et
470 2217 506 2244 ita
528 2219 649 2245 ostendit
666 2219 692 2246 id
713 2220 785 2254 quod
806 2229 869 2248 vere
883 2225 925 2249 est
947 2223 1050 2258 eligen-

266 2261 343 2294 dum,
364 2262 437 2297 quod
465 2271 528 2290 vere
554 2265 734 2298 expetendum
758 2273 790 2292 ac
815 2266 1051 2296 desiderantium:

268 2307 347 2341 cujus
362 2307 481 2334 studium
498 2315 541 2335 res
567 2313 608 2335 est
619 2308 711 2336 eﬂicax
737 2313 764 2336 et
787 2310 857 2338 bene
884 2312 1050 2344 consistens,

269 2361 376 2388 semper
390 2362 552 2389 permanens
566 2355 636 2390 apud
650 2363 698 2383 eos
713 2356 760 2391 qui
782 2357 870 2391 ipsutn
887 2363 1049 2393 sequuntur,

269 2403 425 2433 separatum
444 2407 460 2426 a
480 2399 610 2427 vanitatis
623 2401 698 2428 omni
712 2402 889 2436 cogitatione.

303 2473 370 2500 CAP.
386 2481 416 2505 ιι,
439 2482 466 2500 v.
483 2474 525 2502 12.
544 2489 579 2494 —
599 2475 752 2510 «Aspexi,»
771 2476 870 2511 inquit,
893 2486 902 2503 ι
916 2481 945 2504 ιιι
973 2478 1050 2506 vide-

270 2525 328 2546 rem
349 2519 548 2554 sapientiam.»
569 2519 606 2547 Ut
628 2525 718 2548 autem
737 2527 866 2550 accurate
887 2523 1007 2551 viderem
1024 2524 1052 2551 id

270 2564 343 2598 quod
360 2564 540 2599 desideratur,
564 2566 619 2594 vidi
636 2567 713 2602 prius
727 2571 754 2594 et
782 2568 928 2594 amentiam
945 2573 972 2596 et
986 2570 1054 2596 insi-

271 2610 413 2645 pientiam.
439 2610 506 2638 Nam
539 2619 572 2638 ex
605 2612 808 2646 comparatione
834 2620 895 2640 cum
921 2621 953 2641 eo
980 2615 1052 2649 quod

271 2656 440 2688 adversatur,
468 2657 623 2683 accuratior
646 2661 688 2684 est
721 2658 917 2692 contemplatio
945 2667 1053 2691 eorum,

270 2709 386 2736 quorum
399 2706 526 2729 tenemur
536 2702 636 2729 studio.
650 2701 818 2737 Sapientiam
831 2708 920 2732 autem
931 2707 1054 2733 nominat

270 2747 352 2774 etiam
375 2747 532 2778 consilium.
559 2747 650 2775 [licens
669 2757 676 2775 ε
696 2758 704 2773 ‹
728 2748 796 2782 Quis
818 2755 858 2776 est
883 2750 975 2782 homo,
1003 2752 1048 2786 qui

308 2835 330 2852 ⁷⁸
349 2836 420 2864 Psal.
439 2845 458 2870 ι,
480 2837 496 2864 5
513 2846 574 2873 sqq.
609 2838 632 2853 τ’
653 2837 725 2866 Psal.
756 2847 852 2872 χχχιιι,
875 2840 914 2868 lii.

1099 1569 1152 1604 γὰρ
1165 1569 1240 1596 εἶπεν
1254 1570 1282 1595 ἐν
1298 1569 1415 1605 πρώτοις
1439 1569 1607 1604 μακαριστὸν
1627 1567 1695 1595 εἶναι
1713 1569 1759 1595 τὸν
1777 1569 1805 1594 ὲν
1822 1569 1887 1594 πᾶσι

1099 1615 1243 1641 κατευοδοὺ
1248 1624 1337 1650 μενον,
1350 1615 1394 1642 τὸν
1409 1615 1582 1651 ὡμοιωμένον
1592 1615 1629 1651 τῷ
1640 1616 1719 1651 ξύλῳ,
1729 1616 1774 1642 τὸν
1790 1617 1818 1641 ἐν
1829 1616 1888 1647 ταῖς

1099 1660 1224 1692 διεξόδοις
1245 1660 1299 1686 τῶν
1325 1661 1429 1687 ὑδάτων
1446 1661 1638 1697 ὲρριζωμένον,
1661 1662 1707 1688 τὸν
1729 1661 1841 1696 ἀειθαλῆ
1860 1662 1890 1687 ὲν

1099 1705 1153 1736 τοῖς
1171 1704 1282 1738 ἀγαθοῖς
1300 1705 1469 1741 διαμένοντα,
1486 1706 1531 1733 τὸν
1548 1707 1576 1733 ὲν
1593 1708 1648 1739 τοῖς
1663 1707 1814 1742 καθήκουσι
1827 1706 1890 1741 χρό-

1099 1757 1155 1780 νοις
1176 1749 1230 1775 τῶν
1250 1750 1364 1786 καρπῶν
1384 1751 1430 1777 τοῦ
1451 1751 1509 1786 βίον
1533 1752 1713 1787 δρεπόμενον·
1730 1753 1786 1779 ἀλλ’
1804 1752 1891 1788 ἀρχὴν

1102 1795 1276 1830 μακαρισμοῦ
1290 1796 1338 1831 τὴν
1351 1796 1501 1823 ἀπόστασιν
1513 1797 1567 1823 τῶν
1578 1797 1669 1824 κακῶν
1684 1794 1840 1833 ἐποιήσατο,
1853 1797 1891 1829 ὡς

1100 1839 1149 1865 οὒκ
1171 1840 1353 1874 ἐνδεχόμενον,
1376 1841 1434 1867 ἀλλ’
1455 1841 1555 1876 ἀγαθὸν
1578 1842 1714 1876 γενέσθαι,
1736 1843 1800 1878 πρὶν
1821 1843 1890 1868 ἁποσ

1101 1885 1250 1912 κλύσασθαι
1265 1887 1314 1921 τῆς
1333 1887 1431 1918 κακίας
1448 1887 1492 1914 τὸν
1505 1887 1599 1923 ῥύπον.
1620 1887 1699 1915 Οὕτω
1713 1889 1801 1915 τοίνυν
1818 1888 1864 1914 καὶ
1877 1888 1891 1913 ό

1101 1930 1183 1962 πολὺς
1211 1928 1287 1962 οὗτος
1306 1932 1520 1968 Ἐκκλησιαστὴς
1548 1933 1689 1968 ὑπεξαίρει
1714 1934 1820 1968 πρῶτον
1852 1933 1890 1967 τῷ

1101 1974 1171 2010 λόγῳ
1184 1975 1217 2002 τὰ
1234 1975 1343 2010 μάταια,
1361 1977 1404 2003 ἵνα
1418 1976 1543 2010 καθάπερ
1565 1978 1612 2004 ἐπὶ
1627 1977 1751 2013 σώματος
1771 1978 1891 2013 κάμνον-

1101 2028 1145 2051 τος
1160 2020 1191 2047 τὸ
1209 2020 1310 2054 ἀγαθὸν
1326 2022 1375 2056 τῆς
1395 2021 1488 2056 ὑγείας
1506 2023 1653 2056 ἐγγίνεται.
1673 2023 1720 2050 Διὰ
1734 2023 1813 2050 τοῦτο
1826 2031 1892 2050 κατ-

1102 2064 1202 2099 έδραμε
1215 2065 1336 2101 τῷλόγῳ
1346 2066 1392 2102 τῆς
1406 2068 1583 2103 ματαιότητος
1598 2068 1690 2099 εἰπὼν,
1704 2069 1753 2095 οὐκ
1772 2069 1891 2103 ἀσφαλὲς

1101 2110 1148 2136 τοῦ
1172 2109 1253 2136 καλοῦ
1272 2112 1413 2147 κριτήριον
1439 2110 1509 2139 εἶναι
1534 2114 1583 2148 τὴν
1609 2113 1743 2148 αἴσθησιν,
1764 2114 1810 2140 ὑπ’
1830 2114 1891 2148 ὄψιν

1103 2155 1189 2190 ἤγαγε
1213 2156 1241 2182 τὸ
1268 2157 1296 2183 ὲν
1309 2158 1365 2188 τοῖς
1379 2158 1603 2193 σπουδαζομένοις
1620 2159 1801 2195 ἀνύπαρκτον,
1823 2158 1891 2194 ἐχώ-

1106 2208 1164 2235 ρισε
1177 2200 1225 2235 τὴν
1248 2201 1446 2238 ἐπιθυμητικὴν
1462 2203 1540 2238 ἡμῶν
1557 2204 1677 2231 διάθεσιν
1695 2205 1744 2240 τῆς
1772 2214 1892 2240 σωματι-

1106 2245 1154 2278 κῆς
1181 2244 1366 2277 ἀπολαύσεως.
1392 2247 1439 2273 καὶ
1463 2247 1549 2280 οὕτως
1571 2249 1737 2276 ὑποδεικνύει
1757 2249 1787 2275 τὸ
1807 2249 1892 2280 ὅντως

1106 2289 1223 2324 αἱρετὸν,
1246 2290 1276 2316 τὸ
1296 2291 1402 2326 ἀληθῶς
1422 2293 1598 2329 ἐπιθυμητὸν,
1614 2291 1644 2321 οὗ
1660 2295 1676 2330 ἡ
1691 2295 1804 2330 σπουδὴ,
1821 2295 1893 2330 πρᾶ-

1105 2335 1163 2370 γμά
1177 2335 1250 2362 ἐστιν
1261 2337 1371 2372 ἐνεργόν
1384 2346 1413 2363 τε
1429 2338 1476 2364 καὶ
1490 2339 1679 2371 ἐνυπόστατον,
1695 2340 1734 2371 είς
1746 2340 1790 2366 ἀεὶ
1804 2348 1895 2375 παρα-

1107 2379 1186 2414 μένον
1209 2382 1264 2413 τοῐς
1291 2382 1421 2417 μετιοῦσι,
1444 2383 1534 2418 πάσης
1559 2385 1610 2420 τῆς
1630 2385 1700 2411 κατὰ
1721 2384 1752 2411 τὸ
1777 2385 1895 2419 μάταιον

1108 2424 1211 2455 ἑννοίας
1224 2427 1434 2461 κεχωρισμένον.

1141 2481 1212 2515 Κεφ.
1226 2481 1258 2516 β’,
1274 2482 1343 2518 στίχ.
1360 2484 1402 2518 ιβ’.
1413 2499 1448 2505 -
1464 2494 1473 2509 ι
1492 2484 1611 2519 Ἐὃλεψα
1630 2486 1684 2520 γὰρ
1702 2485 1767 2519 ἐγὼ,
1787 2495 1797 2512 ι
1814 2486 1895 2520 φησὶ.

1109 2534 1119 2551 ‹
1139 2526 1184 2552 τοῦ
1211 2527 1275 2554 [δεῖν
1294 2528 1398 2562 σοφίαν.
1420 2539 1430 2555 ι
1450 2530 1493 2561 Ὡς
1514 2530 1537 2568 δ’
1554 2531 1586 2557 ἂν
1613 2530 1734 2566 ἀκριϐῶς
1759 2530 1841 2565 ἴδοιμι
1864 2531 1897 2556 τὸ

1107 2571 1282 2606 ποθούμενον,
1300 2571 1368 2600 εἶδον
1387 2575 1519 2611 πρότερον
1542 2577 1589 2602 καὶ
1607 2576 1656 2612 τὴν
1675 2576 1826 2612 περιφορὰν
1847 2575 1897 2602 καὶ

1106 2617 1155 2652 τὴν
1169 2618 1333 2653 ἀφροσύνην.
1357 2620 1405 2646 Ἐκ
1423 2621 1477 2656 γὰρ
1501 2621 1550 2656 τῆς
1564 2622 1632 2657 πρὸς
1654 2622 1685 2649 τὸ
1709 2622 1898 2656 ἀντικείμενον

1106 2663 1282 2698 παραθέσεως
1293 2665 1474 2702 ἀκριϐεστέρα
1487 2667 1590 2701 γίνεται
1603 2668 1657 2694 τῶν
1670 2667 1898 2702 σπουδαζομένων

1105 2709 1122 2743 ἡ
1138 2708 1247 2743 θεωρία.
1264 2710 1352 2745 Τὴνδὲ
1361 2711 1456 2745 σοφίαν
1468 2712 1514 2738 καὶ
1531 2712 1627 2748 βουλὴν
1644 2713 1779 2748 ὀνομάζει.
1792 2712 1895 2746 λέγων.

1104 2754 1144 2780 ὅτι
1165 2763 1173 2779 ι
1197 2755 1244 2785 Τίς
1268 2755 1409 2792 ἄνθρωπος
1436 2757 1508 2789 ὅστις
1535 2758 1707 2787 ἐπελεύσεται
1730 2759 1818 2786 ὀπίσω
1843 2757 1896 2792 τὲ,;
