1989 3070
109 82 155 112 681

644 73 678 102 IN
697 69 964 102 ECCLESIASTEN.
983 67 1126 97 llOMlLlA
1145 68 1177 95 ν.

1669 65 1723 95 ῦιῖἓ

110 137 214 173 βουλῆς,
229 123 263 163 τὰ
279 135 327 161 ὅσα
339 134 465 168 ἐποίησεν
477 133 546 168 αὕτη
557 145 564 168 ;
577 143 586 159 ι
604 132 726 159 Διδάσκει
744 130 831 157 τοίνυν
851 128 892 160 τίς

954 127 1112 163 ngredietur
1126 129 1188 162 post
1212 125 1368 157 consilium,
1382 132 1414 153 ea
1437 132 1606 160 quaecunque
1632 126 1722 161 ipsum

108 180 209 214 ἐστινὴ
225 178 380 213 ἀνθρωπίνη
402 177 492 212 σοφία,
513 178 553 204 ὅτι
575 177 604 204 τδ
626 175 841 210 ἐπακολουθῆσαι
858 174 891 208 τῇ

109 226 190 256 δντως
206 223 296 259 σοφίᾳ,
312 224 345 259 ἢν
360 224 406 250 καὶ
423 223 519 259 βουλὴν
531 222 666 258 ὀνομάζει,
685 221 826 256 ποιητικὴν
839 220 893 247 τῶν

110 270 215 305 ἀληθῶς
228 269 312 297 ὄντων
323 278 353 295 τε
370 269 417 297 καὶ
437 268 608 304 ὑφεστώτων,
621 268 667 295 καὶ
688 267 724 303 μὴ
739 268 772 293 ὲν·
782 266 894 301 ματαιό-

110 326 169 352 τητι
186 315 388 352 θεωρουμένων.
409 314 494 342 Τοῦτο
515 314 565 349 τῆς
588 313 760 349 ἀνθρωπίνης
775 311 832 338 ἐστὶ
849 319 893 337 σο-

110 363 172 397 φίας
193 362 223 388 τὸ
245 361 402 395 κεφάλαιον·
429 362 445 396 ὴ
469 360 497 386 δὲ
521 360 604 391 ὅντως
626 358 705 393 σοφία
728 357 776 384 καὶ
802 356 892 391 βουλὴ,

109 410 183 436 οὐδὲν
196 409 269 441 ἄλλο,
285 407 355 435 κατά
367 416 399 442 γε
410 407 454 434 τὸν
462 407 526 442 ἐμὸν
536 406 701 441 λόγον,ὲστὶ,
714 405 783 440 πλὴν
790 405 838 439 τῆς
846 402 893 429 τοῦ

110 455 209 486 παντὸς
233 453 478 490 προεπινοουμένης
499 453 601 487 σοφίας.
623 451 696 486 Αὕτη
717 451 746 477 δέ
768 450 852 480 ἐστιν,
866 449 895 474 ἐν

110 499 126 539 ᾖ
141 501 175 528 τὰ
190 500 277 527 πάντα
292 499 418 534 ἐποίησεν
433 499 446 525 ὁ
462 498 535 529 Θεὸς,
566 499 656 531 καθώς
668 505 749 533 φησιν
759 498 773 524 ὁ
784 494 895 539 Προφήῗ

109 538 169 582 της,
181 546 223 573 ὅτι
235 555 243 571 ι
256 546 346 572 Πάντα
354 544 382 570 ὲν
392 543 472 579 σοφίᾳ
483 543 621 578 ἐποίησας.
640 553 649 568 ι
665 540 781 577 Χριστὸς
790 540 819 566 δὲ
827 538 894 566 Θεοῦ

110 593 231 628 δύναμις,
248 591 294 618 καὶ
308 590 375 617 Θεοῦ
391 589 481 623 σοφία,
496 590 524 615 ὲν
573 588 607 615 τὰ
627 588 714 615 πάντα
727 586 834 620 ἐγένετο
848 584 896 611 καὶ

111 636 284 672 διεκοσμήθη.
300 636 332 662 ΕΞ
344 632 389 662 οὖν
399 634 477 661 τοῦτό
488 634 562 660 ἐστιν
573 634 590 669 ὴ
602 632 757 668 ἀνθρωπίνη
770 628 896 665 σοφία,τδ

112 685 140 712 ὲν
153 683 276 719 περινοίᾳ
289 682 343 709 τῶν
356 681 487 717 ἀληθινῶν
501 681 588 717 ἔργων
602 680 650 715 τῆς
665 680 750 710 ὅντως
763 677 858 713 σοφίας
866 686 897 703 τε

112 731 158 757 καὶ
179 729 275 765 βουλῆς
295 727 436 762 γενέσθαιε
451 727 530 762 ἔργον
548 727 576 753 δὲ
596 726 645 761 τῆς
667 725 763 760 βουλῆς
778 724 897 759 ἐκείνης,

112 777 171 811 ἦτοι
181 775 231 810 τῆς
248 774 353 808 σοφίας,
366 772 437 800 κατά
447 781 479 806 γε
492 772 537 798 τὸν
551 770 616 805 ἐμὸν
628 770 716 804 λόγον,
727 771 744 804 ἡ
761 769 897 815 ἀφθαρσία
915 788 936 815 Β

113 821 195 853 ἐστὶν,
208 820 225 855 ἥ
234 828 264 846 τε
278 819 326 854 τῆς
339 819 427 854 ψυχῆς
440 817 616 853 μακαριότης,
628 816 675 842 καὶ
688 816 705 850 ἡ
721 815 840 850 ἀνδρεία,
850 813 897 840 καὶ

112 867 128 902 ὴ
146 863 312 899 δικαιοσύνη,
328 862 375 890 καὶ
395 863 412 898 ἠ
426 862 564 898 φρόνησις,
582 861 628 887 καὶ
642 861 696 887 πᾶν
710 860 740 886 τὸ
760 859 818 886 κατ’
834 859 898 894 ἀρε-

112 911 160 946 τὴν
173 910 315 945 νοούμενον
328 908 412 943 δνομά
425 916 453 934 τε
466 907 513 934 καὶ
525 906 624 942 νόημα,
633 905 702 940 τάχα
710 905 742 931 δι’
752 903 898 931 ἀκολούθου

112 959 145 992 τῇ
155 956 253 991 γνώσει
270 955 322 981 τῶν
334 953 442 988 ἀγαθῶν
456 951 656 988 προσαγόμεθα.
671 950 778 986 Ἐπειδὴ
788 949 842 985 γὰρ
861 947 899 976 εἷς

112 1003 166 1034 δον,
182 1001 257 1036 φησὶ,
271 1000 366 1033 ταῦτα,
382 999 429 1026 καὶ
445 998 538 1032 ὥσπερ
552 997 580 1023 ἐν
596 996 671 1032 ζυγῷ
684 996 804 1030 διέκρινα
820 995 850 1021 τὸ
869 994 898 1021 ὃν

113 1047 160 1075 τοῦ
172 1047 209 1083 μὴ
220 1046 305 1078 δντος,
318 1044 364 1072 τοῦ
380 1045 468 1079 εὑρεῖν
480 1044 529 1078 τὴν
544 1042 672 1078 διαφορὰν
683 1041 733 1076 τῆς
744 1040 838 1074 σοφίας
852 1040 899 1066 καὶ

113 1094 162 1129 τῆς
172 1092 336 1129 ἀφροσύνης,
346 1091 390 1118 οἵα
398 1098 450 1125 περ
460 1089 493 1116 ἂν
502 1088 625 1124 εὑρεθείη
632 1087 720 1122 φωτὸς
727 1085 899 1118 ἀντεξεταζο-

115 1140 195 1175 μένου
207 1138 273 1174 πρὸς
284 1137 373 1171 ζόφον.
383 1135 438 1162 Καί
448 1143 492 1170 μοι
502 1134 575 1161 δοκεῖ
584 1131 774 1168 προσηκόντως
783 1129 821 1166 τῷ
829 1131 899 1157 κατά

112 1186 143 1212 τὸ
157 1184 214 1219 φῶς
229 1182 407 1217 ὑποδείγματι
429 1180 497 1216 πρὸς
515 1180 563 1215 τὴν
581 1178 627 1205 τοῦ
651 1176 733 1204 καλοῦ
748 1176 899 1212 χρήσασθαι

113 1231 221 1266 χρῆσιν.
237 1228 345 1263 Ἐπειδὴ
362 1228 413 1262 γὰρ
426 1227 456 1253 τδ
471 1226 564 1257 σκότος
582 1226 616 1260 τῇ
636 1223 732 1251 ἑαυτοῦ
755 1223 833 1258 φύσει
855 1223 900 1248 ἀν-

115 1276 252 1311 ύπαρκτον
261 1275 295 1309 (εἰ
306 1274 360 1309 γὰρ
376 1272 412 1308 μὴ
426 1272 469 1307 εἴη
486 1271 516 1298 τὸ
530 1269 709 1306 ἀντιφράσσον
723 1278 750 1295 τι
762 1268 810 1304 τὴν
822 1268 900 1304 ἡλια-

113 1322 165 1358 κὴν
182 1322 288 1353 ἀκτῖνα,
306 1319 400 1350 σκότος
420 1318 470 1344 οὐκ
486 1316 626 1352 ἑσται),τὺ
646 1315 674 1341 δὲ
690 1314 747 1350 φῶς
771 1313 837 1341 αὑτδ
857 1314 900 1349 ἐφ’

114 1366 210 1395 ἑαυτοῦ
222 1367 294 1393 ἐστιν
305 1366 333 1392 ὲν
348 1363 401 1400 ἰδίᾳ
410 1363 487 1398 οὐσίᾳ.
497 1361 718 1396 κατανοούμενον·
732 1360 849 1387 δείκνυσι
862 1360 900 1396 τῷ

114 1412 304 1447 ὑποδείγματι.
321 1411 361 1437 ὅτι
372 1411 389 1444 ὴ
404 1408 487 1435 κακία
500 1407 559 1434 καθ’
574 1406 670 1442 ἑαυτὴν
681 1406 731 1441 ούχ
744 1406 898 1440 ὑφίσταται,

114 1458 183 1485 ἀλλὰ
198 1459 231 1492 τῇ
251 1457 377 1491 στερήσει
398 1453 446 1480 τοῦ
465 1452 568 1487 ἀγαθοῦ
592 1451 811 1486 παρυφίσταται-
825 1451 855 1477 τὸ
872 1451 900 1477 δὲ

115 1501 215 1536 ἀγαθὸν
231 1500 275 1528 ἀεὶ
289 1499 419 1530 ὡσαύτως
432 1498 487 1533 ἔχει
504 1496 616 1532 μόνιμόν
631 1505 660 1523 τε
673 1496 720 1523 καί
737 1496 844 1530 πάτιον,
856 1496 903 1522 καὶ

114 1547 227 1582 οὐδεμιᾷ
246 1554 318 1577 τινος
338 1543 530 1580 προηγουμένῃ
554 1543 679 1578 στερήσει
702 1542 905 1578 παρυφιστάμε-

114 1602 170 1622 inv.
183 1593 205 1619 Τ
207 1593 220 1619 ὺ
240 1592 268 1619 δὲ
289 1592 320 1618 ἐκ
335 1589 381 1617 τοῦ
393 1589 511 1616 ἐναντίου
525 1588 564 1624 τῷ
575 1587 669 1623 ἀγαθῷ
689 1588 830 1623 νοούμενον
843 1588 904 1614 κατ’

115 1637 209 1664 οὐσίαν
225 1635 274 1662 οὐκ
293 1635 380 1661 ἐστιν·
394 1634 408 1660 δ
426 1633 481 1668 γὰρ
503 1632 544 1667 ἐφ’
558 1632 654 1659 ἑαυτοῦ
671 1633 721 1659 οὐκ
734 1632 817 1664 ἐστιν,
828 1632 904 1658 οὐδέν

116 1682 191 1708 ἐστιν
205 1681 287 1711 ὅλως·
303 1680 429 1715 στέρησις
443 1678 498 1714 γὰρ
520 1678 566 1705 τοῦ
588 1679 663 1710 ὄντος
684 1679 757 1705 ἐστὶν
773 1680 790 1713 ἡ
809 1678 903 1710 κακία,

115 1727 163 1754 καὶ
181 1727 240 1761 οὐχὶ
261 1725 387 1760 ὓπαρξις.
411 1726 471 1759 Ἴση
489 1724 576 1751 τοίνυν
591 1724 734 1760 ἡίδιαφορά
755 1723 802 1750 τοῦ
817 1724 904 1758 φωτὸς

115 1772 185 1806 πρὸς
197 1772 226 1799 τὸ
238 1771 342 1803 σκότος,
351 1770 457 1805 καὶτῆς
469 1770 564 1804 σοφίας
577 1769 644 1805 πρὸς
657 1769 811 1804 ἀφροσύνην
820 1769 904 1796 ἐστίν.

121 1817 188 1844 Ἀπὸ
202 1817 301 1852 μέρους
320 1816 374 1850 γὰρ
393 1815 466 1842 ἀπαν
485 1815 515 1841 τὸ
535 1814 635 1848 ἀγαθὸν
656 1814 850 1849 περιλαμϐάνει
865 1813 906 1849 τῷ

115 1863 165 1898 τῆς
181 1862 276 1896 σοφίας
298 1861 420 1896 ὀνόματι,
435 1860 482 1887 καὶ
503 1861 535 1894 τῇ
557 1859 695 1894 ἀφροσύνῃ
712 1860 801 1886 πᾶσαν
820 1859 905 1886 κακοῦ

116 1909 199 1943 φύσιν
222 1905 426 1942 συνερμηνεύει.
446 1904 526 1932 ⁹Λλλέι
546 1904 573 1931 τί
597 1904 691 1939 κέρδος
711 1905 776 1939 ἡμῖν
804 1905 836 1931 ὲκ
857 1904 905 1931 τοῦ

116 1948 256 1984 θαυμάσαι
271 1948 302 1974 τὸ
315 1947 424 1982 ἀγαθὸν,
449 1948 473 1973 εί
497 1947 534 1982 μή
555 1955 597 1977 τις
621 1947 668 1973 καὶ⁸
690 1946 748 1978 ὁδὸς
766 1946 841 1982 παρά
859 1946 905 1973 τοῦ

115 1992 276 2021 διδασκάλου
305 1992 372 2028 πρὸς
403 1993 450 2028 τὴν
476 1992 570 2019 τούτου
597 1992 691 2027 κτῆσιν
718 1992 907 2031 ὑποδειχθείης

117 2039 180 2071 Πῶς
195 2037 313 2066 οὖνέστι
340 2038 386 2064 καὶ
408 2039 481 2073 ἡμᾶς
502 2038 530 2064 ὲν
551 2038 585 2072 τῇ
605 2037 652 2064 τοῦ
673 2037 755 2064 καλοῦ
779 2038 906 2073 μετουσία

115 2083 255 2119 γενέσθαι,
275 2082 436 2118 ἀκούσωμεν
448 2081 494 2108 τοῦ
506 2081 685 2113 διδάσκοντος.

944 171 1026 200 fecit?
1039 182 1048 199 ι
1069 172 1153 199 Docet
1169 178 1234 206 ergo
1245 178 1370 206 quaenam
1388 171 1423 198 sit
1441 170 1560 198 humana
1575 172 1721 206 sapientia,

943 226 1041 254 nempe
1057 217 1135 253 sequi
1158 224 1218 244 eam
1237 225 1298 252 qua:
1322 220 1364 244 est
1379 224 1442 243 vere
1465 217 1608 252 sapientia.
1637 218 1723 252 Qua'u

942 266 1026 293 etiam
1052 265 1174 292 nominat
1202 263 1360 295 consilium,
1385 263 1504 291 eﬁiciens
1519 271 1551 292 ea
1578 272 1638 300 quae
1662 274 1725 294 vere

944 314 1008 338 sunt
1024 313 1052 338 et
1067 310 1231 342 consistunt,
1246 312 1274 336 et
1293 309 1320 335 in
1333 309 1451 336 vanitate
1468 309 1580 338 minime
1598 311 1724 338 conside-

944 360 1050 383 rantur.
1066 355 1128 382 Haec
1151 359 1193 382 est
1217 361 1322 382 summa
1343 354 1469 382 humanae
1485 356 1632 389 sapientiae.
1655 356 1725 384 Vera

945 407 1036 429 autem
1045 401 1178 436 sapientia
1186 404 1213 428 et
1223 400 1380 433 consilium,
1389 407 1449 428 mea
1459 401 1568 436 quidem
1580 403 1724 433 sententia.

945 447 1015 474 nihil
1037 451 1081 474 est
1110 446 1185 473 aliud
1210 453 1291 481 quam
1321 446 1477 481 sapientia,
1511 454 1572 481 quae
1602 447 1727 482 providet

946 494 1086 520 universo.
1106 492 1142 519 Ea
1158 495 1248 519 autem
1264 495 1317 524 est,
1336 491 1363 519 in
1380 499 1435 526 qua
1448 491 1520 519 Deus
1538 492 1601 519 fecit
1624 493 1726 526 omnia,

946 539 1017 566 sicut
1031 538 1098 565 dicit
1116 537 1275 572 Propheta:
1299 546 1308 563 ι
1327 536 1424 565 Omnia
1453 537 1542 566 fecisti
1567 538 1595 565 in
1619 540 1729 574 sapien-

946 584 1030 611 tia".
1052 593 1061 610 ι
1086 583 1210 611 Christus
1241 586 1333 610 autem
1362 586 1405 610 est
1434 582 1484 610 Dei
1512 583 1599 612 virtus
1625 588 1651 612 et
1682 584 1728 613 Dei

947 628 1094 662 sapientia,
1119 628 1146 655 in
1170 634 1224 662 qua
1241 627 1333 654 omnia
1351 626 1424 654 facta
1449 631 1514 655 sunt
1537 632 1565 656 et
1591 629 1728 657 ordinata.

948 672 977 699 Si
995 680 1060 707 ergo
1076 672 1129 700 hoc
1141 677 1183 699 est
1200 671 1321 698 humana
1340 671 1485 706 sapientia,
1503 679 1573 699 verae
1589 672 1730 706 sapientia:

948 723 975 745 et
990 718 1100 745 consilii
1120 725 1185 745 vera
1200 724 1283 752 opera
1308 717 1510 752 contemplari:
1536 717 1611 746 illius
1638 722 1729 746 autem

949 762 1058 789 consilii
1073 769 1145 797 opus
1157 769 1205 789 seu
1219 762 1370 796 sapientiae,
1386 769 1447 788 mea
1461 761 1569 796 quidem
1585 765 1730 797 sententia,

949 812 993 835 est
1009 807 1192 842 incorruptio,
1207 811 1234 834 et
1250 807 1348 833 animae
1369 806 1522 840 beatitudo,
1539 812 1565 835 et
1589 808 1729 838 fortitudo.

951 859 977 883 et
994 855 1111 890 justitia,
1128 858 1156 882 et
1175 853 1329 889 prudentia,
1342 857 1370 881 et
1385 854 1568 889 quodcunque
1581 862 1692 887 nomen,
1704 859 1732 882 et

951 906 1123 934 quaecunque
1148 898 1248 926 mentis
1275 898 1350 925 notio
1376 906 1409 926 ex
1433 898 1535 925 virtute
1561 900 1731 934 intelligitur,

951 947 1152 979 consequenter
1166 943 1236 970 forte
1244 942 1407 970 adducimur
1417 943 1450 970 ad
1463 943 1527 970 boni
1537 944 1730 979 cognitionem.

952 990 1019 1017 Nam
1051 994 1207 1024 postquam,
1232 989 1331 1024 inquit,
1356 989 1415 1016 haec
1447 989 1522 1023 vidi,
1546 994 1675 1025 tanquam
1705 991 1732 1018 in

952 1036 1055 1063 trutina
1074 1035 1101 1062 id
1117 1035 1190 1070 quod
1215 1039 1257 1062 est
1274 1035 1392 1062 discrevi
1413 1035 1446 1063 ab
1463 1043 1496 1063 eo
1510 1036 1583 1070 quod
1609 1045 1663 1064 nou
1678 1044 1732 1068 est.

952 1083 982 1106 ut
996 1079 1147 1107 invenirem
1161 1078 1341 1106 diﬂerenliam
1358 1079 1499 1114 sapientia:
1517 1085 1544 1108 et
1559 1081 1732 1116 insipientia;
1760 1092 1769 1099 ε

952 1124 1108 1159 cujusmodi
1133 1124 1249 1152 inveniri
1279 1128 1369 1160 potest
1394 1124 1418 1153 si
1447 1125 1494 1153 lux
1525 1125 1679 1154 adducatur
1707 1133 1734 1154 ο-ι

952 1174 1089 1197 statuatur
1118 1177 1151 1197 ex
1182 1169 1298 1197 adverso
1325 1169 1512 1198 tenebrarum.
1547 1171 1611 1198 Mihi
1642 1177 1732 1200 autem

952 1216 1060 1244 videtur
1076 1219 1138 1251 apte
1152 1223 1220 1244 usus
1235 1222 1296 1244 esse
1318 1215 1443 1250 exemplo
1468 1216 1502 1243 ad
1525 1216 1732 1252 signiﬁcandum

953 1269 1034 1289 usum
1050 1261 1120 1296 ejus,
1145 1261 1218 1296 quod
1244 1261 1347 1289 bonum
1363 1265 1405 1289 est
1427 1265 1455 1289 et
1482 1261 1639 1290 honestum.
1666 1263 1734 1290 Nam

954 1307 1083 1343 quoniam
1106 1307 1225 1334 tenebrae
1238 1314 1287 1336 sua
1310 1310 1408 1334 natura
1423 1307 1536 1335 minime
1559 1309 1710 1338 consistqu
1725 1319 1733 1342 ;

954 1353 977 1380 si
991 1353 1064 1379 enim
1089 1359 1144 1379 non
1160 1356 1235 1379 esset
1256 1352 1359 1387 aliquid
1385 1352 1458 1387 quod
1489 1352 1555 1380 solis
1579 1353 1672 1382 radios
1684 1355 1734 1380 oh-

955 1401 1090 1429 strueret,
1105 1404 1161 1424 non
1177 1400 1271 1425 essent
1285 1398 1422 1431 tenebrae;
1445 1397 1492 1425 lux
1513 1403 1605 1426 autem
1632 1400 1690 1434 ipsa
1708 1401 1734 1427 iu

914 1455 936 1484 ο
955 1450 985 1469 se
998 1445 1052 1473 est,
1067 1445 1095 1469 et
1110 1442 1138 1468 in
1153 1442 1264 1477 propria
1277 1442 1439 1478 intelligitur
1452 1444 1572 1471 essentia
1587 1454 1594 1471 :
1610 1447 1735 1480 exempl.»

953 1487 1075 1514 ostendit
1099 1486 1174 1522 quod
1196 1494 1245 1522 per
1271 1495 1301 1515 se
1325 1494 1379 1514 non
1410 1488 1539 1516 consistit
1555 1489 1662 1523 vitium,
1688 1491 1735 1518 sed

954 1532 1083 1560 consistit
1094 1539 1128 1559 ex
1144 1531 1299 1566 privatione
1313 1532 1388 1559 boni.
1401 1532 1508 1560 Bonum
1522 1538 1612 1562 autem
1629 1543 1737 1570 semper

955 1577 1080 1604 similiter
1095 1585 1124 1605 se
1138 1577 1230 1610 habet,
1253 1576 1417 1613 ﬁrmumque
1440 1582 1482 1606 est
1503 1587 1535 1606 ac
1560 1580 1669 1612 stabile,
1687 1589 1736 1608 nec:

954 1623 1081 1650 consistit
1111 1630 1145 1650 ex
1160 1623 1216 1650 ulla
1236 1629 1298 1657 quae
1314 1623 1452 1658 praecedat
1473 1624 1640 1659 privatione.
1658 1625 1735 1658 Quod

955 1674 1046 1696 autem
1056 1669 1217 1703 intelligitur
1229 1676 1262 1695 ex
1277 1675 1310 1695 eo
1326 1668 1398 1703 quod
1410 1674 1453 1697 est
1468 1669 1541 1697 bono
1554 1671 1735 1702 contrarium,

955 1723 1010 1742 non
1028 1719 1069 1742 est
1087 1721 1120 1742 ex
1135 1713 1265 1741 essentia.
1279 1713 1358 1746 Quod
1375 1714 1448 1742 enim
1466 1722 1519 1742 non
1539 1720 1581 1742 est
1598 1716 1624 1742 in
1646 1724 1686 1748 se,
1704 1725 1737 1744 uc

955 1761 1067 1789 omnino
1081 1758 1189 1794 quidem
1200 1763 1252 1786 est.
1268 1758 1371 1785 Vitium
1384 1759 1457 1786 enim
1474 1764 1516 1787 est
1529 1760 1589 1795 ejus
1604 1761 1675 1795 quod
1693 1765 1737 1789 est

955 1807 1084 1842 privatio.
1101 1809 1128 1833 et
1148 1813 1202 1832 non
1217 1805 1383 1832 substantia.
1399 1804 1452 1831 Par
1465 1809 1506 1832 est
1520 1806 1593 1832 enim
1611 1800 1736 1834 diﬁ‘ereu-

957 1853 994 1880 tia
1011 1852 1081 1879 lucis
1094 1851 1127 1878 ad
1143 1850 1280 1882 tenebras,
1297 1853 1324 1877 et
1336 1849 1479 1885 sapientia!
1489 1851 1523 1878 ad
1539 1851 1736 1886 insipientiam.

955 1898 996 1925 Ex
1024 1901 1101 1932 parte
1130 1896 1202 1924 enim
1231 1896 1390 1924 universum
1423 1896 1615 1931 complectitur
1636 1897 1736 1925 bonum

957 1943 1068 1971 nomine
1084 1941 1235 1976 sapientiae,
1252 1945 1279 1968 et
1295 1941 1377 1968 simul
1392 1948 1454 1968 cum
1471 1941 1627 1976 insipientia
1651 1942 1738 1969 inter-

957 1993 1081 2025 pretatur
1096 1991 1124 2014 et
1151 1986 1270 2022 explicat
1296 1994 1403 2014 omnem
1428 1986 1493 2013 mali
1522 1993 1659 2015 naturam.
1685 1988 1736 2015 Sed

956 2035 1022 2070 quid
1038 2033 1118 2060 nobis
1132 2032 1237 2060 accedit
1251 2032 1321 2059 lucri
1337 2039 1371 2059 ex
1387 2039 1420 2059 eo
1433 2032 1505 2067 quod
1527 2032 1629 2060 bonum
1652 2033 1738 2060 admi-

958 2086 1061 2110 remur,
1092 2077 1146 2105 nisi
1177 2076 1308 2112 magister
1339 2076 1419 2104 nobis
1449 2076 1576 2104 ostendat
1601 2077 1674 2104 viam
1707 2085 1738 2105 ac

117 2133 251 2160 rationem
267 2138 321 2166 qua
340 2131 366 2158 id
392 2129 592 2165 acquiramus?
610 2128 752 2162 Quomodo
766 2136 830 2164 ergo
843 2128 902 2156 ﬁeri
938 2131 1029 2163 potest
1042 2130 1072 2153 ut
1086 2132 1137 2153 nos
1152 2131 1262 2160 quoque
1275 2123 1362 2152 simus
1377 2123 1442 2151 boni
1456 2123 1614 2159 participes,
1645 2123 1739 2151 audia—

115 2186 178 2206 mus
195 2178 346 2206 doctorem.

155 2233 165 2250 ι
177 2223 230 2250 Τοῦ
243 2222 336 2257 σοφοῦ,
353 2232 362 2249 ι
379 2222 470 2257 φησὶν,
485 2231 494 2247 ι
510 2222 534 2248 οἱ
551 2220 693 2255 ὀφθαλμοὶ,
708 2221 737 2246 ὲν
751 2222 785 2255 τῇ
803 2220 901 2255 κεφαλᾷ

997 2224 1008 2242 ι
1029 2213 1179 2249 Sapientis,
1202 2222 1211 2238 ι
1231 2211 1331 2247 inquit.
1347 2220 1356 2236 ε
1377 2211 1449 2238 oculi
1477 2210 1503 2237 in
1531 2210 1622 2244 capite
1637 2209 1706 2243 ejus.
1727 2220 1736 2235 ι

116 2268 210 2295 αὐτοῦ.
225 2277 235 2293 ι
250 2268 282 2294 Τί
296 2267 383 2294 ταῦτα
401 2267 492 2300 λέγεις
507 2265 579 2292 ἔστιν
597 2265 651 2300 ἄρα.
667 2263 735 2296 ζῶον
752 2265 820 2296 ὅλως
830 2263 905 2296 δέξω

115 2313 166 2348 τῆς
178 2312 296 2347 κεφαλῆς
308 2311 363 2347 ἔχει
378 2311 413 2338 τὰ
427 2311 481 2337 τῶν
496 2309 640 2345 ὀφθαλμῶν
657 2308 835 2343 αἰσθητήρια;
852 2308 905 2334 κᾶν

117 2357 227 2392 ἔνυδρον
243 2356 337 2392 εἴπῃς,
352 2356 402 2382 κᾶν
415 2356 540 2391 χερσαῖον
554 2355 605 2381 κᾶν
621 2353 756 2388 ἐναέριον;
777 2353 820 2379 Ἐν
837 2353 904 2379 πᾶσι

117 2403 174 2438 γὰρ
193 2402 329 2437 ὀφθαλμὸς
341 2401 388 2428 τοῦ
401 2400 495 2428 λοιποῦ
511 2399 693 2435 προσέϐληται
708 2399 842 2434 σώματος,
857 2397 905 2424 καὶ

117 2449 151 2483 τῇ
168 2447 271 2482 κεφαλῇ
284 2446 337 2472 τῶν
356 2446 471 2481 ἐχόντων
487 2445 608 2479 κεφαλὴν
626 2444 826 2478 ὲγκαθίὸρυται.
845 2442 906 2473 Πῶς

117 2491 167 2519 οὗν
188 2491 304 2519 ενταῦθα
327 2491 408 2524 μόνου
433 2490 508 2523 λέγει
532 2490 579 2518 τοῦ
609 2489 691 2523 σοφοῦ
714 2488 763 2524 τὴν
787 2487 905 2522 κεφαλὴν

117 2537 308 2574 ὼμματῶσθαι
318 2545 326 2568 ;
337 2536 372 2563 Ἢ
381 2535 459 2562 τοῦτο
470 2535 576 2566 πάντως
587 2534 765 2570 ὑποσημαίνει
776 2533 814 2568 τῷ
822 2533 903 2568 λόγῳ,

118 2585 161 2611 ὅτι
184 2582 313 2616 ἀναλογία
327 2582 368 2613 τίς
382 2582 440 2607 ἐστι
454 2580 508 2606 τῶν
524 2580 553 2606 ὲν
571 2581 603 2615 τῇ
623 2579 694 2615 ψυχῇ
712 2578 904 2613 θεωρουμένων

120 2628 190 2664 πρὸς
204 2627 238 2654 τὰ
251 2627 299 2654 τοῦ
314 2626 438 2661 σώματος
454 2625 542 2660 μέρη;
557 2626 611 2652 Καὶ
622 2624 715 2660 ὥσπερ
730 2625 775 2650 ἐπὶ
789 2624 839 2658 τῆς
854 2631 905 2649 σω-

122 2673 242 2710 ματικῆς
261 2672 430 2703 διαπλάσεως
453 2671 484 2697 τὸ
500 2671 613 2706 προέχον
638 2671 684 2697 τοῦ
714 2670 773 2697 ὅλου
801 2668 905 2704 κεφαλὴ

158 2763 181 2779 ’³
199 2762 271 2790 Psal.
287 2768 347 2792 CIII,
361 2759 406 2786 24.

284 2808 423 2837 Ρλτειοι..
444 2805 504 2836 Gn.
521 2806 545 2835 Χ
553 2805 628 2836 ω’.

958 2260 1014 2290 Cur
1035 2260 1092 2287 haec
1106 2258 1194 2286 dicit?
1216 2256 1299 2284 Estne
1324 2257 1408 2283 ullum
1423 2255 1534 2282 omnino
1550 2254 1650 2282 animal
1665 2254 1738 2290 quod

958 2307 1058 2334 habeat
1081 2303 1176 2331 ocuios
1202 2307 1278 2329 extra
1300 2305 1394 2336 caput,
1419 2308 1466 2327 seu
1484 2300 1588 2327 dixeris
1607 2300 1738 2334 aquatile.

959 2359 1006 2379 seu
1023 2353 1160 2381 terrestre,
1178 2355 1225 2375 seu
1246 2346 1377 2374 aereum?
1401 2346 1429 2373 ln
1446 2345 1574 2372 omuibus
1588 2344 1660 2372 enim
1675 2352 1740 2372 oeu-

958 2396 1002 2423 lus
1016 2395 1122 2429 reliquo
1137 2392 1246 2427 corpori
1259 2396 1302 2419 est
1316 2391 1478 2426 prwpositus
1493 2394 1520 2418 et
1533 2391 1687 2417 collocatus
1698 2395 1741 2418 est

960 2442 987 2469 in
1004 2440 1094 2475 capite
1110 2446 1206 2467 eorum
1224 2445 1286 2472 qua:
1300 2436 1401 2463 habent
1415 2441 1506 2470 caput.
1522 2435 1663 2468 Quomodo
1675 2443 1741 2470 ergo

959 2486 1004 2513 hic
1032 2485 1098 2513 dicit
1127 2477 1213 2512 solius
1239 2482 1371 2517 sapientis
1396 2485 1478 2516 caput
1508 2480 1649 2514 praeditum
1679 2487 1741 2508 esse.

959 2530 1068 2559 oculis?
1090 2531 1131 2556 An
1158 2529 1212 2555 hoc
1238 2527 1351 2554 omnino
1383 2527 1464 2553 tacite
1493 2526 1639 2561 signiﬁcat,
1666 2526 1738 2560 quod

958 2583 1052 2604 eorum
1069 2582 1130 2610 qua:
1146 2572 1358 2602 considerantur
1380 2572 1407 2598 iu
1426 2571 1526 2601 anima,
1552 2574 1594 2598 est
1618 2569 1739 2605 quaedam

958 2621 1098 2658 proportio
1112 2623 1138 2647 et
1161 2617 1351 2646 convenientia
1369 2625 1430 2644 cum
1452 2617 1574 2651 partibus
1591 2615 1714 2650 corporis
1730 2614 1741 2640 τ’

959 2672 986 2697 et
1010 2667 1082 2695 sicut
1105 2666 1132 2693 in
1159 2665 1244 2700 ﬁgura
1268 2663 1392 2699 corporis
1415 2662 1441 2690 id
1464 2662 1535 2697 quod
1562 2662 1609 2689 toti
1633 2665 1740 2704 praeest:

1570 2794 1609 2821 99
