1989 3070
281 99 332 128 685

892 95 919 123 S.
941 95 1102 123 CRICGORII
1121 96 1267 124 NYSSENI

1847 93 1897 128 Brut

280 162 360 192 caput
391 155 557 186 nominatur,
584 154 620 181 ita
644 154 725 181 etiam
758 154 785 180 in
816 154 905 180 anima
933 154 958 181 id
988 154 1057 189 quod

1111 155 1284 190 ὀνομάζεται,
1302 154 1372 181 οὕτω
1392 156 1437 181 καὶ
1456 155 1500 181 ἐπὶ
1512 154 1560 189 τῆς
1580 155 1668 190 ψυχῆς
1689 155 1719 182 τὸ
1735 156 1898 191 ἡγεμονικόν

279 203 461 238 principatum
477 201 592 232 obtinet,
616 205 643 227 et
658 200 775 235 primum
789 205 862 227 tenet
888 200 988 230 locum,
1013 207 1061 234 pro

280 249 369 282 capite
383 247 543 281 intelligitur
557 255 563 279 ;
577 251 603 272 ct
615 253 669 280 quo
683 245 764 273 modo
778 246 854 280 pedis
868 245 955 272 basim
969 245 1061 280 appel-

278 295 366 322 lamus
387 294 569 326 calcaneum,
587 293 623 318 ita
646 292 728 319 etiam
755 291 836 318 fuerit
854 291 928 318 basis
953 291 1060 322 animas,

280 339 327 376 per
349 347 430 375 quam
456 339 565 372 attingit
580 339 713 373 corporis
737 338 964 369 coalescentiam,
989 337 1061 364 unde

280 385 438 412 iunnittitin
454 384 606 418 subjectum
621 382 753 410 sentiendi
763 384 817 410 vim
826 388 852 410 et
864 383 1058 418 operationem.

277 430 392 463 Quando
407 437 470 464 ergo
486 428 668 464 perspiciendi
685 433 712 455 et
736 428 939 462 contemplandi
963 427 1004 455 vis
1033 428 1059 454 in

277 477 367 503 anima
383 481 532 510 occupatur
545 476 570 502 in
587 474 668 502 rebus
681 474 841 505 sensilibus,
857 475 883 501 in
898 474 957 509 ejus
971 474 1060 500 calca-

276 529 343 549 neOs
353 521 493 548 oculorum
507 520 607 547 transit
623 524 730 551 natura,
742 527 790 554 per
803 527 873 554 quos
889 519 987 554 aspicit
1000 527 1060 554 qua:

247 566 249 574 '
276 570 340 593 sunt
357 565 498 596 inferiora,
515 564 674 592 sublimium
700 565 917 599 speeulationnm
935 569 1058 591 contem-

276 611 405 646 plationis
420 617 517 645 expers
533 617 647 636 manens
664 610 781 644 penitus.
800 609 848 636 Sin
861 613 951 637 autem
967 617 1058 637 rerum

276 657 460 691 subjectarum
479 656 588 690 cognita
607 655 737 687 vanitate,
753 655 895 682 sustulerit
911 655 1005 683 oculos
1025 655 1059 682 ad

276 709 357 729 suum
372 705 464 736 caput,
483 701 555 736 quod
571 703 612 728 est
627 699 764 731 Christus,
779 701 851 727 sicut
866 701 1059 735 interpretatur

277 746 386 776 Paulus,
399 746 478 773 beata
490 744 627 772 censenda
640 744 722 771 fuerit
736 747 847 779 propter
863 751 952 771 aerem
967 745 1059 772 oculo-

277 798 336 818 rum
353 791 449 822 aciem,
477 793 507 816 ut
527 797 586 824 qua:
602 790 658 816 illic
674 789 772 816 habeat
797 789 904 821 oculos,
922 789 968 816 ubi
995 789 1058 815 mali

1111 209 1140 225 τε
1157 201 1203 226 καὶ
1218 200 1433 235 προτεταγμένον
1453 200 1512 226 ἀντὶ
1537 200 1657 235 κεφαλῆς
1678 202 1787 227 νοεῖται·
1805 203 1852 228 κιιὶ
1869 203 1899 228 ὃν

1110 245 1209 280 τρόπον
1221 245 1339 280 πτέρναν
1350 245 1400 285 τὴν
1409 245 1456 271 τοῦ
1468 246 1546 277 ποδὸς
1558 246 1636 280 βάσιν
1649 247 1897 282 προσαγορεύομεν,

1110 289 1195 320 οὕτως
1211 288 1244 315 ἂν
1261 290 1302 323 εἴη
1320 289 1368 315 καὶ
1386 289 1436 324 τῆς
1458 289 1545 325 ψυχῆς
1562 290 1640 324 βάσις
1653 290 1686 317 δι’
1700 288 1733 326 ἧς
1748 291 1899 325 ἐφάπτεται

1110 335 1160 369 τῆς
1177 334 1314 369 συμφυΐας
1327 335 1373 360 τοῦ
1390 334 1524 369 σώματος,
1539 335 1599 362 ὅθεν
1617 336 1667 371 τὴν
1680 336 1839 372 αἰσθητικὴν
1852 337 1898 363 δύη

1110 380 1189 415 ναμίν
1203 387 1232 406 τε
1245 380 1291 406 καὶ
1302 380 1441 415 ἐνέργειαν
1454 380 1491 414 τῷ
1505 381 1675 416 ὑποκειμένῳ
1686 381 1796 416 ἐνίησιν.
1813 382 1898 409 ⁵οταν

1109 425 1199 452 τοίνυν
1216 426 1232 460 ή
1251 426 1391 460 διορατική
1411 434 1439 452 τε
1457 426 1501 452 καὶ
1518 426 1670 462 θεωρητικὴ
1684 428 1734 462 τῆς
1747 428 1837 463 ψυχῆς
1849 429 1896 455 δύ-

1110 480 1190 506 ναμις
1204 472 1272 506 πρὸς
1294 472 1327 498 τὰ
1345 472 1461 506 αἰσθητὰ
1483 472 1532 506 τὴν
1556 473 1682 506 ἀσχολίαν
1700 473 1754 507 ἔχει
1766 493 1773 504 ,
1792 474 1831 504 εἰς
1847 474 1896 505 τὰς

1110 518 1228 552 πτέρναις
1245 518 1330 552 αὐτῆς
1347 518 1362 552 ἡ
1379 518 1432 544 τῶν
1450 517 1596 553 ὀφθαλμῶν
1610 518 1690 551 φύσις
1706 519 1896 554 ἀντιμεθίστα-

1110 572 1164 595 ται,
1182 563 1215 589 δι’
1233 560 1270 590 ὧν
1289 563 1322 590 τὰ
1337 564 1411 590 κάτω
1428 563 1536 598 βλέπει,
1558 563 1612 590 τῶν
1626 563 1734 598 ὑψηλῶν
1752 565 1896 599 Θεαμάτων

1109 608 1222 640 ἀθέατος
1241 608 1369 643 μένουσα.
1386 608 1417 634 Et
1434 609 1461 635 δὲ
1475 608 1632 643 γνωρίσασα
1642 609 1696 635 τῶν
1709 610 1897 644 ὑποκειμένων

1109 655 1139 681 τὸ
1157 655 1280 689 μάταιον,
1302 654 1433 688 ἀναγάγοι
1452 654 1500 685 τὰς
1519 654 1593 688 ὄψεις
1613 654 1658 681 ἐπὶ
1673 656 1722 690 τὴν
1734 656 1834 690 ἑαυτῆς
1849 665 1895 683 κε-

1109 699 1206 734 φαλὴν,
1230 699 1293 734 ἥτις
1311 699 1385 725 ἐστὶν
1406 700 1420 725 ὁ
1441 698 1572 734 Χριστὸς,
1595 698 1684 729 καθὼς
1695 700 1867 735 διερμηνεύει
1881 701 1895 726 ὁ

1110 745 1214 776 Παῦλος
1226 766 1233 777 ,
1260 746 1414 780 μακαριστὴ
1437 745 1469 770 ἂν
1488 743 1592 778 γένοιτο
1613 745 1662 779 τῆς
1673 744 1818 778 οξυωπίας,
1837 747 1894 772 ἐκεῖ

1109 791 1205 826 ἔχουσα
1221 791 1283 822 τοὺς
1302 790 1455 825 ὀφθαλμοὺς
1465 810 1472 820 ,
1486 789 1552 815 ὅπου
1564 791 1613 816 οὐκ
1625 789 1697 816 ἐστιν
1712 791 1729 825 ἡ
1745 791 1791 817 τοῦ
1808 792 1892 818 κακοῦ

277 844 330 863 non
346 840 387 863 est
402 836 568 863 obscuritas.
587 834 699 870 Magnus
723 835 768 861 ille
784 834 898 865 Paulus,
920 839 946 861 ct
971 835 993 861 si
1011 835 1057 869 qui

1110 837 1294 871 ὲπισκότησις.
1309 836 1414 867 Παῦλος
1427 837 1441 862 ὁ
1453 836 1537 871 μέγας
1555 837 1601 863 καὶ
1620 836 1647 862 εἴ
1658 845 1730 868 τινες
1745 837 1818 863 ἄλλοι
1833 838 1892 864 κατ¹

276 882 321 909 alii
335 886 399 909 sunt
411 882 482 909 sicut
492 881 537 907 ille
550 881 650 915 magni,
663 879 798 907 habt-baut
809 880 945 907 oculos'iu
957 880 1056 914 capite,

275 933 301 955 et
313 935 407 954 omnes
418 927 464 961 qui
477 926 571 953 vivunt
581 930 609 953 et
623 931 776 958 moventur,
788 930 815 952 et
824 930 889 952 sunt
903 926 928 952 in
938 925 1056 953 Christo.

275 973 343 1000 Nam
360 973 430 1000 sicut
446 972 503 999 ﬁeri
516 979 568 999 non
582 975 684 1006 potest.
695 975 724 997 ut
736 971 783 1006 qui
797 971 832 997 sit
844 971 876 1001 in
892 971 953 998 luce
967 970 1058 997 videat

271 1020 423 1048 tenebras:
441 1019 478 1046 ita
497 1025 551 1045 non
569 1021 658 1052 potest
685 1016 753 1048 ﬁeri,
775 1019 803 1043 ut
819 1016 866 1051 qui
890 1016 918 1043 in
945 1016 1058 1043 Christo

275 1067 356 1093 habet
369 1065 489 1097 oculum,
507 1064 539 1091 ad
556 1062 658 1098 aliquid
675 1069 776 1089 vanum
790 1069 851 1089 eum
872 1062 982 1097 defigat.
1003 1061 1056 1095 Qui

275 1119 340 1147 ergo
354 1111 436 1138 habet
450 1110 548 1137 oculos
561 1109 589 1136 in
602 1108 700 1144 capite,
720 1111 802 1143 caput
822 1112 911 1136 autem
929 1108 1057 1143 intelligi-

276 1166 336 1185 mus
359 1155 546 1184 universitatis
573 1153 762 1189 principium,
791 1153 873 1181 habet
905 1153 1000 1180 oculos
1029 1153 1057 1180 in

274 1203 348 1230 otnni
380 1202 479 1228 virtute
510 1199 649 1234 (Christus
680 1201 772 1225 autem
801 1202 843 1225 est
875 1199 962 1225 virtus
995 1205 1058 1232 per-

275 1249 365 1278 teeta,
403 1251 431 1273 et
465 1245 539 1273 ontni
577 1252 610 1272 ex
645 1247 723 1278 parte
770 1243 976 1277 absoluta),in
1012 1250 1057 1270 ve-

275 1295 366 1325 ritate,
390 1292 417 1318 in
439 1291 556 1325 justitia,
584 1290 611 1315 in
638 1287 906 1323 incorruptibilitate,
933 1287 961 1314 in
982 1287 1056 1314 omni

275 1339 357 1366 bono.
377 1346 388 1363 t
407 1335 544 1371 Sapientis
567 1341 632 1369 ergo
648 1334 719 1361 oculi
742 1337 806 1361 sunt
826 1333 853 1359 in
871 1333 958 1367 capite
976 1333 1055 1368 ejus;

276 1384 375 1412 stultus
390 1385 480 1410 autem
498 1381 525 1408 in
539 1379 659 1407 tenebris
674 1378 803 1405 ambulat.
822 1388 830 1403 ι
848 1377 898 1410 Qui
913 1377 984 1405 enim
1002 1384 1056 1404 non

276 1428 352 1464 ponit
369 1434 445 1455 suam
462 1426 601 1452 lucernam
615 1431 697 1458 super
713 1421 917 1453 candelabrum,
934 1421 980 1448 sed
997 1429 1056 1448 eam

277 1478 353 1509 ponit
368 1473 421 1500 sub
438 1472 502 1499 base
515 1471 587 1503 lecti,
602 1469 682 1497 eﬂieit
696 1473 724 1495 ut
738 1469 783 1496 lux
794 1469 844 1496 sibi
858 1469 913 1495 sint
927 1468 1056 1501 tenebrte,

276 1523 306 1545 ut
323 1518 368 1553 qui
390 1516 508 1544 evaserit
526 1515 617 1550 opifex
642 1514 702 1548 ejus
715 1514 789 1549 quod
807 1521 860 1540 non
883 1517 972 1548 potest
991 1521 1057 1540 con-

277 1564 384 1591 sistere.
401 1561 507 1588 Vanum
526 1564 568 1587 est
590 1563 680 1586 autem
698 1559 724 1586 id
745 1559 816 1593 quod
837 1559 987 1586 consistere
1002 1567 1056 1586 non

277 1613 375 1644 potest.
396 1607 527 1635 Tenebrae
543 1613 608 1641 ergo
625 1605 653 1632 in
675 1604 870 1640 signiﬁcatione
892 1609 996 1631 tantum
1012 1612 1057 1631 va-

278 1657 345 1686 leut,
358 1658 488 1689 quantum
506 1659 617 1679 vanum.
634 1650 716 1678 Stulti
737 1657 803 1686 ergo
816 1650 905 1677 anima
920 1658 980 1685 quae
997 1658 1058 1678 cor-

278 1709 328 1737 pus
354 1699 460 1735 diligit,
489 1702 516 1726 et
541 1700 583 1725 est
607 1697 744 1728 carnalis,
772 1697 836 1724 dum
861 1696 918 1724 haec
944 1697 1056 1731 aspicit,

273 1747 343 1774 nihil
360 1746 440 1773 videt.
458 1743 534 1771 Vera!
550 1743 623 1771 enim
639 1746 704 1771 sunt
718 1742 836 1770 tenebrae
856 1749 919 1770 acer
936 1743 1013 1770 visus
1030 1743 1057 1770 in

276 1793 435 1821 sensilibus.
451 1791 533 1818 Vides
549 1791 617 1818 istos
632 1797 708 1817 acres
724 1794 751 1816 et
770 1790 797 1816 in
813 1789 864 1817 hac
881 1789 937 1816 vita
960 1797 1057 1816 versu-

278 1845 320 1866 tos
337 1847 369 1865 ac
389 1837 539 1868 versatiles,
561 1843 630 1871 quos
648 1843 698 1862 nos
721 1843 853 1862 vocamus
873 1835 1057 1870 jurispcritos,

276 1893 356 1920 quam
375 1883 454 1910 facile
474 1882 590 1910 eiliciant
607 1886 635 1908 ut
656 1881 737 1908 liceat
759 1881 847 1908 facere
862 1881 1000 1914 injuriam,
1017 1885 1058 1908 te-

276 1931 376 1960 stibus.
398 1928 531 1964 patronis,
547 1927 657 1958 libellis,
681 1926 803 1961 judicum
819 1926 1004 1958 observantia,
1029 1930 1058 1954 ut

269 1981 303 2002 et
320 1975 417 2001 malum
438 1973 540 2000 faciant
558 1976 586 1999 et
602 1976 711 1999 sumant
726 1972 908 2006 supplicium?
921 1971 988 2005 Quis
1004 1980 1057 1999 non

275 2026 369 2046 eorum
384 2019 498 2045 miretur
514 2017 693 2044 subtilitatem
710 2020 737 2043 et
757 2016 885 2043 versatile
899 2016 1058 2051 ingenium?

272 2065 346 2092 Sunt
373 2069 465 2090 tamen
490 2063 534 2090 isti
560 2063 637 2094 cazci,
666 2061 688 2089 si
718 2061 896 2088 conferantur
919 2069 980 2088 cum
1012 2062 1058 2089 illo

277 2110 366 2140 oculo.
385 2108 431 2143 qui
449 2115 480 2135 ea
497 2114 557 2142 qua;
576 2113 659 2141 supra
673 2110 747 2137 sunt,
765 2106 877 2140 aspicit,
901 2107 948 2141 qui
966 2110 1008 2134 est
1030 2106 1057 2133 in

1110 883 1212 909 ἐκεῖνον
1233 881 1343 916 μεγάλοι
1358 883 1385 907 ἐν
1399 883 1433 917 τῇ
1447 882 1551 917 κεφαλῇ
1567 882 1629 913 τοὺς
1642 881 1797 917 ὀφθαλμοὺς
1810 880 1891 918 εἶχον,

1108 928 1155 954 καὶ
1170 928 1267 958 πάντες
1285 929 1308 954 οἱ
1325 927 1353 953 ἐν
1371 927 1479 962 Χριστῷ
1499 927 1599 959 ζῶντες
1615 927 1661 953 καὶ
1678 928 1831 962 κινούμενοι
1846 929 1891 954 καὶ

1107 972 1192 1004 ὄντες.
1211 973 1254 1003 Ὠς
1271 974 1303 999 ἂν
1316 974 1365 998 οὐκ
1378 972 1435 998 ἔστι
1447 973 1492 998 τὸν
1506 974 1535 998 ἐν
1549 973 1617 1006 φωτὶ
1628 973 1693 999 ὂντα
1706 973 1800 1005 σκότος
1816 974 1890 1005 ἰδεῖν,

1107 1017 1192 1049 οὕτως
1203 1018 1252 1044 οὐκ
1262 1017 1318 1044 ἔστι
1328 1017 1372 1044 τὸν
1383 1019 1413 1044 ὲν
1424 1017 1462 1052 τῷ
1477 1017 1585 1053 Χριστῷ
1595 1018 1638 1044 τὸν
1648 1018 1784 1053 meum
1796 1020 1891 1054 ἔχοντα

1108 1064 1175 1100 πρός
1193 1072 1219 1090 τι
1240 1064 1294 1090 τῶν
1312 1064 1433 1099 ματαξων
1452 1065 1614 1091 ἐνατενζσαι.
1641 1065 1671 1090 ὐ
1685 1063 1732 1091 οὖν
1748 1066 1775 1091 ἐν
1790 1067 1822 1100 τῇ
1845 1058 1889 1091 κε-

1107 1109 1178 1145 φαλῇ
1195 1109 1258 1140 τοὺς
1272 1109 1428 1144 ὀφθαλμοὺς
1441 1108 1519 1143 ἔχων,
1543 1109 1664 1145 κεφαλὴν
1679 1110 1707 1135 δὲ
1729 1110 1778 1144 τὴν
1793 1110 1890 1141 παντὸς

1107 1155 1192 1190 ἀρχὴν
1214 1156 1374 1190 ἐνοήσαμεν,
1402 1156 1430 1182 ἐν
1447 1155 1521 1191 πάσῃ
1543 1156 1627 1190 ἀρετῇ
1652 1156 1714 1187 τοὺς
1735 1155 1890 1190 ὀφθαλμοὺς

1107 1201 1162 1235 ἔχει
1192 1200 1323 1235 (Χριστὸς
1350 1200 1403 1234 γάρ
1434 1201 1508 1226 ἐστιν
1529 1201 1545 1234 ὴ
1571 1201 1704 1235 παντελὴς
1726 1201 1840 1236 ἀρετὴ),
1861 1202 1890 1226 ἐν

1107 1245 1230 1281 ἀληθείᾳ,
1243 1246 1271 1271 ἐν
1280 1245 1446 1281 δικαιοσύνῃ,
1456 1246 1484 1272 ὲν
1496 1246 1643 1282 ἀφθαρσίᾳ,
1655 1247 1684 1272 ὲν
1694 1248 1775 1274 παντὶ
1787 1247 1889 1283 ἀγαθῷ.

1110 1301 1119 1316 ε
1131 1291 1184 1317 Τοῦ
1196 1301 1204 1316 ι
1215 1289 1261 1317 οὖν
1272 1301 1281 1316 ‹
1295 1290 1375 1325 σοφοῦ
1386 1290 1410 1316 οῖ
1422 1291 1565 1326 ὀφθαλμοὶ,
1582 1292 1610 1318 ὲν
1624 1292 1726 1328 κεφαλῇ
1738 1293 1830 1319 αὐτοῦ·
1841 1294 1891 1320 est

1107 1337 1210 1372 ἄφρων,
1225 1337 1254 1363 ἐν
1265 1337 1355 1363 σκότει
1369 1337 1524 1371 πορεύεται.
1538 1346 1547 1362 ι
1563 1337 1592 1363 '0
1606 1338 1660 1372 γὰρ
1676 1338 1712 1372 μὴ
1725 1339 1770 1364 ἐπὶ
1785 1338 1833 1374 τὴν
1846 1339 1891 1364 λυ-

1107 1383 1183 1417 χνίαν
1198 1382 1243 1409 τὸν
1260 1381 1356 1415 ἑαυτοῦ
1371 1382 1466 1417 λύχνον
1483 1382 1625 1418 προτείνας
1636 1403 1642 1412 ,
1657 1383 1715 1410 ἀλλ’
1733 1384 1891 1410 ὑποσάλλων

1107 1429 1139 1463 τῇ
1158 1428 1234 1462 βάσει
1248 1428 1298 1463 τῆς
1311 1427 1414 1462 κλίνης,
1429 1428 1458 1454 τὺ
1472 1428 1572 1462 φέγγος
1585 1429 1676 1464 ἐαυτῷ
1691 1430 1786 1461 σκότος
1798 1430 1891 1465 '5qu-

1109 1481 1164 1506 σεν,
1176 1473 1340 1508 δημιουργὸς
1351 1472 1398 1498 τοῦ
1410 1472 1585 1507 ἀνυπάρκτου
1599 1473 1754 1508 γενόμενος.
1769 1474 1890 1501 Μάταιον

1107 1519 1135 1545 δὲ
1153 1519 1183 1545 τὸ
1203 1518 1384 1553 ἀνύπαρκτον.
1401 1515 1475 1544 Ἶσον
1493 1515 1539 1544 οὖν
1556 1519 1613 1544 ἐστι
1630 1518 1700 1545 κατὰ
1719 1519 1749 1545 τὸ
1765 1520 1892 1554 σημαινό-

1109 1573 1187 1600 μενον
1201 1564 1238 1599 τῷ
1258 1564 1362 1599 ματαίῳ
1383 1564 1413 1590 τὸ
1435 1565 1539 1596 σκότος.
1562 1564 1616 1590 Τοῦ
1631 1564 1718 1591 τοίνυν
1743 1564 1859 1600 ἄφρονος
1873 1566 1889 1599 ὴ

1106 1610 1178 1644 ψυχὴ
1198 1609 1384 1644 φιλοσώματός
1399 1618 1441 1640 τις
1457 1611 1502 1635 καὶ
1516 1609 1657 1644 σαρκώδης
1676 1610 1846 1645 γεγενημένη
1863 1611 1891 1636 ὲν

1107 1655 1145 1690 τῷ
1168 1655 1254 1681 ταῦτα
1277 1654 1394 1689 βλέπειν,
1418 1654 1508 1688 βλέπει
1532 1654 1617 1680 οὐδέν·
1634 1655 1728 1686 σκότος
1747 1655 1801 1689 γάρ
1819 1656 1890 1681 ἐστιν

1108 1700 1215 1735 ἀληθῶς
1234 1701 1250 1735 ἡ
1273 1701 1302 1726 ἐν
1322 1700 1426 1730 τούτοις
1444 1699 1576 1732 ὀξυωπία.
1604 1701 1685 1735 Ὁρᾷς
1702 1701 1765 1732 τοὺς
1786 1701 1891 1735 δριμεῖς

1107 1748 1218 1778 τούτους
1233 1747 1280 1773 καὶ
1293 1743 1459 1781 εὐστρόφους
1481 1746 1552 1773 κατὰ
1574 1747 1619 1773 τὸν
1644 1746 1710 1781 βίον,
1723 1746 1769 1778 οὒς
1786 1747 1890 1774 δικανι-

1108 1793 1172 1824 κοὺς
1183 1792 1361 1826 ὀνομάζομεν,
1378 1791 1452 1823 ὅπως
1467 1793 1572 1823 ἑαυτοῖς
1590 1792 1638 1827 τὴν
1653 1792 1759 1818 ἀδικίαν
1776 1792 1891 1827 ἐξευμα-

1109 1838 1223 1874 ρῖζουσι,
1241 1837 1369 1873 μάρτυσι,
1385 1837 1553 1872 συνηγόροις,
1565 1839 1695 1873 γραφαῖς,
1709 1838 1741 1872 τῇ
1755 1837 1807 1864 τῶν
1822 1838 1892 1864 δικα-

1109 1883 1179 1910 στῶν
1199 1883 1343 1918 θεραπεία,
1360 1883 1429 1910 ὥστε
1451 1882 1499 1909 καὶ
1517 1882 1547 1908 τὸ
1571 1883 1657 1909 κακὸν
1675 1882 1892 1917 κατεργάζεσθαι

1108 1930 1155 1956 καὶ
1167 1929 1289 1956 ἐκδοῦναι
1302 1931 1351 1964 τὴν
1363 1930 1515 1965 τιμωρίαν;
1528 1929 1576 1960 Τίς
1586 1929 1615 1954 οὐ
1627 1929 1761 1963 θαυμάζει
1776 1929 1805 1955 τὸ
1819 1930 1892 1964 ἀγχί-

1108 1982 1170 2002 νουν
1182 1974 1236 2000 τῶν
1253 1974 1378 2001 τοιούτων
1399 1975 1445 2001 καὶ
1463 1974 1692 2010 εὖπερῑτρεπτονς
1724 1975 1793 2001 Ἀλλ’
1818 1976 1891 2009 ὅμως

1107 2020 1202 2055 τυφλοί
1221 2021 1287 2047 εἰσιν
1301 2021 1325 2046 οἱ
1341 2020 1466 2051 τοιοῦτοι,
1481 2021 1505 2046 εἰ
1529 2021 1596 2056 πρὸς
1610 2021 1711 2047 ἐκεῖνον
1730 2021 1774 2047 τὸν
1794 2021 1892 2054 ὀφθαλ-

1110 2066 1159 2101 μὸν
1169 2065 1345 2099 ὲξετάζοιντο,
1361 2066 1406 2091 τὸν
1417 2065 1450 2092 τὰ
1462 2066 1516 2092 ἄνω
1528 2065 1667 2100 βλέποντα,
1682 2066 1726 2092 τὸν
1740 2067 1772 2101 τῇ
1787 2067 1889 2101 κεφαλῇ

1108 2111 1161 2137 τῶν
1174 2111 1257 2137 ὄντων
1272 2111 1439 2146 ἐγκείμενον,
1458 2111 1552 2145 τυφλοί
1568 2111 1635 2137 εἰσιν
1653 2111 1790 2146 ἄντικρυς,
1804 2112 1829 2138 οἱ
1843 2112 1891 2148 τὴν

275 2155 364 2189 capite
380 2161 474 2182 eorum
489 2161 550 2189 qute
563 2160 627 2180 vere
642 2157 720 2188 sunt;
734 2152 814 2186 plane
834 2156 901 2179 sunt
919 2152 995 2184 caeci,
1011 2152 1057 2187 qui

1108 2155 1225 2191 πτέρναν
1241 2156 1343 2182 ἑαυτῶν
1358 2156 1583 2188 καλλωπίζοντες,
1595 2157 1645 2192 τὴν
1663 2158 1891 2192 σπαρασσομένην

276 2207 355 2228 suum
369 2202 468 2226 ornant
482 2198 650 2229 calcaneum,
666 2196 737 2232 quod
751 2197 887 2225 laceratur
898 2205 912 2224 a
927 2197 1056 2225 dentibus

276 2245 420 2280 serpentis.
447 2243 593 2278 Propterea
620 2243 692 2270 enim
714 2243 787 2278 quod
812 2249 844 2270 ea
870 2251 931 2278 qum
950 2243 1056 2272 inferne

275 2294 352 2321 sunt,
363 2289 512 2324 aspiciunt,
529 2288 582 2315 sibi
595 2288 662 2323 ipsis
677 2288 836 2323 itnprimunt
850 2288 976 2323 dogmata
993 2296 1057 2323 pec-

275 2336 340 2362 cati.
359 2345 368 2360 ‹
387 2334 438 2367 Qui
454 2334 527 2360 enim
547 2333 636 2368 diligit
660 2333 842 2367 iniquitatem,
859 2332 916 2360 odit
936 2333 1057 2360 animam

274 2387 351 2407 suam
363 2380 395 2411 7‘,
415 2390 424 2406 ι
450 2383 475 2406 et
497 2378 569 2413 quod
591 2386 625 2406 ex
645 2379 679 2406 iis
702 2379 773 2406 inter
788 2378 913 2406 homines
928 2382 1058 2406 censetur

261 2427 396 2458 'beatum.
413 2430 456 2453 est
479 2425 624 2460 quibusvis
649 2425 732 2453 rebus
757 2425 881 2453 adversis
909 2425 1055 2453 miserabi-

274 2474 338 2500 lius.
360 2472 446 2505 Quam
463 2472 541 2498 multi
565 2475 655 2499 autem
674 2480 771 2500 rursus
794 2475 890 2499 contra
911 2476 985 2502 sunt,
1009 2471 1055 2505 qui

273 2519 414 2553 replentur
441 2517 474 2544 iis
490 2525 551 2553 quae
578 2522 643 2545 sunt
665 2517 692 2544 in
718 2518 772 2544 alto
797 2519 1003 2549 certaminibus,
1029 2522 1055 2544 et

261 2560 417 2592 ’versantur
432 2563 458 2590 in
475 2571 570 2591 eorum
587 2571 647 2599 qua:
661 2570 724 2591 vere
737 2567 800 2591 sunt
814 2563 1053 2598 contemplatione,

273 2610 466 2637 existimantur
483 2613 573 2636 autem
602 2608 667 2636 caeci
685 2612 712 2636 et
729 2608 839 2635 inutiles
854 2609 880 2635 in
899 2608 982 2636 rebus
997 2617 1054 2636 ma-

272 2655 426 2685 terialibns.
441 2654 549 2689 qualem
566 2661 595 2681 se.
607 2653 741 2689 gloriatur
755 2661 816 2681 esse
831 2653 945 2684 Paulus,
960 2653 1054 2682 dicens

271 2708 300 2727 se
315 2708 375 2728 esse
394 2700 507 2727 stultum
523 2703 634 2734 propter
649 2699 798 2727 Christum.
817 2699 881 2734 Ejus
896 2700 969 2726 enim
987 2707 1052 2734 prn-

310 2789 328 2804 ⁷⁵
345 2787 420 2814 Ρειιι.
445 2794 473 2819 ι,
494 2786 520 2813 6.

1109 2202 1165 2232 τοῖς
1179 2201 1268 2227 ὀδοῦσι
1280 2201 1327 2227 τοῦ
1342 2201 1439 2235 ὅψεως.
1453 2203 1491 2227 Δι’
1505 2198 1542 2228 ὧν
1552 2202 1606 2236 γὰρ
1618 2202 1652 2228 τὰ
1665 2202 1739 2229 κάτω
1754 2202 1889 2238 βλέπουσι,

1108 2246 1142 2273 τὰ
1166 2246 1287 2281 δόγματα
1309 2247 1358 2281 τῆς
1387 2247 1522 2282 ἁμαρτίας
1543 2248 1647 2280 ἑαυτοῖς
1668 2249 1889 2284 ἐγχαράσσουσιν.

1111 2299 1122 2314 ‹
1146 2290 1175 2316 '0
1190 2290 1244 2324 γὰρ
1258 2290 1373 2324 ἀγαπῶν
1386 2290 1502 2322 ἀδικίαν,
1512 2291 1641 2327 μισεῑτὴν
1653 2293 1749 2319 ἑαυτοῦ
1757 2293 1860 2330 ψυχὴν,
1878 2304 1888 2320 ι

1108 2335 1155 2362 καὶ
1171 2334 1201 2360 τὸ
1223 2334 1439 2370 μακαριζόμενον
1462 2335 1550 2362 αὐτῶν
1565 2336 1594 2361 ἐν
1615 2336 1778 2371 ἀνθρώποις,
1797 2338 1887 2372 πάσης

1107 2380 1275 2415 δυσπραγῖας
1285 2380 1472 2416 ἐλεεινότερον.
1488 2381 1569 2408 Πόσοι
1588 2381 1616 2408 δέ
1628 2381 1707 2409 πάλιν
1719 2383 1750 2408 ἐκ
1761 2382 1807 2408 τοῦ
1819 2383 1892 2409 ἐναν-

1106 2426 1164 2452 τίου
1177 2425 1231 2451 τῶν
1246 2426 1275 2452 ἐν
1284 2425 1322 2461 τῷ
1343 2425 1405 2460 ὕψει
1425 2426 1537 2460 ἀγώνων
1560 2427 1759 2463 ἐμφορούμενοι
1769 2447 1776 2459 ,
1792 2427 1840 2454 καὶ
1856 2430 1889 2464 τῇ

1110 2471 1210 2507 θεωρίᾳ
1224 2471 1277 2498 τῶν
1288 2471 1371 2502 ὅντως
1383 2471 1466 2498 ὄντων
1480 2472 1723 2508 ἀπασχολάζοντες,
1739 2473 1833 2507 τυφλοὶ
1849 2482 1891 2500 τι-

1109 2524 1153 2547 νες
1173 2517 1202 2542 ὲν
1225 2517 1281 2547 τοῖς
1301 2516 1401 2548 ὑλικοϊς
1413 2518 1573 2552 πράγμασιν
1586 2516 1656 2545 εἶναι
1671 2518 1826 2553 νομίζονται
1843 2519 1891 2546 καὶ

1108 2561 1231 2595 ἀνόνητοι
1241 2582 1247 2594 ,
1267 2559 1322 2588 οἷον
1336 2562 1382 2588 καὶ
1399 2564 1412 2589 ὁ
1426 2562 1531 2595 Παῦλος
1553 2562 1621 2590 εἶναι
1636 2565 1781 2599 καυχᾶται,
1800 2565 1891 2600 μωρὸν

1108 2607 1201 2633 ἑαυτὸν
1212 2606 1254 2633 διὰ
1265 2607 1311 2633 τὸν
1325 2606 1438 2643 Χριστὸν
1449 2607 1518 2636 εἶναι
1529 2609 1626 2644 λέγων,
1653 2609 1685 2636 'H
1696 2610 1750 2644 γὰρ
1762 2610 1891 2644 φρόνησις

1103 2652 1185 2679 αὑτοῦ
1206 2652 1253 2678 καὶ
1269 2653 1284 2688 ἡ
1301 2654 1380 2688 σοφία
1395 2654 1463 2689 πρὸς
1477 2655 1553 2681 οὐδὲν
1566 2655 1620 2682 τῶν
1634 2652 1684 2682 ὦδε
1707 2654 1891 2689 σπουδαζομέ-

1103 2705 1155 2723 νων
1169 2697 1316 2731 ἠσχολεῖτο.
1328 2699 1372 2726 Διὸ
1385 2698 1468 2733 λέγει,
1485 2708 1494 2725 α
1506 2700 1600 2735 Ἡμεῖς
1615 2700 1702 2736 μωροὶ
1713 2700 1757 2727 διὰ
1768 2699 1814 2726 τὸν
1824 2697 1891 2734 Χρι-
