1989 3070
85 101 135 126 6⁸5

610 101 641 128 ΙΝ
659 101 925 129 ECCLESMSTEN.
943 100 1084 128 HOMILIA
1103 101 1135 128 ν.

1643 99 1697 128 833

87 158 154 185 στόν·
162 168 171 184 ι
184 158 221 190 ὡς
233 157 265 184 ἂν
276 159 300 185 si
311 158 411 192 ἔλεγεν·
427 159 521 194 Ἡμεῖς
530 168 560 185 τυ
566 159 622 193 plot
630 160 668 194 τῷ
678 159 818 195 κάτωβίῳ,
828 161 863 186 διὸ

922 157 1014 184 tientia
1039 162 1065 185 et
1097 157 1229 192 sapientia
1259 157 1422 185 versabatur
1449 156 1475 183 in
1503 155 1579 184 nullo
1605 163 1699 184 eorum

85 206 114 231 τὸ
127 204 182 231 ἄνω
202 203 321 238 βλέπειν,
346 204 392 230 καὶ
409 205 472 235 τοὺς
488 203 641 239 ὀφθαλμοὺς
662 205 691 230 ἐν
710 206 742 240 τῇ
762 205 866 240 κεφαλῇ

86 250 164 286 ἔχειν.
174 249 274 276 Τούτου
286 250 365 284 χάριν
375 249 488 283 ἀστεγος
499 247 532 284 ἦν
542 250 590 277 κα)⁵
599 249 761 285 ἀτράπεζος,
772 251 866 284 πένης,

86 295 312 331 ἀλήτης,γυμνὸς,
323 295 393 330 λιμῷ
403 295 527 330 καὶδίψει
540 296 786 331 κατατρυχόμενος.
797 296 865 322 Ἀλλ’

85 342 98 368 ὁ
110 342 181 369 κάτω
195 341 324 372 τοιοῦτος.
339 341 368 367 ἐν
380 342 435 371 τοῖς
449 341 504 368 ἄνω
515 341 652 376 σκόπησον
665 338 719 372 οἷος
732 339 775 377 ἦν.
793 342 866 374 Ἕως

85 388 136 424 γὰρ
149 387 240 423 τρίτου
255 387 370 422 οὐρανοῦ
385 387 501 422 ὑψωθεὶς
513 408 520 419 ,
541 388 607 414 ὅπου
627 389 643 423 ἡ
662 388 767 423 κεφαλὴ
784 388 865 415 αὑτοῦ

83 431 126 468 ἦν,
139 434 196 460 ἐκεῖ
206 434 269 464 τοὺς
289 432 445 468 ὀφθαλμοὺς
469 433 556 468 ἔσχεν,
575 435 629 465 τοῖς
641 434 805 469 ἀπορρήτοις
819 434 866 462 τοῦ

85 478 243 513 παραδείσου
257 478 415 513 μυστηρίοις
430 478 650 514 ὲναγαλλόμενος,
663 480 709 506 καὶ
722 479 755 506 τὰ
765 479 866 506 ἀθέατα

86 524 199 558 βλέπων,
223 524 270 550 καὶ
286 523 427 558 ἐντρυφῶν
442 523 557 555 ἐκείνοις
581 524 630 550 ὃσα
650 524 718 558 ὑπὲρ
741 524 866 559 αἴσθησίν

84 570 139 595 ἐστι
164 569 211 595 καὶ
231 568 357 595 διάνοιαν.
386 568 440 594 Καὶ
465 568 506 599 τίς
529 569 578 594 οὐκ
595 568 628 594 ἂν
653 569 766 595 ὲλεεινδν
786 569 867 596 αὑτὸν

83 613 160 649 ᾠήθη
170 633 177 642 ,
192 613 332 648 δεσμώτην
348 612 462 647 βλέπων,
484 612 530 639 καὶ
545 612 662 646 πληγαῖς
683 612 864 647 αἰκιζόμενον.

85 660 130 686 καὶ
156 658 246 694 βύθιον
266 659 297 684 ἒν
321 658 442 693 ναυαγίῳ
464 657 508 684 διὰ
533 657 670 691 πελάγους,
686 659 742 689 τοῖς
763 658 865 693 κύμασι

85 704 152 739 μετὰ
165 703 218 730 τῶν
234 703 339 738 δεσμῶν
357 703 580 738 συμφερόμενονς
608 703 677 729 Ἀλλ’
699 703 772 738 ὅμως
792 705 816 730 εί
833 704 866 730 τὰ

84 751 111 775 ἐν
128 747 279 782 ἀνθρώποις
291 747 411 777 τοιαῦτα.
428 747 474 774 τοῦ
488 747 578 782 μέντοι
593 748 621 774 ὲν
636 748 739 783 κεφαλῇ
754 749 866 775 διαπαν-

83 794 126 825 τὸς
140 794 201 825 τοὺς
216 792 370 827 ὀφθαλμοὺς
381 792 451 827 ἔχειν
466 793 514 819 οὐκ
527 793 672 829 ἀπετράπη
681 793 777 827 λέγων·
796 803 804 819 ι
817 795 865 825 Τις

83 839 153 874 ἡμᾶς
168 838 280 873 χωρίσει
295 837 348 864 ἀπὸ
366 837 415 871 τῆς
439 838 549 871 ἀγάπης
568 837 614 864 τοῦ
637 838 753 872 Χριστοῦ
771 839 820 873 τῆς
835 839 865 865 ἐν
880 830 901 859 Β

83 883 191 918 Χριστῷ
213 882 316 917 ’1ησοῦ;
333 882 436 916 suom,
458 881 474 916 ἢ
500 882 676 917 στενοχωρία,
693 882 710 917 ἢ
727 882 862 918 διωγμῦς,

82 929 97 963 ἢ
113 927 199 962 λιμὸς,
214 927 231 962 ἢ
245 926 420 961 γυμνότης,ἢ
436 925 591 964 κίνδυνος,ῆ
603 925 739 960 μάχαιρα;
755 935 764 951 ι
775 927 863 961 Ὂπερ

81 973 136 1001 ἶσόν
159 975 215 1000 ἐστι
232 972 279 1000 τοῦ
298 972 397 1006 λέγειν’
413 971 460 1003 Τίς
485 980 535 1006 μου
554 971 616 1002 τοὺς
634 971 788 1006 ὀφθαλμοὺς
812 972 866 999 ἀπὸ

81 1021 130 1055 τῆς
143 1019 262 1054 κεφαλῆς
287 1017 418 1053 eaepse“,
442 1017 489 1043 καὶ
507 1017 575 1051 πρὸς
593 1016 623 1043 τὸ
647 1017 816 1051 πατούμενόν
836 1026 866 1044 τε

80 1065 127 1092 καὶ
140 1065 232 1099 γὴῖνον
251 1063 414 1098 μεταστήσει
426 1070 433 1093 ;
447 1061 532 1087 Τοῦτο
545 1061 573 1087 δὲ
588 1062 635 1087 καὶ
649 1062 715 1096 ἡμῖν
728 1062 866 1095 ἐγκελεύε-

65 1118 123 1145 ¹ται
139 1109 169 1135 τὸ
182 1106 240 1135 ἴσον
252 1108 349 1138 ποιεῖν,
363 1107 392 1133 ὲν
404 1106 443 1141 τῷ
458 1105 666 1141 παραγγέλλειν,
680 1106 715 1132 τὰ
731 1106 787 1133 ἀνω
801 1116 866 1142 φρο-

79 1155 143 1185 νεῖν,
161 1154 228 1189 ὅπερ
250 1152 341 1187 ὅμοιόν
363 1151 421 1178 ἐστι
444 1150 490 1177 τοῦ
506 1150 605 1184 λέγειν,
627 1150 655 1177 ἐν
676 1151 780 1187 κεφαλῇ
803 1152 866 1183 τοὺς

77 1199 233 1234 ὀφθαλμοὺς
248 1198 329 1233 ἔχειν.

918 209 1034 237 quorum
1055 202 1146 228 studio
1167 202 1211 228 hic
1235 207 1371 229 tenemur.
1393 201 1464 229 Dicit
1485 201 1586 236 itaque.
1613 211 1623 227 ι
1645 201 1701 229 Nos

919 248 995 275 stulti
1012 251 1120 282 propter
1136 247 1276 274 Christum
1289 247 1324 280 ⁷⁵,
1343 257 1352 273 ι
1370 247 1484 282 perinde
1498 254 1528 274 ac
1546 247 1569 274 si
1585 246 1701 279 diceret,

919 293 974 320 Nos
987 293 1050 320 czeci
1066 293 1093 319 in
1110 293 1144 320 iis
1165 300 1225 327 quae
1242 293 1377 326 pertinent
1398 292 1431 319 ad
1450 293 1530 323 hanc,
1545 300 1605 326 quae
1621 292 1701 319 deor-

918 345 979 365 sum
992 337 1092 372 agitur,
1108 338 1203 369 vitam,
1219 341 1362 372 propterea
1382 337 1455 372 quod
1472 345 1581 364 sursum
1600 337 1700 372 aspici-

919 392 990 415 mus,
1006 387 1033 410 et
1048 383 1143 410 oculos
1161 383 1292 411 habemus
1314 383 1340 410 in
1360 383 1460 418 capite.
1484 383 1540 410 Hac
1564 383 1597 409 de
1618 390 1700 410 causa

917 434 975 457 erat
997 430 1056 457 sine
1079 433 1151 456 tecto
1173 433 1199 456 et
1218 437 1322 465 mensa.
1341 437 1452 464 panper,
1468 436 1575 461 errans,
1597 429 1699 460 nudus,

917 475 988 502 fame
1009 479 1037 502 et
1057 475 1102 503 siti
1121 475 1257 502 laborans.
1281 474 1335 502 Sed
1360 474 1406 510 qui
1423 475 1450 501 in
1464 474 1544 502 rebus
1562 481 1622 508 quae
1636 478 1700 502 sunt

917 520 988 547 infra
1013 525 1071 548 erat
1091 521 1164 552 talis,
1188 520 1332 548 considera
1354 520 1443 555 qualis
1463 524 1522 547 erat
1546 519 1574 547 in
1603 528 1700 553 super-

917 566 1005 594 nis".
1032 566 1072 592 Ad
1093 567 1204 594 tertium
1230 567 1302 594 enim
1329 574 1417 601 usque
1439 567 1538 593 coelum
1563 566 1697 597 sublatus,

918 611 964 638 ubi
976 616 1035 639 erat
1049 612 1110 646 ejus
1127 616 1219 646 caput,
1238 612 1293 639 illic
1305 612 1422 639 habebat
1435 612 1540 642 oculos,
1557 611 1698 638 exsultans

917 657 943 683 in
968 658 1076 684 arcanis
1100 657 1163 684 cmli
1183 657 1333 696 mysteriis,
1359 661 1386 684 et
1412 664 1443 684 ea
1468 656 1616 691 aspiciens,
1639 663 1699 691 qua:

916 703 992 728 cerui
1017 710 1071 729 non
1094 707 1220 737 possunt,
1235 706 1262 729 et
1278 702 1332 729 illis
1347 710 1376 729 se
1390 702 1541 733 obiectans,
1560 709 1619 735 qua:
1635 709 1698 728 scn-

916 754 975 773 sum
998 751 1128 781 superant
1153 751 1182 774 et
1209 747 1412 781 cogitationem.
1435 746 1503 779 Quis
1527 750 1618 773 autem
1642 753 1697 773 non

916 791 1103 819 cxistimasset
1130 800 1192 819 eum
1213 800 1274 820 esse
1296 792 1491 822 miserabilem,
1515 800 1576 818 eum
1600 792 1697 819 videns
1737 796 1740 799 '

916 838 943 864 in
960 837 1087 870 vinculis,
1106 842 1133 864 et
1152 837 1237 872 plagis
1255 845 1303 871 per
1324 837 1454 872 probrum
1472 836 1553 869 adici,
1579 842 1606 864 et
1629 845 1697 864 nave

916 881 1000 908 fracta
1016 889 1078 909 esse
1106 882 1132 908 in
1153 881 1295 916 profundis
1317 881 1448 909 ﬂuctibus
1471 882 1567 914 maris,
1587 887 1614 909 et
1634 888 1695 908 cum

915 926 1033 954 vinculis
1059 927 1251 954 circumferri?
1272 927 1325 955 Sed
1346 931 1437 954 tamen
1463 927 1513 955 etsi
1540 927 1602 954 talis
1625 933 1698 954 cssot

916 971 987 999 inter
1005 972 1143 1005 homines,
1159 979 1214 998 non
1238 972 1337 999 avertit
1356 975 1447 999 tamen
1469 971 1574 1003 oculos,
1592 971 1698 1005 quomi-

914 1024 967 1045 nus
982 1024 1029 1044 eos
1051 1025 1159 1052 semper
1178 1017 1290 1045 haberet
1305 1011 1334 1044 in
1351 1017 1450 1052 capite,
1468 1016 1562 1044 dicens
1577 1027 1583 1043 :
1605 1026 1613 1041 ι
1630 1016 1696 1049 Quis

914 1069 965 1088 nos
981 1062 1119 1096 separabit
1134 1070 1149 1089 a
1166 1062 1301 1089 charitate
1313 1062 1428 1094 Christi,
1442 1069 1503 1096 quae
1516 1066 1558 1089 est
1577 1062 1603 1088 in
1617 1061 1696 1088 Chri-

914 1112 957 1136 sto
970 1108 1052 1136 Jesu?
1066 1108 1186 1140 amictio,
1201 1116 1235 1136 an
1255 1109 1403 1144 angustia?
1414 1116 1448 1135 an
1468 1108 1642 1143 persecutio?
1660 1115 1695 1134 an

910 1152 1020 1191 fames?
1034 1161 1068 1181 an
1085 1153 1206 1186 nuditas,
1221 1162 1255 1181 an
1275 1154 1435 1189 periculum,
1455 1160 1490 1180 an
1506 1153 1613 1188 gladius
1621 1152 1664 1179 "1'
1683 1161 1692 1178 ι

915 1198 991 1231 Quod
1004 1199 1117 1234 perinde
1130 1203 1172 1227 est
1193 1207 1224 1226 ac
1240 1200 1263 1226 si
1280 1199 1383 1226 diceret
1398 1208 1405 1226 :
1421 1198 1489 1232 Quis
1509 1206 1584 1226 meos
1601 1198 1696 1225 oculos

77 1243 189 1272 eﬂodiet
211 1251 226 1270 a
251 1243 351 1277 capite,
371 1246 398 1269 et
423 1240 571 1269 transferet
591 1241 625 1268 ad
649 1241 676 1268 id
700 1241 774 1276 quod
797 1243 976 1270 conculcatur
989 1249 1016 1270 et
1035 1249 1077 1271 est
1093 1245 1244 1272 terrestre?
1274 1243 1359 1271 Nobis
1394 1251 1503 1278 quoque
1534 1243 1587 1271 hoc
1616 1242 1696 1278 jubet

78 1291 206 1319 similiter
226 1290 315 1318 facere
336 1289 400 1316 dum
424 1288 559 1324 praecipit,
583 1296 643 1324 quae
658 1297 768 1317 sursum
792 1295 857 1318 sunt
875 1291 1014 1326 sapere",
1035 1291 1109 1327 quod
1129 1292 1242 1327 perinde
1271 1295 1315 1319 est
1336 1299 1368 1319 ac
1400 1291 1424 1320 si
1451 1291 1566 1323 diceret,
1590 1291 1691 1319 habere

76 1340 172 1367 oculos
187 1339 212 1366 in
225 1338 322 1373 capite.

117 1384 186 1411 Ἀλλ’
196 1385 220 1410 εξ
231 1383 430 1419 μεμαθήκαμεν
440 1384 498 1416 πῶς
509 1385 561 1411 εἰσι
570 1384 617 1411 τοῦ
630 1385 712 1419 σοφοῦ
722 1385 746 1411 οἱ
761 1385 861 1420 ὀφθαλ-

949 1382 1003 1410 Sed
1024 1383 1047 1410 si
1062 1382 1208 1410 didicimus
1224 1382 1453 1417 quemadmodum
1478 1387 1542 1410 sunt
1558 1383 1693 1419 sapientis

78 1431 124 1466 μοὶ
133 1431 162 1457 ὲν
176 1429 281 1464 κεφαλῇ
299 1429 392 1460 αὑτοῦ,
407 1428 537 1464 φύγωμεν
553 1429 603 1465 τὴν
618 1429 784 1465 ἀφροσύνην,
800 1430 862 1465 ἥτις

913 1428 985 1454 oculi
1010 1428 1037 1454 in
1058 1427 1118 1462 ejus
1140 1428 1240 1462 capite,
1262 1428 1400 1464 fugiamus
1415 1429 1612 1463 insipientiam,
1633 1438 1693 1465 qua:

77 1476 171 1506 σκότος
181 1476 235 1506 τοῖς
247 1475 274 1501 ὲν
284 1474 323 1509 τῷ
334 1474 383 1509 βίῳ
394 1474 479 1509 τούτῳ
487 1476 679 1510 πορευομένοις
688 1474 800 1509 γίνεται.
811 1484 821 1500 ι
833 1475 862 1502 '0

75 1521 130 1556 γὰρ
142 1520 247 1555 ἄφρων,
261 1529 270 1545 ι
285 1519 377 1553 φησὶν,
391 1527 400 1544 ι
416 1519 446 1545 ἐν
456 1519 546 1546 σκότει
559 1519 712 1554 πορεύεται.
727 1529 737 1546 ι
751 1520 863 1556 Ἄφρων

75 1565 104 1591 δέ
116 1566 183 1596 ἔστι,
201 1563 292 1594 καθὼς
308 1564 324 1599 ἡ
348 1564 499 1599 προφητεία
514 1564 607 1598 φησὶν,
623 1566 637 1591 ὀ
661 1566 690 1591 ὲν
705 1565 739 1600 τῇ
764 1566 862 1602 καρδίᾳ

75 1611 161 1645 λέγων
177 1609 213 1645 μὴ
227 1607 295 1636 εἶναι
317 1608 393 1640 Θεὸν,
409 1609 438 1640 ὃς
458 1608 589 1644 διεφθάρη
604 1609 650 1635 καὶ
671 1609 816 1644 ὲὸδελύχθη
832 1611 862 1636 ὲν

75 1653 297 1689 ἐπιτηδεύμασιν.
318 1653 350 1679 Ἦ
360 1652 387 1679 δὲ
401 1652 545 1679 ἀκολουθία
558 1653 604 1679 τοῦ
615 1653 693 1688 λόγου
706 1653 859 1689 θεραπεύει,

73 1699 119 1726 διὰ
143 1699 195 1725 τῶν
220 1698 318 1733 ἑφεξῆς
335 1698 496 1733 εἰρημένων,
515 1697 578 1728 τοὺς
597 1698 770 1734 μικροψύχως
796 1699 861 1735 περὶ

74 1742 124 1777 τὴν
139 1741 210 1777 ζωὴν
221 1740 322 1775 ταύτην
333 1740 527 1776 διακειμένους·
547 1738 587 1772 οἷς
601 1741 716 1776 χαλεπόν
730 1752 756 1769 τι
772 1744 802 1770 τὸ
814 1743 860 1770 τοῦ

76 1787 194 1814 θανάτου
210 1786 349 1820 νομίζεται
361 1805 369 1818 ,
386 1786 434 1812 καὶ
450 1785 495 1812 διὰ
508 1786 586 1812 τοῦτο
608 1787 702 1823 κέρδος
727 1788 803 1815 οὐδὲν
813 1789 860 1815 τοῦ

76 1833 136 1860 κατ’
153 1832 252 1870 ἀρετὴν
267 1831 325 1867 βίου
340 1832 396 1862 τοῖς
408 1831 457 1866 τὴν
470 1831 637 1867 ὑψηλοτέραν
654 1833 775 1868 μετιοῦσι
789 1833 861 1870 ζωὴν

75 1877 146 1906 εἶναι
161 1879 351 1905 πεπίστευται·
376 1877 417 1904 ὃτι
432 1877 596 1912 ἀμφοτέροις
609 1879 676 1914 πρὸς
695 1879 725 1906 τὸ
735 1880 799 1907 αὐτὸ
811 1881 861 1907 πέ-

76 1933 129 1960 ρας
140 1925 157 1958 ὴ
172 1923 228 1958 ζωὴ
243 1922 402 1956 καταλήγει”
417 1922 463 1949 καὶ
478 1922 528 1948 οὐκ
551 1922 624 1950 ἔστιν
644 1925 796 1958 ἀποφυγεῖν
813 1925 859 1952 τοῦ

73 1969 211 2000 Θανάτου,
228 1967 253 1993 εί
275 1966 312 2002 μὴ
331 1965 375 1992 διὰ
396 1966 445 2001 τῆς
463 1967 636 2003 ἀστειοτέρας
658 1969 860 2005 κατορθωθῆναι

73 2014 159 2050 ζωῆς.
180 2013 236 2044 Τὰς
244 2009 291 2039 οὖν
303 2011 428 2044 τοιαύτας
439 2012 587 2044 ἀντιθέσεις
601 2013 638 2045 ὡς
652 2013 681 2046 ἐξ
698 2015 761 2041 ἰδίου
775 2024 860 2051 προσ-

72 2061 150 2087 ώπου
164 2058 333 2093 ποιούμενος.
345 2054 425 2084 πάλιν
436 2057 603 2085 καθάπτεται
616 2059 665 2094 τῆς
678 2060 792 2093 ἀτοπίας
805 2061 860 2088 τῶν

72 2106 266 2142 προφερόντων
286 2107 388 2137 ὲκείνα,
405 2106 442 2136 ὡς
458 2107 663 2139 ἀνεπισκέπτως
683 2108 798 2143 ἐχόντων
810 2109 860 2144 τῆς

71 2150 128 2176 τῶν
140 2150 223 2176 ὄντων
237 2149 354 2185 φύσεως,
364 2149 538 2177 καὶδιδάσκει
552 2151 601 2185 τὴν
611 2151 752 2187 διαφορὰν,
767 2154 795 2180 ὲν
808 2153 860 2181 τίνι

71 2194 104 2222 τὸ
117 2195 199 2222 πλέον
216 2195 272 2231 ἔχει
296 2196 312 2232 ἡ
330 2197 414 2232 ἀρετὴ
430 2197 480 2231 τῆς
498 2197 606 2229 κακίας·
626 2198 663 2229 ὼς
679 2199 740 2234 οὐχὶ
754 2200 797 2227 διὰ
813 2201 862 2235 τῆς

72 2239 121 2267 τοῦ
146 2240 262 2267 θανάτου
287 2242 442 2279 κοινότητος
462 2242 606 2277 όμοτιμίας
629 2243 701 2276 τινὸς
719 2245 748 2270 ὲν
770 2246 861 2278 αὐτοῖς

73 2283 265 2319 ἐλπιζομένης,
283 2284 350 2312 ἀλλὰ
368 2285 411 2311 διὰ
424 2285 478 2311 τῶν
492 2286 532 2316 είς
547 2285 658 2321 ὕστερον
674 2287 861 2322 ἀναμενόντων

72 2326 165 2353 καλῶν
186 2327 202 2361 ἢ
221 2327 312 2354 κακῶν
335 2328 384 2363 τῆς
404 2327 535 2363 διαφορᾶς
555 2329 765 2365 εὑρισκομένης.
779 2331 855 2367 Ἔχει

70 2371 100 2396 δὲ
112 2372 130 2405 ἡ
145 2371 216 2403 λέξις
227 2372 276 2406 τῆς
289 2371 451 2403 ἀντιθέσεως
462 2371 549 2403 οὕτως
558 2379 565 2387 ’
581 2381 591 2397 ι
613 2373 718 2407 Ἐγνων
741 2375 796 2409 ἐγὼ
815 2377 856 2403 ὃτι

72 2415 233 2450 συνάντημα
251 2415 280 2442 ἓν
293 2416 487 2451 συναντήσεται
510 2417 566 2448 τοϊς
586 2418 667 2451 πᾶσιν
685 2419 786 2451 αὐτοῖς.
805 2420 857 2448 Καὶ

72 2457 141 2486 εἶπα
162 2459 217 2494 ἐγὼ
235 2461 264 2487 ἐν
282 2462 316 2496 τῇ
333 2461 430 2496 καρδίᾳ
451 2470 501 2497 μου
513 2482 521 2494 ,
536 2463 575 2495 ὡς
595 2464 755 2501 Συνάντημα
777 2467 858 2503 ἄφρο-

71 2513 118 2536 νος
133 2505 179 2532 καί
189 2514 221 2540 γε
232 2505 293 2541 ἐμοὶ
307 2506 507 2541 συναντήσεται.
522 2507 576 2534 Καὶ
590 2508 634 2535 ἵνα
646 2509 673 2535 τι
689 2510 858 2547 ὲσοφισάμην

70 2551 130 2584 ἑγὼ
153 2551 296 2586 περισσόν;
322 2550 441 2586 ἐλάλησα
462 2551 492 2578 ὲν
505 2553 539 2587 τῇ
562 2553 660 2589 καρδίᾳ
681 2564 742 2590 μου,
766 2556 832 2584 διότι
846 2559 861 2584 ὁ

70 2596 169 2631 ἄφρων
191 2597 223 2622 ἐκ
248 2595 467 2632 περισσεύματος
489 2596 580 2629 λαλεῖ,
604 2598 644 2625 ὅτι
675 2601 722 2627 καί
736 2610 768 2635 γε
784 2603 861 2630 τοῦτο

72 2639 310 2682 ματαιότηςτὍτι
327 2641 376 2666 οὐκ
397 2641 469 2667 εστιν
484 2642 500 2676 ἡ
520 2642 613 2677 μνήμη
633 2644 680 2670 τοῦ
697 2646 778 2680 σοφοῦ
793 2648 861 2682 μετά

68 2685 120 2712 τοῦ
141 2681 257 2721 ἄφρονος
280 2686 320 2716 εις
336 2685 431 2712 αίῶνα·
455 2686 517 2712 καθ’
532 2686 572 2714 ὃτι
599 2687 648 2723 ἢδη
668 2690 697 2716 αἱ
714 2681 815 2728 ἡμέραι
832 2695 860 2721 αι

915 1477 957 1500 est
976 1472 1094 1500 tenebrae
1109 1473 1155 1505 iis,
1168 1473 1214 1508 qui
1238 1473 1264 1501 in
1282 1475 1332 1500 hac
1352 1473 1406 1500 vita
1423 1473 1573 1501 ambulant.
1591 1484 1601 1500 ι
1620 1475 1694 1502 Stul-

917 1522 961 1546 tus
978 1519 1062 1551 enim,
1082 1529 1092 1546 ι
1109 1519 1208 1554 inquit,
1231 1529 1240 1545 ι
1256 1521 1378 1547 ambulat
1397 1521 1423 1547 in
1447 1521 1578 1550 tenebris.
1597 1531 1606 1547 ι
1626 1522 1694 1550 Insi-

913 1563 992 1598 piens
1005 1567 1095 1591 autem
1109 1568 1163 1596 est,
1178 1567 1208 1590 ut
1222 1563 1288 1591 dicit
1302 1565 1443 1599 prophetia
1455 1565 1488 1594 ".
1502 1565 1549 1599 qui
1567 1565 1594 1592 in
1613 1566 1695 1593 corde

913 1616 964 1636 suo
980 1608 1047 1636 dicit
1062 1616 1117 1636 non
1139 1616 1200 1636 esse
1217 1608 1312 1640 Deum,
1325 1609 1371 1644 qui
1389 1614 1535 1644 corruptus
1551 1614 1579 1637 et
1591 1611 1693 1638 abomi-

913 1653 1021 1681 nandus
1035 1654 1122 1682 evasit
1137 1654 1165 1680 in
1179 1654 1237 1682 suis
1248 1654 1357 1683 studiis.
1371 1654 1449 1687 Quod
1466 1659 1556 1682 autem
1569 1656 1695 1690 sequitur

913 1698 941 1725 in
970 1704 1098 1726 contextu
1123 1698 1269 1733 orationis,
1295 1700 1328 1726 iis
1354 1699 1478 1726 medetur
1499 1707 1546 1734 per
1577 1707 1607 1726 ca
1632 1708 1693 1735 quze

913 1742 1042 1778 deinceps
1065 1743 1138 1770 dicta
1157 1746 1232 1776 sunt,
1245 1743 1291 1778 qui
1309 1742 1343 1769 ad
1368 1743 1438 1770 hanc
1455 1744 1536 1771 vitam
1561 1748 1626 1771 sunt
1642 1752 1693 1779 pu—

913 1789 968 1816 silli
982 1793 1008 1816 et
1023 1789 1122 1824 abjecti
1145 1788 1240 1821 animi,
1254 1789 1299 1824 qui
1314 1793 1429 1816 mortem
1453 1797 1534 1824 grave
1549 1790 1650 1824 aliquid
1665 1797 1692 1817 et

913 1834 1035 1861 terribile
1059 1834 1230 1866 existimant,
1248 1838 1274 1861 et
1290 1835 1353 1862 ideo
1370 1835 1404 1862 iis
1418 1835 1464 1869 qui
1480 1843 1512 1862 ex
1532 1835 1631 1863 virtute
1655 1837 1693 1862 vi-

912 1880 1001 1908 vendo
1012 1881 1095 1908 vitam
1111 1885 1313 1916 persequuntur
1327 1881 1523 1912 sublimiorem,
1539 1881 1607 1908 nihil
1623 1882 1689 1908 lucri

912 1926 1027 1953 credunt
1039 1925 1323 1961 accedere,quoniam
1340 1926 1366 1953 in
1378 1926 1502 1953 eumdem
1515 1927 1593 1954 linem
1607 1928 1690 1954 utris-

911 1979 965 2007 que
983 1972 1040 1999 vita
1060 1972 1180 2006 desinit,
1196 1980 1284 2007 neque
1303 1977 1418 2000 mortem
1437 1972 1515 2000 nobis
1531 1981 1561 2000 ex
1584 1981 1616 2000 eo
1630 1973 1692 2000 licet

912 2016 1039 2052 effugere,
1055 2017 1127 2052 quod
1143 2017 1224 2043 vitam
1237 2025 1350 2052 agamus
1365 2017 1515 2045 meliorem.
1535 2017 1614 2045 Tales
1626 2027 1691 2054 ergo

914 2061 1019 2089 faciens
1035 2063 1217 2096 obiectiones,
1240 2066 1370 2098 tanquam
1391 2071 1423 2090 ex
1439 2064 1546 2098 propria
1561 2071 1690 2097 persona,

912 2115 1008 2134 rursus
1036 2108 1186 2135 insectatur
1213 2108 1409 2135 absurditatem
1444 2115 1537 2135 eorum
1569 2109 1616 2142 qui
1643 2109 1690 2136 illa

910 2152 1052 2186 objiciunt,
1078 2158 1109 2180 ut
1123 2153 1169 2188 qui
1190 2153 1302 2180 minime
1316 2153 1490 2180 considerent
1507 2161 1612 2186 eorum,
1630 2161 1690 2189 qua:

910 2203 984 2230 sunt,
1007 2202 1134 2225 naturam
1153 2208 1159 2225 :
1175 2203 1202 2225 et
1218 2198 1298 2225 docet
1323 2199 1515 2230 differentiam,
1531 2204 1558 2227 ct
1575 2201 1600 2226 in
1623 2208 1691 2234 quo-

911 2250 972 2270 nam
987 2243 1023 2270 sit
1033 2244 1120 2270 virtus
1134 2243 1201 2271 vitio
1217 2245 1341 2279 Superior
1356 2254 1362 2272 ε
1381 2252 1478 2280 nempe
1487 2245 1560 2279 quod
1574 2253 1626 2273 non
1642 2254 1690 2281 per

911 2291 1009 2318 mortis
1034 2291 1258 2318 communitatem
1289 2291 1412 2327 quaedam
1441 2292 1468 2319 in
1494 2292 1535 2320 eis
1565 2297 1691 2327 speretur

910 2333 1078 2369 aequalitas:
1098 2333 1146 2361 sed
1169 2341 1217 2369 per
1246 2335 1317 2362 bona
1345 2335 1388 2362 vel
1417 2335 1488 2362 mala
1510 2343 1570 2370 quae
1595 2342 1689 2370 postea

910 2383 1122 2414 exspectantur,
1150 2380 1305 2407 inveniatur
1330 2379 1493 2408 differentia.
1524 2380 1570 2409 Sic
1600 2387 1690 2409 autem

911 2425 992 2453 habet
1006 2430 1152 2453 contextus
1165 2427 1340 2461 objectionis:
1356 2436 1366 2452 ι
1380 2427 1448 2455 Novi
1467 2435 1517 2462 ego
1533 2427 1605 2463 quod
1618 2437 1689 2457 unus

909 2475 1024 2499 eventus
1036 2475 1163 2499 occurret
1176 2473 1313 2500 omnibus.
1332 2473 1375 2500 Η.
1389 2472 1422 2500 Et
1436 2474 1490 2501 dixi
1503 2481 1553 2509 ego
1569 2475 1595 2502 in
1608 2475 1690 2502 corde

911 2524 972 2544 meo
994 2526 1000 2544 :
1022 2517 1102 2545 Stulti
1129 2523 1241 2548 eventus
1269 2520 1334 2546 mihi
1361 2527 1469 2555 quoque
1489 2522 1606 2550 eveniet.
1635 2523 1690 2550 Cur

910 2568 976 2595 ergo
994 2561 1125 2596 majorem
1139 2568 1249 2596 operam
1258 2562 1318 2590 dedi
1330 2565 1489 2599 sapientiae?
1499 2566 1540 2594 15.
1567 2568 1690 2596 Locutus

911 2612 970 2632 sum
1000 2605 1027 2632 in
1055 2606 1137 2634 corde
1165 2614 1237 2639 meo,
1259 2613 1401 2644 propterea
1428 2611 1500 2644 quod
1530 2613 1631 2641 stultus
1655 2621 1688 2640 ex

910 2650 1077 2678 abundantia
1111 2652 1250 2687 loquitur:
1280 2653 1337 2681 lloe
1361 2662 1471 2691 quoque
1499 2661 1542 2685 est
1569 2659 1687 2685 vanitas.

910 2695 953 2723 16.
972 2695 1029 2723 Νοιι
1043 2701 1085 2724 est
1094 2698 1224 2725 memoria
1240 2699 1372 2734 sapientis
1390 2708 1451 2728 cum
1466 2703 1549 2729 stulto
1570 2703 1598 2730 in
1607 2707 1688 2729 mter-

107 2740 161 2788 :"l
197 2741 260 2768 Cor.
292 2749 329 2774 Iv,
354 2740 398 2768 10.
437 2742 460 2758 τ’
478 2740 498 2769 ll
526 2741 590 2770 Cor.
622 2751 669 2778 xu,
694 2746 711 2773 2
737 2756 796 2784 sqq.
837 2750 858 2766 ⁷⁷

913 2758 958 2778 )ιιι.
991 2759 1050 2783 nrt,
1083 2753 1126 2780 35.
1165 2754 1187 2769 ⁷⁸
1205 2754 1313 2783 Coloss.
1340 2763 1381 2789 ιιι,
1412 2756 1437 2782 1.
1476 2757 1498 2772 ⁷’
1519 2757 1590 2785 Psal.
1625 2766 1686 2790 xm,

74 2778 85 2804 ί
102 2783 166 2811 sqq.
