1989 3070
305 132 357 159 637
908 127 937 155 S.
958 126 1125 156 GREGORH
1143 126 1289 156 NYSSENI
1881 127 1931 155 688

306 196 370 215 num
389 197 396 215 :
413 186 634 223 quandoquidem
659 187 714 221 jam
738 186 796 214 dies
814 186 958 213 venientes
978 184 1090 212 :omnia

1146 186 1298 221 ἐρχόμεναι·
1313 187 1346 213 τὰ
1362 186 1450 213 πάντα
1464 186 1612 222 ὲπελήσθη,
1626 186 1672 213 καὶ
1685 185 1742 217 πῶς
1758 185 1931 213 ἀποθανεῖται

304 234 437 261 oblivioni
462 234 591 261 mandata
607 237 683 266 sunt,
708 237 735 260 et
750 240 868 267 quonam
891 231 972 259 modo
989 231 1087 258 morie-

1145 231 1222 265 σοφὸς
1238 231 1306 266 μετὰ
1322 231 1369 258 τοῦ
1384 232 1500 267 ἄφρονος
1511 240 1518 263 ;
1531 241 1540 257 ι
1555 230 1602 262 Οἷς
1614 232 1711 265 ἐπάγει
1722 231 1752 257 τὸ
1769 231 1862 266 μίσους
1871 231 1930 263 ἄξια

304 284 350 307 tur
362 280 471 314 sapiens
485 286 547 306 cum
566 277 732 313 insipiente?
746 287 754 304 ι
777 277 884 310 Quibus
904 276 1045 312 subiungit
1061 283 1089 303 se

1145 278 1250 312 νομίσαι
1261 277 1295 304 τὰ
1309 278 1407 308 πάντα.
1425 279 1489 313 περὶ
1500 277 1518 304 ἃ
1532 278 1663 313 πρότερον
1678 277 1811 312 ἐμπαθῶς
1823 275 1889 312 εἷχε,
1902 277 1930 304 τὸ

304 325 368 352 odio
383 324 464 358 digna
483 324 658 351 existimasse
681 323 784 354 omnia.
801 330 918 358 quorum
939 322 1017 357 prius
1040 329 1089 348 ve~

1147 323 1262 358 μάταιον
1275 323 1312 354 ὡς
1326 323 1428 357 ἀγαθὸν
1450 322 1648 358 ἀσπαζόμενος.
1665 324 1721 350 Καὶ
1742 323 1832 350 πάντα
1853 332 1930 359 μεμι-

304 369 424 397 hementi
436 368 528 396 studio
540 368 702 398 tenebatur;
717 374 818 393 vanum
834 371 965 400 tanquam
985 365 1089 391 bonum

1144 370 1258 404 σηκέναι
1278 370 1370 404 φησὶν,
1391 370 1439 396 ὅσα
1459 369 1528 405 πρὸς
1551 371 1600 404 τὴν
1617 369 1690 405 ζωὴν
1713 369 1814 405 ταύτην
1829 369 1929 405 βλέπων

304 415 482 449 amplectens.
499 413 532 439 Et
552 413 642 439 omnia
658 420 687 440 se
705 412 773 439 dicit
788 412 852 439 odio
867 411 1008 440 habuisse.
1029 417 1089 444 quae

1144 415 1266 450 ὲπόνησεθ
1277 415 1343 441 διότι
1352 414 1426 441 οὐδὲν
1439 415 1538 450 ἑαυτῷ,
1550 415 1618 442 ἀλλὰ
1631 415 1670 450 τῷ
1683 416 1741 450 μετ’
1753 415 1834 441 αὑτὸν
1845 415 1929 441 πάντα

304 461 438 488 laboravit
452 460 485 487 ad
501 461 571 486 hanc
595 459 678 486 vitam
695 459 806 486 intuens
825 467 832 484 :
847 457 919 492 quod
941 457 1008 492 nihil
1025 455 1088 487 sibi,

1144 462 1282 496 ὲπόνησεψ
1298 461 1327 493 ὃς
1347 462 1374 488 τί
1388 462 1517 497 χρήσεται
1531 463 1587 494 τοῖς
1600 462 1799 497 πεπονημένοις
1811 462 1929 497 προγνῶ-

303 507 351 535 sed
364 507 388 534 ei
406 507 451 542 qui
465 507 529 541 post
542 507 630 540 ipsum
645 504 755 532 futurus
766 508 817 537 est,
831 503 922 531 omnia
943 502 1088 534 laboravit,

1143 506 1245 533 ναι’διὰ
1258 507 1307 542 τὴν
1322 506 1368 533 τοῦ
1382 507 1523 542 μέὶλοντος
1540 507 1652 543 ἀδηλίαν
1665 508 1713 542 οὐχ
1727 504 1783 539 οἷός
1795 516 1833 534 τε.
1851 507 1928 541 Λέγει

303 553 350 589 qui
380 551 611 588 quemadmodum
640 551 782 578 uteturiis
803 558 863 585 quae
894 549 988 576 labore
1010 552 1088 583 parta

1144 551 1169 578 δὲ
1180 551 1250 578 κατὰ
1263 552 1334 584 λέξιν
1344 552 1441 584 οὕτως·
1457 562 1466 578 ι
1479 554 1533 579 Καὶ
1549 554 1670 588 ἐμίσησα
1677 553 1727 588 τὴν
1735 552 1816 588 ζωὴν,
1830 554 1871 580 ὅτι
1885 562 1929 579 πο-

304 603 378 631 sunt,
403 602 514 633 propter
536 597 622 624 futuri
644 596 867 624 incertitudinem
884 596 1013 631 praescire
1035 601 1089 621 non

1141 597 1222 632 νηρὺν
1244 598 1288 624 ἐπ’
1310 598 1361 633 ἐμὲ
1383 598 1413 624 τὺ
1437 599 1620 634 πεποιημένον
1637 599 1688 625 ὑπο
1711 599 1756 624 τὸν
1777 599 1862 634 ἥλιον,
1888 599 1925 625 ὅτι

304 645 403 680 potuit.
428 643 474 671 Sic
495 648 586 671 autem
603 643 670 670 dicit
687 641 721 669 ad
739 642 872 669 verbum:
886 641 930 668 Π.
949 650 958 666 ι
976 640 1010 667 Ει
1025 639 1089 667 odio

1143 643 1230 669 πάντα
1253 643 1417 678 ματαιότης,
1436 643 1484 670 καὶ
1505 644 1663 679 προαίρεσις
1688 643 1852 679 πνεύματος.
1877 644 1928 670 Kal.

305 691 386 718 habui
406 690 501 720 vitam,
528 689 658 724 quoniam
683 687 853 715 laboriosum
875 686 1020 713 adversum
1048 693 1090 713 me

1143 687 1259 722 ἐμίσησα
1282 688 1337 722 ἐγὼ
1362 688 1507 723 σύμπαντα
1530 689 1576 716 τὸν
1602 689 1700 724 μόχθον
1727 698 1788 725 μου,
1819 689 1849 716 ὃν
1876 689 1928 723 ἐγὼ

304 742 347 765 est
362 735 434 771 quod
452 735 553 762 factum
573 739 614 762 est
629 734 681 761 sub
693 734 760 766 sole,
775 733 904 768 quoniam
919 732 1009 759 omnia
1027 735 1089 759 sunt

1143 732 1235 768 μοχθῶ
1250 733 1303 760 ὑπὸ
1319 733 1364 760 τὸν
1376 734 1465 768 ἥλιον,
1483 734 1524 760 ὅτι
1541 734 1613 768 ἀερίω
1629 734 1710 761 αὐτὸν
1734 734 1772 769 τῷ
1794 733 1927 770 ἀνθρώπῳ

304 780 411 809 vanitas
437 785 464 808 et
490 780 588 808 electio
615 779 739 814 spiritus.
769 779 813 805 18.
839 778 873 805 Ει
912 777 976 805 odio
1007 777 1089 805 habui

1142 778 1180 814 τῷ
1195 779 1333 814 γενομένῳ
1349 780 1408 814 μετ’
1424 780 1486 815 ὲμέ.
1502 779 1556 806 Καὶ
1569 780 1611 812 τις
1629 777 1708 811 οῐδεν,
1724 781 1748 806 εί
1764 780 1844 814 σοφὸς
1855 780 1927 806 ἔσται

304 835 354 863 ego
385 827 544 854 universum
572 826 692 852 laborem
721 832 811 852 meum
840 832 895 859 quo
921 824 1014 851 laboro
1040 823 1089 851 sub

1142 823 1158 859 ἦ
1172 824 1275 860 ἄφρων,
1291 825 1336 851 καὶ
1348 825 1372 851 εί
1388 824 1573 857 ἐξουσιάσεται
1586 826 1614 851 ὲν
1628 825 1708 851 παντὶ
1722 825 1814 860 μόχθῳ
1832 822 1854 859 ᾧ
1865 826 1927 860 ἐμό-

305 852 372 904 lee.
391 872 521 907 quoniam
548 871 654 898 dimitto
669 871 759 905 ipsum
780 852 884 896 homini
901 869 947 904 qui
966 873 1028 904 post
1048 877 1090 896 me

1145 852 1241 903 έθηὲα,
1259 852 1305 896 διαὶ
1320 852 1489 905 ἐσοφιαάμην
1504 869 1556 896 ὑπὸ
1569 869 1613 896 τὸν
1629 869 1704 904 ἥλιον
1717 852 1728 903 ;“
1742 852 1930 904 {affamine

305 921 386 944 natus
399 920 452 944 est.
478 915 521 942 l9.
540 914 572 942 Et
588 915 650 950 quis
669 915 732 948 scit,
756 915 829 942 sitne
853 914 964 949 sapiens
983 914 1090 942 futurus

1144 915 1302 950 ματαιότης.
1319 925 1328 941 ι
1345 915 1437 941 Ταῦτα
1452 914 1546 947 εἰπὼν,
1563 914 1709 950 ἀλλοτρίως
1720 915 1786 950 φησὶ
1801 916 1847 941 καὶ
1863 916 1929 951 πρὸς

305 970 339 989 an
359 962 472 994 stultus,
497 965 524 988 et
542 969 576 988 an
595 961 747 988 insolenter
761 960 951 988 dominabitur
968 960 995 988 in
1016 960 1090 988 omni

1145 960 1221 987 τοῦτο
1236 963 1269 996 τῇ
1285 961 1357 996 ψυχῇ
1381 961 1544 996 διατεθῆναι,
1560 960 1599 995 τῷ
1613 960 1720 994 νομίσαι
1739 961 1802 996 μίαν
1812 959 1880 988 εἶναι
1893 962 1930 996 τῷ

305 1008 398 1036 labore
412 1016 492 1043 quem
511 1007 644 1038 laboravi,
671 1011 698 1034 et
723 1014 771 1042 per
799 1006 963 1034 industriam
983 1006 1090 1041 excogi-

1145 1013 1171 1030 τε
1198 1006 1257 1031 κατ’
1281 1005 1380 1041 ἀρετὴν
1405 1005 1548 1040 βεϐιωκότι
1561 1027 1568 1038 ,
1587 1005 1634 1031 καὶ
1650 1003 1688 1039 τῷ
1706 1005 1841 1040 μηδεμίαν
1863 1006 1930 1041 πρδς

306 1054 360 1081 tavi
386 1054 438 1081 sub
458 1053 578 1081 sole?et
596 1053 650 1080 hoc
673 1060 783 1087 quoque
807 1056 849 1080 est
862 1053 981 1080 vanitas.
999 1061 1008 1077 ›
1028 1051 1091 1079 llzec

1145 1051 1221 1077 τοῦτο
1236 1050 1411 1085 πεποιημένῳ
1425 1050 1552 1086 σπουδὴν,
1568 1051 1617 1086 τὴν
1632 1051 1739 1086 μερίδα.
1756 1050 1801 1086 Τῷ
1816 1049 1866 1085 μὲν
1878 1051 1930 1085 γὰρ

304 1108 366 1128 cum
380 1100 504 1132 dixisset,
517 1107 588 1134 aegre
604 1106 712 1134 quoque
727 1098 793 1126 dicit
806 1106 835 1125 se
850 1098 883 1125 ad
901 1098 952 1125 hoc
965 1097 1089 1125 affectum

1143 1097 1187 1124 τὸν
1211 1096 1309 1132 μόχθον
1331 1093 1402 1122 εἶναί
1428 1104 1509 1131 φησιν
1532 1096 1560 1122 ἐν
1583 1095 1673 1131 σοφίᾳ,
1692 1095 1740 1122 καὶ
1756 1096 1865 1129 γνώσει,
1884 1097 1928 1122 καὶ

306 1146 391 1174 fuisse
405 1146 507 1179 animo,
531 1154 631 1181 nempe
647 1145 719 1180 quod
739 1153 822 1172 unam
843 1148 870 1173 et
888 1145 1011 1173 eamdem
1033 1145 1090 1172 exi-

1143 1143 1261 1179 ἀνδρείῳ
1287 1142 1326 1178 τῷ
1349 1141 1377 1168 δὲ
1405 1142 1491 1177 ἑτέρῳ
1510 1142 1538 1168 ἐν
1567 1138 1645 1178 θυμῷ
1671 1142 1717 1168 καὶ
1736 1142 1765 1168 ὲν
1791 1142 1928 1177 ἀλγήμασι

304 1191 422 1220 stimarit
446 1198 508 1219 esse
533 1195 636 1225 partem
664 1190 688 1217 ei
714 1189 760 1225 qui
784 1197 816 1217 ex
839 1189 942 1216 virtute
964 1190 1043 1222 vixit,
1064 1194 1089 1217 et

1142 1190 1196 1221 τοῖς
1220 1188 1263 1215 διὰ
1278 1188 1326 1223 τὴν
1346 1188 1409 1223 περὶ
1420 1188 1465 1214 τὸν
1483 1187 1538 1222 βίον
1565 1187 1682 1223 σπουδὴν
1695 1188 1927 1223 προσγινομένοις.

303 1237 329 1265 ei
344 1237 391 1273 qui
413 1236 447 1264 ad
466 1236 537 1264 bane
552 1243 610 1263 rem
627 1235 694 1262 nihil
710 1235 826 1262 contulit
849 1235 943 1262 studii.
960 1234 1026 1262 Nam
1049 1235 1088 1261 al—

1144 1235 1179 1261 Τὸ
1203 1232 1250 1261 οὖν
1277 1234 1317 1265 εἰς
1341 1234 1398 1260 ἴσον
1422 1233 1546 1268 ἀλλήλοις
1567 1234 1644 1267 ἄγειν
1668 1232 1797 1266 τούτους,
1820 1234 1851 1260 οὺ
1878 1243 1929 1269 μα-

304 1279 480 1317 ιοτῖιιυίᾱειη
497 1281 564 1309 dicit
580 1288 642 1308 esse
659 1280 779 1307 laborem
805 1280 832 1306 in
851 1280 996 1314 sapientia,
1020 1284 1046 1307 et
1063 1280 1089 1307 in

1145 1279 1282 1314 ταιότητος
1307 1279 1396 1314 μόνον,
1426 1278 1493 1305 ἀλλὰ
1518 1279 1565 1305 καὶ
1587 1278 1718 1314 πονηρίας
1739 1277 1808 1306 εἷναί
1837 1288 1930 1314 φησιν.

307 1326 476 1362 cognitione,
498 1329 524 1352 et
546 1325 630 1352 animi
654 1323 858 1359 magnitudine;
874 1324 953 1351 alteri
978 1332 1043 1351 vero
1063 1325 1089 1351 in

1146 1325 1219 1359 Ἔχει
1230 1323 1257 1350 δὲ
1268 1323 1314 1350 καὶ
1324 1323 1392 1359 αὕτη
1402 1325 1417 1359 ἡ
1426 1324 1499 1357 λέξις
1509 1322 1606 1355 οὕτως·
1619 1333 1628 1348 ι
1641 1324 1696 1349 Καὶ
1709 1323 1864 1359 ἐπέστρεψα
1878 1324 1931 1357 ἐγὼ

304 1372 345 1400 ira
366 1377 393 1399 et
406 1371 434 1398 in
451 1370 603 1402 doloribus,
620 1370 667 1405 qui
684 1369 822 1396 accedunt
839 1374 950 1404 propter
967 1369 1089 1397 studium

1145 1370 1190 1396 τοῦ
1207 1370 1392 1401 ἀποτάξασθαι
1403 1371 1435 1405 τῇ
1449 1369 1548 1404 καρδία
1563 1378 1623 1404 μου,
1639 1370 1667 1396 ἐν
1683 1370 1763 1396 παντὶ
1779 1370 1870 1406 μόχθῳ
1882 1379 1930 1406 μου

300 1417 377 1449 quod
397 1417 508 1451 ponitur
529 1416 556 1442 in
579 1415 631 1442 hac
648 1414 713 1441 vita.
731 1413 785 1442 Eos
810 1422 875 1448 ergo
899 1415 951 1442 sibi
974 1415 1085 1443 invicem

1146 1412 1162 1449 ἶ)
1178 1415 1316 1450 ὲμόχθησα
1330 1415 1382 1441 ὑπὸ
1395 1414 1440 1441 τὸν
1452 1415 1537 1449 ἥλιον·
1555 1416 1595 1442 ὅτι
1611 1416 1703 1442 Ἔστιν
1718 1415 1858 1450 ἅνθρωπος
1868 1438 1874 1448 ,
1893 1417 1931 1443 ὅτι

303 1469 385 1497 pares
399 1468 461 1489 esse
476 1460 588 1492 ducere,
606 1467 660 1486 non
677 1459 766 1486 solum
785 1459 923 1491 vanitatis,
942 1460 989 1487 sed
1007 1460 1088 1488 etiam

1144 1460 1240 1496 μόχθος
1255 1459 1338 1486 αὑτοῦ
1351 1461 1379 1486 ὲν
1395 1460 1477 1495 σοφίᾳ
1487 1461 1535 1486 καὶ
1544 1461 1573 1487 ὲν
1587 1461 1696 1494 γνώσει,
1709 1461 1755 1487 καὶ
1769 1461 1796 1486 ὲν
1809 1461 1929 1496 ἀνδρείᾳ.

304 1506 487 1542 improbitatis
507 1505 574 1533 dicit
589 1513 651 1532 esse
676 1505 795 1540 signum.
821 1504 868 1532 Sic
896 1509 986 1532 autem
1007 1505 1089 1534 habet

1146 1507 1189 1533 καὶ
1206 1506 1348 1541 ἄνθρωπος
1358 1506 1387 1537 ὂς
1399 1506 1448 1532 οὐκ
1463 1506 1614 1541 ὲμόχθησεν
1629 1506 1657 1532 ὲν
1671 1506 1753 1541 αὐτῷ,
1766 1506 1845 1534 δώσει
1860 1507 1931 1540 αὐτῷ

305 1556 451 1581 contextus
472 1550 549 1579 220.:
576 1550 608 1577 Et
629 1550 751 1577 converti
773 1557 823 1585 ego
849 1554 879 1577 ut
903 1551 1088 1579 renuntiarcm

1145 1552 1239 1589 μερίδα
1257 1551 1350 1578 αὐτοῦ.
1367 1552 1421 1578 Καί
1441 1560 1471 1586 γε
1486 1552 1565 1578 τοῦτο
1579 1552 1737 1587 ματαιότης,
1753 1552 1800 1578 καὶ
1816 1552 1930 1587 πονηρία

304 1597 382 1625 cordi
403 1605 463 1625 meo
478 1598 506 1624 in
520 1596 602 1624 omni
618 1596 711 1624 labore
736 1603 797 1624 meo
813 1604 868 1631 quo
887 1596 1010 1624 laboravi
1028 1596 1088 1625 ’sub
1143 1598 1257 1634 μεγάλη.
1274 1607 1283 1624 ›

305 1644 373 1671 sole.
390 1643 434 1670 21.
451 1642 496 1669 Est
517 1643 598 1670 homo
615 1642 694 1676 cujus
715 1642 792 1669 labor
807 1643 834 1669 in
856 1643 1002 1678 sapientia,
1037 1648 1065 1671 et
1097 1644 1125 1671 in
1146 1645 1314 1679 cognitione,
1337 1648 1364 1672 et
1392 1645 1419 1671 in
1444 1643 1528 1671 animi
1555 1643 1751 1679 magnitudine,
1780 1643 1803 1671 is
1828 1643 1931 1671 homini

305 1690 351 1725 qui
369 1697 423 1716 non
444 1689 580 1716 laboravit
599 1689 626 1715 in
644 1689 715 1724 ipso,
737 1689 812 1716 dabit
829 1693 934 1723 partem
949 1696 1037 1717 suam.
1057 1689 1091 1716 Et
1107 1690 1160 1717 hoc
1174 1689 1284 1725 quidem
1300 1693 1343 1717 est
1357 1690 1473 1721 vanitas,
1490 1694 1517 1717 et
1534 1689 1696 1724 improbitas
1715 1696 1822 1722 magna.
1841 1699 1851 1714 ι

339 1734 384 1762 22.
403 1744 416 1761 ι
433 1734 509 1767 Quod
522 1733 557 1760 sit
568 1733 671 1761 homini
692 1734 718 1761 in
736 1734 810 1760 omni
828 1734 921 1761 labore
940 1742 1001 1766 suo,
1017 1739 1044 1762 et
1059 1734 1088 1762 in

1182 1745 1192 1760 ι
1207 1735 1268 1761 ’Ότῖ
1285 1735 1388 1769 γίνεται
1404 1734 1443 1770 τῷ
1461 1735 1595 1771 ἀνθρώπῳ
1608 1735 1636 1761 ὲν
1648 1734 1729 1761 πανπὴ⁸
1745 1734 1837 1769 μόχθῳ
1851 1734 1931 1760 αὐτοῦ

262 1778 268 1784 ⁷
299 1780 447 1808 voluntate
470 1778 562 1806 cordis
589 1779 642 1811 sui,
664 1786 718 1813 quo
734 1778 793 1813 ipse
816 1778 923 1805 laborat
949 1776 1001 1806 sub
1022 1787 1047 1807 sc

1146 1781 1191 1807 καὶ
1205 1781 1233 1807 ἐν
1251 1781 1284 1815 τῇ
1297 1781 1452 1815 προαιρέσει
1471 1780 1584 1816 καρδίας
1599 1780 1679 1807 αὑτοῦ
1691 1801 1698 1813 ,
1709 1776 1731 1814 ᾧ
1744 1779 1824 1811 αὐτὸς
1839 1780 1931 1815 μοχθεῖ

304 1827 350 1854 25.
371 1825 474 1853 Omnes
488 1825 548 1852 dies
564 1824 625 1859 ejus
645 1828 710 1851 sunt
723 1824 862 1857 dolorum,
886 1828 914 1851 et
931 1824 991 1858 ejus
1007 1825 1089 1852 animi

1146 1827 1196 1854 ὑπὸ
1219 1827 1265 1853 τὸν
1282 1826 1356 1860 ἥλιον
1367 1835 1373 1841 ·
1389 1827 1429 1853 ὅτι
1445 1827 1532 1853 Πᾶσαι
1548 1828 1575 1853 αι
1586 1827 1687 1862 ἡμέραι
1707 1826 1788 1853 αὑτοῦ
1806 1826 1931 1861 ἀλγημά-

305 1872 431 1904 vexatio,
460 1876 486 1898 et
504 1874 579 1898 certe
597 1874 681 1897 noctu
704 1878 759 1897 non
786 1870 886 1897 dormit
903 1877 951 1896 cor
974 1870 1045 1905 ejus,
1065 1875 1090 1898 et

1145 1881 1208 1904 των,
1218 1870 1264 1899 καὶ
1275 1872 1360 1908 θυμοῦ
1374 1872 1564 1908 περισπασμὸς
1576 1872 1668 1903 αὑτοῦ,
1679 1871 1724 1899 καί
1734 1881 1765 1906 γε
1777 1863 1804 1898 ἐν
1815 1873 1930 1898 νυκτὶοὺ

307 1918 358 1945 hoc
367 1924 475 1952 quoque
489 1920 531 1943 est
546 1916 661 1943 vanitas.
676 1925 685 1941 ι
702 1915 761 1950 lpse
771 1923 866 1942 rursus
881 1915 932 1942 sibi
945 1915 997 1950 ipsi
1010 1915 1091 1942 aliam

1144 1919 1298 1954 κοιμᾶταιὴ
1312 1919 1409 1954 καρδία
1423 1918 1515 1946 αὑτοῦ.
1535 1918 1588 1945 Καί
1605 1927 1636 1952 γε
1649 1918 1727 1944 τοῦτο
1740 1918 1900 1952 ματαιότης.
1920 1927 1927 1943 ι

306 1962 490 1997 objectionem
521 1961 650 1996 proponit
678 1968 773 1988 eorum
794 1960 841 1995 qui
860 1961 944 1987 vitam
966 1960 1091 1997 volupta-

1146 1964 1228 1990 Πάλιν
1242 1963 1337 1998 ἑτέραν
1348 1962 1538 1998 ἀνθυποφορὰν
1547 1962 1601 1988 τῶν
1612 1962 1656 1988 τὸν
1665 1961 1863 1989 ἀπολαυστικὸν
1875 1961 1931 1996 βίον

306 2009 374 2036 riam
405 2008 531 2043 judicant
557 2008 785 2043 praestantiorem.
810 2015 890 2042 quam
915 2007 951 2035 sit
971 2008 1026 2034 vita
1042 2016 1091 2036 su-

1146 2010 1338 2045 προτιμότερον
1351 2009 1498 2044 κρινόντων
1513 2009 1562 2043 τῆς
1579 2007 1745 2043 ὑψηλοτέρας
1762 2007 1844 2042 ζωῆς,
1862 2014 1931 2042 προ-

306 2054 426 2086 blimior,
451 2059 478 2081 et
494 2054 594 2081 evertit
613 2053 686 2088 quod
703 2052 843 2088 obiicitur,
866 2057 1014 2087 utrumque
1031 2062 1091 2089 per-

1147 2055 1254 2091 ιρέρεται
1268 2054 1348 2086 αὐτὸς
1357 2055 1456 2090 ἑαυτῷ,
1468 2054 1515 2081 καὶ
1527 2054 1673 2089 ἀνατρέπει
1684 2053 1715 2079 τὸ
1727 2053 1932 2088 προφερόμενον

305 2108 425 2135 sequens
439 2100 467 2127 in
483 2099 592 2134 propria
608 2106 738 2133 persona,
755 2106 854 2133 nempe
872 2103 900 2126 et
924 2099 1089 2127 solutionem

1146 2102 1171 2128 ὲν
1182 2101 1220 2136 τῷ
1236 2101 1292 2136 ίδίῳ
1308 2100 1445 2136 προσώπῳ
1463 2099 1567 2133 διεξιὼν
1583 2100 1710 2134 ἑκάτερα,
1727 2099 1773 2125 καὶ
1787 2099 1836 2133 τὴν
1854 2098 1931 2125 λύσιν

304 2149 332 2172 et
360 2144 552 2179 objectionem.
581 2142 630 2170 Est
658 2143 731 2170 enim
757 2142 830 2178 quod
858 2142 910 2170 I'uit
939 2144 1089 2178 objectum,

1145 2147 1191 2173 xui.
1207 2147 1255 2182 τὴν
1269 2147 1415 2174 ἀντίθεσιν.
1438 2146 1473 2172 Τὸ
1490 2146 1544 2181 γὰρ
1559 2144 1696 2172 ἀντιτεθέν
1710 2145 1780 2175 ἐστι,
1797 2145 1826 2171 τὺ
1846 2144 1930 2179 μηδὲν

304 2189 372 2217 nihil
390 2188 464 2216 aliud
478 2195 539 2215 esse
555 2188 658 2215 bonum
677 2187 902 2219 existimandum.
914 2197 996 2223 quam
1013 2190 1088 2224 quod

1145 2190 1243 2226 ἀγαθὸν
1268 2192 1370 2219 οἴεσθαι
1392 2192 1446 2218 δεῖν
1467 2192 1540 2223 ἄλλο,
1555 2192 1571 2227 ἦ
1589 2192 1656 2226 ὅπερ
1678 2190 1710 2218 ἄν
1722 2200 1763 2222 τις
1779 2191 1819 2222 εἰς
1835 2190 1930 2216 ἑαυτὸν

305 2235 333 2261 in
351 2234 470 2270 seipsum
488 2233 624 2269 quispiam
638 2233 789 2261 admiserit.
813 2234 870 2261 Hoc
882 2239 974 2262 autem
997 2239 1038 2263 est
1054 2237 1090 2263 ci-

1145 2237 1333 2272 καταδέξηται.
1353 2237 1439 2263 Ἰὀῦτο
1448 2236 1476 2263 δέ
1494 2237 1552 2263 ἐστι
1570 2236 1669 2271 βρῶσις
1686 2235 1732 2262 καὶ
1745 2236 1833 2267 πόσις.
1852 2235 1884 2261 Ἦ
1903 2235 1930 2260 δὲ

305 2281 357 2308 bus
375 2284 399 2307 et
416 2283 505 2315 potus.
517 2279 547 2306 Ei
561 2282 652 2306 autem
670 2279 821 2313 objectioni
833 2279 884 2306 hoc
900 2280 982 2307 modo
994 2288 1090 2308 occur-

1146 2282 1211 2317 πρὸς
1231 2282 1309 2309 τοῦτο
1330 2283 1489 2317 ἀπάντησις.
1510 2281 1540 2308 τὸ
1558 2281 1594 2317 μὴ
1605 2281 1690 2308 ταῦτα
1713 2279 1781 2307 εἶναι
1797 2279 1837 2312 οἷς
1853 2282 1868 2308 ὁ
1886 2281 1931 2307 ἄν·

305 2326 386 2356 ritur,
404 2332 435 2352 ea
451 2331 505 2351 non
520 2331 582 2352 esse
598 2324 699 2359 quibus
720 2325 801 2351 homo
819 2325 902 2352 alitur
920 2329 947 2353 et
971 2326 1090 2359 laetatur,

1148 2327 1250 2363 θρωπος
1265 2329 1393 2364 τρέφεται
1408 2328 1453 2354 καὶ
1473 2328 1664 2362 εὐφραίνεται,
1679 2327 1746 2353 ἀλλὰ
1763 2327 1859 2361 σοφίαν
1885 2327 1933 2353 καὶ

305 2371 353 2399 sed
369 2371 529 2404 sapientiam
548 2374 577 2397 et
592 2371 788 2405 cognitionem.
813 2370 873 2403 Quo
890 2371 919 2398 tit
933 2375 963 2399 ut
988 2373 1090 2400 bonum

1148 2374 1251 2408 γνῶσιν.
1272 2374 1314 2406 Ὠς
1328 2374 1407 2400 τοῦτο
1420 2374 1469 2408 μὲν
1483 2373 1583 2407 ἀγαθὸν
1596 2371 1666 2399 εἶναι
1679 2372 1708 2398 τὸ
1720 2373 1749 2399 ὲν
1762 2372 1867 2403 τούτοις
1882 2371 1933 2407 τὴν

304 2417 415 2452 quidem
437 2417 473 2444 sit
491 2417 518 2443 in
545 2417 588 2444 his
614 2424 716 2451 ponere
738 2416 870 2444 studium.
898 2417 974 2450 Quod
999 2423 1089 2446 autem

1147 2420 1260 2455 σπουδὴν
1270 2419 1344 2455 ἔχειν
1356 2429 1361 2434 ·
1373 2419 1403 2446 τὸ
1412 2420 1439 2445 δὲ
1454 2418 1497 2446 διὰ
1508 2419 1606 2454 σαρκὸς
1616 2417 1841 2452 σπουδαζόμενον,
1851 2426 1932 2453 περι-

304 2472 353 2499 per
366 2471 476 2491 carnem
502 2463 654 2498 suscipitur
670 2462 791 2491 studium
817 2467 845 2490 et
869 2464 1022 2499 diligentia,
1049 2468 1089 2491 est

1149 2465 1268 2498 ςπασμὺν
1277 2463 1366 2499 ψυχῆς
1377 2461 1444 2490 εἶναι
1460 2464 1507 2490 καὶ
1524 2463 1702 2498 ματαιότητα.
1722 2462 1761 2487 Τὰ
1775 2461 1803 2487 δὲ
1820 2462 1934 2496 ῥήματα

303 2508 389 2535 animi
406 2507 516 2535 afﬂictio
528 2512 555 2535 et
569 2508 689 2534 vanitas.
706 2507 836 2535 Sublimis
854 2513 945 2535 autem
958 2508 1088 2536 doctrina:

1150 2511 1189 2545 πῆς
1204 2510 1307 2545 ὑψηλῆς
1319 2509 1492 2541 διδασκαλίας
1505 2509 1598 2536 τοῦτον
1609 2508 1720 2543 ἔχειτὸν
1734 2507 1843 2543 τρόπον·
1853 2516 1862 2532 (
1876 2507 1935 2533 Οὐκ

304 2553 386 2581 verba
406 2553 458 2580 hoc
475 2553 556 2580 modo
576 2561 605 2581 se
620 2553 732 2580 habent.
756 2553 809 2579 αις
828 2563 836 2579 ι
850 2552 909 2580 Νοιι
924 2557 965 2580 est
987 2554 1087 2581 bonum

1150 2555 1215 2581 ἔστιν
1229 2554 1329 2589 ἀγαθὸν
1352 2554 1488 2589 ἀνθρώπῳ
1503 2553 1532 2585 ὃς
1554 2553 1670 2587 φάγεται
1689 2552 1736 2578 καὶ
1762 2551 1863 2584 πίεται,
1888 2551 1935 2578 καὶ

304 2599 410 2626 homini
427 2599 473 2634 qui
489 2599 614 2626 comedet
630 2603 656 2625 et
680 2599 754 2626 bibet
769 2619 776 2631 ,
800 2603 827 2626 et
844 2599 970 2626 ostendet
990 2600 1089 2626 animae

1150 2600 1220 2632 ῖείξει
1241 2601 1273 2635 τῇ
1294 2598 1366 2635 ψυχῇ
1389 2598 1471 2626 αὐτοῦ
1496 2599 1597 2633 ἀγαθὸν
1610 2599 1639 2624 ἐν
1657 2597 1748 2633 μόχθῳ
1768 2595 1861 2624 αὑτοῦ.
1877 2596 1935 2622 Καί

298 2653 363 2674 sine
393 2644 493 2670 bonum
520 2641 546 2669 in
570 2642 662 2669 labore
685 2649 745 2669 suo.
768 2642 811 2669 25.
860 2642 1017 2676 Quinetiam
1039 2644 1083 2671 llO(

1149 2654 1172 2680 (ε
1184 2645 1261 2671 τοῦτο
1275 2643 1343 2671 εἶδον
1355 2644 1426 2679 ἐγὼ,
1441 2645 1481 2671 ὅτι
1508 2644 1563 2671 ἀπὸ
1585 2644 1675 2679 χειρὸς
1692 2642 1739 2669 τοῦ
1756 2641 1823 2668 Θεοῦ
1845 2643 1934 2670 ἐστιν,

307 2691 362 2717 vidi
374 2698 434 2725 ego.
452 2689 489 2716 De
503 2697 584 2716 manu
602 2689 647 2715 Dei
663 2693 716 2718 est.
739 2688 812 2722 quod
833 2689 896 2723 quis
917 2689 1042 2716 comedet
1062 2693 1089 2717 et

1150 2691 1154 2717 i
1167 2691 1192 2717 τί
1203 2700 1244 2722 τις
1255 2691 1371 2725 φάγεται
1384 2691 1431 2717 καὶ
1446 2690 1535 2717 πίεται
1549 2689 1634 2725 παρὲξ
1648 2689 1740 2716 αὑτοῦ·
1749 2688 1789 2715 ὅτι
1810 2685 1935 2723 Ἀνθρώ-

303 2736 382 2762 bibet
406 2733 511 2768 abSque
525 2733 593 2767 ipso.
605 2732 650 2760 96.
668 2732 775 2760 Homini
793 2734 863 2761 bono
883 2734 909 2761 in
938 2739 1088 2769 conspectu

1148 2743 1184 2768 ιτῳ
1198 2734 1236 2769 τῷ
1252 2734 1361 2770 ἀγαθῷ,
1380 2734 1432 2770 πρὸ
1453 2733 1598 2770 προσώπου
1615 2733 1708 2764 αὑτοῦ,
1728 2733 1811 2759 ἔδωκε
1833 2731 1933 2765 σοφίαν

309 2789 361 2808 suo
376 2780 451 2807 dedit
465 2780 628 2814 sapientiam
638 2782 666 2815 et
675 2779 858 2812 cognitionem
877 2783 904 2807 et
920 2780 1053 2812 lmtitiam,
1063 2784 1089 2807 ct

1148 2781 1187 2806 ιαὶ
1210 2780 1309 2815 γνῶσιν
1325 2780 1371 2807 καὶ
1395 2780 1582 2816 εὐφροσύνην,
1610 2780 1657 2807 καὶ
1683 2779 1722 2815 τῷ
1749 2778 1933 2814 ἁμαρτάνοντι

310 2826 448 2865 pccratori
468 2825 544 2852 dedit
557 2824 666 2852 anxiam
684 2824 898 2853 sollicitudinem
917 2829 946 2852 ut
961 2825 1042 2853 addat
1063 2829 1088 2853 et

1148 2825 1224 2852 ἔδωκε
1239 2826 1430 2861 περιτπασμὸν
1451 2826 1497 2853 τοῦ
1515 2826 1673 2862 προσθεῖναι
1695 2826 1741 2853 καὶ
1753 2824 1933 2859 συναγαγεῖν,
