1989 3070
67 106 117 136 889

580 108 611 136 IN
632 107 898 137 ECCLESIASTEN.
920 109 1063 138 HOMILIA
1080 111 1109 138 V.

1632 111 1684 140 690

66 165 110 191 τοῦ
123 162 212 192 δοῦναι
235 163 274 200 τῷ
293 164 388 200 ἀγαθῷ
401 165 453 201 πρὸ
473 165 618 201 προσώπου
640 166 687 193 τοῦ
713 166 797 193 Θεοῦ·
810 166 850 193 ὅτι

908 172 1061 203 :ongreget,
1078 172 1108 195 ut
1122 167 1171 209 det
1186 167 1213 196 ei
1235 167 1281 202 qui
1306 172 1348 196 est
1366 169 1456 196 bonus
1482 168 1510 196 in
1534 175 1644 204 οοηεροι
1655 174 1682 196 ιιι

68 209 119 237 Καί
128 217 159 244 γε
175 208 255 236 τοῦτο
267 210 413 245 ματαιότης
429 211 476 237 καὶ
490 211 648 248 προαίρεσις
660 211 823 247 πνεύματος.
839 222 848 237 ι

73 255 103 281 Ὶί
117 255 164 290 μὲν
180 253 228 282 οὖν
248 255 351 282 διάνοια
366 256 419 282 τῶν
439 256 538 292 ὲφεξῆς
552 258 762 293 γεγραμμένων,
776 258 823 284 καὶ
833 259 850 294 ἡ

68 300 134 326 κατά
146 300 175 326 τὸ
184 300 330 327 ἀκόλουθον
343 301 508 337 προθεωρία,
521 302 590 338 αὕτη
609 302 684 329 ἐστὶν
701 303 735 339 ἢν
750 303 783 329 δι’
797 303 852 329 ὸλί-

68 353 121 379 γων
136 345 183 372 νῦν
198 345 386 382 παρεθέμεθα.
400 347 502 382 Καιρδς
517 348 539 374 δ’
549 347 582 374 ἂν
596 347 637 383 εἴη
655 348 735 374 πάλιν
752 349 852 375 ἐπανα-

68 391 154 418 λαϐεῖν
163 391 212 427 τὴν
225 391 308 425 λέξιν,
328 392 376 419 καὶ
389 393 578 429 προσαρμόσαι
589 394 622 420 δι’
639 394 779 429 ἀκριὸείας
796 395 852 426 τοῖς

71 438 156 472 ῥητοῖς
168 437 202 464 τὰ
216 438 348 473 νοήματα.
373 438 427 464 Καὶ
444 438 529 472 ἔγνων
544 439 590 465 καί
606 447 638 473 γε
654 439 719 474 ὲγὼ,
730 440 770 466 ὅτι
789 448 852 467 συν-

68 484 174 518 άντημα
194 482 223 509 ἒν
239 484 433 519 συναντήσεται
449 485 505 516 τοῖς
517 486 600 512 πᾶσιν
618 486 718 519 αὐτοῖς,
729 487 776 513 καὶ
787 484 852 513 εἶπα

68 528 120 562 ἐγὼ
131 529 169 560 ὡς
182 529 340 564 συνάντημα
354 529 402 556 τοῦ
418 529 533 566 ἄφρονος
544 531 590 558 καί
604 541 635 567 γε
647 532 708 568 ἐμοὶ
721 533 852 568 συναντή-

69 583 151 606 σεται,
163 575 211 601 καὶ
232 574 275 601 ἵνα
290 575 316 601 τί
333 576 523 611 ὲσοφισάμην;
541 577 626 604 Τοῦτο
641 577 671 604 δέ
689 579 761 605 ἐστιν
776 579 846 613 ήάνυ

67 619 164 652 τίθεσις
187 620 220 655 ἢν
243 621 324 652 αὐτὸς
347 621 436 656 ἑαυτῷ
457 622 627 658 ἀντιτίθησι,
647 623 752 657 λέγων·
768 624 798 651 Et
821 625 852 652 ἓν

69 666 139 691 ἐστιν
162 666 204 691 ἐπ’
220 665 380 701 ἀμφοτέρων
395 667 472 693 τοῦτο
492 667 607 694 θανάτου
623 669 788 705 συνάντημα,
804 669 852 696 καὶ

69 710 116 736 οὐκ
135 709 281 745 ἐξαιρεῖται
303 710 353 745 τῆς
369 710 417 738 τοῦ
442 711 556 739 θανάτου
583 714 753 749 μετουσίαςή
768 715 851 750 ἀρετὴ

68 756 112 781 τὸν
122 757 150 782 ἐν
163 756 244 792 σοφίᾳ
260 757 415 791 γενόμενον,
424 759 463 789 εἰς
479 758 566 794 μάτην
580 768 623 794 μοι
638 760 775 796 γέγονενή
789 761 852 796 περὶ

68 801 117 836 τὴν
128 801 223 835 σοφίαν
236 801 347 837 σπουδή.
364 801 392 828 'H
407 803 434 829 δὲ
450 804 517 840 πρὸς
527 804 560 831 τὰ
571 806 702 840 εἰρημένα
716 805 762 832 τοῦ
774 806 851 841 λόγου

903 213 961 240 Dei.
978 213 1011 240 Et
1023 213 1074 240 hoc
1087 220 1196 248 quoque
1217 217 1259 242 cst
1277 214 1385 241 vanitas
1406 218 1437 241 et
1452 214 1606 241 voluntaria
1629 216 1685 242 elc-

902 259 956 286 ctio
973 259 1098 294 spiritus.
1114 269 1124 285 ι
1140 259 1188 287 Est
1209 266 1274 301 ergo
1297 259 1343 286 hic
1369 266 1468 287 sensus
1496 267 1594 286 eorum
1625 267 1685 293 qum
1709 251 1713 253 ’

901 303 1031 338 deinceps
1046 304 1149 339 scripta
1166 308 1242 337 sunt,
1254 308 1285 332 et
1298 304 1356 331 haec
1367 309 1411 332 est
1429 313 1488 340 qua:
1508 308 1549 331 est
1565 311 1598 331 ex
1618 311 1685 331 con-

902 349 1044 383 sequentia
1064 348 1251 383 praemittenda
1267 349 1473 383 contemplatio,
1489 356 1571 384 quam
1589 349 1685 384 paucis

902 400 976 420 nunc
1000 393 1177 420 adduximus.
1198 391 1320 428 Tempus
1337 396 1430 420 autem
1457 397 1498 420 est
1517 400 1590 420 nunc
1608 401 1685 427 repe-

902 438 978 466 tcndi
1001 442 1173 467 contextum.
1205 442 1232 465 et
1244 438 1337 465 verbis
1360 434 1584 465 accommodandi
1602 445 1684 465 accu-

902 488 961 510 rate
981 483 1158 509 sententiam.
1172 482 1239 510 Novi
1256 490 1306 517 ego
1323 484 1396 517 quod
1421 490 1492 510 unus
1510 486 1625 510 eventus
1639 490 1685 510 oe-

902 531 995 555 curret
1010 527 1151 560 omnibus,
1182 531 1209 555 et
1228 528 1285 555 dixi
1309 535 1359 563 ego
1375 527 1448 564 quod
1474 527 1552 556 stulti
1574 531 1686 555 eventus

902 572 969 599 mihi
985 580 1095 607 quoque
1115 577 1253 600 occurret.
1274 573 1331 600 Cur
1349 573 1444 608 itaque
1464 571 1596 607 majorem
1620 579 1687 606 ope—

901 625 960 646 ram
974 618 1035 645 dedi
1052 619 1211 653 sapientiae?
1226 618 1289 646 Haec
1299 623 1340 646 cst
1358 622 1449 646 autem
1467 618 1588 653 objectio
1604 625 1686 653 quam

901 664 961 699 ipse
977 664 1028 691 sibi
1045 664 1151 698 objicit,
1167 664 1263 691 dicens
1276 674 1283 691 :
1295 663 1322 691 Si
1342 665 1414 691 inest
1427 665 1453 691 in
1466 664 1591 698 utrisque
1604 671 1684 691 evcn-

902 713 946 736 tus
961 710 1070 742 mortis,
1094 717 1145 737 nec
1159 710 1246 738 virtus
1261 717 1322 737 cum
1339 709 1385 744 qui
1411 710 1499 738 evasit
1523 712 1642 744 sapiens,
1672 717 1686 736 a

903 758 991 782 morte
1003 755 1107 787 eximit,
1131 754 1234 782 frustra
1262 762 1350 782 meam
1370 755 1502 782 collocavi
1529 762 1638 789 operam
1661 755 1686 780 in

904 799 996 827 studio
1025 800 1177 835 sapientia.
1204 800 1437 833 Quemadmodum
1461 804 1555 827 autem
1579 800 1613 827 iis
1629 807 1687 834 qua:

75 847 223 882 ἀπάντησις
246 847 325 880 ποίας
346 847 432 882 Ἐγὼ,
448 849 531 884 φησὶ,
545 849 623 876 τοῦτο
640 851 769 886 περισσὸν
789 851 851 877 ἑλά-

908 845 975 872 dicta
992 849 1066 878 sunt,
1091 846 1213 873 occurrit
1227 846 1335 873 oratio?
1352 846 1420 882 Ego,
1435 846 1536 880 inquit,
1563 845 1616 872 hoc
1641 853 1688 873 fll-

68 891 136 926 λησα
154 892 183 917 ὲν
194 892 227 926 τῇ
241 891 339 927 καρδίᾳ
354 900 415 926 μου,
430 893 471 918 ὅτι
483 893 576 928 ἄφρων
592 894 624 920 ἐκ
635 895 852 930 περισσεύματος

69 938 151 966 λαλεῖ,
169 939 224 965 Καὶ
246 939 287 966 ὅτι
310 947 341 973 γε
360 940 438 966 τοῦτο
455 941 614 977 ματαιότης.
639 942 699 969 ’Ὁτι
720 943 770 969 οὐκ
793 943 851 970 ἐστι

70 984 161 1019 μνήμη
173 984 221 1010 τοῦ
238 984 321 1019 σοφοῦ
334 985 405 1020 μετὰ
417 986 464 1012 τοῦ
478 986 593 1022 ἄφρονος
603 988 642 1018 εὶς
653 987 747 1016 αἰῶνα.
758 990 851 1015 Κατα-

67 1028 193 1061 γινώσκει
215 1029 270 1065 γὰρ
285 1030 322 1062 ὡς
349 1032 483 1066 περιττῶς
507 1040 536 1059 τε
561 1035 607 1059 καὶ
630 1033 782 1065 ἀκολούθως
803 1035 852 1069 τῆς

67 1072 226 1105 ἀντιθέσεως
244 1074 344 1110 ταύτης
360 1076 560 1112 ἐπενεχθείσης,
577 1078 624 1104 καὶ
639 1078 742 1113 ἄφρονα
755 1078 852 1114 ὀνομά-

67 1117 108 1150 ζει
127 1119 171 1145 τὸν
183 1119 270 1153 λόγον,
290 1119 319 1151 ὃς
333 1120 393 1155 οὐχ).
414 1120 468 1148 τῶν
493 1121 630 1149 ἀποθέτων
645 1122 727 1154 ἐστὶν,
739 1122 798 1149 οὐδὲ
810 1122 853 1149 ἔν-

67 1165 141 1191 δοθεν
162 1166 194 1191 ὲκ
209 1165 265 1192 τῶν
279 1166 399 1201 ταμειων
414 1167 462 1202 τῆς
479 1168 574 1202 σοφίας
593 1168 785 1204 προσφέρεται,
796 1168 853 1195 ἀλλ’

66 1209 159 1244 ὥσπερ
167 1218 194 1235 τι
205 1210 364 1245 περίττωμα
378 1211 426 1247 τῆς
439 1211 557 1243 διανοίας
571 1213 654 1244 ἐστὶν,
673 1213 759 1248 ἀφροῦ
777 1213 853 1248 δίκην

67 1255 279 1290 ἁποπτυόμενος.
295 1257 404 1291 Ἄφρων
417 1257 471 1292 γὰρ
484 1258 516 1284 ὲκ
536 1257 752 1293 περισσεύματος
769 1258 853 1285 λαλεῖ.

68 1300 104 1326 Τὸ
124 1300 152 1326 δὲ
168 1300 252 1333 οὕτως
274 1301 391 1337 χρῆσθαι
408 1302 447 1337 τῷ
470 1302 550 1337 λόγῳ,
567 1303 680 1337 μάταιόν
697 1311 726 1329 τε
744 1304 790 1330 καὶ
814 1304 854 1335 εἰς

66 1345 142 1372 οὐδὲν
165 1346 244 1373 πλέον
266 1347 342 1380 ἐστὶ,
361 1347 429 1382 πρὸς
447 1348 630 1385 οὐδὲν-ἓτερον
652 1348 699 1375 τοῦ
714 1349 792 1383 λόγου
805 1349 854 1384 τὴν

69 1391 185 1427 σπουδὴν
195 1391 312 1427 ἔχοντος,
331 1393 347 1428 ἢ
361 1395 453 1420 πεῖσαι
472 1394 509 1430 μὴ
522 1394 555 1421 τὰ
574 1395 721 1429 φαινόμενα
733 1394 853 1430 βλέπειν.

74 1438 122 1464 Ἐκ
135 1438 348 1474 τῶνςὸρωμένων
363 1438 418 1475 γὰρ
428 1441 543 1466 ποιεῖται
559 1440 573 1466 ὁ
583 1440 729 1474 ἀντιλέγων
741 1440 789 1476 τὴν
802 1440 854 1475 μά-

68 1492 119 1519 χην
131 1492 137 1498 ·
149 1483 194 1510 καὶ
210 1484 264 1519 γὰρ
280 1485 294 1511 ὁ
320 1484 432 1517 θάνατος
451 1485 506 1512 τῶν
528 1486 697 1522 φαινομένων
719 1486 801 1513 ἐστίν.
822 1486 854 1512 Τί

67 1529 166 1564 δήποτε
176 1529 278 1564 λέγων;
290 1531 346 1557 Οὐκ
360 1531 390 1557 ὲν
399 1531 486 1567 τούτῳ
504 1531 552 1559 τοῦ
566 1533 692 1568 ἐναρέτου
706 1541 735 1559 τε
750 1533 796 1560 καὶ
808 1531 855 1559 τοῦ

71 1577 189 1613 πονηροῦ
205 1578 263 1613 βίου
282 1579 298 1614 ή
321 1578 412 1614 κρίσις
429 1578 550 1613 γίνεται,
566 1578 604 1610 ὡς
629 1579 687 1605 δέον
712 1577 791 1613 μόνον
811 1577 856 1604 τὸν

70 1623 187 1658 πονηρὸν
201 1623 325 1651 τεθνάναι
341 1624 381 1660 τῷ
397 1624 518 1660 σώματι·
534 1624 579 1651 τδν
600 1624 628 1650 δὲ
649 1623 749 1658 ἀγαθὸν
766 1622 857 1659 μένειν

70 1668 117 1695 106
132 1670 286 1705 σωματικοῦ
297 1670 411 1697 θανάτου
421 1671 596 1707 ἀπείραστον,
607 1671 658 1697 οὒκ
671 1670 748 1702 εἰδὼς
762 1671 790 1697 ἐν
804 1669 857 1696 τίνι

70 1715 128 1741 ἐστὶ
141 1714 192 1750 τῆς
211 1715 312 1751 ἀρετῆς
321 1716 350 1742 τὺ
363 1716 507 1748 ἀθάνατον,
523 1708 570 1743 καὶ
588 1716 630 1748 τίς
651 1716 706 1742 τῶν
724 1717 754 1743 ὲν
772 1715 857 1751 κακίᾳ.

69 1759 179 1791 ζώντων
193 1761 207 1787 ὸ
230 1760 354 1792 θάνατος.
369 1761 465 1795 Σοφοῦ,
482 1761 574 1796 φησὶν,
591 1761 608 1796 ἡ
631 1762 724 1797 μνήμη
747 1761 859 1788 διαπαν-

70 1806 116 1836 τὸς
127 1805 171 1841 ζῇ,
188 1806 235 1832 καὶ
253 1807 334 1833 παντὶ
350 1806 389 1842 τῷ
409 1806 487 1834 αῑῶνι
509 1807 764 1841 συμπαρατείνεταν
783 1806 821 1842 τῷ
830 1806 859 1833 δὲ

70 1852 168 1886 ἄφρονι
190 1851 381 1887 ἑναπεσϐέσθη
396 1852 444 1878 καὶ
458 1852 489 1878 τὺ
513 1852 692 1887 μνημόσυνον.
715 1851 783 1887 Περὶ
805 1852 860 1888 γὰρ

70 1896 124 1922 τῶν
140 1895 270 1923 τοιούτων
310 1896 376 1932 φησὶ
385 1897 431 1923 καὶ
444 1896 601 1931 Προφήτης,
616 1894 656 1920 ὅτι
672 1896 809 1923 ’Ᾱπώλετο
830 1896 860 1923 τὺ

72 1940 247 1976 μνημόσυνον
268 1939 357 1968 αὐτῶν
382 1942 539 1977 περιφανῶς
558 1942 607 1968 καὶ
622 1941 755 1977 ἐὐδήλως.
774 1941 860 1969 Τοῦτο

69 1986 128 2021 γὰρ
144 1987 161 2022 ή
176 1987 242 2021 ήχου
265 1988 407 2023 προσθήκη
433 1978 607 2014 ἐνδείκνυται.
629 1987 686 2014 Οὐκ
708 1987 780 2014 ἐστιν
801 1985 859 2020 οὖν,

71 2030 150 2065 φησὶ,
164 2031 258 2066 μνήμη
271 2031 318 2058 τοῦ
333 2032 414 2067 σοφοῦ
425 2031 493 2067 μετὰ
509 2031 556 2058 τοῦ
570 2032 686 2068 ἄφρονος
701 2033 741 2063 εἰς
756 2031 841 2058 αἰῶνα
851 2040 858 2047 ·

71 2073 141 2100 ἀλλά
153 2074 199 2100 τοῦ
213 2074 262 2108 μὲν
278 2075 358 2109 σοφοῦ
374 2076 391 2111 ή
405 2075 460 2111 ζωὴ
469 2074 614 2106 διαιωνιζει
628 2074 672 2101 διὰ
679 2075 728 2110 τῆς
740 2075 859 2110 μνήμης·

68 2118 117 2144 τον
131 2117 160 2144 δὲ
179 2118 284 2153 ἄφρονα
308 2119 459 2154 διαδέχεται
479 2118 557 2155 λήθη.
577 2120 621 2145 Ἑν
637 2119 691 2154 γὰρ
706 2120 766 2150 ταῖς
785 2120 862 2154 ἐρχο-

72 2162 168 2195 μέναις
181 2162 302 2197 ἡμέραις
314 2162 349 2189 τὰ
363 2162 453 2189 πάντα
466 2163 512 2189 τοῦ
531 2163 645 2198 ἄφρονος
662 2163 690 2189 ὲν
709 2162 777 2198 λήθῃ
788 2162 859 2196 γίνε-
874 2178 896 2205 D

69 2213 116 2230 ται
129 2213 136 2220 ·
150 2205 236 2237 οὕτως
247 2206 290 2232 ἀεὶ
303 2205 390 2240 λέγων
399 2208 438 2239 τῷ
448 2207 550 2243 ῥήματι
564 2206 625 2232 καθ’
638 2206 679 2232 ὅτι
690 2206 740 2241 ήδη
751 2207 778 2232 αἱ
790 2205 859 2241 ἡμέ-

73 2258 118 2284 ραι
130 2250 283 2286 ἐρχόμεναι,
303 2251 338 2278 τὰ
353 2251 442 2279 πάντα
453 2252 599 2288 ἐπελήσθη.

110 2339 141 2366 Et
158 2337 203 2366 οὖν
217 2341 230 2366 ὁ
247 2341 296 2376 μὲν
309 2341 390 2376 σοφὸς
406 2341 483 2377 ζητεῖ
499 2341 604 2377 σοφίαν,
627 2343 641 2369 ὸ
662 2342 691 2369 δὲ
711 2342 806 2378 ἄφρων
819 2341 858 2378 τῷ

70 2384 181 2419 θανάτῳ
197 2386 246 2420 τῆς
259 2385 343 2421 λήθης
356 2380 532 2422 ἐνηφανίσθη,
545 2388 614 2420 πῶς,
627 2388 704 2422 φησὶ,
718 2388 807 2422 λέγεις
816 2388 857 2415 ὅτι

69 2430 249 2457 ἀποθανεῖται
263 2433 278 2458 ὁ
297 2431 377 2465 σοφὸς
398 2432 466 2466 μετά
482 2432 529 2459 τοῦ
545 2434 660 2469 ἄφρονος
676 2442 683 2466 ;
710 2433 760 2460 Διὰ
783 2434 860 2460 τοῦτο

69 2478 129 2508 τοῖς
154 2477 224 2504 κατὰ
246 2478 296 2512 τὴν
314 2478 386 2514 ζωὴν
407 2479 508 2514 ταύτην
533 2479 761 2515 ἐσπουδασμένοις
786 2479 860 2515 αὐτῷ

70 2521 218 2555 ἀλγύνεται
234 2523 281 2549 καὶ
297 2523 500 2557 ἐπαισχύνεται,
515 2525 562 2550 καὶ
578 2525 666 2559 μισεῖν
683 2524 755 2558 λέγει
771 2525 860 2552 πάντα

68 2567 123 2594 ὅσα
137 2567 212 2602 αὐτῷ
225 2568 291 2602 πρὸς
306 2568 354 2603 τὴν
365 2568 437 2603 ζωὴν
450 2569 551 2604 ταύτην
566 2570 757 2603 ὲσπούδασται,
770 2571 861 2606 ὅμοιον

69 2614 187 2647 πάσχων
202 2612 296 2648 ὥσπερ
313 2613 346 2639 ἂν
362 2613 388 2640 εἴ
401 2623 441 2646 τις
460 2615 679 2649 φαρμακωμένου
693 2616 800 2651 μέλιτος
814 2618 861 2644 ἀν-

68 2657 156 2689 αιδῶς
168 2659 334 2693 ἐμφορηθεὶς
348 2659 380 2685 ἐκ
393 2659 570 2695 λαιμαργίας,
584 2658 642 2688 εἶτα
659 2663 700 2694 εἰς
711 2663 796 2698 χυμὸν
810 2664 860 2690 αὺ-

68 2704 110 2738 τῷ
124 2704 244 2739 πονηρὸν
254 2704 303 2739 τῆς
317 2704 434 2740 λιχνείας
447 2705 673 2742 μεταόληθείσης,
685 2708 714 2734 ὲν
723 2708 763 2743 τῷ
774 2709 864 2744 ἐμέτῳ

68 2750 152 2778 λάϐοι
175 2749 223 2776 106
247 2750 469 2786 ἀνακεκραμένον
497 2751 643 2787 φαρμάκου
665 2753 713 2788 τὴν
739 2754 864 2790 αῐσθησιν

69 2797 120 2823 τοῦ
139 2796 373 2832 συνεκπτυομένου
389 2798 457 2833 μετά
472 2798 518 2826 τοῦ
531 2799 650 2834 μέλιτος·
674 2801 718 2827 καὶ
731 2801 775 2828 διὰ
785 2802 861 2829 τοῦτο

902 898 1101 925 pervacaneum
1122 891 1177 918 dixi
1197 891 1224 918 in
1242 891 1324 919 corde
1343 899 1403 919 meo
1418 900 1425 918 :
1442 892 1544 918 stultus
1557 898 1589 918 ex
1598 898 1689 924 supcr-

903 936 1072 963 abundantia
1091 936 1222 971 loquitur.
1245 936 1300 963 lloc
1320 944 1428 972 quoque
1443 939 1487 964 est
1499 935 1616 963 vanitas.
1630 934 1687 961 Non

903 984 944 1007 est
972 981 1103 1007 memoria
1129 980 1266 1015 sapientis
1294 989 1356 1008 cum
1386 981 1469 1008 stulto
1495 981 1523 1007 in
1546 985 1686 1007 aeternum.

903 1024 1020 1052 Damnat
1036 1025 1107 1052 enim
1121 1024 1191 1052 hanc
1207 1025 1403 1059 objectionem,
1431 1030 1461 1052 ut
1484 1031 1688 1059 supervacanee

903 1073 930 1098 et
942 1077 996 1096 non
1016 1073 1219 1104 consequenter
1234 1071 1352 1103 illatam,
1380 1073 1408 1097 et
1430 1077 1592 1097 sermonem
1608 1075 1688 1097 vocat

903 1115 1088 1149 insipientem,
1106 1115 1156 1150 qui
1170 1123 1225 1142 non
1241 1120 1282 1143 est
1295 1123 1328 1143 ex
1351 1115 1513 1148 reconditis,
1532 1122 1621 1149 neque
1641 1122 1688 1141 ex-

903 1162 1038 1196 promitur
1051 1161 1211 1188 exiuternis
1231 1161 1375 1196 sapientiae
1394 1160 1545 1195 penuariis,
1567 1161 1614 1191 sed
1644 1164 1686 1187 est

903 1208 1005 1235 mentis
1020 1208 1106 1234 veluti
1127 1207 1268 1242 quoddam
1289 1210 1508 1239 excrementum,
1530 1210 1560 1233 ut
1575 1207 1622 1241 qui
1648 1206 1687 1232 in-

904 1258 961 1282 star
976 1261 1079 1288 spumae
1093 1252 1373 1289 exspuaurt.Stultus
1387 1252 1460 1280 enim
1471 1260 1504 1279 ex
1519 1251 1688 1287 superabun-

905 1299 998 1326 dantia
1011 1299 1142 1334 loquitur.
1155 1298 1202 1326 Sic
1211 1302 1306 1325 autem
1316 1297 1354 1325 uti
1368 1305 1507 1331 sermone,
1521 1305 1620 1324 vanum
1633 1302 1686 1328 est,

905 1350 932 1373 et
945 1345 1011 1372 nihil
1025 1344 1101 1372 ail'ert
1118 1344 1267 1376 commodi,
1281 1351 1343 1371 cum
1360 1343 1420 1379 ejus
1436 1351 1490 1371 non
1505 1344 1540 1371 sit
1553 1343 1628 1370 aliud
1645 1343 1688 1370 in-

906 1391 1034 1418 stitutum
1063 1389 1092 1416 in
1112 1389 1164 1417 hoc
1184 1390 1266 1422 libro,
1287 1396 1369 1424 quam
1394 1393 1423 1416 ut
1444 1388 1608 1424 persuadeat
1634 1395 1688 1415 non

906 1437 1006 1464 intueri
1021 1443 1053 1463 ea
1071 1443 1131 1470 qua'
1143 1439 1284 1470 apparent.
1301 1435 1369 1462 Nam
1381 1435 1428 1470 qui
1445 1435 1690 1467 contradicit,com

909 1482 993 1510 tendit
1006 1489 1039 1509 ex
1055 1481 1088 1509 iis
1101 1489 1162 1516 quae
1178 1480 1303 1508 videntur
1318 1489 1325 1507 :
1345 1488 1378 1507 ex
1394 1480 1428 1507 iis
1442 1480 1514 1507 enim
1525 1487 1585 1514 qua:
1597 1479 1690 1507 viden-

909 1531 953 1554 tur
966 1530 1008 1554 est
1023 1533 1109 1553 mors.
1123 1525 1258 1558 Quidnam
1271 1529 1363 1552 autem
1378 1525 1467 1552 dicit?
1489 1525 1571 1552 Bonae
1584 1528 1611 1552 et
1630 1531 1691 1552 sce-

907 1572 997 1600 lerata!
1018 1572 1080 1599 vitae
1097 1579 1151 1598 non
1167 1571 1194 1598 in
1215 1571 1266 1598 hoc
1285 1575 1327 1598 est
1345 1569 1491 1605 judicium,
1512 1570 1593 1606 quasi
1609 1578 1691 1606 opor-

906 1611 977 1645 teret
994 1617 1140 1644 scelestum
1158 1616 1246 1643 solum
1262 1617 1331 1643 mori
1343 1623 1476 1651 corpore:
1487 1615 1588 1643 bonum
1601 1619 1692 1642 autem

907 1670 1022 1691 manere
1035 1667 1172 1697 expertem
1189 1661 1286 1689 mortis
1300 1661 1425 1697 corporis
1436 1682 1444 1695 ,
1468 1665 1501 1688 ut
1519 1661 1565 1697 qui
1585 1661 1692 1688 nesciat

908 1709 937 1737 in
956 1715 1074 1743 quonam
1090 1707 1128 1735 sit
1149 1707 1261 1734 virtutis
1286 1706 1494 1739 immortalitas,
1522 1711 1548 1734 et
1570 1714 1694 1741 quaenam

908 1755 945 1783 sit
961 1761 1036 1781 mors
1049 1760 1143 1780 eorum
1155 1751 1204 1788 qui
1221 1752 1318 1779 vivunt
1330 1752 1358 1779 in
1373 1752 1448 1779 vitio.
1472 1752 1539 1779 Nam
1563 1752 1694 1787 sapientis

909 1800 1030 1836 quidem,
1051 1798 1152 1834 inquit,
1170 1798 1302 1825 memoria
1327 1797 1396 1825 vivit
1419 1797 1446 1824 in
1470 1801 1643 1833 perpetuum,
1666 1802 1694 1824 et

910 1844 991 1872 simul
1002 1851 1062 1872 cum
1083 1850 1141 1871 aevo
1155 1843 1283 1870 universo
1311 1842 1469 1871 extenditur
1494 1853 1500 1870 :
1521 1851 1583 1870 cum
1610 1843 1695 1870 stulto

909 1895 1002 1918 autem
1032 1890 1218 1925 exstinguitur
1243 1889 1303 1925 ejus
1328 1889 1471 1917 memoria.
1502 1889 1540 1917 De
1560 1888 1695 1924 ejusmodi

910 1936 983 1964 enim
1007 1935 1164 1963 hominibus
1181 1936 1220 1962 ait
1245 1935 1328 1963 etiam
1355 1934 1515 1970 Propheta:
1535 1934 1619 1962 Periit
1638 1942 1695 1962 me-

909 1981 996 2009 moria
1011 1989 1106 2009 eorum
1124 1981 1199 2009 clare
1215 1987 1247 2008 ac
1273 1980 1430 2008 manifeste.
1454 1981 1521 2008 Soni
1549 1981 1621 2008 enim
1643 1979 1696 2007 hoc

910 2026 1016 2055 indicat
1030 2027 1161 2062 adjectio.
1188 2026 1248 2053 Non
1263 2031 1305 2054 est
1330 2034 1411 2062 ergo,
1431 2026 1546 2061 inquit,’
1566 2025 1695 2053 memoria

911 2073 1045 2107 sapientis
1074 2080 1137 2100 cum
1158 2073 1244 2100 stulto
1269 2073 1297 2100 in
1320 2077 1452 2100 aeternum
1470 2082 1476 2099 :
1493 2072 1540 2100 sed
1563 2071 1696 2106 sapientis

912 2117 1021 2152 quidem
1045 2117 1102 2144 vita
1131 2117 1159 2144 in
1180 2121 1314 2144 aeternum
1336 2121 1429 2145 manet
1447 2125 1496 2152 per
1518 2117 1694 2144 memoriam:

913 2163 1025 2191 stultum
1041 2166 1131 2189 autem
1143 2162 1246 2196 exeipit
1256 2160 1366 2188 oblivio.
1381 2162 1409 2189 In
1422 2161 1592 2190 venientibus
1620 2160 1693 2187 enim

912 2207 1010 2234 diebus
1018 2214 1186 2241 quaecunque
1196 2208 1261 2233 sunt
1270 2205 1357 2238 stulti,
1367 2206 1530 2233 mandantur
1540 2204 1672 2232 oblivioni
1687 2214 1694 2232 :

916 2253 970 2280 hoc
985 2252 1070 2279 verbo
1091 2252 1173 2279 veluti
1190 2251 1297 2285 dicens,
1314 2251 1386 2286 quod
1399 2255 1429 2278 ut
1443 2251 1502 2286 jam
1517 2251 1576 2278 dies
1584 2251 1697 2278 venien-

911 2304 963 2332 tes,
982 2299 1111 2326 mandata
1124 2302 1189 2326 sunt
1205 2300 1296 2326 omnia
1313 2299 1455 2326 oblivioni.

949 2343 978 2371 Si
998 2351 1065 2378 ergo
1084 2343 1196 2378 sapiens
1211 2343 1321 2378 quidem
1335 2345 1436 2377 querit
1451 2343 1700 2378 sapientiam,stul—

912 2391 958 2416 tus
971 2392 1062 2416 autem
1080 2387 1186 2415 deletur
1200 2392 1287 2415 morte
1311 2388 1469 2420 oblivionis,
1489 2388 1635 2423 quomodo.
1657 2389 1701 2416 in-

914 2433 985 2469 quit,
999 2433 1070 2460 dicis
1083 2434 1249 2460 moriturum
1263 2439 1325 2460 esse
1339 2433 1491 2468 sapientem
1513 2434 1576 2460 cum’
1593 2433 1700 2461 stulto?

914 2480 947 2507 Et
961 2480 1024 2507 ideo
1036 2479 1102 2507 dicit
1117 2487 1146 2506 se
1168 2479 1259 2506 dolere
1275 2483 1303 2506 et
1313 2479 1476 2507 erubescere
1492 2483 1605 2515 propter
1625 2487 1657 2506 ea
1671 2480 1701 2507 in

913 2534 974 2561 quae
987 2533 1065 2553 suum
1083 2524 1204 2560 studium
1219 2526 1312 2559 posuit
1329 2525 1357 2551 in
1376 2524 1428 2552 hac
1439 2525 1506 2558 vita,
1538 2529 1566 2552 et
1582 2524 1648 2552 dicit
1669 2533 1699 2553 se

914 2572 1008 2600 odisse
1026 2571 1118 2598 omnia
1135 2577 1251 2605 quorum
1262 2570 1320 2605 ipse
1336 2569 1364 2596 in
1376 2570 1427 2597 hac
1442 2570 1497 2597 vita
1513 2570 1605 2597 studio
1622 2573 1698 2596 tene-

914 2618 1008 2650 batur,
1038 2620 1068 2644 ut
1095 2616 1139 2644 cui
1162 2616 1322 2644 usuveniret
1345 2615 1468 2650 perinde,
1493 2618 1574 2651 atque
1597 2615 1622 2642 ei
1651 2614 1698 2650 qui

914 2663 1115 2690 medicamento
1128 2660 1207 2688 melle
1220 2659 1331 2695 perfuso
1344 2667 1398 2694 prae
1407 2660 1527 2695 ingluvie
1538 2658 1698 2695 impruden-

917 2713 959 2736 ter
973 2708 1112 2743 impletus,
1122 2706 1220 2734 deinde
1241 2706 1268 2734 in
1282 2706 1384 2733 malum
1403 2713 1530 2741 saporem
1549 2705 1574 2732 ei
1593 2708 1697 2731 mutata

918 2754 1072 2785 dulcedine,
1097 2753 1124 2780 in
1137 2751 1273 2780 vomendo
1297 2751 1414 2786 accipiat
1435 2757 1548 2779 sensum
1575 2750 1699 2784 permisll

918 2800 1120 2834 medicamenti,
1133 2798 1206 2836 quod
1223 2798 1305 2827 simul
1319 2805 1381 2826 cum
1398 2798 1476 2826 melle
1487 2796 1630 2831 exspuitur
1645 2803 1652 2823 :
1671 2803 1696 2824 οι
