1989 3070
299 104 348 133 69⁸

899 105 928 132 S.
948 103 1112 134 GREGORII
1129 103 1297 132 NYSSSENI

1866 103 1917 131 63¢!

303 163 364 188 meo
373 159 625 195 propteramaroris
641 159 800 187 memoriam
810 160 864 187 mel
883 159 974 187 oderit
991 169 999 187 :
1013 168 1079 196 quo-

1135 160 1168 194 τῇ
1185 159 1279 195 μνήμῃ
1293 159 1343 193 τῆς
1357 157 1453 194 ἀηδίας
1467 158 1554 192 μισῶν
1570 158 1600 185 τὸ
1617 158 1676 193 μέλι
1693 167 1699 173 ·
1720 158 1761 184 ὅτι
1776 157 1916 193 πλησμονὴ

303 207 375 234 uiam
391 206 503 233 satietas
523 212 571 239 per
586 205 816 233 medicamentum
832 206 967 234 subvertit
982 210 1085 234 stoma-

302 250 393 278 cbum.
408 249 464 277 Hac
479 249 513 277 de
530 257 625 281 causa,
640 257 701 277 cum
712 257 870 286 nouusque
886 250 920 278 ad
931 250 1084 278 satietatem

301 303 331 323 se
347 295 373 321 in
390 294 581 330 iisimplesset,
595 303 654 330 qum
663 295 767 323 faciunt
783 296 816 323 ad
832 295 957 329 delicias,
968 303 1083 331 quarum

301 340 394 367 studio
408 340 554 367 tenebatur
572 340 600 367 in
619 341 724 368 v0mitu
744 339 940 372 confessionis,
953 345 1082 375 tanquam

301 386 421 421 aliquam
445 387 542 414 veneni
568 386 763 417 calamitatem,
788 393 882 414 eorum
909 394 970 422 qua:
992 391 1085 422 egerat

301 433 431 467 probrum
448 440 482 460 ac
496 432 616 459 dedecus
639 431 703 459 odio
725 432 831 459 habens
854 437 881 459 et
901 432 1082 464 abominans,

300 478 400 504 clamat
422 485 453 505 se
479 477 552 504 illam
567 477 659 504 odisse
681 477 775 508 vitam,
798 477 839 504 sic
856 476 951 504 dicens
966 476 999 503 ad
1021 485 1082 504 ver-

301 523 364 550 bum
380 532 387 550 :
405 532 414 548 ε
434 523 466 550 Et
492 523 556 550 odio
575 522 658 550 habui
672 523 767 555 vitam,
782 523 846 557 quia
867 522 969 550 malum
987 522 1083 550 adver-

300 575 360 595 sum
374 576 416 596 me
430 572 482 600 est,
493 576 563 603 opus
574 568 648 603 quod
667 568 768 595 factum
787 572 829 596 est
844 569 896 596 sub
913 568 980 596 sole.
992 578 1002 594 ι
1024 569 1082 596 Non

300 614 385 645 enim,
395 615 494 648 inquit,
509 614 556 641 ulli
570 614 627 646 alii,
642 614 690 641 sed
704 614 829 648 mihiipsi
840 613 1084 649 fuimalusiisquaa

299 659 350 686 feci
368 660 420 686 sub
432 660 500 687 sole.
516 659 579 686 Mihi
593 659 667 686 enim
676 659 745 686 nihil
759 662 815 686 stat
829 666 925 686 eorum
936 666 997 694 qua:
1010 659 1082 686 facta

298 709 363 732 sunt
377 712 384 731 :
400 705 447 732 sed
460 704 553 739 opinio
566 707 644 731 erant
656 704 749 730 omnia
762 704 790 731 in
804 711 864 739 qua:
878 705 999 732 studium
1015 712 1084 731 con-

298 749 429 783 ferebam,
452 754 480 777 et
493 751 610 784 impetus
637 749 716 777 liberi
743 749 850 776 arbitrii
875 754 902 777 et
927 750 1080 777 electionis.

297 795 396 823 Omnia
409 796 481 822 enim
492 795 598 822 vanitas
616 799 644 822 et
667 795 824 822 voluntaria
838 794 936 822 electio
954 795 1080 829 spiritus.

297 840 396 875 inquit.
409 839 442 867 Et
455 841 524 867 alter
537 841 602 867 dicit
620 839 684 867 odio
698 847 758 867 esse
771 839 883 875 dignum
895 840 968 874 quod
981 840 1008 866 in
1023 841 1081 868 hare
1099 837 1119 865 Β

296 885 436 914 confertur
448 886 579 918 studium,
599 887 672 921 quod
692 886 828 920 quispiam
844 893 898 912 non
916 885 981 918 sibi,
995 885 1043 913 scd
1055 887 1080 914 ei

297 931 344 966 qui
356 937 418 966 post
430 939 459 959 se
475 930 585 959 futurus
595 935 647 962 est,
662 931 768 958 laborat
785 930 969 965 quodcunque
986 931 1013 958 in
1029 931 1081 958 hac

296 978 353 1004 vita
368 977 424 1004 acri
439 977 530 1004 studio
545 976 676 1009 eﬂ‘ccerit,
689 977 808 1008 navalia,
831 981 938 1012 portus,
965 977 1079 1011 praecla-

296 1031 342 1051 ras
352 1031 383 1050 ae
398 1023 556 1059 magniﬁcas
570 1024 838 1059 propugnaculorum
852 1027 879 1050 et
897 1023 1078 1051 aedificiorum

295 1071 462 1100 structuras,
475 1069 620 1102 vestibula,
634 1069 704 1096 atria
717 1072 744 1096 et
758 1073 858 1102 turres,
871 1069 1000 1104 pulchras
1017 1076 1081 1104 por-

295 1115 376 1147 tiens,
394 1115 481 1142 moles
494 1119 683 1149 assurgentes,
701 1118 729 1142 et
746 1115 793 1149 qui
811 1115 838 1141 in
861 1114 976 1142 colenda
1007 1119 1080 1142 terra

294 1160 487 1195 suscipiuntur
498 1160 616 1191 labores.
639 1167 720 1188 omne
735 1168 822 1195 genus
841 1167 964 1193 nemora,
982 1164 1077 1195 prata-

298 1213 353 1240 que
367 1206 566 1240 amtenissima,
589 1210 618 1234 et
635 1206 736 1237 vineta,
757 1214 818 1241 quae
842 1205 986 1234 latitudine
1016 1209 1081 1234 sunt

295 1251 384 1280 instar
403 1253 499 1284 maris.
527 1256 555 1280 et
573 1252 597 1280 si
624 1252 690 1287 quid
705 1252 780 1280 aliud
808 1252 945 1287 ejusmodi
973 1251 1081 1279 laborat

295 1297 453 1332 quicunque
473 1296 648 1328 laboraverit,
672 1296 774 1324 fruitur
789 1300 879 1323 autem
904 1296 951 1331 qui
970 1300 1031 1330 post
1046 1295 1080 1322 il-

294 1341 351 1370 lum
364 1342 448 1369 vitam
463 1342 530 1378 agit.

330 1386 467 1414 Incertum
483 1390 525 1414 est
540 1390 632 1413 autem
653 1385 796 1413 num'vitii
818 1384 963 1412 materiam
982 1384 1078 1420 copias

295 1434 324 1460 et
336 1439 402 1466 opes
419 1431 456 1460 sit
471 1431 629 1459 eﬂ'ecturus.
655 1431 716 1458 Non
730 1436 773 1458 est
789 1431 862 1458 enim
881 1431 1078 1466 quorumlibet,

294 1476 463 1512 cognitionis
477 1484 560 1504 causa
575 1476 721 1504 demittere
742 1483 853 1504 sensum
868 1477 902 1504 ad
923 1476 1077 1504 faciendum

296 1519 393 1548 harum
411 1528 500 1548 rerum
512 1520 674 1555 periculum.
690 1520 768 1554 Quod
782 1521 894 1556 quidem
901 1528 962 1556 ego,
975 1521 1076 1555 inquit,

295 1564 349 1592 feci
379 1564 416 1592 ob
446 1565 620 1600 sapientiam.
648 1564 717 1592 Cum
745 1565 871 1593 sivissem
896 1565 969 1593 enim
993 1565 1079 1593 veluti

295 1609 439 1644 quemdam
458 1609 572 1644 pullum,
600 1614 706 1637 naturae
731 1610 924 1646 appetitionem
946 1611 1031 1638 libere
1050 1610 1079 1637 in

295 1655 470 1683 inferioribus
498 1663 646 1691 parumper
673 1656 812 1684 exsultare
829 1656 915 1683 animi
945 1656 1077 1689 motibus,

294 1706 354 1727 eam
370 1707 466 1726 rursus
481 1700 603 1735 repressi
618 1699 733 1728 habenis
756 1700 884 1732 rationis,
901 1704 928 1728 et
943 1700 1003 1735 ejus
1014 1700 1078 1728 sub—

292 1744 345 1779 jeci
365 1745 502 1780 potestati.
532 1745 609 1778 Quis.
635 1745 737 1779 inquit,
762 1746 814 1773 scit
839 1753 874 1773 an
902 1745 948 1773 ille
967 1753 1078 1781 quoque

293 1791 340 1826 qui
356 1797 417 1826 post
436 1799 486 1820 nos
502 1792 529 1819 in
547 1792 590 1819 his
607 1791 699 1826 fuerit,
723 1792 856 1828 voluptati
875 1792 1031 1827 imperabit,
1050 1796 1078 1820 et

294 1844 348 1864 nou
371 1838 429 1872 ipse
445 1838 537 1871 potius
557 1838 669 1870 serviet,
699 1838 783 1865 veluti
807 1837 945 1873 quoddam
972 1837 1077 1865 manci-

294 1883 381 1918 pium,
398 1883 545 1917 voluptati's
556 1883 685 1918 potestati
703 1891 732 1911 se
745 1883 928 1911 submittens?
946 1882 1078 1918 Propter.-

293 1936 336 1960 ea,
357 1928 456 1963 inquit,
473 1936 524 1964 ego
538 1929 697 1956 universum
715 1929 838 1956 laborem
851 1936 940 1956 meum
950 1929 1015 1956 odio
1029 1929 1078 1955 ha-

295 1974 351 2006 bui,
371 1982 451 2009 quem
465 1975 559 2002 laboro
574 1975 626 2002 sub
641 1975 700 2002 sole
720 1975 867 2010 :quoniam
890 1982 952 2002 eum
967 1974 1076 2002 dimitto

294 2019 397 2047 homini
413 2021 458 2055 qui
484 2025 545 2056 post
567 2028 610 2048 me
631 2025 713 2048 natus
731 2023 782 2047 est.
815 2019 882 2052 Quis
903 2024 994 2046 autem
1025 2020 1076 2047 scit

293 2065 439 2099 sapiensne
455 2065 507 2092 erit
521 2073 555 2092 an
580 2065 692 2097 stultus,
713 2068 741 2091 et
758 2071 792 2091 an
816 2067 977 2098 potestatem
996 2071 1075 2091 exer-

293 2108 404 2137 cebitin
421 2110 496 2137 omni
517 2110 611 2137 labore
629 2116 689 2136 meo
705 2116 786 2143 quem
808 2108 941 2140 laboravi,
966 2113 993 2136 et
1015 2117 1075 2136 mea

1135 203 1179 230 διὰ
1204 203 1251 230 τοῦ
1277 204 1422 239 φαρμάκου
1450 204 1499 239 τὴν
1523 203 1679 239 ἀνατροπὴν
1708 204 1916 239 κατειργάσατο.

1135 249 1235 276 Τούτου
1263 249 1342 284 χάριν
1356 269 1363 281 ,
1386 249 1416 275 οὑ
1448 248 1527 284 μέχρι
1554 248 1635 284 κόρου
1653 248 1706 275 τῶν
1730 248 1797 283 πρὸς
1812 248 1915 284 τρυφὴν

1136 294 1359 330 σπουδαζομένων
1369 294 1463 320 ἑαυτὸν
1475 294 1617 330 ἐμπλήσας
1627 294 1657 320 ἐν
1668 293 1706 328 τῷ
1717 294 1766 328 τῆς
1779 293 1917 327 ἐξαγορεύ-

1135 349 1204 372 σεως
1218 340 1320 376 ἐμέτῳ,
1336 340 1460 376 καθάπερ
1474 340 1544 371 τινος
1553 340 1714 375 δηλητηρίου
1729 339 1858 374 ποιότητα
1867 341 1915 376 τὴν

1134 385 1182 412 ἐπὶ
1208 386 1264 416 τοῖς
1284 385 1487 419 πεπραγμένοις
1506 384 1635 419 αἰσχύνην
1650 383 1804 420 σικχανοείς
1818 393 1848 411 τε
1870 385 1915 411 καὶ

1135 430 1346 466 βδελυξάμενος,
1371 431 1458 464 μισεῖν
1482 429 1531 464 βοᾷ
1547 429 1596 464 τὴν
1618 428 1689 462 ζωὴν
1699 429 1806 464 ἐκείνην
1831 429 1915 463 λέγων

1132 479 1234 505 οὑτωσὶ
1245 479 1316 505 κατὰ
1332 478 1381 513 τὴν
1397 477 1478 510 λέξιν,
1490 477 1530 503 ὃτι
1546 486 1555 502 ι
1568 477 1621 502 Καὶ
1634 476 1753 510 ἐμίσησα
1768 476 1818 511 τὴν
1835 476 1914 512 ζωὴν,

1134 525 1175 550 ὅτι
1193 523 1309 558 πονηρὸν
1323 524 1367 550 ἐπ’
1384 523 1434 558 ἐμὲ
1448 522 1478 548 τὸ
1498 523 1602 558 ποίημα
1618 522 1648 548 τὸ
1666 522 1848 557 πεποιημένον
1864 523 1916 549 ὑπὸ

1133 569 1179 595 τὸν
1200 568 1285 603 ἥλιον.
1306 577 1316 593 ι
1334 568 1372 594 Οὐ
1389 568 1443 604 γὰρ
1465 568 1536 603 ἄλλῳ
1552 568 1616 598 τινὶ,
1634 568 1725 603 φησὶν,
1739 568 1795 594 ἀλλ’
1807 569 1915 604 ἐμαυτῴ

1133 616 1232 650 γέγονα
1245 614 1371 649 πονηρὸς,
1384 611 1424 645 οἷς
1439 613 1554 647 ἐποίησα
1569 613 1621 639 ὑπὸ
1636 613 1681 639 τὸν
1696 613 1781 648 ἥλιον.
1799 613 1914 648 ’Ἐστηκε

1134 661 1188 695 γάρ
1205 668 1249 694 μοι
1265 659 1318 685 τῶν
1334 657 1486 692 γενομένων
1499 657 1574 683 οὐδέν
1585 667 1591 672 ·
1611 657 1667 684 ἀλλ’
1681 658 1766 692 οῐησις
1778 655 1813 693 ἦν
1829 659 1915 685 πάντα

1132 705 1168 732 τὰ
1190 704 1393 739 σπουδαζόμενα
1406 724 1412 735 ,
1439 704 1485 729 καὶ
1500 703 1572 738 ὁρμὴ
1592 703 1786 738 προαιρέσεως.
1803 703 1844 729 Τὰ
1862 704 1915 738 γὰρ

1128 752 1221 778 ’πάντα
1237 751 1401 787 ματαιότης,
1425 750 1472 776 καὶ
1489 749 1647 784 προαίρεσις
1662 749 1824 784 πνεύματος,
1839 750 1914 784 φησί.

1131 798 1187 826 Καὶ
1204 797 1281 827 ἄλλος
1296 797 1370 830 λέγει
1387 796 1481 830 μίσους
1503 795 1582 826 ἀξίαν
1601 793 1669 821 εἶναι
1686 794 1733 830 τὴν
1758 791 1809 822 ὦδε
1827 803 1916 821 σπου-

1133 842 1190 877 δὴν,
1209 842 1250 868 ὅτι
1266 841 1303 876 μὴ
1319 840 1407 875 ἐαυτῷ
1427 848 1479 871 τις,
1499 839 1565 866 ἀλλὰ
1588 839 1626 874 τῷ
1648 839 1705 874 μεθ’
1721 840 1814 866 ἑαυτὸν
1830 841 1916 871 πονεῖ,

1134 887 1201 922 ὅπερ
1218 887 1250 913 ἂν
1263 887 1292 912 ἐν
1306 887 1339 921 τῇ
1362 885 1418 920 ζωῇ
1433 884 1519 920 ταύτῃ
1543 885 1615 911 κατὰ
1635 885 1752 920 σπουδὴν
1765 885 1916 920 ἐνεργήσας

1134 932 1220 967 τύχοι,
1238 931 1348 966 νεώρια,
1367 931 1488 965 λιμένας,
1504 931 1553 961 τὰς
1574 931 1703 966 λαμπράς
1722 939 1752 956 τε
1773 930 1818 957 καὶ
1834 931 1916 957 πολυ-

1134 977 1219 1008 τελεῖς
1239 977 1292 1003 τῶν
1315 976 1451 1009 ἐπάλξεων
1471 984 1500 1002 τε
1524 976 1571 1003 καὶ
1591 976 1813 1011 οἰκοδομημάτων
1835 985 1917 1003 κατα-

1135 1023 1243 1054 σκευὰς,
1259 1021 1413 1056 προπύλαιά
1423 1030 1453 1047 τε
1467 1021 1514 1047 καὶ
1524 1020 1654 1056 πύργους,
1665 1021 1713 1048 καὶ
1723 1021 1809 1056 κάλλη
1822 1022 1916 1054 στοῶν,

1134 1066 1312 1102 ἀναστήματα
1326 1075 1370 1098 τε,
1388 1066 1436 1098 τάς
1453 1075 1482 1092 τε
1505 1066 1575 1092 κατὰ
1588 1066 1639 1101 γῆν
1662 1066 1802 1102 φιλεργίας
1813 1086 1821 1098 ,
1848 1067 1915 1101 ἄλση

1135 1110 1293 1138 παντοδαπὰ
1307 1131 1315 1144 ,
1341 1111 1388 1137 καὶ
1408 1109 1547 1145 λειμώνων
1563 1111 1648 1146 κάλλη
1660 1131 1668 1143 ,
1693 1112 1739 1138 καὶ
1753 1111 1915 1146 ἀμπελῶνας

1137 1157 1318 1192 μιμουμένους
1332 1155 1367 1183 τὰ
1385 1156 1490 1192 πελάγη
1504 1158 1559 1188 τοῖς
1573 1157 1695 1190 πλάτεσι,
1711 1158 1758 1184 καὶ
1774 1158 1801 1184 et
1813 1166 1839 1183 τι
1853 1157 1916 1184 ἄλλο

1133 1201 1252 1228 τοιοῦτον
1267 1203 1343 1228 πονεῖ
1363 1201 1411 1237 μὲν
1425 1202 1510 1236 ὅσπερ
1529 1201 1561 1228 ἂν
1580 1202 1650 1238 τύχῃ
1665 1203 1794 1237 πονήσας,
1810 1202 1916 1237 μετέχει

1132 1246 1162 1273 δὲ
1176 1248 1190 1273 ὁ
1207 1246 1265 1281 μετ’
1281 1247 1383 1273 ἐκεῖνον
1399 1246 1540 1281 ἐπιδημῶν
1556 1246 1595 1281 τῷ
1611 1246 1668 1281 βίῳ.

1167 1383 1280 1419 Ἀδηλον
1301 1384 1330 1410 δὲ
1354 1384 1378 1409 εί
1406 1383 1443 1419 μὴ
1465 1384 1563 1415 κακίας
1590 1383 1657 1419 ὓλην
1681 1383 1730 1419 τὴν
1758 1384 1919 1418 περιουσίαν

1129 1428 1287 1463 ποιήσηται.
1313 1428 1349 1454 Οὐ
1366 1428 1420 1463 γὰρ
1442 1428 1550 1455 πάντων
1567 1428 1624 1454 ἐστὶ
1637 1428 1668 1454 τὸ
1685 1427 1810 1462 γνώσεως
1824 1428 1917 1454 ἕνεκεν

1129 1474 1169 1504 είς
1183 1473 1232 1508 τὴν
1247 1473 1300 1499 τῶν
1319 1473 1445 1500 τοιούτων
1470 1475 1566 1510 πεῖραν
1583 1474 1703 1500 καθεῖναι
1716 1474 1765 1509 τὴν
1779 1474 1915 1508 αἴσθησιν.

1131 1517 1219 1553 Ὅπερ
1240 1517 1305 1552 ἐγὼ,
1321 1518 1412 1554 φησὶν,
1429 1518 1480 1545 ὑπὸ
1498 1518 1593 1553 σοφίας
1610 1518 1756 1554 πεποίηκα.
1783 1518 1851 1545 Κατ’
1873 1519 1918 1553 ἐξ·

1129 1564 1231 1596 ουσίαν,
1247 1561 1302 1590 οἶόν
1316 1573 1376 1590 τινα
1399 1564 1498 1597 πῶλον,
1519 1565 1568 1599 τὴν
1582 1565 1631 1600 τῆς
1646 1564 1752 1598 φύσεως
1766 1564 1854 1600 ὁρμὴν
1873 1573 1917 1599 μι-

1129 1608 1194 1644 κρὸν
1217 1609 1295 1644 ἀφεὶς
1319 1610 1512 1644 ἐπισκιρτῆσαι
1536 1611 1593 1641 τοῖς
1614 1610 1690 1637 κάτω
1708 1609 1817 1639 πάθεσι,
1834 1610 1916 1637 πάλιν

1128 1655 1306 1690 ἁνεστόμωσα
1331 1657 1364 1692 τῇ
1383 1653 1436 1682 ’τοῦ
1461 1656 1592 1691 λογισμοῦ
1617 1656 1690 1691 ἡνίᾳ,
1708 1656 1755 1683 καὶ
1771 1657 1804 1691 τῇ
1819 1656 1916 1683 τούτου

1129 1699 1238 1736 ἐξουσίᾳ
1264 1701 1413 1736 ὑπήγαγον.
1430 1701 1477 1732 Τίς
1499 1700 1564 1733 οἶδε,
1583 1702 1674 1736 φησὶν,
1690 1702 1714 1728 εί
1729 1702 1853 1733 κάκεῖνος
1869 1702 1916 1728 ὅσ-

1127 1754 1168 1778 τις
1181 1747 1245 1773 ποτέ
1263 1747 1321 1782 μεθ’
1334 1748 1405 1782 ἡμᾶς
1423 1749 1452 1774 ἐν
1468 1748 1572 1779 τούτοις
1587 1748 1742 1783 γενόμενος,
1763 1748 1917 1780 ὲξουσιὰσει

1126 1791 1177 1827 τῆς
1202 1792 1387 1824 ἀπολαύσεως,
1413 1793 1460 1820 καὶ
1481 1794 1532 1820 οὐκ
1563 1794 1653 1825 αὐτοῖς
1682 1794 1781 1828 μᾶλλον
1805 1802 1916 1829 κυριευ-

1127 1837 1250 1873 θήσεται,
1263 1836 1318 1866 οἷόν
1337 1848 1362 1865 τι
1378 1838 1541 1874 ἀνδράποδον
1555 1841 1586 1874 τῇ
1602 1839 1745 1875 δυναστείᾳ
1758 1840 1806 1875 τῆς
1818 1840 1916 1875 ἡδονῆς

1127 1883 1284 1919 ὑποκύψας;
1302 1886 1351 1912 Διὰ
1360 1884 1448 1917 τοῦτο,
1464 1885 1555 1920 φησὶν.
1567 1885 1687 1920 ἐμίσησα
1700 1885 1755 1919 ἐγὼ
1768 1885 1916 1921 σύμπαντα

1126 1929 1171 1955 τὸν
1188 1929 1286 1964 μόχθον
1304 1939 1364 1964 μου.
1377 1930 1406 1956 ὃν
1432 1929 1487 1964 ἐγὼ
1510 1930 1603 1966 μοχθώ
1627 1931 1679 1958 ὑπὸ
1698 1931 1744 1958 τὸν
1757 1932 1848 1966 ἥλιον·
1873 1932 1915 1958 ὅτι

1126 1976 1199 2010 ἀφίω
1213 1977 1294 2003 αὐτὴν
1307 1976 1344 2011 τῷ
1358 1977 1492 2013 ἀνθρώπῳ
1502 1977 1540 2014 τῷ
1555 1978 1692 2013 γενομένῳ
1707 1979 1766 2004 κατ’
1783 1979 1844 2013 ἐμέ.
1857 1980 1916 2007 Καὶ

1125 2021 1167 2053 τίς
1181 2019 1260 2053 οἶδεν,
1283 2023 1307 2048 εί
1323 2022 1403 2056 cogo;
1419 2023 1494 2049 ἔσται
1514 2023 1530 2058 ἢ
1554 2024 1663 2059 ἄφρων,
1686 2024 1733 2050 καὶ
1748 2025 1771 2051 εἰ
1786 2025 1910 2058 ἐξουσιά-

1126 2074 1202 2093 σεται
1217 2067 1245 2092 ἐν
1261 2067 1341 2093 παντὶ
1355 2067 1446 2103 μίχοῳ
1461 2076 1512 2103 μου
1526 2065 1548 2102 ᾧ
1562 2068 1702 2103 ἐμόχθησα
1721 2069 1768 2096 καὶ
1783 2070 1910 2103 ἐσοᾳισά-

1127 2120 1181 2148 μην
1193 2112 1246 2139 ὑπὸ
1258 2112 1303 2139 τὸν
1317 2113 1406 2148 ἥλιον;
1422 2113 1530 2149 Ταύτην
1541 2115 1596 2149 γὰρ
1607 2113 1682 2150 οἶμαι
1694 2114 1740 2141 τοῦ
1756 2115 1838 2151 ῥητοῦ
1850 2115 1913 2142 τού-

293 2155 427 2183 industria
444 2155 596 2190 excogitavi
612 2155 663 2182 sub
675 2154 750 2182 sole?
775 2153 907 2181 Existimo
926 2154 998 2181 enim
1014 2162 1074 2182 esse

1130 2166 1172 2184 του
1188 2155 1258 2185 εἶναι
1278 2158 1327 2194 τὴν
1343 2158 1456 2191 ἔννοιαν,
1478 2160 1509 2186 τὸ
1524 2160 1561 2195 μὴ
1581 2160 1662 2186 πάθει
1682 2160 1762 2186 αὑτὸν
1781 2161 1849 2195 πρὸς
1866 2161 1913 2187 τὸν

292 2201 366 2228 hunc
384 2209 496 2235 sensum
513 2201 596 2235 hujus
613 2200 689 2232 dicti,
715 2200 787 2235 quod
809 2207 863 2227 non
882 2200 974 2235 aliqua
990 2200 1074 2227 animi

292 2247 496 2282 perturbatione
509 2246 637 2281 delapsus
651 2246 686 2274 sit
711 2245 745 2273 ad
758 2246 828 2273 hanc
845 2246 926 2272 vitam
952 2247 1076 2282 volupta-

291 2294 371 2325 riam,
403 2292 452 2320 sctl
468 2292 501 2319 ad
515 2299 575 2319 eam
589 2292 696 2319 venerit
709 2291 827 2326 quadam
846 2292 952 2319 ratione
971 2292 1076 2326 sapien-

291 2341 345 2370 tiat,
375 2342 405 2365 ut
430 2338 478 2373 qui
509 2338 533 2364 ei
555 2338 696 2372 imperans
721 2337 782 2371 ejus
812 2337 895 2365 fuerit
923 2338 1072 2373 particeps,

290 2391 345 2411 non
361 2388 450 2410 autent
469 2389 567 2417 parens
580 2383 639 2416 ejus
651 2383 774 2417 imperio.
789 2381 856 2415 Quis
871 2389 936 2417 ergo
951 2383 1013 2413 scit,
1033 2383 1075 2409 in-

289 2430 361 2465 quit,
377 2437 417 2456 air
425 2430 471 2464 qui
492 2432 554 2464 post
565 2436 607 2456 me
623 2433 665 2456 est
681 2428 801 2462 futurus,
817 2437 910 2457 eorum
927 2437 979 2456 non
999 2436 1076 2464 pare-
1098 2427 1102 2431 '

289 2477 329 2504 bit
348 2476 475 2510 imperio,
501 2483 560 2510 quae
584 2483 634 2510 ego
660 2475 780 2503 laboravi
802 2483 856 2503 non
880 2483 928 2510 per
952 2475 1072 2510 aliquam

289 2521 372 2549 animi
386 2521 628 2556 perturbationem,
641 2522 687 2548 sed
701 2529 748 2556 per
761 2521 920 2560 sapientiam
933 2521 944 2546 ?
958 2522 1010 2547 Per
1023 2520 1074 2548 hoc

289 2568 361 2595 enim
384 2567 456 2603 quod
475 2568 593 2594 laborem
618 2567 902 2600 nominavit,delicias
925 2566 1072 2601 significat,

289 2614 361 2649 quod
382 2622 429 2649 per
445 2615 511 2645 vim,
533 2614 614 2641 veluti
633 2613 769 2648 quoddam
790 2612 898 2640 dillicile
922 2617 1071 2644 certamen,

289 2659 398 2687 admisit
411 2660 558 2694 voluptatis
569 2659 814 2693 participatione".
830 2657 862 2684 Et
876 2659 926 2684 hoc
941 2665 1016 2692 ergo,
1035 2658 1072 2684 in-

288 2706 358 2741 quit,
374 2706 401 2733 in
421 2707 498 2733 vanis
512 2710 679 2732 muneretur.
696 2705 780 2732 Porro
794 2709 884 2731 autem
906 2705 986 2731 alit-ni
1005 2713 1073 2739 quo.

287 2759 342 2786 que
357 2752 401 2778 alii
418 2759 451 2778 ex
474 2752 516 2778 his
531 2759 590 2786 qua:
615 2751 659 2777 hic
672 2754 747 2781 sunt,
770 2749 836 2777 dicit
859 2750 976 2777 animam
993 2758 1070 2777 suam

289 2797 477 2829 renuntiasse,
491 2801 516 2824 et
529 2797 653 2824 oratione
666 2796 690 2823 id
703 2795 775 2835 quod
790 2797 840 2823 sibi
854 2796 1065 2831 vultsiguiiicat.

1126 2203 1325 2230 ἀπολαυστικὸν
1341 2204 1396 2239 βίον
1412 2205 1616 2241 κατολισθησαι,
1633 2205 1702 2232 ἀλλά
1716 2214 1769 2232 τινι
1782 2206 1853 2241 λόγῳ
1867 2215 1912 2232 σο-

1126 2249 1190 2283 φίας
1212 2250 1260 2276 ἐπὶ
1278 2249 1356 2276 τοῦτο
1381 2250 1476 2283 ἐλθεῖν,
1498 2240 1528 2278 εὖ
1551 2251 1659 2287 ἐξουσίᾳ
1681 2252 1841 2287 ποιούμενον
1862 2253 1913 2288 τὴν

1128 2295 1281 2330 μετουσίαν,
1295 2296 1340 2322 καὶ
1353 2296 1403 2322 οὐκ
1420 2297 1499 2324 αὑτὸν
1515 2297 1567 2323 ὑπὸ
1580 2298 1629 2332 τῆς
1641 2298 1797 2329 δυναστείας
1809 2299 1912 2334 ταύτης

1125 2341 1389 2376 κατακρατούμενον.
1413 2342 1461 2374 Τίς
1487 2341 1533 2370 οὖν
1555 2341 1619 2377 οἶδε,
1636 2345 1729 2378 φησὶν,
1746 2345 1770 2370 εἰ
1786 2345 1823 2379 μὴ
1837 2344 1914 2377 siau—

1126 2385 1303 2420 σιασθήσεται
1330 2387 1382 2414 ὑπὸ
1406 2387 1507 2414 τούτων
1529 2390 1543 2415 ό
1562 2389 1620 2423 μετ’
1637 2390 1704 2424 ἐμὲ,
1726 2390 1796 2425 ἇπερ
1812 2391 1844 2416 οὐ
1866 2391 1913 2418 διὰ

1125 2431 1228 2463 πάθους
1246 2432 1310 2466 ἐγὼ,
1326 2433 1393 2460 ἀλλὰ
1407 2433 1458 2460 ὑπὸ
1475 2434 1570 2468 σοφίας
1586 2435 1739 2471 ἐμόχθησας
1762 2435 1843 2471 Δηλοῖ
1855 2437 1913 2472 γὰρ

1123 2477 1166 2503 διὰ
1177 2477 1224 2504 τοῦ
1239 2478 1336 2513 μόχθου
1347 2479 1477 2514 ὀνομάσαι
1489 2480 1538 2516 τὴν
1548 2481 1662 2515 τρυφὴν,
1674 2482 1714 2507 ὅτι
1723 2482 1913 2516 βεὸιασμένως

1124 2519 1179 2549 οἷόν
1204 2531 1264 2550 τινα
1286 2523 1537 2558 δυσκαταγώνιστον
1562 2524 1645 2552 ἆθλον
1667 2527 1716 2561 τῆς
1739 2526 1835 2562 ἡδονῆς
1858 2528 1912 2564 τὴν

1125 2569 1270 2603 μετουσίαν
1282 2570 1448 2605 προσήκατο.
1463 2571 1517 2597 Καὶ
1531 2571 1608 2597 τοῦτο
1624 2569 1680 2603 οὖν,
1699 2573 1789 2607 φησὶν,
1808 2573 1838 2598 ἐν
1852 2575 1913 2604 τοῖς

1125 2615 1249 2649 ματαίοις
1266 2616 1498 2650 καταριθμείσθω.
1512 2618 1567 2644 Καὶ
1578 2617 1649 2653 ἄλλῳ
1659 2618 1687 2644 δέ
1700 2627 1751 2644 τινι
1768 2618 1842 2652 λέγει
1853 2619 1912 2644 τῶν

1122 2656 1183 2690 ὦδε,
1201 2660 1248 2694 τὴν
1266 2653 1362 2687 ἑαυτοῦ
1374 2661 1462 2697 ψυχὴν
1476 2662 1668 2697 ἀποτετὰχοαι,
1682 2663 1729 2689 καὶ
1744 2664 1856 2697 φανεροῖ
1868 2663 1912 2698 τῷ

1122 2705 1214 2740 λογῳδ
1224 2706 1355 2740 βούλεται.
1366 2707 1544 2742 Διαΰέεληται
1555 2708 1608 2744 γὰρ
1620 2709 1687 2743 πρὸς
1701 2709 1747 2735 τὸν
1759 2708 1808 2743 τῆς
1823 2708 1910 2745 ὀρθῆς

1122 2750 1237 2784 κρίσεως
1253 2751 1451 2786 ἁμαρτάνοντα,
1468 2751 1509 2778 ὃτι
1522 2752 1627 2786 βλέπων
1642 2753 1743 2788 ἐναργῆ
1757 2752 1810 2779 τῶν
1827 2754 1909 2779 ἐναν-

1121 2795 1185 2822 τίων
1201 2795 1264 2830 βίων
1280 2797 1326 2831 τὴν
1342 2797 1483 2832 διαφορὰν,
1496 2798 1524 2830 ἐξ
1543 2795 1581 2826 ὧν
1593 2799 1606 2824 ὁ
1625 2799 1674 2833 μὲν
1690 2799 1752 2833 περὶ
1768 2798 1817 2833 τὴν
1839 2798 1907 2833 ἀρε-
