  <div class='ocr_page' id='page_1' title='image "/cluster/home/n/w/nwhite01/storage/ocr_20150623/44/njp.32101009003169/352.png"; bbox 0 0 1989 3070; ppageno 0'>
   <div class='ocr_carea' id='block_1_1' title="bbox 68 119 146 149">
    <p class='ocr_par' dir='ltr' id='par_1_1' title="bbox 68 119 146 149">
     <span class='ocr_line' id='line_1_1' title="bbox 68 119 146 149; baseline 0.026 -2"><span class='ocrx_word' id='word_1_1' title='bbox 68 119 72 122; x_wconf 81' lang='grc'><strong>’</strong></span> <span class='ocrx_word' id='word_1_2' title='bbox 96 121 146 149; x_wconf 65' lang='grc' dir='ltr'>εθις</span> 
     </span>
    </p>
   </div>
   <div class='ocr_carea' id='block_1_2' title="bbox 603 111 1166 156">
    <p class='ocr_par' dir='ltr' id='par_1_2' title="bbox 603 111 1166 156">
     <span class='ocr_line' id='line_1_2' title="bbox 603 111 1166 156; baseline 0.005 -5"><span class='ocrx_word' id='word_1_3' title='bbox 603 111 606 113; x_wconf 68' lang='grc'><em>’</em></span> <span class='ocrx_word' id='word_1_4' title='bbox 640 124 672 151; x_wconf 79' lang='lat' dir='ltr'><strong>m</strong></span> <span class='ocrx_word' id='word_1_5' title='bbox 692 125 961 155; x_wconf 69' lang='lat' dir='ltr'><strong>ECCLESIASTEN.</strong></span> <span class='ocrx_word' id='word_1_6' title='bbox 984 127 1123 156; x_wconf 72' lang='grc' dir='ltr'>ιιοιιιωΑ</span> <span class='ocrx_word' id='word_1_7' title='bbox 1136 127 1166 154; x_wconf 96' lang='lat' dir='ltr'><strong>v.</strong></span> 
     </span>
    </p>
   </div>
   <div class='ocr_carea' id='block_1_3' title="bbox 1662 131 1715 160">
    <p class='ocr_par' dir='ltr' id='par_1_3' title="bbox 1662 131 1715 160">
     <span class='ocr_line' id='line_1_3' title="bbox 1662 131 1715 160; baseline 0.075 -4"><span class='ocrx_word' id='word_1_8' title='bbox 1662 131 1715 160; x_wconf 69' lang='grc' dir='ltr'><strong>θυι</strong></span> 
     </span>
    </p>
   </div>
   <div class='ocr_carea' id='block_1_4' title="bbox 95 176 879 222">
    <p class='ocr_par' dir='ltr' id='par_1_4' title="bbox 95 176 879 216">
     <span class='ocr_line' id='line_1_4' title="bbox 95 176 879 216; baseline 0.005 -13"><span class='ocrx_word' id='word_1_9' title='bbox 95 178 140 212; x_wconf 76' lang='grc' dir='ltr'>τὴν</span> <span class='ocrx_word' id='word_1_10' title='bbox 156 177 240 207; x_wconf 80' lang='grc' dir='ltr'>πονεῖ,</span> <span class='ocrx_word' id='word_1_11' title='bbox 254 176 301 204; x_wconf 63' lang='grc' dir='ltr'><strong>καὶ</strong></span> <span class='ocrx_word' id='word_1_12' title='bbox 315 176 382 212; x_wconf 73' lang='grc' dir='ltr'>πρὸς</span> <span class='ocrx_word' id='word_1_13' title='bbox 394 177 469 204; x_wconf 69' lang='grc' dir='ltr'>οὐδὲν</span> <span class='ocrx_word' id='word_1_14' title='bbox 486 178 654 213; x_wconf 81' lang='grc' dir='ltr'>ἀνθρώπινον</span> <span class='ocrx_word' id='word_1_15' title='bbox 669 179 717 215; x_wconf 80' lang='grc' dir='ltr'>τὴν</span> <span class='ocrx_word' id='word_1_16' title='bbox 732 180 879 216; x_wconf 73' lang='grc' dir='ltr'><strong>ἐπιθυμίαν</strong></span> 
     </span>
    </p>
   </div>
   <div class='ocr_carea' id='block_1_5' title="bbox 931 176 1715 222">
    <p class='ocr_par' dir='ltr' id='par_1_5' title="bbox 931 181 1715 222">
     <span class='ocr_line' id='line_1_5' title="bbox 931 181 1715 222; baseline 0.008 -14"><span class='ocrx_word' id='word_1_17' title='bbox 931 181 1106 209; x_wconf 83' lang='lat' dir='ltr'><strong>lnsimulatus</strong></span> <span class='ocrx_word' id='word_1_18' title='bbox 1121 182 1192 209; x_wconf 90' lang='lat' dir='ltr'><strong>enim</strong></span> <span class='ocrx_word' id='word_1_19' title='bbox 1211 182 1261 209; x_wconf 81' lang='lat' dir='ltr'><strong>fuit</strong></span> <span class='ocrx_word' id='word_1_20' title='bbox 1279 184 1348 218; x_wconf 87' lang='lat' dir='ltr'><strong>apud</strong></span> <span class='ocrx_word' id='word_1_21' title='bbox 1363 185 1488 222; x_wconf 53' lang='lat' dir='ltr'><strong>eum‘qui</strong></span> <span class='ocrx_word' id='word_1_22' title='bbox 1511 192 1525 213; x_wconf 90' lang='lat' dir='ltr'><strong>a</strong></span> <span class='ocrx_word' id='word_1_23' title='bbox 1543 190 1616 213; x_wconf 83' lang='lat' dir='ltr'><strong>recto</strong></span> <span class='ocrx_word' id='word_1_24' title='bbox 1635 187 1715 214; x_wconf 50' lang='lat' dir='ltr'><strong>tubera</strong></span> 
     </span>
    </p>
   </div>
   <div class='ocr_carea' id='block_1_6' title="bbox 96 222 880 261">
    <p class='ocr_par' dir='ltr' id='par_1_6' title="bbox 96 222 880 261">
     <span class='ocr_line' id='line_1_6' title="bbox 96 222 880 261; baseline 0.005 -13"><span class='ocrx_word' id='word_1_25' title='bbox 96 223 216 256; x_wconf 72' lang='grc' dir='ltr'>κατάγει,</span> <span class='ocrx_word' id='word_1_26' title='bbox 241 223 255 248; x_wconf 86' lang='grc' dir='ltr'>ὁ</span> <span class='ocrx_word' id='word_1_27' title='bbox 278 222 305 249; x_wconf 85' lang='grc' dir='ltr'>δὲ</span> <span class='ocrx_word' id='word_1_28' title='bbox 320 223 423 258; x_wconf 71' lang='grc' dir='ltr'>ἔτερος,</span> <span class='ocrx_word' id='word_1_29' title='bbox 444 224 514 252; x_wconf 80' lang='grc' dir='ltr'>κατὰ</span> <span class='ocrx_word' id='word_1_30' title='bbox 535 226 565 251; x_wconf 85' lang='grc' dir='ltr'>τὸ</span> <span class='ocrx_word' id='word_1_31' title='bbox 586 224 713 260; x_wconf 81' lang='grc' dir='ltr'>ἔμπαλιν,</span> <span class='ocrx_word' id='word_1_32' title='bbox 733 226 813 252; x_wconf 84' lang='grc' dir='ltr'>πόνον</span> <span class='ocrx_word' id='word_1_33' title='bbox 831 226 880 261; x_wconf 80' lang='grc' dir='ltr'>μέν</span> 
     </span>
    </p>
   </div>
   <div class='ocr_carea' id='block_1_7' title="bbox 96 267 882 305">
    <p class='ocr_par' dir='ltr' id='par_1_7' title="bbox 96 267 882 305">
     <span class='ocr_line' id='line_1_7' title="bbox 96 267 882 305; baseline 0.005 -12"><span class='ocrx_word' id='word_1_34' title='bbox 96 276 154 294; x_wconf 82' lang='grc' dir='ltr'>τινα</span> <span class='ocrx_word' id='word_1_35' title='bbox 167 267 221 294; x_wconf 82' lang='grc' dir='ltr'><strong>τῶν</strong></span> <span class='ocrx_word' id='word_1_36' title='bbox 236 267 369 303; x_wconf 81' lang='grc' dir='ltr'>ὲναρέτων</span> <span class='ocrx_word' id='word_1_37' title='bbox 382 269 430 304; x_wconf 83' lang='grc' dir='ltr'>οὐχ</span> <span class='ocrx_word' id='word_1_38' title='bbox 447 269 594 305; x_wconf 84' lang='grc' dir='ltr'>ὑπομένει,</span> <span class='ocrx_word' id='word_1_39' title='bbox 613 270 702 305; x_wconf 85' lang='grc' dir='ltr'>μόνοις</span> <span class='ocrx_word' id='word_1_40' title='bbox 716 270 743 296; x_wconf 83' lang='grc' dir='ltr'>δὲ</span> <span class='ocrx_word' id='word_1_41' title='bbox 759 272 817 303; x_wconf 84' lang='grc' dir='ltr'>τοῖς</span> <span class='ocrx_word' id='word_1_42' title='bbox 831 280 882 298; x_wconf 60' lang='grc' dir='ltr'>σω-</span> 
     </span>
    </p>
   </div>
   <div class='ocr_carea' id='block_1_8' title="bbox 97 314 881 352">
    <p class='ocr_par' dir='ltr' id='par_1_8' title="bbox 97 314 881 352">
     <span class='ocr_line' id='line_1_8' title="bbox 97 314 881 352; baseline 0.005 -13"><span class='ocrx_word' id='word_1_43' title='bbox 97 315 219 348; x_wconf 79' lang='grc' dir='ltr'>ματικοῖς</span> <span class='ocrx_word' id='word_1_44' title='bbox 229 314 338 349; x_wconf 80' lang='grc' dir='ltr'><strong>μόχθοις</strong></span> <span class='ocrx_word' id='word_1_45' title='bbox 350 315 583 351; x_wconf 80' lang='grc' dir='ltr'>ἐγκατατρίόεται.</span> <span class='ocrx_word' id='word_1_46' title='bbox 602 316 685 343; x_wconf 86' lang='grc' dir='ltr'>Ὅταν</span> <span class='ocrx_word' id='word_1_47' title='bbox 700 314 747 343; x_wconf 82' lang='grc' dir='ltr'>οὖν</span> <span class='ocrx_word' id='word_1_48' title='bbox 760 325 801 348; x_wconf 86' lang='grc' dir='ltr'><strong>τις</strong></span> <span class='ocrx_word' id='word_1_49' title='bbox 812 317 881 352; x_wconf 75' lang='grc' dir='ltr'>πρὸς</span> 
     </span>
    </p>
   </div>
   <div class='ocr_carea' id='block_1_9' title="bbox 95 358 881 398">
    <p class='ocr_par' dir='ltr' id='par_1_9' title="bbox 95 358 881 398">
     <span class='ocr_line' id='line_1_9' title="bbox 95 358 881 398; baseline 0.005 -14"><span class='ocrx_word' id='word_1_50' title='bbox 95 358 186 385; x_wconf 76' lang='grc' dir='ltr'>τοῦτον</span> <span class='ocrx_word' id='word_1_51' title='bbox 203 359 273 395; x_wconf 83' lang='grc' dir='ltr'><strong>φέρῃ</strong></span> <span class='ocrx_word' id='word_1_52' title='bbox 292 359 338 386; x_wconf 84' lang='grc' dir='ltr'>τοῦ</span> <span class='ocrx_word' id='word_1_53' title='bbox 355 361 437 387; x_wconf 82' lang='grc' dir='ltr'>καλοῦ</span> <span class='ocrx_word' id='word_1_54' title='bbox 461 361 510 397; x_wconf 86' lang='grc' dir='ltr'>τὴν</span> <span class='ocrx_word' id='word_1_55' title='bbox 534 361 631 397; x_wconf 63' lang='grc' dir='ltr'>ψῆφον,</span> <span class='ocrx_word' id='word_1_56' title='bbox 652 362 779 398; x_wconf 77' lang='grc' dir='ltr'>παρορῶν</span> <span class='ocrx_word' id='word_1_57' title='bbox 791 362 836 388; x_wconf 79' lang='grc' dir='ltr'>τὸν</span> <span class='ocrx_word' id='word_1_58' title='bbox 852 364 881 389; x_wconf 85' lang='grc' dir='ltr'>ὲν</span> 
     </span>
    </p>
   </div>
   <div class='ocr_carea' id='block_1_10' title="bbox 96 405 881 443">
    <p class='ocr_par' dir='ltr' id='par_1_10' title="bbox 96 405 881 443">
     <span class='ocr_line' id='line_1_10' title="bbox 96 405 881 443; baseline 0.004 -12"><span class='ocrx_word' id='word_1_59' title='bbox 96 406 127 440; x_wconf 78' lang='grc' dir='ltr'>τῇ</span> <span class='ocrx_word' id='word_1_60' title='bbox 147 405 228 441; x_wconf 76' lang='grc' dir='ltr'>σοφίᾳ</span> <span class='ocrx_word' id='word_1_61' title='bbox 243 406 402 442; x_wconf 75' lang='grc' dir='ltr'><strong>προέχοντα,</strong></span> <span class='ocrx_word' id='word_1_62' title='bbox 428 407 458 434; x_wconf 86' lang='grc' dir='ltr'><strong>οὐ</strong></span> <span class='ocrx_word' id='word_1_63' title='bbox 488 408 566 442; x_wconf 85' lang='grc' dir='ltr'>μόνον</span> <span class='ocrx_word' id='word_1_64' title='bbox 592 408 719 443; x_wconf 80' lang='grc' dir='ltr'><strong>ματαίαν,</strong></span> <span class='ocrx_word' id='word_1_65' title='bbox 742 408 809 436; x_wconf 79' lang='grc' dir='ltr'>ἀλλὰ</span> <span class='ocrx_word' id='word_1_66' title='bbox 835 408 881 435; x_wconf 85' lang='grc' dir='ltr'>καὶ</span> 
     </span>
    </p>
   </div>
   <div class='ocr_carea' id='block_1_11' title="bbox 97 451 881 490">
    <p class='ocr_par' dir='ltr' id='par_1_11' title="bbox 97 451 881 490">
     <span class='ocr_line' id='line_1_11' title="bbox 97 451 881 490; baseline 0.005 -13"><span class='ocrx_word' id='word_1_67' title='bbox 97 451 215 486; x_wconf 75' lang='grc' dir='ltr'>πονηρὰν</span> <span class='ocrx_word' id='word_1_68' title='bbox 234 452 282 487; x_wconf 82' lang='grc' dir='ltr'>τὴν</span> <span class='ocrx_word' id='word_1_69' title='bbox 295 452 388 479; x_wconf 80' lang='grc' dir='ltr'>ἄδικον</span> <span class='ocrx_word' id='word_1_70' title='bbox 401 453 502 489; x_wconf 85' lang='grc' dir='ltr'>ταύτην</span> <span class='ocrx_word' id='word_1_71' title='bbox 519 453 695 488; x_wconf 75' lang='grc' dir='ltr'>ἀποφαίνεται</span> <span class='ocrx_word' id='word_1_72' title='bbox 724 454 823 490; x_wconf 82' lang='grc' dir='ltr'><strong>κρίσιν.</strong></span> <span class='ocrx_word' id='word_1_73' title='bbox 834 454 881 481; x_wconf 79' lang='grc' dir='ltr'><strong>Λέ-</strong></span> 
     </span>
    </p>
   </div>
   <div class='ocr_carea' id='block_1_12' title="bbox 97 497 879 535">
    <p class='ocr_par' dir='ltr' id='par_1_12' title="bbox 97 497 879 535">
     <span class='ocr_line' id='line_1_12' title="bbox 97 497 879 535; baseline 0.005 -13"><span class='ocrx_word' id='word_1_74' title='bbox 97 504 136 530; x_wconf 78' lang='grc' dir='ltr'>γει</span> <span class='ocrx_word' id='word_1_75' title='bbox 149 497 177 523; x_wconf 71' lang='grc' dir='ltr'>δὲ</span> <span class='ocrx_word' id='word_1_76' title='bbox 190 499 246 529; x_wconf 83' lang='grc' dir='ltr'>τοῖς</span> <span class='ocrx_word' id='word_1_77' title='bbox 261 498 380 533; x_wconf 74' lang='grc' dir='ltr'>ῥήμασιν</span> <span class='ocrx_word' id='word_1_78' title='bbox 389 498 484 530; x_wconf 71' lang='grc' dir='ltr'>οὕτως’</span> <span class='ocrx_word' id='word_1_79' title='bbox 496 509 505 525; x_wconf 77' lang='grc' dir='ltr'><strong>ι</strong></span> <span class='ocrx_word' id='word_1_80' title='bbox 517 499 571 525; x_wconf 87' lang='grc' dir='ltr'><strong>Καὶ</strong></span> <span class='ocrx_word' id='word_1_81' title='bbox 585 499 749 535; x_wconf 77' lang='grc' dir='ltr'><strong>ἐπέστρεψα,</strong></span> <span class='ocrx_word' id='word_1_82' title='bbox 766 510 774 526; x_wconf 78' lang='grc' dir='ltr'><strong>ι</strong></span> <span class='ocrx_word' id='word_1_83' title='bbox 788 501 879 535; x_wconf 73' lang='grc' dir='ltr'>φησὶν,</span> 
     </span>
    </p>
   </div>
   <div class='ocr_carea' id='block_1_13' title="bbox 99 542 881 582">
    <p class='ocr_par' dir='ltr' id='par_1_13' title="bbox 99 542 881 582">
     <span class='ocr_line' id='line_1_13' title="bbox 99 542 881 582; baseline 0.006 -14"><span class='ocrx_word' id='word_1_84' title='bbox 99 552 107 567; x_wconf 80' lang='grc' dir='ltr'><strong>ι</strong></span> <span class='ocrx_word' id='word_1_85' title='bbox 119 542 173 576; x_wconf 74' lang='grc' dir='ltr'><strong>ἐγὼ</strong></span> <span class='ocrx_word' id='word_1_86' title='bbox 188 542 234 569; x_wconf 83' lang='grc' dir='ltr'>τοῦ</span> <span class='ocrx_word' id='word_1_87' title='bbox 242 543 426 576; x_wconf 78' lang='grc' dir='ltr'><strong>ἀποτάξασθαι</strong></span> <span class='ocrx_word' id='word_1_88' title='bbox 440 544 487 579; x_wconf 84' lang='grc' dir='ltr'>τὴν</span> <span class='ocrx_word' id='word_1_89' title='bbox 496 545 607 580; x_wconf 79' lang='grc' dir='ltr'>καρδίαν</span> <span class='ocrx_word' id='word_1_90' title='bbox 619 554 668 580; x_wconf 75' lang='grc' dir='ltr'><strong>μου</strong></span> <span class='ocrx_word' id='word_1_91' title='bbox 685 545 751 580; x_wconf 67' lang='grc' dir='ltr'>πρὸς</span> <span class='ocrx_word' id='word_1_92' title='bbox 764 545 802 580; x_wconf 84' lang='grc' dir='ltr'>τῷ</span> <span class='ocrx_word' id='word_1_93' title='bbox 810 546 881 582; x_wconf 76' lang='grc' dir='ltr'>ἄλλῳ</span> 
     </span>
    </p>
   </div>
   <div class='ocr_carea' id='block_1_14' title="bbox 98 585 880 625">
    <p class='ocr_par' dir='ltr' id='par_1_14' title="bbox 98 585 880 625">
     <span class='ocr_line' id='line_1_14' title="bbox 98 585 880 625; baseline 0.005 -11"><span class='ocrx_word' id='word_1_94' title='bbox 98 588 197 623; x_wconf 74' lang='grc' dir='ltr'>μόχθῳ,</span> <span class='ocrx_word' id='word_1_95' title='bbox 211 585 233 622; x_wconf 79' lang='grc' dir='ltr'>ᾦ</span> <span class='ocrx_word' id='word_1_96' title='bbox 253 589 391 623; x_wconf 80' lang='grc' dir='ltr'>ἐμόχθησα</span> <span class='ocrx_word' id='word_1_97' title='bbox 413 590 465 616; x_wconf 73' lang='grc' dir='ltr'><strong>ὑπὸ</strong></span> <span class='ocrx_word' id='word_1_98' title='bbox 481 590 525 616; x_wconf 70' lang='grc' dir='ltr'><strong>τὸν</strong></span> <span class='ocrx_word' id='word_1_99' title='bbox 540 590 625 625; x_wconf 74' lang='grc' dir='ltr'>ἥλιον.</span> <span class='ocrx_word' id='word_1_100' title='bbox 644 601 653 617; x_wconf 73' lang='grc' dir='ltr'><strong>ι</strong></span> <span class='ocrx_word' id='word_1_101' title='bbox 670 591 702 618; x_wconf 90' lang='grc' dir='ltr'>Τί</span> <span class='ocrx_word' id='word_1_102' title='bbox 720 589 765 617; x_wconf 71' lang='grc' dir='ltr'>οὖν</span> <span class='ocrx_word' id='word_1_103' title='bbox 780 592 852 618; x_wconf 76' lang='grc' dir='ltr'>ἐστιν</span> <span class='ocrx_word' id='word_1_104' title='bbox 866 592 880 617; x_wconf 82' lang='grc' dir='ltr'><strong>ὃ</strong></span> 
     </span>
    </p>
   </div>
   <div class='ocr_carea' id='block_1_15' title="bbox 96 633 879 673">
    <p class='ocr_par' dir='ltr' id='par_1_15' title="bbox 96 633 879 673">
     <span class='ocr_line' id='line_1_15' title="bbox 96 633 879 673; baseline 0.006 -14"><span class='ocrx_word' id='word_1_105' title='bbox 96 633 291 670; x_wconf 80' lang='grc' dir='ltr'>ἀπεταξάμην;</span> <span class='ocrx_word' id='word_1_106' title='bbox 307 636 367 662; x_wconf 85' lang='grc' dir='ltr'><strong>Ὅτι</strong></span> <span class='ocrx_word' id='word_1_107' title='bbox 382 635 454 662; x_wconf 74' lang='grc' dir='ltr'>ἔστιν</span> <span class='ocrx_word' id='word_1_108' title='bbox 469 637 619 671; x_wconf 75' lang='grc' dir='ltr'>ἄιθρωπος,</span> <span class='ocrx_word' id='word_1_109' title='bbox 633 638 673 664; x_wconf 83' lang='grc' dir='ltr'>ὅτι</span> <span class='ocrx_word' id='word_1_110' title='bbox 688 638 785 673; x_wconf 78' lang='grc' dir='ltr'><strong>μόχθος</strong></span> <span class='ocrx_word' id='word_1_111' title='bbox 798 638 879 665; x_wconf 80' lang='grc' dir='ltr'>αὐτοῦ</span> 
     </span>
    </p>
   </div>
   <div class='ocr_carea' id='block_1_16' title="bbox 96 681 879 720">
    <p class='ocr_par' dir='ltr' id='par_1_16' title="bbox 96 681 879 720">
     <span class='ocr_line' id='line_1_16' title="bbox 96 681 879 720; baseline 0.006 -14"><span class='ocrx_word' id='word_1_112' title='bbox 96 681 123 706; x_wconf 74' lang='grc' dir='ltr'>ἐν</span> <span class='ocrx_word' id='word_1_113' title='bbox 137 681 216 716; x_wconf 54' lang='grc' dir='ltr'>σοξίᾳ</span> <span class='ocrx_word' id='word_1_114' title='bbox 228 681 274 708; x_wconf 79' lang='grc' dir='ltr'>καὶ</span> <span class='ocrx_word' id='word_1_115' title='bbox 290 683 318 708; x_wconf 82' lang='grc' dir='ltr'>ὲν</span> <span class='ocrx_word' id='word_1_116' title='bbox 331 681 429 716; x_wconf 81' lang='grc' dir='ltr'><strong>γνώσει</strong></span> <span class='ocrx_word' id='word_1_117' title='bbox 444 683 490 709; x_wconf 78' lang='grc' dir='ltr'>καὶ</span> <span class='ocrx_word' id='word_1_118' title='bbox 504 684 532 710; x_wconf 77' lang='grc' dir='ltr'>ἐν</span> <span class='ocrx_word' id='word_1_119' title='bbox 546 684 665 720; x_wconf 78' lang='grc' dir='ltr'><strong>ἀνδρείᾳ,</strong></span> <span class='ocrx_word' id='word_1_120' title='bbox 683 685 729 710; x_wconf 75' lang='grc' dir='ltr'>καὶ</span> <span class='ocrx_word' id='word_1_121' title='bbox 742 684 819 716; x_wconf 66' lang='grc' dir='ltr'>ἄλλος</span> <span class='ocrx_word' id='word_1_122' title='bbox 832 686 879 711; x_wconf 75' lang='grc' dir='ltr'><strong>ἄν·</strong></span> 
     </span>
    </p>
   </div>
   <div class='ocr_carea' id='block_1_17' title="bbox 97 726 880 765">
    <p class='ocr_par' dir='ltr' id='par_1_17' title="bbox 97 726 880 765">
     <span class='ocr_line' id='line_1_17' title="bbox 97 726 880 765; baseline 0.005 -13"><span class='ocrx_word' id='word_1_123' title='bbox 97 726 200 762; x_wconf 84' lang='grc' dir='ltr'>θρωπος</span> <span class='ocrx_word' id='word_1_124' title='bbox 216 727 291 754; x_wconf 80' lang='grc' dir='ltr'>οὐδὲν</span> <span class='ocrx_word' id='word_1_125' title='bbox 305 728 333 755; x_wconf 81' lang='grc' dir='ltr'>ὲν</span> <span class='ocrx_word' id='word_1_126' title='bbox 347 730 402 760; x_wconf 77' lang='grc' dir='ltr'>τοῖς</span> <span class='ocrx_word' id='word_1_127' title='bbox 417 729 545 761; x_wconf 80' lang='grc' dir='ltr'><strong>τοιούτοις</strong></span> <span class='ocrx_word' id='word_1_128' title='bbox 562 731 690 765; x_wconf 73' lang='grc' dir='ltr'>πονήσας.</span> <span class='ocrx_word' id='word_1_129' title='bbox 704 730 766 762; x_wconf 86' lang='grc' dir='ltr'>Πῶς</span> <span class='ocrx_word' id='word_1_130' title='bbox 781 729 828 757; x_wconf 78' lang='grc' dir='ltr'><strong>οὖν</strong></span> <span class='ocrx_word' id='word_1_131' title='bbox 839 739 880 762; x_wconf 84' lang='grc' dir='ltr'><strong>τις</strong></span> 
     </span>
    </p>
   </div>
   <div class='ocr_carea' id='block_1_18' title="bbox 95 772 877 811">
    <p class='ocr_par' dir='ltr' id='par_1_18' title="bbox 95 772 877 811">
     <span class='ocr_line' id='line_1_18' title="bbox 95 772 877 811; baseline 0.005 -14"><span class='ocrx_word' id='word_1_132' title='bbox 95 773 142 806; x_wconf 80' lang='grc' dir='ltr'>τὴν</span> <span class='ocrx_word' id='word_1_133' title='bbox 159 772 255 808; x_wconf 80' lang='grc' dir='ltr'>μερίδα</span> <span class='ocrx_word' id='word_1_134' title='bbox 267 774 316 809; x_wconf 79' lang='grc' dir='ltr'>τῆς</span> <span class='ocrx_word' id='word_1_135' title='bbox 330 775 519 809; x_wconf 88' lang='grc' dir='ltr'>προτιμήσεως</span> <span class='ocrx_word' id='word_1_136' title='bbox 533 775 571 809; x_wconf 84' lang='grc' dir='ltr'>τῷ</span> <span class='ocrx_word' id='word_1_137' title='bbox 586 775 697 810; x_wconf 79' lang='grc' dir='ltr'><strong>τοιούτῳ</strong></span> <span class='ocrx_word' id='word_1_138' title='bbox 714 775 877 811; x_wconf 56' lang='grc' dir='ltr'>προσθήκη</span> 
     </span>
    </p>
   </div>
   <div class='ocr_carea' id='block_1_19' title="bbox 95 816 877 855">
    <p class='ocr_par' dir='ltr' id='par_1_19' title="bbox 95 816 877 855">
     <span class='ocr_line' id='line_1_19' title="bbox 95 816 877 855; baseline 0.005 -13"><span class='ocrx_word' id='word_1_139' title='bbox 95 817 148 843; x_wconf 73' lang='grc' dir='ltr'><strong>Καὶ</strong></span> <span class='ocrx_word' id='word_1_140' title='bbox 169 817 310 853; x_wconf 81' lang='grc' dir='ltr'>ἄνθρωπος</span> <span class='ocrx_word' id='word_1_141' title='bbox 330 819 393 854; x_wconf 72' lang='grc' dir='ltr'>γὰρ,</span> <span class='ocrx_word' id='word_1_142' title='bbox 418 819 510 854; x_wconf 72' lang='grc' dir='ltr'>φησὶν,</span> <span class='ocrx_word' id='word_1_143' title='bbox 535 816 557 853; x_wconf 84' lang='grc' dir='ltr'><strong>ᾧ</strong></span> <span class='ocrx_word' id='word_1_144' title='bbox 580 819 728 855; x_wconf 72' lang='grc' dir='ltr'>ὲμόχθησεν</span> <span class='ocrx_word' id='word_1_145' title='bbox 749 821 777 846; x_wconf 81' lang='grc' dir='ltr'>ὲν</span> <span class='ocrx_word' id='word_1_146' title='bbox 794 819 877 854; x_wconf 74' lang='grc' dir='ltr'>αὐτῷ.</span> 
     </span>
    </p>
   </div>
   <div class='ocr_carea' id='block_1_20' title="bbox 933 227 1713 262">
    <p class='ocr_par' dir='ltr' id='par_1_20' title="bbox 933 227 1713 262">
     <span class='ocr_line' id='line_1_20' title="bbox 933 227 1713 262; baseline 0.006 -8"><span class='ocrx_word' id='word_1_147' title='bbox 933 231 975 254; x_wconf 89' lang='lat' dir='ltr'><strong>rat</strong></span> <span class='ocrx_word' id='word_1_148' title='bbox 987 227 1102 262; x_wconf 90' lang='lat' dir='ltr'><strong>judicio,</strong></span> <span class='ocrx_word' id='word_1_149' title='bbox 1117 227 1188 262; x_wconf 88' lang='lat' dir='ltr'><strong>quod</strong></span> <span class='ocrx_word' id='word_1_150' title='bbox 1202 235 1264 255; x_wconf 91' lang='lat' dir='ltr'><strong>cum</strong></span> <span class='ocrx_word' id='word_1_151' title='bbox 1281 229 1382 257; x_wconf 89' lang='lat' dir='ltr'><strong>videret</strong></span> <span class='ocrx_word' id='word_1_152' title='bbox 1394 230 1546 258; x_wconf 86' lang='lat' dir='ltr'><strong>evidentem</strong></span> <span class='ocrx_word' id='word_1_153' title='bbox 1563 233 1713 259; x_wconf 80' lang='lat' dir='ltr'><strong>contrario—</strong></span> 
     </span>
    </p>
   </div>
   <div class='ocr_carea' id='block_1_21' title="bbox 932 274 1712 311">
    <p class='ocr_par' dir='ltr' id='par_1_21' title="bbox 932 274 1712 311">
     <span class='ocr_line' id='line_1_21' title="bbox 932 274 1712 311; baseline 0.006 -12"><span class='ocrx_word' id='word_1_154' title='bbox 932 281 992 303; x_wconf 86' lang='lat' dir='ltr'><strong>rum</strong></span> <span class='ocrx_word' id='word_1_155' title='bbox 1014 274 1076 300; x_wconf 80' lang='lat' dir='ltr'><strong>vitae</strong></span> <span class='ocrx_word' id='word_1_156' title='bbox 1091 281 1218 308; x_wconf 75' lang='lat' dir='ltr'><strong>generum</strong></span> <span class='ocrx_word' id='word_1_157' title='bbox 1233 274 1423 309; x_wconf 81' lang='lat' dir='ltr'><strong>ditTerentiam,</strong></span> <span class='ocrx_word' id='word_1_158' title='bbox 1440 284 1472 304; x_wconf 75' lang='lat' dir='ltr'><strong>ex</strong></span> <span class='ocrx_word' id='word_1_159' title='bbox 1488 277 1588 311; x_wconf 85' lang='lat' dir='ltr'><strong>quibus</strong></span> <span class='ocrx_word' id='word_1_160' title='bbox 1599 278 1712 306; x_wconf 81' lang='lat' dir='ltr'><strong>alterum</strong></span> 
     </span>
    </p>
   </div>
   <div class='ocr_carea' id='block_1_22' title="bbox 914 320 1714 355">
    <p class='ocr_par' dir='ltr' id='par_1_22' title="bbox 914 320 1714 355">
     <span class='ocr_line' id='line_1_22' title="bbox 914 320 1714 355; baseline 0.005 -9"><span class='ocrx_word' id='word_1_161' title='bbox 914 330 915 333; x_wconf 52' lang='grc' dir='ltr'><strong>η</strong></span> <span class='ocrx_word' id='word_1_162' title='bbox 932 320 1042 355; x_wconf 85' lang='lat' dir='ltr'><strong>quidem</strong></span> <span class='ocrx_word' id='word_1_163' title='bbox 1060 323 1184 349; x_wconf 82' lang='lat' dir='ltr'><strong>versatur</strong></span> <span class='ocrx_word' id='word_1_164' title='bbox 1198 320 1225 346; x_wconf 94' lang='lat' dir='ltr'><strong>in</strong></span> <span class='ocrx_word' id='word_1_165' title='bbox 1241 320 1351 354; x_wconf 87' lang='lat' dir='ltr'><strong>virtute,</strong></span> <span class='ocrx_word' id='word_1_166' title='bbox 1377 325 1404 349; x_wconf 88' lang='lat' dir='ltr'><strong>et</strong></span> <span class='ocrx_word' id='word_1_167' title='bbox 1420 322 1452 349; x_wconf 87' lang='lat' dir='ltr'><strong>ad</strong></span> <span class='ocrx_word' id='word_1_168' title='bbox 1469 322 1570 350; x_wconf 84' lang='lat' dir='ltr'><strong>nullam</strong></span> <span class='ocrx_word' id='word_1_169' title='bbox 1585 331 1640 350; x_wconf 86' lang='lat' dir='ltr'><strong>rem</strong></span> <span class='ocrx_word' id='word_1_170' title='bbox 1662 324 1714 350; x_wconf 88' lang='lat' dir='ltr'><strong>hu-</strong></span> 
     </span>
    </p>
   </div>
   <div class='ocr_carea' id='block_1_23' title="bbox 933 365 1713 400">
    <p class='ocr_par' dir='ltr' id='par_1_23' title="bbox 933 365 1713 400">
     <span class='ocr_line' id='line_1_23' title="bbox 933 365 1713 400; baseline 0.005 -8"><span class='ocrx_word' id='word_1_171' title='bbox 933 373 1040 393; x_wconf 87' lang='lat' dir='ltr'><strong>manam</strong></span> <span class='ocrx_word' id='word_1_172' title='bbox 1060 365 1171 393; x_wconf 78' lang='lat' dir='ltr'><strong>adducit</strong></span> <span class='ocrx_word' id='word_1_173' title='bbox 1187 365 1362 400; x_wconf 70' lang='lat' dir='ltr'><strong>cupiditatem</strong></span> <span class='ocrx_word' id='word_1_174' title='bbox 1377 375 1384 393; x_wconf 76' lang='grc' dir='ltr'><strong>ι</strong></span> <span class='ocrx_word' id='word_1_175' title='bbox 1403 367 1517 394; x_wconf 86' lang='lat' dir='ltr'><strong>alterum</strong></span> <span class='ocrx_word' id='word_1_176' title='bbox 1540 375 1606 395; x_wconf 89' lang='lat' dir='ltr'><strong>vero</strong></span> <span class='ocrx_word' id='word_1_177' title='bbox 1620 372 1713 396; x_wconf 83' lang='lat' dir='ltr'><strong>contra</strong></span> 
     </span>
    </p>
   </div>
   <div class='ocr_carea' id='block_1_24' title="bbox 932 410 1713 447">
    <p class='ocr_par' dir='ltr' id='par_1_24' title="bbox 932 410 1713 447">
     <span class='ocr_line' id='line_1_24' title="bbox 932 410 1713 447; baseline 0.004 -10"><span class='ocrx_word' id='word_1_178' title='bbox 932 418 987 437; x_wconf 90' lang='lat' dir='ltr'><strong>non</strong></span> <span class='ocrx_word' id='word_1_179' title='bbox 1011 411 1128 438; x_wconf 83' lang='lat' dir='ltr'><strong>sustinet</strong></span> <span class='ocrx_word' id='word_1_180' title='bbox 1145 410 1254 445; x_wconf 83' lang='lat' dir='ltr'><strong>quidem</strong></span> <span class='ocrx_word' id='word_1_181' title='bbox 1279 410 1363 437; x_wconf 88' lang='lat' dir='ltr'><strong>ullum</strong></span> <span class='ocrx_word' id='word_1_182' title='bbox 1391 411 1510 438; x_wconf 80' lang='lat' dir='ltr'><strong>laborem</strong></span> <span class='ocrx_word' id='word_1_183' title='bbox 1534 419 1630 439; x_wconf 89' lang='lat' dir='ltr'><strong>corum</strong></span> <span class='ocrx_word' id='word_1_184' title='bbox 1654 421 1713 447; x_wconf 73' lang='lat' dir='ltr'><strong>qua:</strong></span> 
     </span>
    </p>
   </div>
   <div class='ocr_carea' id='block_1_25' title="bbox 932 457 1713 492">
    <p class='ocr_par' dir='ltr' id='par_1_25' title="bbox 932 457 1713 492">
     <span class='ocr_line' id='line_1_25' title="bbox 932 457 1713 492; baseline 0.001 -9"><span class='ocrx_word' id='word_1_185' title='bbox 932 460 1064 492; x_wconf 76' lang='lat' dir='ltr'><strong>geruntur</strong></span> <span class='ocrx_word' id='word_1_186' title='bbox 1081 464 1112 484; x_wconf 78' lang='lat' dir='ltr'><strong>ex</strong></span> <span class='ocrx_word' id='word_1_187' title='bbox 1130 457 1247 483; x_wconf 86' lang='lat' dir='ltr'><strong>virtute:</strong></span> <span class='ocrx_word' id='word_1_188' title='bbox 1267 461 1394 483; x_wconf 87' lang='lat' dir='ltr'><strong>versatur</strong></span> <span class='ocrx_word' id='word_1_189' title='bbox 1406 460 1497 484; x_wconf 88' lang='lat' dir='ltr'><strong>autem</strong></span> <span class='ocrx_word' id='word_1_190' title='bbox 1515 457 1541 484; x_wconf 93' lang='lat' dir='ltr'><strong>in</strong></span> <span class='ocrx_word' id='word_1_191' title='bbox 1560 457 1626 484; x_wconf 85' lang='lat' dir='ltr'><strong>solis</strong></span> <span class='ocrx_word' id='word_1_192' title='bbox 1640 458 1713 484; x_wconf 88' lang='lat' dir='ltr'><strong>labo-</strong></span> 
     </span>
    </p>
   </div>
   <div class='ocr_carea' id='block_1_26' title="bbox 932 500 1713 537">
    <p class='ocr_par' dir='ltr' id='par_1_26' title="bbox 932 500 1713 537">
     <span class='ocr_line' id='line_1_26' title="bbox 932 500 1713 537; baseline 0.001 -10"><span class='ocrx_word' id='word_1_193' title='bbox 932 500 1008 528; x_wconf 86' lang='lat' dir='ltr'><strong>ribus</strong></span> <span class='ocrx_word' id='word_1_194' title='bbox 1024 501 1056 528; x_wconf 88' lang='lat' dir='ltr'><strong>ad</strong></span> <span class='ocrx_word' id='word_1_195' title='bbox 1071 509 1171 536; x_wconf 88' lang='lat' dir='ltr'><strong>corpus</strong></span> <span class='ocrx_word' id='word_1_196' title='bbox 1186 501 1394 536; x_wconf 83' lang='lat' dir='ltr'><strong>pertinentibus.</strong></span> <span class='ocrx_word' id='word_1_197' title='bbox 1413 501 1480 528; x_wconf 90' lang='lat' dir='ltr'><strong>Cum</strong></span> <span class='ocrx_word' id='word_1_198' title='bbox 1497 502 1634 537; x_wconf 80' lang='lat' dir='ltr'><strong>quispiam</strong></span> <span class='ocrx_word' id='word_1_199' title='bbox 1649 509 1713 536; x_wconf 76' lang='lat' dir='ltr'><strong>ergo</strong></span> 
     </span>
    </p>
   </div>
   <div class='ocr_carea' id='block_1_27' title="bbox 931 545 1713 581">
    <p class='ocr_par' dir='ltr' id='par_1_27' title="bbox 931 545 1713 581">
     <span class='ocr_line' id='line_1_27' title="bbox 931 545 1713 581; baseline 0.003 -9"><span class='ocrx_word' id='word_1_200' title='bbox 931 546 956 573; x_wconf 91' lang='lat' dir='ltr'><strong>ei</strong></span> <span class='ocrx_word' id='word_1_201' title='bbox 978 545 1043 572; x_wconf 87' lang='lat' dir='ltr'><strong>boni</strong></span> <span class='ocrx_word' id='word_1_202' title='bbox 1069 549 1095 573; x_wconf 90' lang='lat' dir='ltr'><strong>et</strong></span> <span class='ocrx_word' id='word_1_203' title='bbox 1120 546 1228 572; x_wconf 87' lang='lat' dir='ltr'><strong>honesti</strong></span> <span class='ocrx_word' id='word_1_204' title='bbox 1241 546 1288 573; x_wconf 89' lang='lat' dir='ltr'><strong>dat</strong></span> <span class='ocrx_word' id='word_1_205' title='bbox 1306 546 1454 579; x_wconf 81' lang='lat' dir='ltr'><strong>calculum,</strong></span> <span class='ocrx_word' id='word_1_206' title='bbox 1479 555 1541 575; x_wconf 85' lang='lat' dir='ltr'><strong>eum</strong></span> <span class='ocrx_word' id='word_1_207' title='bbox 1562 547 1713 581; x_wconf 82' lang='lat' dir='ltr'><strong>despiciens</strong></span> 
     </span>
    </p>
   </div>
   <div class='ocr_carea' id='block_1_28' title="bbox 932 591 1713 626">
    <p class='ocr_par' dir='ltr' id='par_1_28' title="bbox 932 591 1713 626">
     <span class='ocr_line' id='line_1_28' title="bbox 932 591 1713 626; baseline 0.001 -9"><span class='ocrx_word' id='word_1_208' title='bbox 932 591 976 626; x_wconf 82' lang='lat' dir='ltr'><strong>qui</strong></span> <span class='ocrx_word' id='word_1_209' title='bbox 1006 591 1145 618; x_wconf 81' lang='lat' dir='ltr'><strong>antecellit</strong></span> <span class='ocrx_word' id='word_1_210' title='bbox 1169 591 1315 626; x_wconf 78' lang='lat' dir='ltr'><strong>sapientia.</strong></span> <span class='ocrx_word' id='word_1_211' title='bbox 1345 600 1399 619; x_wconf 91' lang='lat' dir='ltr'><strong>non</strong></span> <span class='ocrx_word' id='word_1_212' title='bbox 1425 593 1514 620; x_wconf 85' lang='lat' dir='ltr'><strong>solum</strong></span> <span class='ocrx_word' id='word_1_213' title='bbox 1531 600 1637 624; x_wconf 85' lang='lat' dir='ltr'><strong>vanam,</strong></span> <span class='ocrx_word' id='word_1_214' title='bbox 1666 593 1713 620; x_wconf 86' lang='lat' dir='ltr'><strong>sed</strong></span> 
     </span>
    </p>
   </div>
   <div class='ocr_carea' id='block_1_29' title="bbox 931 636 1712 672">
    <p class='ocr_par' dir='ltr' id='par_1_29' title="bbox 931 636 1712 672">
     <span class='ocr_line' id='line_1_29' title="bbox 931 636 1712 672; baseline 0.003 -10"><span class='ocrx_word' id='word_1_215' title='bbox 931 637 1011 663; x_wconf 84' lang='lat' dir='ltr'><strong>etiam</strong></span> <span class='ocrx_word' id='word_1_216' title='bbox 1030 636 1180 671; x_wconf 82' lang='lat' dir='ltr'><strong>improbam</strong></span> <span class='ocrx_word' id='word_1_217' title='bbox 1198 637 1267 664; x_wconf 85' lang='lat' dir='ltr'><strong>banc</strong></span> <span class='ocrx_word' id='word_1_218' title='bbox 1281 637 1410 671; x_wconf 86' lang='lat' dir='ltr'><strong>injustam</strong></span> <span class='ocrx_word' id='word_1_219' title='bbox 1428 638 1586 672; x_wconf 81' lang='lat' dir='ltr'><strong>pronuntiat</strong></span> <span class='ocrx_word' id='word_1_220' title='bbox 1603 641 1712 665; x_wconf 91' lang='lat' dir='ltr'><strong>senten-</strong></span> 
     </span>
    </p>
   </div>
   <div class='ocr_carea' id='block_1_30' title="bbox 932 681 1713 715">
    <p class='ocr_par' dir='ltr' id='par_1_30' title="bbox 932 681 1713 715">
     <span class='ocr_line' id='line_1_30' title="bbox 932 681 1713 715; baseline 0.003 -8"><span class='ocrx_word' id='word_1_221' title='bbox 932 683 1006 708; x_wconf 86' lang='lat' dir='ltr'><strong>tiam.</strong></span> <span class='ocrx_word' id='word_1_222' title='bbox 1031 681 1102 709; x_wconf 90' lang='lat' dir='ltr'><strong>Dicit</strong></span> <span class='ocrx_word' id='word_1_223' title='bbox 1127 686 1216 709; x_wconf 87' lang='lat' dir='ltr'><strong>autem</strong></span> <span class='ocrx_word' id='word_1_224' title='bbox 1243 683 1286 710; x_wconf 85' lang='lat' dir='ltr'><strong>bis</strong></span> <span class='ocrx_word' id='word_1_225' title='bbox 1307 683 1397 710; x_wconf 86' lang='lat' dir='ltr'><strong>verbis</strong></span> <span class='ocrx_word' id='word_1_226' title='bbox 1413 692 1419 709; x_wconf 87' lang='lat'><strong>:</strong></span> <span class='ocrx_word' id='word_1_227' title='bbox 1437 693 1445 708; x_wconf 82' lang='grc' dir='ltr'><strong>ι</strong></span> <span class='ocrx_word' id='word_1_228' title='bbox 1458 683 1488 710; x_wconf 84' lang='grc' dir='ltr'>Ει</span> <span class='ocrx_word' id='word_1_229' title='bbox 1500 683 1652 715; x_wconf 65' lang='lat' dir='ltr'><strong>converti,»</strong></span> <span class='ocrx_word' id='word_1_230' title='bbox 1671 683 1713 709; x_wconf 94' lang='lat' dir='ltr'><strong>in-</strong></span> 
     </span>
    </p>
   </div>
   <div class='ocr_carea' id='block_1_31' title="bbox 930 727 1712 761">
    <p class='ocr_par' dir='ltr' id='par_1_31' title="bbox 930 727 1712 761">
     <span class='ocr_line' id='line_1_31' title="bbox 930 727 1712 761; baseline 0.004 -9"><span class='ocrx_word' id='word_1_231' title='bbox 930 727 998 761; x_wconf 87' lang='lat' dir='ltr'><strong>quit,</strong></span> <span class='ocrx_word' id='word_1_232' title='bbox 1019 735 1027 752; x_wconf 83' lang='grc' dir='ltr'><strong>ι</strong></span> <span class='ocrx_word' id='word_1_233' title='bbox 1050 735 1100 761; x_wconf 78' lang='lat' dir='ltr'><strong>ego</strong></span> <span class='ocrx_word' id='word_1_234' title='bbox 1117 734 1165 754; x_wconf 87' lang='lat' dir='ltr'><strong>cor</strong></span> <span class='ocrx_word' id='word_1_235' title='bbox 1187 735 1289 760; x_wconf 83' lang='lat' dir='ltr'><strong>meum,</strong></span> <span class='ocrx_word' id='word_1_236' title='bbox 1309 733 1338 754; x_wconf 94' lang='lat' dir='ltr'><strong>ut</strong></span> <span class='ocrx_word' id='word_1_237' title='bbox 1359 729 1528 755; x_wconf 88' lang='lat' dir='ltr'><strong>renuntiaret</strong></span> <span class='ocrx_word' id='word_1_238' title='bbox 1552 728 1597 755; x_wconf 87' lang='lat' dir='ltr'><strong>alii</strong></span> <span class='ocrx_word' id='word_1_239' title='bbox 1615 728 1712 755; x_wconf 82' lang='lat' dir='ltr'><strong>labori.</strong></span> 
     </span>
    </p>
   </div>
   <div class='ocr_carea' id='block_1_32' title="bbox 930 772 1712 809">
    <p class='ocr_par' dir='ltr' id='par_1_32' title="bbox 930 772 1712 809">
     <span class='ocr_line' id='line_1_32' title="bbox 930 772 1712 809; baseline 0.003 -10"><span class='ocrx_word' id='word_1_240' title='bbox 930 779 1009 807; x_wconf 88' lang='lat' dir='ltr'><strong>quem</strong></span> <span class='ocrx_word' id='word_1_241' title='bbox 1032 772 1153 800; x_wconf 85' lang='lat' dir='ltr'><strong>laboravi</strong></span> <span class='ocrx_word' id='word_1_242' title='bbox 1189 773 1240 801; x_wconf 86' lang='lat' dir='ltr'><strong>sub</strong></span> <span class='ocrx_word' id='word_1_243' title='bbox 1269 775 1336 801; x_wconf 89' lang='lat' dir='ltr'><strong>sole.</strong></span> <span class='ocrx_word' id='word_1_244' title='bbox 1361 784 1369 799; x_wconf 78' lang='grc' dir='ltr'><strong>ι</strong></span> <span class='ocrx_word' id='word_1_245' title='bbox 1397 774 1465 807; x_wconf 85' lang='lat' dir='ltr'><strong>Quid</strong></span> <span class='ocrx_word' id='word_1_246' title='bbox 1491 778 1532 802; x_wconf 88' lang='lat' dir='ltr'><strong>est</strong></span> <span class='ocrx_word' id='word_1_247' title='bbox 1555 782 1620 809; x_wconf 78' lang='lat' dir='ltr'><strong>ergo</strong></span> <span class='ocrx_word' id='word_1_248' title='bbox 1642 775 1712 809; x_wconf 87' lang='lat' dir='ltr'><strong>quod</strong></span> 
     </span>
    </p>
   </div>
   <div class='ocr_carea' id='block_1_33' title="bbox 931 817 1714 854">
    <p class='ocr_par' dir='ltr' id='par_1_33' title="bbox 931 817 1714 854">
     <span class='ocr_line' id='line_1_33' title="bbox 931 817 1714 854; baseline 0.004 -11"><span class='ocrx_word' id='word_1_249' title='bbox 931 817 1104 844; x_wconf 82' lang='lat' dir='ltr'><strong>renuntiavi?</strong></span> <span class='ocrx_word' id='word_1_250' title='bbox 1135 817 1182 845; x_wconf 85' lang='lat' dir='ltr'><strong>Est</strong></span> <span class='ocrx_word' id='word_1_251' title='bbox 1204 819 1301 852; x_wconf 88' lang='lat' dir='ltr'><strong>homo,</strong></span> <span class='ocrx_word' id='word_1_252' title='bbox 1331 820 1411 854; x_wconf 90' lang='lat' dir='ltr'><strong>cujus</strong></span> <span class='ocrx_word' id='word_1_253' title='bbox 1437 820 1513 847; x_wconf 90' lang='lat' dir='ltr'><strong>labor</strong></span> <span class='ocrx_word' id='word_1_254' title='bbox 1541 825 1583 847; x_wconf 89' lang='lat' dir='ltr'><strong>est</strong></span> <span class='ocrx_word' id='word_1_255' title='bbox 1611 820 1638 846; x_wconf 93' lang='lat' dir='ltr'><strong>in</strong></span> <span class='ocrx_word' id='word_1_256' title='bbox 1670 827 1714 848; x_wconf 83' lang='lat' dir='ltr'><strong>sa-</strong></span> 
     </span>
    </p>
   </div>
   <div class='ocr_carea' id='block_1_34' title="bbox 95 861 879 900">
    <p class='ocr_par' dir='ltr' id='par_1_34' title="bbox 95 862 878 899">
     <span class='ocr_line' id='line_1_34' title="bbox 95 862 878 899; baseline 0.004 -13"><span class='ocrx_word' id='word_1_257' title='bbox 95 862 224 894; x_wconf 80' lang='grc' dir='ltr'>τουτέστι,</span> <span class='ocrx_word' id='word_1_258' title='bbox 250 862 289 897; x_wconf 85' lang='grc' dir='ltr'>τῷ</span> <span class='ocrx_word' id='word_1_259' title='bbox 311 862 367 897; x_wconf 86' lang='grc' dir='ltr'>βίον</span> <span class='ocrx_word' id='word_1_260' title='bbox 388 863 552 899; x_wconf 81' lang='grc' dir='ltr'>μοχθήσαντι</span> <span class='ocrx_word' id='word_1_261' title='bbox 577 864 605 890; x_wconf 81' lang='grc' dir='ltr'>ὲν</span> <span class='ocrx_word' id='word_1_262' title='bbox 629 863 666 899; x_wconf 85' lang='grc' dir='ltr'>τῷ</span> <span class='ocrx_word' id='word_1_263' title='bbox 683 862 788 898; x_wconf 82' lang='grc' dir='ltr'>ἀγαθῷ,</span> <span class='ocrx_word' id='word_1_264' title='bbox 799 863 878 890; x_wconf 80' lang='grc' dir='ltr'>δώσει</span> 
     </span>
    </p>
   </div>
   <div class='ocr_carea' id='block_1_35' title="bbox 931 861 1713 900">
    <p class='ocr_par' dir='ltr' id='par_1_35' title="bbox 931 864 1713 900">
     <span class='ocr_line' id='line_1_35' title="bbox 931 864 1713 900; baseline 0.003 -10"><span class='ocrx_word' id='word_1_265' title='bbox 931 864 1030 899; x_wconf 84' lang='lat' dir='ltr'><strong>pientia</strong></span> <span class='ocrx_word' id='word_1_266' title='bbox 1052 869 1079 891; x_wconf 88' lang='lat' dir='ltr'><strong>et</strong></span> <span class='ocrx_word' id='word_1_267' title='bbox 1102 865 1259 900; x_wconf 75' lang='lat' dir='ltr'><strong>cognitione</strong></span> <span class='ocrx_word' id='word_1_268' title='bbox 1279 869 1306 892; x_wconf 85' lang='lat' dir='ltr'><strong>et.</strong></span> <span class='ocrx_word' id='word_1_269' title='bbox 1331 865 1433 893; x_wconf 81' lang='lat' dir='ltr'><strong>excelsi</strong></span> <span class='ocrx_word' id='word_1_270' title='bbox 1452 866 1535 893; x_wconf 90' lang='lat' dir='ltr'><strong>animi</strong></span> <span class='ocrx_word' id='word_1_271' title='bbox 1554 866 1665 900; x_wconf 87' lang='lat' dir='ltr'><strong>virtute,</strong></span> <span class='ocrx_word' id='word_1_272' title='bbox 1685 871 1713 892; x_wconf 84' lang='lat' dir='ltr'><strong>et</strong></span> 
     </span>
    </p>
   </div>
   <div class='ocr_carea' id='block_1_36' title="bbox 95 907 878 944">
    <p class='ocr_par' dir='ltr' id='par_1_36' title="bbox 95 907 878 944">
     <span class='ocr_line' id='line_1_36' title="bbox 95 907 878 944; baseline 0.004 -12"><span class='ocrx_word' id='word_1_273' title='bbox 95 907 166 941; x_wconf 83' lang='grc' dir='ltr'>αὐτῷ</span> <span class='ocrx_word' id='word_1_274' title='bbox 190 908 286 942; x_wconf 83' lang='grc' dir='ltr'>μερίδα</span> <span class='ocrx_word' id='word_1_275' title='bbox 300 907 393 941; x_wconf 73' lang='grc' dir='ltr'>αὑτοῦ,</span> <span class='ocrx_word' id='word_1_276' title='bbox 417 909 476 935; x_wconf 78' lang='grc' dir='ltr'>ἀντὶ</span> <span class='ocrx_word' id='word_1_277' title='bbox 496 908 553 940; x_wconf 75' lang='grc' dir='ltr'>τοῦ,</span> <span class='ocrx_word' id='word_1_278' title='bbox 567 910 595 935; x_wconf 78' lang='grc' dir='ltr'>ὲν</span> <span class='ocrx_word' id='word_1_279' title='bbox 620 908 721 943; x_wconf 78' lang='grc' dir='ltr'><strong>ἀγαθοῦ</strong></span> <span class='ocrx_word' id='word_1_280' title='bbox 738 908 818 944; x_wconf 83' lang='grc' dir='ltr'>μοίρᾳ</span> <span class='ocrx_word' id='word_1_281' title='bbox 833 909 878 935; x_wconf 79' lang='grc' dir='ltr'>τὸν</span> 
     </span>
    </p>
   </div>
   <div class='ocr_carea' id='block_1_37' title="bbox 94 952 878 989">
    <p class='ocr_par' dir='ltr' id='par_1_37' title="bbox 94 952 878 989">
     <span class='ocr_line' id='line_1_37' title="bbox 94 952 878 989; baseline 0.005 -12"><span class='ocrx_word' id='word_1_282' title='bbox 94 952 212 978; x_wconf 78' lang='grc' dir='ltr'>τοιοῦτον</span> <span class='ocrx_word' id='word_1_283' title='bbox 253 952 309 987; x_wconf 83' lang='grc' dir='ltr'>βίον</span> <span class='ocrx_word' id='word_1_284' title='bbox 335 954 465 989; x_wconf 82' lang='grc' dir='ltr'>ὀρίσεται.</span> <span class='ocrx_word' id='word_1_285' title='bbox 497 954 576 981; x_wconf 76' lang='grc' dir='ltr'>Ἀλλὰ</span> <span class='ocrx_word' id='word_1_286' title='bbox 611 955 779 989; x_wconf 77' lang='grc' dir='ltr'>ματαιότης,</span> <span class='ocrx_word' id='word_1_287' title='bbox 801 954 878 989; x_wconf 72' lang='grc' dir='ltr'>φησὶ,</span> 
     </span>
    </p>
   </div>
   <div class='ocr_carea' id='block_1_38' title="bbox 95 997 880 1034">
    <p class='ocr_par' dir='ltr' id='par_1_38' title="bbox 95 997 880 1034">
     <span class='ocr_line' id='line_1_38' title="bbox 95 997 880 1034; baseline 0.005 -12"><span class='ocrx_word' id='word_1_288' title='bbox 95 997 172 1023; x_wconf 67' lang='grc' dir='ltr'>τοῦτο</span> <span class='ocrx_word' id='word_1_289' title='bbox 187 998 234 1024; x_wconf 69' lang='grc' dir='ltr'>καὶ</span> <span class='ocrx_word' id='word_1_290' title='bbox 247 999 362 1033; x_wconf 76' lang='grc' dir='ltr'>πονηρία</span> <span class='ocrx_word' id='word_1_291' title='bbox 374 998 488 1034; x_wconf 82' lang='grc' dir='ltr'>μεγάλη.</span> <span class='ocrx_word' id='word_1_292' title='bbox 505 999 565 1031; x_wconf 83' lang='grc' dir='ltr'><strong>Πῶς</strong></span> <span class='ocrx_word' id='word_1_293' title='bbox 580 1000 632 1034; x_wconf 72' lang='grc' dir='ltr'><strong>γὰρ</strong></span> <span class='ocrx_word' id='word_1_294' title='bbox 649 999 698 1025; x_wconf 87' lang='grc' dir='ltr'>οὐκ</span> <span class='ocrx_word' id='word_1_295' title='bbox 711 999 783 1025; x_wconf 75' lang='grc' dir='ltr'>ἔστιν</span> <span class='ocrx_word' id='word_1_296' title='bbox 798 1008 880 1034; x_wconf 77' lang='grc' dir='ltr'>πονησ-</span> 
     </span>
    </p>
   </div>
   <div class='ocr_carea' id='block_1_39' title="bbox 99 1043 879 1081">
    <p class='ocr_par' dir='ltr' id='par_1_39' title="bbox 99 1043 879 1081">
     <span class='ocr_line' id='line_1_39' title="bbox 99 1043 879 1081; baseline 0.001 -12"><span class='ocrx_word' id='word_1_297' title='bbox 99 1043 140 1079; x_wconf 77' lang='grc' dir='ltr'>ρξα</span> <span class='ocrx_word' id='word_1_298' title='bbox 158 1044 261 1079; x_wconf 75' lang='grc' dir='ltr'>μεγάλη</span> <span class='ocrx_word' id='word_1_299' title='bbox 273 1064 279 1075; x_wconf 93' lang='grc'><strong>,</strong></span> <span class='ocrx_word' id='word_1_300' title='bbox 297 1045 360 1071; x_wconf 83' lang='grc' dir='ltr'>ὅταν</span> <span class='ocrx_word' id='word_1_301' title='bbox 379 1045 500 1081; x_wconf 83' lang='grc' dir='ltr'>γινώσκῃ</span> <span class='ocrx_word' id='word_1_302' title='bbox 522 1045 570 1079; x_wconf 87' lang='grc' dir='ltr'>τὴν</span> <span class='ocrx_word' id='word_1_303' title='bbox 592 1045 753 1079; x_wconf 80' lang='grc' dir='ltr'>ὲγκειμένην</span> <span class='ocrx_word' id='word_1_304' title='bbox 775 1044 814 1079; x_wconf 85' lang='grc' dir='ltr'>τῷ</span> <span class='ocrx_word' id='word_1_305' title='bbox 832 1045 879 1071; x_wconf 88' lang='grc' dir='ltr'><strong>ἀν-</strong></span> 
     </span>
    </p>
   </div>
   <div class='ocr_carea' id='block_1_40' title="bbox 97 1089 878 1126">
    <p class='ocr_par' dir='ltr' id='par_1_40' title="bbox 97 1089 878 1126">
     <span class='ocr_line' id='line_1_40' title="bbox 97 1089 878 1126; baseline 0.003 -12"><span class='ocrx_word' id='word_1_306' title='bbox 97 1089 197 1124; x_wconf 81' lang='grc' dir='ltr'>θρώπῳ</span> <span class='ocrx_word' id='word_1_307' title='bbox 212 1090 275 1125; x_wconf 65' lang='grc' dir='ltr'>περὶ.</span> <span class='ocrx_word' id='word_1_308' title='bbox 291 1091 354 1122; x_wconf 81' lang='grc' dir='ltr'>τοὺς</span> <span class='ocrx_word' id='word_1_309' title='bbox 369 1090 482 1126; x_wconf 75' lang='grc' dir='ltr'>μόχθους</span> <span class='ocrx_word' id='word_1_310' title='bbox 501 1090 617 1126; x_wconf 80' lang='grc' dir='ltr'>σπουδὴν</span> <span class='ocrx_word' id='word_1_311' title='bbox 633 1092 679 1117; x_wconf 60' lang='grc' dir='ltr'><strong>καὶ⁸</strong></span> <span class='ocrx_word' id='word_1_312' title='bbox 700 1090 878 1126; x_wconf 79' lang='grc' dir='ltr'>προαίρεσιν;</span> 
     </span>
    </p>
   </div>
   <div class='ocr_carea' id='block_1_41' title="bbox 97 1134 878 1172">
    <p class='ocr_par' dir='ltr' id='par_1_41' title="bbox 97 1134 878 1172">
     <span class='ocr_line' id='line_1_41' title="bbox 97 1134 878 1172; baseline 0.001 -11"><span class='ocrx_word' id='word_1_313' title='bbox 97 1135 181 1161; x_wconf 80' lang='grc' dir='ltr'>Τοῦτο</span> <span class='ocrx_word' id='word_1_314' title='bbox 197 1135 250 1170; x_wconf 83' lang='grc' dir='ltr'><strong>γάρ</strong></span> <span class='ocrx_word' id='word_1_315' title='bbox 264 1137 336 1162; x_wconf 73' lang='grc' dir='ltr'>ἐστιν</span> <span class='ocrx_word' id='word_1_316' title='bbox 354 1138 382 1163; x_wconf 81' lang='grc' dir='ltr'>ὲν</span> <span class='ocrx_word' id='word_1_317' title='bbox 396 1134 436 1168; x_wconf 71' lang='grc' dir='ltr'>οἷς</span> <span class='ocrx_word' id='word_1_318' title='bbox 450 1146 540 1172; x_wconf 80' lang='grc' dir='ltr'>φησιν,</span> <span class='ocrx_word' id='word_1_319' title='bbox 556 1137 596 1163; x_wconf 82' lang='grc' dir='ltr'>ὅτι</span> <span class='ocrx_word' id='word_1_320' title='bbox 617 1136 746 1163; x_wconf 83' lang='grc' dir='ltr'>Γινώσκει</span> <span class='ocrx_word' id='word_1_321' title='bbox 771 1138 808 1172; x_wconf 82' lang='grc' dir='ltr'>τῷ</span> <span class='ocrx_word' id='word_1_322' title='bbox 832 1138 878 1164; x_wconf 69' lang='grc' dir='ltr'><strong>(Ξιν⁸</strong></span> 
     </span>
    </p>
   </div>
   <div class='ocr_carea' id='block_1_42' title="bbox 95 1180 878 1218">
    <p class='ocr_par' dir='ltr' id='par_1_42' title="bbox 95 1180 878 1218">
     <span class='ocr_line' id='line_1_42' title="bbox 95 1180 878 1218; baseline 0.001 -11"><span class='ocrx_word' id='word_1_323' title='bbox 95 1180 205 1216; x_wconf 85' lang='grc' dir='ltr'>θρώπῳ,</span> <span class='ocrx_word' id='word_1_324' title='bbox 221 1182 250 1207; x_wconf 78' lang='grc' dir='ltr'>ἐν</span> <span class='ocrx_word' id='word_1_325' title='bbox 265 1182 345 1208; x_wconf 78' lang='grc' dir='ltr'>παντὶ</span> <span class='ocrx_word' id='word_1_326' title='bbox 358 1182 449 1218; x_wconf 82' lang='grc' dir='ltr'>μόχθῳ</span> <span class='ocrx_word' id='word_1_327' title='bbox 461 1182 554 1215; x_wconf 82' lang='grc' dir='ltr'>αὑτοῦ,</span> <span class='ocrx_word' id='word_1_328' title='bbox 572 1183 617 1209; x_wconf 69' lang='grc' dir='ltr'><strong>καὶ</strong></span> <span class='ocrx_word' id='word_1_329' title='bbox 632 1183 660 1209; x_wconf 80' lang='grc' dir='ltr'>ὲν</span> <span class='ocrx_word' id='word_1_330' title='bbox 674 1184 708 1218; x_wconf 83' lang='grc' dir='ltr'>τῇ</span> <span class='ocrx_word' id='word_1_331' title='bbox 723 1183 878 1218; x_wconf 81' lang='grc' dir='ltr'>προαιρέσει</span> 
     </span>
    </p>
   </div>
   <div class='ocr_carea' id='block_1_43' title="bbox 93 1223 879 1263">
    <p class='ocr_par' dir='ltr' id='par_1_43' title="bbox 93 1223 879 1263">
     <span class='ocr_line' id='line_1_43' title="bbox 93 1223 879 1263; baseline 0.001 -11"><span class='ocrx_word' id='word_1_332' title='bbox 93 1226 205 1262; x_wconf 81' lang='grc' dir='ltr'>καρδίας</span> <span class='ocrx_word' id='word_1_333' title='bbox 222 1227 316 1259; x_wconf 79' lang='grc' dir='ltr'>αὑτοῦ,</span> <span class='ocrx_word' id='word_1_334' title='bbox 330 1223 352 1260; x_wconf 80' lang='grc' dir='ltr'>ᾦ</span> <span class='ocrx_word' id='word_1_335' title='bbox 367 1227 446 1259; x_wconf 72' lang='grc' dir='ltr'>αὐτὸς</span> <span class='ocrx_word' id='word_1_336' title='bbox 461 1227 554 1263; x_wconf 89' lang='grc' dir='ltr'>μοχθεῖ</span> <span class='ocrx_word' id='word_1_337' title='bbox 565 1227 617 1254; x_wconf 75' lang='grc' dir='ltr'><strong>ὑπὸ</strong></span> <span class='ocrx_word' id='word_1_338' title='bbox 632 1227 677 1254; x_wconf 81' lang='grc' dir='ltr'>τὸν</span> <span class='ocrx_word' id='word_1_339' title='bbox 691 1227 775 1262; x_wconf 76' lang='grc' dir='ltr'>ἥλιον.</span> <span class='ocrx_word' id='word_1_340' title='bbox 791 1228 823 1254; x_wconf 87' lang='grc' dir='ltr'>Τί</span> <span class='ocrx_word' id='word_1_341' title='bbox 833 1226 879 1254; x_wconf 75' lang='grc' dir='ltr'>οὖν</span> 
     </span>
    </p>
   </div>
   <div class='ocr_carea' id='block_1_44' title="bbox 93 1271 878 1309">
    <p class='ocr_par' dir='ltr' id='par_1_44' title="bbox 93 1271 878 1309">
     <span class='ocr_line' id='line_1_44' title="bbox 93 1271 878 1309; baseline 0.003 -12"><span class='ocrx_word' id='word_1_342' title='bbox 93 1272 166 1298; x_wconf 77' lang='grc' dir='ltr'>ἐστιν</span> <span class='ocrx_word' id='word_1_343' title='bbox 180 1271 195 1297; x_wconf 82' lang='grc' dir='ltr'>ὂ</span> <span class='ocrx_word' id='word_1_344' title='bbox 210 1272 353 1306; x_wconf 81' lang='grc' dir='ltr'>γινώσκει;</span> <span class='ocrx_word' id='word_1_345' title='bbox 375 1273 435 1300; x_wconf 86' lang='grc' dir='ltr'>Ὂτι</span> <span class='ocrx_word' id='word_1_346' title='bbox 453 1274 547 1306; x_wconf 74' lang='grc' dir='ltr'>πᾶσαι,</span> <span class='ocrx_word' id='word_1_347' title='bbox 563 1274 655 1309; x_wconf 73' lang='grc' dir='ltr'>φησὶν,</span> <span class='ocrx_word' id='word_1_348' title='bbox 671 1273 699 1300; x_wconf 80' lang='lat' dir='ltr'><strong>al</strong></span> <span class='ocrx_word' id='word_1_349' title='bbox 711 1274 811 1308; x_wconf 81' lang='grc' dir='ltr'>ἡμέραι</span> <span class='ocrx_word' id='word_1_350' title='bbox 829 1274 878 1299; x_wconf 83' lang='grc' dir='ltr'><strong>αὑ-</strong></span> 
     </span>
    </p>
   </div>
   <div class='ocr_carea' id='block_1_45' title="bbox 93 1317 879 1354">
    <p class='ocr_par' dir='ltr' id='par_1_45' title="bbox 93 1317 879 1354">
     <span class='ocr_line' id='line_1_45' title="bbox 93 1317 879 1354; baseline 0.001 -11"><span class='ocrx_word' id='word_1_351' title='bbox 93 1317 139 1344; x_wconf 80' lang='grc' dir='ltr'>τοῦ</span> <span class='ocrx_word' id='word_1_352' title='bbox 153 1318 328 1353; x_wconf 79' lang='grc' dir='ltr'><strong>ἀλγημάτων,</strong></span> <span class='ocrx_word' id='word_1_353' title='bbox 341 1319 387 1345; x_wconf 68' lang='grc' dir='ltr'>καὶ</span> <span class='ocrx_word' id='word_1_354' title='bbox 404 1319 490 1353; x_wconf 81' lang='grc' dir='ltr'>θυμοῦ</span> <span class='ocrx_word' id='word_1_355' title='bbox 507 1319 696 1354; x_wconf 79' lang='grc' dir='ltr'>περισπασμὸς</span> <span class='ocrx_word' id='word_1_356' title='bbox 709 1319 801 1346; x_wconf 75' lang='grc' dir='ltr'>αὐτοῦ.</span> <span class='ocrx_word' id='word_1_357' title='bbox 825 1319 879 1345; x_wconf 85' lang='grc' dir='ltr'>Καί</span> 
     </span>
    </p>
   </div>
   <div class='ocr_carea' id='block_1_46' title="bbox 94 1365 880 1400">
    <p class='ocr_par' dir='ltr' id='par_1_46' title="bbox 94 1365 880 1400">
     <span class='ocr_line' id='line_1_46' title="bbox 94 1365 880 1400; baseline 0.001 -10"><span class='ocrx_word' id='word_1_358' title='bbox 94 1372 124 1398; x_wconf 84' lang='grc' dir='ltr'>γε</span> <span class='ocrx_word' id='word_1_359' title='bbox 139 1365 168 1390; x_wconf 84' lang='grc' dir='ltr'>ὲν</span> <span class='ocrx_word' id='word_1_360' title='bbox 181 1365 259 1391; x_wconf 84' lang='grc' dir='ltr'>νυκτὶ</span> <span class='ocrx_word' id='word_1_361' title='bbox 270 1365 300 1391; x_wconf 82' lang='grc' dir='ltr'>ού</span> <span class='ocrx_word' id='word_1_362' title='bbox 312 1366 441 1400; x_wconf 81' lang='grc' dir='ltr'>κοιμᾶται</span> <span class='ocrx_word' id='word_1_363' title='bbox 453 1367 469 1400; x_wconf 86' lang='grc' dir='ltr'>ὴ</span> <span class='ocrx_word' id='word_1_364' title='bbox 482 1365 578 1400; x_wconf 83' lang='grc' dir='ltr'>καρδία</span> <span class='ocrx_word' id='word_1_365' title='bbox 589 1365 682 1392; x_wconf 81' lang='grc' dir='ltr'>αὑτοῦ.</span> <span class='ocrx_word' id='word_1_366' title='bbox 700 1365 745 1400; x_wconf 87' lang='grc' dir='ltr'>Τῷ</span> <span class='ocrx_word' id='word_1_367' title='bbox 759 1365 815 1391; x_wconf 72' lang='grc' dir='ltr'>ὄντι</span> <span class='ocrx_word' id='word_1_368' title='bbox 825 1365 880 1400; x_wconf 84' lang='grc' dir='ltr'><strong>γὰρ</strong></span> 
     </span>
    </p>
   </div>
   <div class='ocr_carea' id='block_1_47' title="bbox 92 1409 878 1446">
    <p class='ocr_par' dir='ltr' id='par_1_47' title="bbox 92 1409 878 1446">
     <span class='ocr_line' id='line_1_47' title="bbox 92 1409 878 1446; baseline 0 -10"><span class='ocrx_word' id='word_1_369' title='bbox 92 1412 148 1442; x_wconf 83' lang='grc' dir='ltr'>τοῖς</span> <span class='ocrx_word' id='word_1_370' title='bbox 163 1411 202 1442; x_wconf 87' lang='grc' dir='ltr'>εἰς</span> <span class='ocrx_word' id='word_1_371' title='bbox 215 1411 259 1437; x_wconf 80' lang='grc' dir='ltr'>τὸν</span> <span class='ocrx_word' id='word_1_372' title='bbox 274 1410 426 1446; x_wconf 74' lang='grc' dir='ltr'>πειρασμὸν</span> <span class='ocrx_word' id='word_1_373' title='bbox 438 1410 530 1438; x_wconf 78' lang='grc' dir='ltr'>τοῦτον</span> <span class='ocrx_word' id='word_1_374' title='bbox 546 1411 595 1446; x_wconf 77' lang='grc' dir='ltr'>τὴν</span> <span class='ocrx_word' id='word_1_375' title='bbox 609 1410 696 1446; x_wconf 77' lang='grc' dir='ltr'>ψυχὴν</span> <span class='ocrx_word' id='word_1_376' title='bbox 710 1409 878 1445; x_wconf 81' lang='grc' dir='ltr'><strong>ἀσχολοῦσιν,</strong></span> 
     </span>
    </p>
   </div>
   <div class='ocr_carea' id='block_1_48' title="bbox 93 1453 879 1491">
    <p class='ocr_par' dir='ltr' id='par_1_48' title="bbox 93 1453 879 1491">
     <span class='ocr_line' id='line_1_48' title="bbox 93 1453 879 1491; baseline -0.001 -9"><span class='ocrx_word' id='word_1_377' title='bbox 93 1455 215 1491; x_wconf 77' lang='grc' dir='ltr'>ἐπαλγὴς</span> <span class='ocrx_word' id='word_1_378' title='bbox 239 1456 288 1491; x_wconf 84' lang='grc' dir='ltr'>μὲν</span> <span class='ocrx_word' id='word_1_379' title='bbox 309 1457 326 1491; x_wconf 81' lang='grc' dir='ltr'><strong>ἡ</strong></span> <span class='ocrx_word' id='word_1_380' title='bbox 347 1456 418 1490; x_wconf 84' lang='grc' dir='ltr'>ζωὴ,</span> <span class='ocrx_word' id='word_1_381' title='bbox 441 1453 496 1482; x_wconf 76' lang='grc' dir='ltr'>οἷόν</span> <span class='ocrx_word' id='word_1_382' title='bbox 521 1464 576 1482; x_wconf 89' lang='grc' dir='ltr'>τισι</span> <span class='ocrx_word' id='word_1_383' title='bbox 599 1455 721 1491; x_wconf 82' lang='grc' dir='ltr'>κέντροις</span> <span class='ocrx_word' id='word_1_384' title='bbox 745 1457 803 1487; x_wconf 86' lang='grc' dir='ltr'>ταῖς</span> <span class='ocrx_word' id='word_1_385' title='bbox 825 1454 879 1481; x_wconf 85' lang='grc' dir='ltr'>τῶν</span> 
     </span>
    </p>
   </div>
   <div class='ocr_carea' id='block_1_49' title="bbox 93 1500 875 1537">
    <p class='ocr_par' dir='ltr' id='par_1_49' title="bbox 93 1500 875 1537">
     <span class='ocr_line' id='line_1_49' title="bbox 93 1500 875 1537; baseline 0 -10"><span class='ocrx_word' id='word_1_386' title='bbox 93 1500 224 1527; x_wconf 85' lang='grc' dir='ltr'>πλειόνων</span> <span class='ocrx_word' id='word_1_387' title='bbox 239 1501 395 1536; x_wconf 73' lang='grc' dir='ltr'>ἐπιθυμίαις</span> <span class='ocrx_word' id='word_1_388' title='bbox 415 1501 463 1537; x_wconf 84' lang='grc' dir='ltr'>τὴν</span> <span class='ocrx_word' id='word_1_389' title='bbox 492 1501 603 1537; x_wconf 85' lang='grc' dir='ltr'>καρδίαν</span> <span class='ocrx_word' id='word_1_390' title='bbox 626 1501 790 1536; x_wconf 74' lang='grc' dir='ltr'>μαστίζουσα</span> <span class='ocrx_word' id='word_1_391' title='bbox 802 1510 809 1516; x_wconf 88' lang='grc'><strong>·</strong></span> <span class='ocrx_word' id='word_1_392' title='bbox 827 1502 875 1527; x_wconf 78' lang='grc' dir='ltr'><strong>ἐπ-</strong></span> 
     </span>
    </p>
   </div>
   <div class='ocr_carea' id='block_1_50' title="bbox 93 1544 878 1581">
    <p class='ocr_par' dir='ltr' id='par_1_50' title="bbox 93 1544 878 1581">
     <span class='ocr_line' id='line_1_50' title="bbox 93 1544 878 1581; baseline 0.001 -11"><span class='ocrx_word' id='word_1_393' title='bbox 93 1544 193 1577; x_wconf 79' lang='grc' dir='ltr'>ώδυνος</span> <span class='ocrx_word' id='word_1_394' title='bbox 203 1545 230 1572; x_wconf 85' lang='grc' dir='ltr'>δὲ</span> <span class='ocrx_word' id='word_1_395' title='bbox 249 1546 265 1580; x_wconf 82' lang='grc' dir='ltr'>ἡ</span> <span class='ocrx_word' id='word_1_396' title='bbox 281 1546 344 1581; x_wconf 77' lang='grc' dir='ltr'>περὶ</span> <span class='ocrx_word' id='word_1_397' title='bbox 358 1546 407 1581; x_wconf 79' lang='grc' dir='ltr'>τὴν</span> <span class='ocrx_word' id='word_1_398' title='bbox 423 1545 577 1578; x_wconf 80' lang='grc' dir='ltr'>πλεονεξίαν</span> <span class='ocrx_word' id='word_1_399' title='bbox 593 1546 704 1580; x_wconf 84' lang='grc' dir='ltr'>σπουδὴ,</span> <span class='ocrx_word' id='word_1_400' title='bbox 713 1546 744 1572; x_wconf 84' lang='grc' dir='ltr'>οὐ</span> <span class='ocrx_word' id='word_1_401' title='bbox 755 1545 878 1573; x_wconf 80' lang='grc' dir='ltr'>τοσοῦτον</span> 
     </span>
    </p>
   </div>
   <div class='ocr_carea' id='block_1_51' title="bbox 92 1587 875 1627">
    <p class='ocr_par' dir='ltr' id='par_1_51' title="bbox 92 1587 875 1627">
     <span class='ocr_line' id='line_1_51' title="bbox 92 1587 875 1627; baseline 0.001 -11"><span class='ocrx_word' id='word_1_402' title='bbox 92 1587 134 1622; x_wconf 74' lang='grc' dir='ltr'>οἷς</span> <span class='ocrx_word' id='word_1_403' title='bbox 148 1594 204 1627; x_wconf 79' lang='grc' dir='ltr'>ἔχει</span> <span class='ocrx_word' id='word_1_404' title='bbox 227 1591 445 1627; x_wconf 76' lang='grc' dir='ltr'>εύφραινομένη.</span> <span class='ocrx_word' id='word_1_405' title='bbox 471 1592 532 1618; x_wconf 77' lang='grc' dir='ltr'>ὅσον</span> <span class='ocrx_word' id='word_1_406' title='bbox 556 1591 725 1627; x_wconf 78' lang='grc' dir='ltr'>ἀλγυνομένη</span> <span class='ocrx_word' id='word_1_407' title='bbox 746 1592 802 1623; x_wconf 89' lang='grc' dir='ltr'>τοῖς</span> <span class='ocrx_word' id='word_1_408' title='bbox 822 1591 875 1617; x_wconf 90' lang='grc' dir='ltr'>λεί-</span> 
     </span>
    </p>
   </div>
   <div class='ocr_carea' id='block_1_52' title="bbox 93 1634 877 1672">
    <p class='ocr_par' dir='ltr' id='par_1_52' title="bbox 93 1634 877 1672">
     <span class='ocr_line' id='line_1_52' title="bbox 93 1634 877 1672; baseline 0.003 -10"><span class='ocrx_word' id='word_1_409' title='bbox 93 1645 205 1669; x_wconf 59' lang='grc' dir='ltr'>πουσιν,</span> <span class='ocrx_word' id='word_1_410' title='bbox 231 1634 271 1668; x_wconf 69' lang='grc' dir='ltr'>οἷς</span> <span class='ocrx_word' id='word_1_411' title='bbox 297 1636 436 1672; x_wconf 78' lang='grc' dir='ltr'>μερίζεται</span> <span class='ocrx_word' id='word_1_412' title='bbox 462 1637 540 1664; x_wconf 81' lang='grc' dir='ltr'>νυκτὶ</span> <span class='ocrx_word' id='word_1_413' title='bbox 566 1637 612 1663; x_wconf 83' lang='grc' dir='ltr'><strong>καὶ</strong></span> <span class='ocrx_word' id='word_1_414' title='bbox 635 1637 725 1672; x_wconf 74' lang='grc' dir='ltr'>ἡμέρα</span> <span class='ocrx_word' id='word_1_415' title='bbox 748 1637 762 1662; x_wconf 87' lang='grc' dir='ltr'>ὁ</span> <span class='ocrx_word' id='word_1_416' title='bbox 788 1636 877 1669; x_wconf 78' lang='grc' dir='ltr'>πόνος,</span> 
     </span>
    </p>
   </div>
   <div class='ocr_carea' id='block_1_53' title="bbox 93 1681 878 1718">
    <p class='ocr_par' dir='ltr' id='par_1_53' title="bbox 93 1681 878 1718">
     <span class='ocr_line' id='line_1_53' title="bbox 93 1681 878 1718; baseline 0.001 -11"><span class='ocrx_word' id='word_1_417' title='bbox 93 1681 266 1717; x_wconf 76' lang='grc' dir='ltr'>καταλλήλως</span> <span class='ocrx_word' id='word_1_418' title='bbox 288 1683 320 1708; x_wconf 79' lang='grc' dir='ltr'><strong>δι’</strong></span> <span class='ocrx_word' id='word_1_419' title='bbox 343 1682 475 1718; x_wconf 76' lang='grc' dir='ltr'>ἑκατέρας</span> <span class='ocrx_word' id='word_1_420' title='bbox 493 1682 582 1709; x_wconf 79' lang='grc' dir='ltr'>αὐτῶν</span> <span class='ocrx_word' id='word_1_421' title='bbox 605 1682 808 1717; x_wconf 82' lang='grc' dir='ltr'>ὲνεργούμενος,</span> <span class='ocrx_word' id='word_1_422' title='bbox 830 1681 878 1716; x_wconf 87' lang='grc' dir='ltr'>τῆς</span> 
     </span>
    </p>
   </div>
   <div class='ocr_carea' id='block_1_54' title="bbox 94 1728 878 1765">
    <p class='ocr_par' dir='ltr' id='par_1_54' title="bbox 94 1728 878 1765">
     <span class='ocr_line' id='line_1_54' title="bbox 94 1728 878 1765; baseline 0.001 -11"><span class='ocrx_word' id='word_1_423' title='bbox 94 1728 143 1761; x_wconf 78' lang='grc' dir='ltr'>μὲν</span> <span class='ocrx_word' id='word_1_424' title='bbox 158 1728 264 1764; x_wconf 83' lang='grc' dir='ltr'>ἡμέρας</span> <span class='ocrx_word' id='word_1_425' title='bbox 280 1729 476 1765; x_wconf 79' lang='grc' dir='ltr'>δαπανωμένης</span> <span class='ocrx_word' id='word_1_426' title='bbox 491 1730 520 1756; x_wconf 78' lang='grc' dir='ltr'>ὲν</span> <span class='ocrx_word' id='word_1_427' title='bbox 535 1729 643 1764; x_wconf 84' lang='grc' dir='ltr'>μόχθοις</span> <span class='ocrx_word' id='word_1_428' title='bbox 653 1738 660 1744; x_wconf 89' lang='grc'><strong>·</strong></span> <span class='ocrx_word' id='word_1_429' title='bbox 680 1729 728 1765; x_wconf 84' lang='grc' dir='ltr'>τῆς</span> <span class='ocrx_word' id='word_1_430' title='bbox 743 1729 770 1755; x_wconf 82' lang='grc' dir='ltr'>δὲ</span> <span class='ocrx_word' id='word_1_431' title='bbox 782 1729 878 1761; x_wconf 81' lang='grc' dir='ltr'>νυκτὸς</span> 
     </span>
    </p>
   </div>
   <div class='ocr_carea' id='block_1_55' title="bbox 92 1773 880 1811">
    <p class='ocr_par' dir='ltr' id='par_1_55' title="bbox 92 1773 880 1811">
     <span class='ocr_line' id='line_1_55' title="bbox 92 1773 880 1811; baseline 0.001 -12"><span class='ocrx_word' id='word_1_432' title='bbox 92 1775 310 1809; x_wconf 82' lang='grc' dir='ltr'>ἁποπεμπούσης</span> <span class='ocrx_word' id='word_1_433' title='bbox 323 1775 376 1802; x_wconf 82' lang='grc' dir='ltr'><strong>τῶν</strong></span> <span class='ocrx_word' id='word_1_434' title='bbox 391 1775 523 1811; x_wconf 82' lang='grc' dir='ltr'>ὀμμάτων</span> <span class='ocrx_word' id='word_1_435' title='bbox 544 1775 588 1802; x_wconf 81' lang='grc' dir='ltr'>τὸν</span> <span class='ocrx_word' id='word_1_436' title='bbox 603 1775 695 1802; x_wconf 77' lang='grc' dir='ltr'>ὕπνον.</span> <span class='ocrx_word' id='word_1_437' title='bbox 718 1775 751 1800; x_wconf 81' lang='lat' dir='ltr'><strong>Ai</strong></span> <span class='ocrx_word' id='word_1_438' title='bbox 767 1774 821 1809; x_wconf 86' lang='grc' dir='ltr'><strong>γὰρ</strong></span> <span class='ocrx_word' id='word_1_439' title='bbox 833 1773 880 1800; x_wconf 86' lang='grc' dir='ltr'>τοῦ</span> 
     </span>
    </p>
   </div>
   <div class='ocr_carea' id='block_1_56' title="bbox 92 1817 880 1855">
    <p class='ocr_par' dir='ltr' id='par_1_56' title="bbox 92 1817 880 1855">
     <span class='ocr_line' id='line_1_56' title="bbox 92 1817 880 1855; baseline 0.003 -11"><span class='ocrx_word' id='word_1_440' title='bbox 92 1819 204 1853; x_wconf 74' lang='grc' dir='ltr'>κέρδους</span> <span class='ocrx_word' id='word_1_441' title='bbox 230 1819 367 1855; x_wconf 82' lang='grc' dir='ltr'>φροντίδες</span> <span class='ocrx_word' id='word_1_442' title='bbox 393 1820 438 1846; x_wconf 78' lang='grc' dir='ltr'>τὸν</span> <span class='ocrx_word' id='word_1_443' title='bbox 462 1819 545 1846; x_wconf 76' lang='grc' dir='ltr'>ὕπνον</span> <span class='ocrx_word' id='word_1_444' title='bbox 567 1819 752 1854; x_wconf 77' lang='grc' dir='ltr'>ἐκκρούουσιν.</span> <span class='ocrx_word' id='word_1_445' title='bbox 781 1819 810 1845; x_wconf 87' lang='lat'><strong>&#39;0</strong></span> <span class='ocrx_word' id='word_1_446' title='bbox 834 1817 880 1846; x_wconf 78' lang='grc' dir='ltr'>οὖν</span> 
     </span>
    </p>
   </div>
   <div class='ocr_carea' id='block_1_57' title="bbox 92 1863 881 1899">
    <p class='ocr_par' dir='ltr' id='par_1_57' title="bbox 92 1863 881 1899">
     <span class='ocr_line' id='line_1_57' title="bbox 92 1863 881 1899; baseline 0.001 -10"><span class='ocrx_word' id='word_1_447' title='bbox 92 1864 161 1898; x_wconf 60' lang='grc' dir='ltr'>πρὸς</span> <span class='ocrx_word' id='word_1_448' title='bbox 182 1863 269 1890; x_wconf 82' lang='grc' dir='ltr'>ταῦτα</span> <span class='ocrx_word' id='word_1_449' title='bbox 303 1864 430 1899; x_wconf 78' lang='grc' dir='ltr'>βλέπων,</span> <span class='ocrx_word' id='word_1_450' title='bbox 457 1864 516 1896; x_wconf 81' lang='grc' dir='ltr'><strong>πῶς</strong></span> <span class='ocrx_word' id='word_1_451' title='bbox 539 1865 568 1891; x_wconf 86' lang='grc' dir='ltr'><strong>οὺ</strong></span> <span class='ocrx_word' id='word_1_452' title='bbox 592 1863 808 1899; x_wconf 82' lang='grc' dir='ltr'>καταψηφίζεται</span> <span class='ocrx_word' id='word_1_453' title='bbox 832 1865 881 1899; x_wconf 84' lang='grc' dir='ltr'>τῆς</span> 
     </span>
    </p>
   </div>
   <div class='ocr_carea' id='block_1_58' title="bbox 92 1907 882 1944">
    <p class='ocr_par' dir='ltr' id='par_1_58' title="bbox 92 1907 882 1944">
     <span class='ocr_line' id='line_1_58' title="bbox 92 1907 882 1944; baseline 0.004 -12"><span class='ocrx_word' id='word_1_454' title='bbox 92 1907 213 1942; x_wconf 75' lang='grc' dir='ltr'>σπουδῆς</span> <span class='ocrx_word' id='word_1_455' title='bbox 229 1907 330 1942; x_wconf 83' lang='grc' dir='ltr'>ταύτης</span> <span class='ocrx_word' id='word_1_456' title='bbox 341 1908 390 1943; x_wconf 84' lang='grc' dir='ltr'>τὴν</span> <span class='ocrx_word' id='word_1_457' title='bbox 406 1909 590 1944; x_wconf 70' lang='grc' dir='ltr'>ματαιότητα,</span> <span class='ocrx_word' id='word_1_458' title='bbox 615 1909 664 1935; x_wconf 76' lang='grc' dir='ltr'>Διὰ</span> <span class='ocrx_word' id='word_1_459' title='bbox 678 1909 756 1935; x_wconf 74' lang='grc' dir='ltr'>τοῦτο</span> <span class='ocrx_word' id='word_1_460' title='bbox 771 1909 882 1944; x_wconf 82' lang='grc' dir='ltr'>προστί-</span> 
     </span>
    </p>
   </div>
   <div class='ocr_carea' id='block_1_59' title="bbox 91 1953 878 1990">
    <p class='ocr_par' dir='ltr' id='par_1_59' title="bbox 91 1953 878 1990">
     <span class='ocr_line' id='line_1_59' title="bbox 91 1953 878 1990; baseline 0.003 -12"><span class='ocrx_word' id='word_1_461' title='bbox 91 1953 158 1987; x_wconf 75' lang='grc' dir='ltr'>θησι</span> <span class='ocrx_word' id='word_1_462' title='bbox 173 1954 228 1984; x_wconf 84' lang='grc' dir='ltr'>τοῖς</span> <span class='ocrx_word' id='word_1_463' title='bbox 243 1954 461 1989; x_wconf 81' lang='grc' dir='ltr'>προειρημένοις,</span> <span class='ocrx_word' id='word_1_464' title='bbox 475 1955 514 1981; x_wconf 77' lang='grc' dir='ltr'>ὅτι</span> <span class='ocrx_word' id='word_1_465' title='bbox 529 1955 575 1981; x_wconf 84' lang='grc' dir='ltr'><strong>καί</strong></span> <span class='ocrx_word' id='word_1_466' title='bbox 589 1963 620 1989; x_wconf 89' lang='grc' dir='ltr'>γε</span> <span class='ocrx_word' id='word_1_467' title='bbox 630 1955 708 1980; x_wconf 79' lang='grc' dir='ltr'>τοῦτο</span> <span class='ocrx_word' id='word_1_468' title='bbox 724 1954 878 1990; x_wconf 80' lang='grc' dir='ltr'>ματαιότης·</span> 
     </span>
    </p>
   </div>
   <div class='ocr_carea' id='block_1_60' title="bbox 92 1997 879 2032">
    <p class='ocr_par' dir='ltr' id='par_1_60' title="bbox 92 1997 879 2032">
     <span class='ocr_line' id='line_1_60' title="bbox 92 1997 879 2032; baseline 0.003 -9"><span class='ocrx_word' id='word_1_469' title='bbox 92 1997 175 2024; x_wconf 73' lang='grc' dir='ltr'>πάλιν</span> <span class='ocrx_word' id='word_1_470' title='bbox 189 1998 271 2032; x_wconf 81' lang='grc' dir='ltr'>ἄλλης</span> <span class='ocrx_word' id='word_1_471' title='bbox 286 1999 449 2030; x_wconf 77' lang='grc' dir='ltr'>ἀντιθέσεως</span> <span class='ocrx_word' id='word_1_472' title='bbox 461 1999 643 2026; x_wconf 80' lang='grc' dir='ltr'>καθάπτεται·</span> <span class='ocrx_word' id='word_1_473' title='bbox 659 2000 689 2026; x_wconf 84' lang='grc' dir='ltr'>τὸ</span> <span class='ocrx_word' id='word_1_474' title='bbox 702 2000 729 2026; x_wconf 73' lang='grc' dir='ltr'>δὲ</span> <span class='ocrx_word' id='word_1_475' title='bbox 744 1999 879 2025; x_wconf 79' lang='grc' dir='ltr'>ἀντιτιθέ-</span> 
     </span>
    </p>
   </div>
   <div class='ocr_carea' id='block_1_61' title="bbox 93 2042 373 2076">
    <p class='ocr_par' dir='ltr' id='par_1_61' title="bbox 93 2042 373 2076">
     <span class='ocr_line' id='line_1_61' title="bbox 93 2042 373 2076; baseline 0.011 -9"><span class='ocrx_word' id='word_1_476' title='bbox 93 2050 176 2076; x_wconf 85' lang='grc' dir='ltr'>μενον</span> <span class='ocrx_word' id='word_1_477' title='bbox 192 2042 271 2069; x_wconf 82' lang='grc' dir='ltr'>τοῦτό</span> <span class='ocrx_word' id='word_1_478' title='bbox 290 2044 373 2070; x_wconf 77' lang='grc' dir='ltr'>ἐστιν’</span> 
     </span>
    </p>
   </div>
   <div class='ocr_carea' id='block_1_62' title="bbox 930 910 1714 949">
    <p class='ocr_par' dir='ltr' id='par_1_62' title="bbox 930 910 1714 949">
     <span class='ocr_line' id='line_1_62' title="bbox 930 910 1714 949; baseline 0.004 -13"><span class='ocrx_word' id='word_1_479' title='bbox 930 910 1000 937; x_wconf 91' lang='lat' dir='ltr'><strong>alius</strong></span> <span class='ocrx_word' id='word_1_480' title='bbox 1014 910 1096 937; x_wconf 89' lang='lat' dir='ltr'><strong>homo</strong></span> <span class='ocrx_word' id='word_1_481' title='bbox 1107 910 1152 945; x_wconf 91' lang='lat' dir='ltr'><strong>qui</strong></span> <span class='ocrx_word' id='word_1_482' title='bbox 1168 911 1194 938; x_wconf 93' lang='lat' dir='ltr'><strong>in</strong></span> <span class='ocrx_word' id='word_1_483' title='bbox 1206 911 1249 938; x_wconf 86' lang='lat' dir='ltr'><strong>his</strong></span> <span class='ocrx_word' id='word_1_484' title='bbox 1259 911 1327 949; x_wconf 80' lang='lat' dir='ltr'><strong>nihil</strong></span> <span class='ocrx_word' id='word_1_485' title='bbox 1340 911 1482 939; x_wconf 86' lang='lat' dir='ltr'><strong>laboravit.</strong></span> <span class='ocrx_word' id='word_1_486' title='bbox 1498 912 1639 944; x_wconf 79' lang='lat' dir='ltr'><strong>Quomodo</strong></span> <span class='ocrx_word' id='word_1_487' title='bbox 1650 919 1714 946; x_wconf 78' lang='lat' dir='ltr'><strong>ergo</strong></span> 
     </span>
    </p>
   </div>
   <div class='ocr_carea' id='block_1_63' title="bbox 929 955 1713 992">
    <p class='ocr_par' dir='ltr' id='par_1_63' title="bbox 929 955 1713 992">
     <span class='ocr_line' id='line_1_63' title="bbox 929 955 1713 992; baseline 0.003 -11"><span class='ocrx_word' id='word_1_488' title='bbox 929 955 1074 990; x_wconf 82' lang='lat' dir='ltr'><strong>quisquam</strong></span> <span class='ocrx_word' id='word_1_489' title='bbox 1096 956 1197 990; x_wconf 83' lang='lat' dir='ltr'><strong>primas</strong></span> <span class='ocrx_word' id='word_1_490' title='bbox 1213 957 1324 984; x_wconf 90' lang='lat' dir='ltr'><strong>honoris</strong></span> <span class='ocrx_word' id='word_1_491' title='bbox 1345 962 1436 992; x_wconf 80' lang='lat' dir='ltr'><strong>partes</strong></span> <span class='ocrx_word' id='word_1_492' title='bbox 1448 959 1471 984; x_wconf 88' lang='lat' dir='ltr'><strong>ei</strong></span> <span class='ocrx_word' id='word_1_493' title='bbox 1490 958 1611 985; x_wconf 88' lang='lat' dir='ltr'><strong>tribuet?</strong></span> <span class='ocrx_word' id='word_1_494' title='bbox 1627 957 1713 984; x_wconf 84' lang='lat' dir='ltr'><strong>Homo</strong></span> 
     </span>
    </p>
   </div>
   <div class='ocr_carea' id='block_1_64' title="bbox 929 1000 1712 1038">
    <p class='ocr_par' dir='ltr' id='par_1_64' title="bbox 929 1000 1712 1038">
     <span class='ocr_line' id='line_1_64' title="bbox 929 1000 1712 1038; baseline 0.006 -13"><span class='ocrx_word' id='word_1_495' title='bbox 929 1000 1013 1031; x_wconf 87' lang='lat' dir='ltr'><strong>enim,</strong></span> <span class='ocrx_word' id='word_1_496' title='bbox 1035 1000 1133 1035; x_wconf 86' lang='lat' dir='ltr'><strong>inquit,</strong></span> <span class='ocrx_word' id='word_1_497' title='bbox 1157 1001 1202 1035; x_wconf 88' lang='lat' dir='ltr'><strong>qui</strong></span> <span class='ocrx_word' id='word_1_498' title='bbox 1224 1009 1277 1028; x_wconf 85' lang='lat' dir='ltr'><strong>non</strong></span> <span class='ocrx_word' id='word_1_499' title='bbox 1296 1002 1430 1029; x_wconf 78' lang='lat' dir='ltr'><strong>laboravit</strong></span> <span class='ocrx_word' id='word_1_500' title='bbox 1454 1003 1481 1030; x_wconf 91' lang='lat' dir='ltr'><strong>in</strong></span> <span class='ocrx_word' id='word_1_501' title='bbox 1498 1003 1567 1038; x_wconf 86' lang='lat' dir='ltr'><strong>ipso,</strong></span> <span class='ocrx_word' id='word_1_502' title='bbox 1591 1003 1642 1033; x_wconf 85' lang='lat' dir='ltr'><strong>hoc</strong></span> <span class='ocrx_word' id='word_1_503' title='bbox 1661 1006 1712 1032; x_wconf 81' lang='lat' dir='ltr'><strong>est.</strong></span> 
     </span>
    </p>
   </div>
   <div class='ocr_carea' id='block_1_65' title="bbox 929 1045 1713 1082">
    <p class='ocr_par' dir='ltr' id='par_1_65' title="bbox 929 1045 1713 1082">
     <span class='ocr_line' id='line_1_65' title="bbox 929 1045 1713 1082; baseline 0 -9"><span class='ocrx_word' id='word_1_504' title='bbox 929 1046 953 1073; x_wconf 91' lang='lat' dir='ltr'><strong>ci</strong></span> <span class='ocrx_word' id='word_1_505' title='bbox 971 1045 1015 1080; x_wconf 91' lang='lat' dir='ltr'><strong>qui</strong></span> <span class='ocrx_word' id='word_1_506' title='bbox 1030 1054 1084 1074; x_wconf 90' lang='lat' dir='ltr'><strong>non</strong></span> <span class='ocrx_word' id='word_1_507' title='bbox 1098 1046 1230 1075; x_wconf 77' lang='lat' dir='ltr'><strong>laboravit</strong></span> <span class='ocrx_word' id='word_1_508' title='bbox 1245 1048 1272 1074; x_wconf 91' lang='lat' dir='ltr'><strong>in</strong></span> <span class='ocrx_word' id='word_1_509' title='bbox 1290 1047 1370 1080; x_wconf 88' lang='lat' dir='ltr'><strong>bono,</strong></span> <span class='ocrx_word' id='word_1_510' title='bbox 1385 1047 1460 1075; x_wconf 82' lang='lat' dir='ltr'><strong>dabit</strong></span> <span class='ocrx_word' id='word_1_511' title='bbox 1472 1049 1496 1075; x_wconf 89' lang='lat' dir='ltr'><strong>ei</strong></span> <span class='ocrx_word' id='word_1_512' title='bbox 1509 1052 1611 1082; x_wconf 86' lang='lat' dir='ltr'><strong>partem</strong></span> <span class='ocrx_word' id='word_1_513' title='bbox 1623 1055 1713 1080; x_wconf 85' lang='lat' dir='ltr'><strong>suam,</strong></span> 
     </span>
    </p>
   </div>
   <div class='ocr_carea' id='block_1_66' title="bbox 930 1092 1710 1126">
    <p class='ocr_par' dir='ltr' id='par_1_66' title="bbox 930 1092 1710 1126">
     <span class='ocr_line' id='line_1_66' title="bbox 930 1092 1710 1126; baseline 0.003 -9"><span class='ocrx_word' id='word_1_514' title='bbox 930 1098 979 1126; x_wconf 90' lang='lat' dir='ltr'><strong>pro</strong></span> <span class='ocrx_word' id='word_1_515' title='bbox 993 1098 1026 1118; x_wconf 86' lang='lat' dir='ltr'><strong>eo</strong></span> <span class='ocrx_word' id='word_1_516' title='bbox 1040 1092 1113 1126; x_wconf 90' lang='lat' dir='ltr'><strong>quod</strong></span> <span class='ocrx_word' id='word_1_517' title='bbox 1127 1096 1179 1124; x_wconf 91' lang='lat' dir='ltr'><strong>est,</strong></span> <span class='ocrx_word' id='word_1_518' title='bbox 1195 1092 1264 1119; x_wconf 88' lang='lat' dir='ltr'><strong>hanc</strong></span> <span class='ocrx_word' id='word_1_519' title='bbox 1279 1092 1363 1120; x_wconf 88' lang='lat' dir='ltr'><strong>vitam</strong></span> <span class='ocrx_word' id='word_1_520' title='bbox 1376 1093 1403 1120; x_wconf 93' lang='lat' dir='ltr'><strong>in</strong></span> <span class='ocrx_word' id='word_1_521' title='bbox 1416 1093 1481 1120; x_wconf 89' lang='lat' dir='ltr'><strong>boni</strong></span> <span class='ocrx_word' id='word_1_522' title='bbox 1498 1093 1587 1120; x_wconf 88' lang='lat' dir='ltr'><strong>locum</strong></span> <span class='ocrx_word' id='word_1_523' title='bbox 1602 1092 1710 1120; x_wconf 79' lang='lat' dir='ltr'><strong>referet.</strong></span> 
     </span>
    </p>
   </div>
   <div class='ocr_carea' id='block_1_67' title="bbox 931 1135 1712 1173">
    <p class='ocr_par' dir='ltr' id='par_1_67' title="bbox 931 1135 1712 1173">
     <span class='ocr_line' id='line_1_67' title="bbox 931 1135 1712 1173; baseline 0.003 -11"><span class='ocrx_word' id='word_1_524' title='bbox 931 1135 984 1162; x_wconf 89' lang='lat' dir='ltr'><strong>Sed</strong></span> <span class='ocrx_word' id='word_1_525' title='bbox 1000 1135 1052 1163; x_wconf 91' lang='lat' dir='ltr'><strong>hoc</strong></span> <span class='ocrx_word' id='word_1_526' title='bbox 1065 1140 1118 1169; x_wconf 86' lang='lat' dir='ltr'><strong>est,</strong></span> <span class='ocrx_word' id='word_1_527' title='bbox 1136 1136 1235 1172; x_wconf 81' lang='lat' dir='ltr'><strong>inquit,</strong></span> <span class='ocrx_word' id='word_1_528' title='bbox 1249 1137 1366 1169; x_wconf 78' lang='lat' dir='ltr'><strong>vanitas,</strong></span> <span class='ocrx_word' id='word_1_529' title='bbox 1381 1141 1408 1164; x_wconf 90' lang='lat' dir='ltr'><strong>et</strong></span> <span class='ocrx_word' id='word_1_530' title='bbox 1426 1146 1524 1172; x_wconf 79' lang='lat' dir='ltr'><strong>magna</strong></span> <span class='ocrx_word' id='word_1_531' title='bbox 1540 1138 1712 1173; x_wconf 83' lang='lat' dir='ltr'><strong>improbitas.</strong></span> 
     </span>
    </p>
   </div>
   <div class='ocr_carea' id='block_1_68' title="bbox 930 1181 1713 1218">
    <p class='ocr_par' dir='ltr' id='par_1_68' title="bbox 930 1181 1713 1218">
     <span class='ocr_line' id='line_1_68' title="bbox 930 1181 1713 1218; baseline 0.001 -10"><span class='ocrx_word' id='word_1_532' title='bbox 930 1181 1072 1214; x_wconf 82' lang='lat' dir='ltr'><strong>Quomodo</strong></span> <span class='ocrx_word' id='word_1_533' title='bbox 1086 1182 1158 1209; x_wconf 91' lang='lat' dir='ltr'><strong>enim</strong></span> <span class='ocrx_word' id='word_1_534' title='bbox 1175 1190 1227 1210; x_wconf 92' lang='lat' dir='ltr'><strong>non</strong></span> <span class='ocrx_word' id='word_1_535' title='bbox 1242 1186 1284 1209; x_wconf 86' lang='lat' dir='ltr'><strong>est</strong></span> <span class='ocrx_word' id='word_1_536' title='bbox 1303 1190 1400 1218; x_wconf 77' lang='lat' dir='ltr'><strong>magna</strong></span> <span class='ocrx_word' id='word_1_537' title='bbox 1415 1183 1586 1217; x_wconf 85' lang='lat' dir='ltr'><strong>improbitas,</strong></span> <span class='ocrx_word' id='word_1_538' title='bbox 1602 1183 1713 1218; x_wconf 85' lang='lat' dir='ltr'><strong>quando</strong></span> 
     </span>
    </p>
   </div>
   <div class='ocr_carea' id='block_1_69' title="bbox 930 1228 1747 1263">
    <p class='ocr_par' dir='ltr' id='par_1_69' title="bbox 930 1228 1747 1263">
     <span class='ocr_line' id='line_1_69' title="bbox 930 1228 1747 1263; baseline 0.002 -9"><span class='ocrx_word' id='word_1_539' title='bbox 930 1228 1070 1262; x_wconf 80' lang='lat' dir='ltr'><strong>cognoscit</strong></span> <span class='ocrx_word' id='word_1_540' title='bbox 1084 1228 1203 1254; x_wconf 87' lang='lat' dir='ltr'><strong>studium</strong></span> <span class='ocrx_word' id='word_1_541' title='bbox 1219 1231 1245 1255; x_wconf 90' lang='lat' dir='ltr'><strong>et</strong></span> <span class='ocrx_word' id='word_1_542' title='bbox 1259 1228 1372 1255; x_wconf 73' lang='lat' dir='ltr'><strong>liberati)</strong></span> <span class='ocrx_word' id='word_1_543' title='bbox 1389 1229 1550 1256; x_wconf 85' lang='lat' dir='ltr'><strong>electionem</strong></span> <span class='ocrx_word' id='word_1_544' title='bbox 1567 1237 1627 1263; x_wconf 70' lang='lat' dir='ltr'><strong>qua:</strong></span> <span class='ocrx_word' id='word_1_545' title='bbox 1643 1229 1713 1257; x_wconf 83' lang='lat' dir='ltr'><strong>inest</strong></span> <span class='ocrx_word' id='word_1_546' title='bbox 1737 1259 1747 1263; x_wconf 90' lang='lat'><strong>_</strong></span> 
     </span>
    </p>
   </div>
   <div class='ocr_carea' id='block_1_70' title="bbox 929 1271 1711 1308">
    <p class='ocr_par' dir='ltr' id='par_1_70' title="bbox 929 1271 1711 1308">
     <span class='ocr_line' id='line_1_70' title="bbox 929 1271 1711 1308; baseline 0.003 -10"><span class='ocrx_word' id='word_1_547' title='bbox 929 1271 1035 1299; x_wconf 88' lang='lat' dir='ltr'><strong>homini</strong></span> <span class='ocrx_word' id='word_1_548' title='bbox 1050 1272 1082 1299; x_wconf 84' lang='lat' dir='ltr'><strong>ad</strong></span> <span class='ocrx_word' id='word_1_549' title='bbox 1100 1272 1227 1300; x_wconf 86' lang='lat' dir='ltr'><strong>labores?</strong></span> <span class='ocrx_word' id='word_1_550' title='bbox 1238 1271 1295 1299; x_wconf 82' lang='lat' dir='ltr'><strong>Hoc</strong></span> <span class='ocrx_word' id='word_1_551' title='bbox 1311 1273 1384 1300; x_wconf 87' lang='lat' dir='ltr'><strong>enim</strong></span> <span class='ocrx_word' id='word_1_552' title='bbox 1398 1278 1439 1300; x_wconf 90' lang='lat' dir='ltr'><strong>est</strong></span> <span class='ocrx_word' id='word_1_553' title='bbox 1456 1273 1501 1300; x_wconf 82' lang='lat' dir='ltr'><strong>ubi</strong></span> <span class='ocrx_word' id='word_1_554' title='bbox 1515 1273 1593 1301; x_wconf 88' lang='lat' dir='ltr'><strong>dicit:</strong></span> <span class='ocrx_word' id='word_1_555' title='bbox 1603 1273 1711 1308; x_wconf 35' lang='lat' dir='ltr'><strong>Cogno‘</strong></span> 
     </span>
    </p>
   </div>
   <div class='ocr_carea' id='block_1_71' title="bbox 930 1317 1713 1352">
    <p class='ocr_par' dir='ltr' id='par_1_71' title="bbox 930 1317 1713 1352">
     <span class='ocr_line' id='line_1_71' title="bbox 930 1317 1713 1352; baseline 0.001 -8"><span class='ocrx_word' id='word_1_556' title='bbox 930 1317 983 1345; x_wconf 87' lang='lat' dir='ltr'><strong>scit</strong></span> <span class='ocrx_word' id='word_1_557' title='bbox 1002 1317 1104 1344; x_wconf 85' lang='lat' dir='ltr'><strong>homini</strong></span> <span class='ocrx_word' id='word_1_558' title='bbox 1120 1318 1148 1344; x_wconf 93' lang='lat' dir='ltr'><strong>in</strong></span> <span class='ocrx_word' id='word_1_559' title='bbox 1161 1318 1234 1345; x_wconf 90' lang='lat' dir='ltr'><strong>omni</strong></span> <span class='ocrx_word' id='word_1_560' title='bbox 1246 1318 1338 1346; x_wconf 85' lang='lat' dir='ltr'><strong>labore</strong></span> <span class='ocrx_word' id='word_1_561' title='bbox 1354 1326 1414 1352; x_wconf 87' lang='lat' dir='ltr'><strong>suo,</strong></span> <span class='ocrx_word' id='word_1_562' title='bbox 1428 1323 1455 1346; x_wconf 90' lang='lat' dir='ltr'><strong>et</strong></span> <span class='ocrx_word' id='word_1_563' title='bbox 1466 1318 1495 1346; x_wconf 89' lang='lat' dir='ltr'><strong>in</strong></span> <span class='ocrx_word' id='word_1_564' title='bbox 1505 1318 1591 1346; x_wconf 85' lang='lat' dir='ltr'><strong>libera</strong></span> <span class='ocrx_word' id='word_1_565' title='bbox 1603 1318 1713 1346; x_wconf 88' lang='lat' dir='ltr'><strong>electio-</strong></span> 
     </span>
    </p>
   </div>
   <div class='ocr_carea' id='block_1_72' title="bbox 930 1363 1714 1398">
    <p class='ocr_par' dir='ltr' id='par_1_72' title="bbox 930 1363 1714 1398">
     <span class='ocr_line' id='line_1_72' title="bbox 930 1363 1714 1398; baseline 0.001 -9"><span class='ocrx_word' id='word_1_566' title='bbox 930 1369 964 1390; x_wconf 91' lang='lat' dir='ltr'><strong>ne</strong></span> <span class='ocrx_word' id='word_1_567' title='bbox 981 1363 1072 1390; x_wconf 87' lang='lat' dir='ltr'><strong>cordis</strong></span> <span class='ocrx_word' id='word_1_568' title='bbox 1086 1363 1140 1396; x_wconf 90' lang='lat' dir='ltr'><strong>sui,</strong></span> <span class='ocrx_word' id='word_1_569' title='bbox 1164 1370 1219 1398; x_wconf 89' lang='lat' dir='ltr'><strong>qua</strong></span> <span class='ocrx_word' id='word_1_570' title='bbox 1236 1363 1293 1398; x_wconf 86' lang='lat' dir='ltr'><strong>ipse</strong></span> <span class='ocrx_word' id='word_1_571' title='bbox 1309 1363 1414 1390; x_wconf 83' lang='lat' dir='ltr'><strong>laborat</strong></span> <span class='ocrx_word' id='word_1_572' title='bbox 1430 1364 1481 1391; x_wconf 86' lang='lat' dir='ltr'><strong>sub</strong></span> <span class='ocrx_word' id='word_1_573' title='bbox 1503 1364 1569 1392; x_wconf 83' lang='lat' dir='ltr'><strong>sole.</strong></span> <span class='ocrx_word' id='word_1_574' title='bbox 1586 1363 1655 1397; x_wconf 85' lang='lat' dir='ltr'><strong>Quid</strong></span> <span class='ocrx_word' id='word_1_575' title='bbox 1672 1367 1714 1392; x_wconf 84' lang='lat' dir='ltr'><strong>est</strong></span> 
     </span>
    </p>
   </div>
   <div class='ocr_carea' id='block_1_73' title="bbox 930 1408 1714 1444">
    <p class='ocr_par' dir='ltr' id='par_1_73' title="bbox 930 1408 1714 1444">
     <span class='ocr_line' id='line_1_73' title="bbox 930 1408 1714 1444; baseline 0.003 -9"><span class='ocrx_word' id='word_1_576' title='bbox 930 1415 994 1444; x_wconf 73' lang='lat' dir='ltr'><strong>ergo</strong></span> <span class='ocrx_word' id='word_1_577' title='bbox 1018 1408 1100 1444; x_wconf 84' lang='lat' dir='ltr'><strong>quod</strong></span> <span class='ocrx_word' id='word_1_578' title='bbox 1115 1408 1274 1444; x_wconf 75' lang='lat' dir='ltr'><strong>cognoscit?</strong></span> <span class='ocrx_word' id='word_1_579' title='bbox 1301 1408 1378 1441; x_wconf 89' lang='lat' dir='ltr'><strong>Quod</strong></span> <span class='ocrx_word' id='word_1_580' title='bbox 1396 1417 1502 1442; x_wconf 87' lang='lat' dir='ltr'><strong>omnes,</strong></span> <span class='ocrx_word' id='word_1_581' title='bbox 1530 1409 1630 1444; x_wconf 82' lang='lat' dir='ltr'><strong>inquit,</strong></span> <span class='ocrx_word' id='word_1_582' title='bbox 1655 1409 1714 1444; x_wconf 86' lang='lat' dir='ltr'><strong>ejus</strong></span> 
     </span>
    </p>
   </div>
   <div class='ocr_carea' id='block_1_74' title="bbox 931 1453 1714 1489">
    <p class='ocr_par' dir='ltr' id='par_1_74' title="bbox 931 1453 1714 1489">
     <span class='ocr_line' id='line_1_74' title="bbox 931 1453 1714 1489; baseline -0.001 -8"><span class='ocrx_word' id='word_1_583' title='bbox 931 1454 989 1481; x_wconf 90' lang='lat' dir='ltr'><strong>dies</strong></span> <span class='ocrx_word' id='word_1_584' title='bbox 1004 1458 1069 1482; x_wconf 88' lang='lat' dir='ltr'><strong>sunt</strong></span> <span class='ocrx_word' id='word_1_585' title='bbox 1080 1453 1217 1486; x_wconf 86' lang='lat' dir='ltr'><strong>dolorum,</strong></span> <span class='ocrx_word' id='word_1_586' title='bbox 1235 1458 1262 1481; x_wconf 91' lang='lat' dir='ltr'><strong>et</strong></span> <span class='ocrx_word' id='word_1_587' title='bbox 1278 1454 1338 1489; x_wconf 86' lang='lat' dir='ltr'><strong>ejus</strong></span> <span class='ocrx_word' id='word_1_588' title='bbox 1354 1454 1437 1482; x_wconf 88' lang='lat' dir='ltr'><strong>animi</strong></span> <span class='ocrx_word' id='word_1_589' title='bbox 1450 1455 1559 1482; x_wconf 81' lang='lat' dir='ltr'><strong>vexatio</strong></span> <span class='ocrx_word' id='word_1_590' title='bbox 1573 1458 1601 1482; x_wconf 87' lang='lat' dir='ltr'><strong>et</strong></span> <span class='ocrx_word' id='word_1_591' title='bbox 1612 1455 1714 1482; x_wconf 83' lang='lat' dir='ltr'><strong>distra-</strong></span> 
     </span>
    </p>
   </div>
   <div class='ocr_carea' id='block_1_75' title="bbox 930 1499 1714 1535">
    <p class='ocr_par' dir='ltr' id='par_1_75' title="bbox 930 1499 1714 1535">
     <span class='ocr_line' id='line_1_75' title="bbox 930 1499 1714 1535; baseline 0 -9"><span class='ocrx_word' id='word_1_592' title='bbox 930 1499 995 1526; x_wconf 90' lang='lat' dir='ltr'><strong>ctio.</strong></span> <span class='ocrx_word' id='word_1_593' title='bbox 1012 1499 1166 1532; x_wconf 82' lang='lat' dir='ltr'><strong>Quinetiam</strong></span> <span class='ocrx_word' id='word_1_594' title='bbox 1184 1502 1267 1527; x_wconf 92' lang='lat' dir='ltr'><strong>noctu</strong></span> <span class='ocrx_word' id='word_1_595' title='bbox 1281 1508 1334 1527; x_wconf 91' lang='lat' dir='ltr'><strong>non</strong></span> <span class='ocrx_word' id='word_1_596' title='bbox 1350 1499 1450 1526; x_wconf 92' lang='lat' dir='ltr'><strong>dormit</strong></span> <span class='ocrx_word' id='word_1_597' title='bbox 1464 1507 1512 1527; x_wconf 90' lang='lat' dir='ltr'><strong>cor</strong></span> <span class='ocrx_word' id='word_1_598' title='bbox 1524 1500 1594 1535; x_wconf 86' lang='lat' dir='ltr'><strong>ejus.</strong></span> <span class='ocrx_word' id='word_1_599' title='bbox 1611 1499 1714 1528; x_wconf 79' lang='lat' dir='ltr'><strong>Revera</strong></span> 
     </span>
    </p>
   </div>
   <div class='ocr_carea' id='block_1_76' title="bbox 931 1543 1714 1579">
    <p class='ocr_par' dir='ltr' id='par_1_76' title="bbox 931 1543 1714 1579">
     <span class='ocr_line' id='line_1_76' title="bbox 931 1543 1714 1579; baseline 0.001 -9"><span class='ocrx_word' id='word_1_600' title='bbox 931 1543 1003 1571; x_wconf 86' lang='lat' dir='ltr'><strong>enim</strong></span> <span class='ocrx_word' id='word_1_601' title='bbox 1020 1544 1053 1571; x_wconf 93' lang='lat' dir='ltr'><strong>iis</strong></span> <span class='ocrx_word' id='word_1_602' title='bbox 1064 1551 1181 1579; x_wconf 87' lang='lat' dir='ltr'><strong>quorum</strong></span> <span class='ocrx_word' id='word_1_603' title='bbox 1193 1544 1301 1571; x_wconf 89' lang='lat' dir='ltr'><strong>animus</strong></span> <span class='ocrx_word' id='word_1_604' title='bbox 1312 1548 1438 1572; x_wconf 85' lang='lat' dir='ltr'><strong>versatur</strong></span> <span class='ocrx_word' id='word_1_605' title='bbox 1449 1544 1476 1571; x_wconf 92' lang='lat' dir='ltr'><strong>in</strong></span> <span class='ocrx_word' id='word_1_606' title='bbox 1490 1544 1542 1572; x_wconf 89' lang='lat' dir='ltr'><strong>h&#39;ae</strong></span> <span class='ocrx_word' id='word_1_607' title='bbox 1555 1545 1714 1576; x_wconf 83' lang='lat' dir='ltr'><strong>tentatione.</strong></span> 
     </span>
    </p>
   </div>
   <div class='ocr_carea' id='block_1_77' title="bbox 932 1587 1714 1625">
    <p class='ocr_par' dir='ltr' id='par_1_77' title="bbox 932 1587 1714 1625">
     <span class='ocr_line' id='line_1_77' title="bbox 932 1587 1714 1625; baseline 0.001 -10"><span class='ocrx_word' id='word_1_608' title='bbox 932 1587 987 1615; x_wconf 88' lang='lat' dir='ltr'><strong>vita</strong></span> <span class='ocrx_word' id='word_1_609' title='bbox 1003 1588 1113 1623; x_wconf 89' lang='lat' dir='ltr'><strong>quidem</strong></span> <span class='ocrx_word' id='word_1_610' title='bbox 1127 1593 1168 1616; x_wconf 87' lang='lat' dir='ltr'><strong>est</strong></span> <span class='ocrx_word' id='word_1_611' title='bbox 1181 1589 1329 1621; x_wconf 88' lang='lat' dir='ltr'><strong>laboriosa,</strong></span> <span class='ocrx_word' id='word_1_612' title='bbox 1344 1589 1426 1616; x_wconf 87' lang='lat' dir='ltr'><strong>veluti</strong></span> <span class='ocrx_word' id='word_1_613' title='bbox 1439 1590 1603 1625; x_wconf 87' lang='lat' dir='ltr'><strong>quibusdam</strong></span> <span class='ocrx_word' id='word_1_614' title='bbox 1618 1590 1714 1617; x_wconf 87' lang='lat' dir='ltr'><strong>stimu-</strong></span> 
     </span>
    </p>
   </div>
   <div class='ocr_carea' id='block_1_78' title="bbox 931 1634 1713 1671">
    <p class='ocr_par' dir='ltr' id='par_1_78' title="bbox 931 1634 1713 1671">
     <span class='ocr_line' id='line_1_78' title="bbox 931 1634 1713 1671; baseline 0.003 -11"><span class='ocrx_word' id='word_1_615' title='bbox 931 1634 976 1666; x_wconf 90' lang='lat' dir='ltr'><strong>lis,</strong></span> <span class='ocrx_word' id='word_1_616' title='bbox 1003 1635 1082 1669; x_wconf 87' lang='lat' dir='ltr'><strong>plura</strong></span> <span class='ocrx_word' id='word_1_617' title='bbox 1110 1635 1228 1662; x_wconf 89' lang='lat' dir='ltr'><strong>habendi</strong></span> <span class='ocrx_word' id='word_1_618' title='bbox 1255 1636 1452 1671; x_wconf 86' lang='lat' dir='ltr'><strong>cupiditatibus</strong></span> <span class='ocrx_word' id='word_1_619' title='bbox 1481 1644 1529 1664; x_wconf 89' lang='lat' dir='ltr'><strong>eor</strong></span> <span class='ocrx_word' id='word_1_620' title='bbox 1554 1636 1713 1671; x_wconf 76' lang='lat' dir='ltr'><strong>ﬂagellans:</strong></span> 
     </span>
    </p>
   </div>
   <div class='ocr_carea' id='block_1_79' title="bbox 932 1674 1713 1716">
    <p class='ocr_par' dir='ltr' id='par_1_79' title="bbox 932 1674 1713 1716">
     <span class='ocr_line' id='line_1_79' title="bbox 932 1674 1713 1716; baseline 0.001 -10"><span class='ocrx_word' id='word_1_621' title='bbox 932 1678 1025 1706; x_wconf 87' lang='lat' dir='ltr'><strong>dolore</strong></span> <span class='ocrx_word' id='word_1_622' title='bbox 1039 1683 1129 1706; x_wconf 88' lang='lat' dir='ltr'><strong>autem</strong></span> <span class='ocrx_word' id='word_1_623' title='bbox 1143 1684 1170 1707; x_wconf 89' lang='lat' dir='ltr'><strong>et</strong></span> <span class='ocrx_word' id='word_1_624' title='bbox 1185 1674 1308 1707; x_wconf 87' lang='lat' dir='ltr'><strong>molestia</strong></span> <span class='ocrx_word' id='word_1_625' title='bbox 1323 1680 1433 1714; x_wconf 89' lang='lat' dir='ltr'><strong>plenum</strong></span> <span class='ocrx_word' id='word_1_626' title='bbox 1447 1685 1490 1708; x_wconf 83' lang='lat' dir='ltr'><strong>est</strong></span> <span class='ocrx_word' id='word_1_627' title='bbox 1504 1681 1582 1716; x_wconf 86' lang='lat' dir='ltr'><strong>plura</strong></span> <span class='ocrx_word' id='word_1_628' title='bbox 1598 1681 1713 1708; x_wconf 88' lang='lat' dir='ltr'><strong>habendi</strong></span> 
     </span>
    </p>
   </div>
   <div class='ocr_carea' id='block_1_80' title="bbox 932 1724 1712 1761">
    <p class='ocr_par' dir='ltr' id='par_1_80' title="bbox 932 1724 1712 1761">
     <span class='ocr_line' id='line_1_80' title="bbox 932 1724 1712 1761; baseline 0.003 -11"><span class='ocrx_word' id='word_1_629' title='bbox 932 1724 1063 1756; x_wconf 87' lang='lat' dir='ltr'><strong>studium,</strong></span> <span class='ocrx_word' id='word_1_630' title='bbox 1082 1731 1135 1751; x_wconf 89' lang='lat' dir='ltr'><strong>non</strong></span> <span class='ocrx_word' id='word_1_631' title='bbox 1149 1728 1252 1751; x_wconf 86' lang='lat' dir='ltr'><strong>tantum</strong></span> <span class='ocrx_word' id='word_1_632' title='bbox 1269 1725 1390 1759; x_wconf 76' lang='lat' dir='ltr'><strong>gaudens</strong></span> <span class='ocrx_word' id='word_1_633' title='bbox 1402 1726 1436 1754; x_wconf 93' lang='lat' dir='ltr'><strong>iis</strong></span> <span class='ocrx_word' id='word_1_634' title='bbox 1451 1734 1511 1761; x_wconf 75' lang='lat' dir='ltr'><strong>quze</strong></span> <span class='ocrx_word' id='word_1_635' title='bbox 1524 1726 1614 1758; x_wconf 88' lang='lat' dir='ltr'><strong>habet,</strong></span> <span class='ocrx_word' id='word_1_636' title='bbox 1627 1734 1712 1760; x_wconf 90' lang='lat' dir='ltr'><strong>quan-</strong></span> 
     </span>
    </p>
   </div>
   <div class='ocr_carea' id='block_1_81' title="bbox 932 1769 1716 1806">
    <p class='ocr_par' dir='ltr' id='par_1_81' title="bbox 932 1769 1716 1806">
     <span class='ocr_line' id='line_1_81' title="bbox 932 1769 1716 1806; baseline 0 -10"><span class='ocrx_word' id='word_1_637' title='bbox 932 1774 988 1797; x_wconf 90' lang='lat' dir='ltr'><strong>tum</strong></span> <span class='ocrx_word' id='word_1_638' title='bbox 1000 1770 1076 1797; x_wconf 87' lang='lat' dir='ltr'><strong>triste</strong></span> <span class='ocrx_word' id='word_1_639' title='bbox 1090 1769 1125 1796; x_wconf 89' lang='lat' dir='ltr'><strong>ob</strong></span> <span class='ocrx_word' id='word_1_640' title='bbox 1138 1776 1169 1797; x_wconf 87' lang='lat' dir='ltr'><strong>ea</strong></span> <span class='ocrx_word' id='word_1_641' title='bbox 1184 1777 1244 1804; x_wconf 78' lang='lat' dir='ltr'><strong>quae</strong></span> <span class='ocrx_word' id='word_1_642' title='bbox 1257 1769 1369 1804; x_wconf 86' lang='lat' dir='ltr'><strong>desunt,</strong></span> <span class='ocrx_word' id='word_1_643' title='bbox 1382 1771 1483 1806; x_wconf 86' lang='lat' dir='ltr'><strong>quibus</strong></span> <span class='ocrx_word' id='word_1_644' title='bbox 1495 1774 1577 1798; x_wconf 79' lang='lat' dir='ltr'><strong>nectu</strong></span> <span class='ocrx_word' id='word_1_645' title='bbox 1594 1774 1620 1797; x_wconf 89' lang='lat' dir='ltr'><strong>ct</strong></span> <span class='ocrx_word' id='word_1_646' title='bbox 1632 1770 1716 1797; x_wconf 87' lang='lat' dir='ltr'><strong>inter-</strong></span> 
     </span>
    </p>
   </div>
   <div class='ocr_carea' id='block_1_82' title="bbox 932 1815 1714 1851">
    <p class='ocr_par' dir='ltr' id='par_1_82' title="bbox 932 1815 1714 1851">
     <span class='ocr_line' id='line_1_82' title="bbox 932 1815 1714 1851; baseline 0 -9"><span class='ocrx_word' id='word_1_647' title='bbox 932 1815 978 1842; x_wconf 92' lang='lat' dir='ltr'><strong>diu</strong></span> <span class='ocrx_word' id='word_1_648' title='bbox 998 1816 1074 1842; x_wconf 86' lang='lat' dir='ltr'><strong>labor</strong></span> <span class='ocrx_word' id='word_1_649' title='bbox 1088 1815 1229 1848; x_wconf 90' lang='lat' dir='ltr'><strong>dividitur,</strong></span> <span class='ocrx_word' id='word_1_650' title='bbox 1247 1819 1276 1842; x_wconf 91' lang='lat' dir='ltr'><strong>ut</strong></span> <span class='ocrx_word' id='word_1_651' title='bbox 1291 1815 1338 1850; x_wconf 91' lang='lat' dir='ltr'><strong>qui</strong></span> <span class='ocrx_word' id='word_1_652' title='bbox 1355 1823 1402 1850; x_wconf 90' lang='lat' dir='ltr'><strong>per</strong></span> <span class='ocrx_word' id='word_1_653' title='bbox 1417 1819 1564 1851; x_wconf 88' lang='lat' dir='ltr'><strong>utrumque</strong></span> <span class='ocrx_word' id='word_1_654' title='bbox 1580 1822 1673 1842; x_wconf 89' lang='lat' dir='ltr'><strong>eorum</strong></span> <span class='ocrx_word' id='word_1_655' title='bbox 1687 1815 1714 1842; x_wconf 93' lang='lat' dir='ltr'><strong>in</strong></span> 
     </span>
    </p>
   </div>
   <div class='ocr_carea' id='block_1_83' title="bbox 933 1860 1714 1895">
    <p class='ocr_par' dir='ltr' id='par_1_83' title="bbox 933 1860 1714 1895">
     <span class='ocr_line' id='line_1_83' title="bbox 933 1860 1714 1895; baseline -0.004 -7"><span class='ocrx_word' id='word_1_656' title='bbox 933 1868 962 1888; x_wconf 87' lang='lat' dir='ltr'><strong>se</strong></span> <span class='ocrx_word' id='word_1_657' title='bbox 975 1861 1092 1888; x_wconf 85' lang='lat' dir='ltr'><strong>invicem</strong></span> <span class='ocrx_word' id='word_1_658' title='bbox 1105 1864 1274 1893; x_wconf 81' lang='lat' dir='ltr'><strong>exerceatur,</strong></span> <span class='ocrx_word' id='word_1_659' title='bbox 1290 1868 1352 1888; x_wconf 90' lang='lat' dir='ltr'><strong>cum</strong></span> <span class='ocrx_word' id='word_1_660' title='bbox 1369 1861 1427 1888; x_wconf 88' lang='lat' dir='ltr'><strong>dies</strong></span> <span class='ocrx_word' id='word_1_661' title='bbox 1442 1860 1551 1895; x_wconf 88' lang='lat' dir='ltr'><strong>&#39;quidem</strong></span> <span class='ocrx_word' id='word_1_662' title='bbox 1568 1867 1714 1887; x_wconf 50' lang='lat' dir='ltr'><strong>consumam</strong></span> 
     </span>
    </p>
   </div>
   <div class='ocr_carea' id='block_1_84' title="bbox 933 1905 1716 1934">
    <p class='ocr_par' dir='ltr' id='par_1_84' title="bbox 933 1905 1716 1934">
     <span class='ocr_line' id='line_1_84' title="bbox 933 1905 1716 1934; baseline 0 -2"><span class='ocrx_word' id='word_1_663' title='bbox 933 1910 977 1933; x_wconf 92' lang='lat' dir='ltr'><strong>tur</strong></span> <span class='ocrx_word' id='word_1_664' title='bbox 993 1906 1021 1933; x_wconf 93' lang='lat' dir='ltr'><strong>in</strong></span> <span class='ocrx_word' id='word_1_665' title='bbox 1038 1906 1194 1934; x_wconf 88' lang='lat' dir='ltr'><strong>laboribus:</strong></span> <span class='ocrx_word' id='word_1_666' title='bbox 1215 1914 1269 1934; x_wconf 85' lang='lat' dir='ltr'><strong>nox</strong></span> <span class='ocrx_word' id='word_1_667' title='bbox 1284 1910 1374 1934; x_wconf 89' lang='lat' dir='ltr'><strong>autem</strong></span> <span class='ocrx_word' id='word_1_668' title='bbox 1394 1913 1519 1933; x_wconf 89' lang='lat' dir='ltr'><strong>somnum</strong></span> <span class='ocrx_word' id='word_1_669' title='bbox 1535 1905 1662 1933; x_wconf 84' lang='lat' dir='ltr'><strong>amandet</strong></span> <span class='ocrx_word' id='word_1_670' title='bbox 1682 1905 1716 1932; x_wconf 86' lang='lat' dir='ltr'><strong>ab</strong></span> 
     </span>
    </p>
   </div>
   <div class='ocr_carea' id='block_1_85' title="bbox 933 1950 1715 1986">
    <p class='ocr_par' dir='ltr' id='par_1_85' title="bbox 933 1950 1715 1986">
     <span class='ocr_line' id='line_1_85' title="bbox 933 1950 1715 1986; baseline -0.004 -7"><span class='ocrx_word' id='word_1_671' title='bbox 933 1953 1031 1980; x_wconf 81' lang='lat' dir='ltr'><strong>Oculis.</strong></span> <span class='ocrx_word' id='word_1_672' title='bbox 1045 1951 1175 1979; x_wconf 88' lang='lat' dir='ltr'><strong>Somnum</strong></span> <span class='ocrx_word' id='word_1_673' title='bbox 1189 1951 1260 1978; x_wconf 88' lang='lat' dir='ltr'><strong>enim</strong></span> <span class='ocrx_word' id='word_1_674' title='bbox 1283 1951 1421 1986; x_wconf 80' lang='lat' dir='ltr'><strong>expellunt</strong></span> <span class='ocrx_word' id='word_1_675' title='bbox 1435 1950 1468 1978; x_wconf 90' lang='lat' dir='ltr'><strong>dc</strong></span> <span class='ocrx_word' id='word_1_676' title='bbox 1488 1951 1564 1978; x_wconf 91' lang='lat' dir='ltr'><strong>lucro</strong></span> <span class='ocrx_word' id='word_1_677' title='bbox 1584 1950 1715 1978; x_wconf 81' lang='lat' dir='ltr'><strong>sollicitu-</strong></span> 
     </span>
    </p>
   </div>
   <div class='ocr_carea' id='block_1_86' title="bbox 934 1996 1715 2033">
    <p class='ocr_par' dir='ltr' id='par_1_86' title="bbox 934 1996 1715 2033">
     <span class='ocr_line' id='line_1_86' title="bbox 934 1996 1715 2033; baseline -0.001 -10"><span class='ocrx_word' id='word_1_678' title='bbox 934 1996 1022 2024; x_wconf 88' lang='lat' dir='ltr'><strong>dines.</strong></span> <span class='ocrx_word' id='word_1_679' title='bbox 1035 1997 1086 2029; x_wconf 90' lang='lat' dir='ltr'><strong>Qui</strong></span> <span class='ocrx_word' id='word_1_680' title='bbox 1101 2005 1166 2033; x_wconf 79' lang='lat' dir='ltr'><strong>crgo</strong></span> <span class='ocrx_word' id='word_1_681' title='bbox 1179 1997 1210 2024; x_wconf 88' lang='lat' dir='ltr'><strong>ad</strong></span> <span class='ocrx_word' id='word_1_682' title='bbox 1225 1997 1282 2024; x_wconf 59' lang='lat' dir='ltr'><strong>hac</strong></span> <span class='ocrx_word' id='word_1_683' title='bbox 1297 1997 1406 2032; x_wconf 82' lang='lat' dir='ltr'><strong>aspicit,</strong></span> <span class='ocrx_word' id='word_1_684' title='bbox 1421 1996 1648 2031; x_wconf 86' lang='lat' dir='ltr'><strong>quemadmodum</strong></span> <span class='ocrx_word' id='word_1_685' title='bbox 1661 2005 1715 2023; x_wconf 89' lang='lat' dir='ltr'><strong>non</strong></span> 
     </span>
    </p>
   </div>
   <div class='ocr_carea' id='block_1_87' title="bbox 933 2042 1716 2077">
    <p class='ocr_par' dir='ltr' id='par_1_87' title="bbox 933 2042 1716 2077">
     <span class='ocr_line' id='line_1_87' title="bbox 933 2042 1716 2077; baseline -0.001 -8"><span class='ocrx_word' id='word_1_686' title='bbox 933 2042 1098 2069; x_wconf 83' lang='lat' dir='ltr'><strong>condemnat</strong></span> <span class='ocrx_word' id='word_1_687' title='bbox 1111 2043 1257 2069; x_wconf 83' lang='lat' dir='ltr'><strong>vanitatem</strong></span> <span class='ocrx_word' id='word_1_688' title='bbox 1273 2042 1332 2077; x_wconf 87' lang='lat' dir='ltr'><strong>ejus</strong></span> <span class='ocrx_word' id='word_1_689' title='bbox 1345 2042 1452 2070; x_wconf 81' lang='lat' dir='ltr'><strong>studii?</strong></span> <span class='ocrx_word' id='word_1_690' title='bbox 1470 2042 1503 2069; x_wconf 91' lang='lat' dir='ltr'><strong>Et</strong></span> <span class='ocrx_word' id='word_1_691' title='bbox 1517 2042 1577 2069; x_wconf 88' lang='lat' dir='ltr'><strong>ideo</strong></span> <span class='ocrx_word' id='word_1_692' title='bbox 1593 2042 1667 2069; x_wconf 87' lang='lat' dir='ltr'><strong>addit</strong></span> <span class='ocrx_word' id='word_1_693' title='bbox 1683 2042 1716 2069; x_wconf 85' lang='lat' dir='ltr'><strong>iis</strong></span> 
     </span>
    </p>
   </div>
   <div class='ocr_carea' id='block_1_88' title="bbox 91 2089 1716 2127">
    <p class='ocr_par' dir='ltr' id='par_1_88' title="bbox 91 2089 1716 2127">
     <span class='ocr_line' id='line_1_88' title="bbox 91 2089 1716 2127; baseline -0.002 -8"><span class='ocrx_word' id='word_1_694' title='bbox 91 2098 154 2127; x_wconf 62' lang='lat' dir='ltr'><strong>qtae</strong></span> <span class='ocrx_word' id='word_1_695' title='bbox 176 2091 252 2125; x_wconf 90' lang='lat' dir='ltr'><strong>prius</strong></span> <span class='ocrx_word' id='word_1_696' title='bbox 279 2090 352 2118; x_wconf 86' lang='lat' dir='ltr'><strong>dicta</strong></span> <span class='ocrx_word' id='word_1_697' title='bbox 378 2096 451 2124; x_wconf 89' lang='lat' dir='ltr'><strong>sunt,</strong></span> <span class='ocrx_word' id='word_1_698' title='bbox 470 2092 542 2127; x_wconf 90' lang='lat' dir='ltr'><strong>quod</strong></span> <span class='ocrx_word' id='word_1_699' title='bbox 554 2092 606 2119; x_wconf 88' lang='lat' dir='ltr'><strong>hoc</strong></span> <span class='ocrx_word' id='word_1_700' title='bbox 621 2099 729 2127; x_wconf 86' lang='lat' dir='ltr'><strong>quoque</strong></span> <span class='ocrx_word' id='word_1_701' title='bbox 745 2092 780 2119; x_wconf 80' lang='lat' dir='ltr'><strong>sit</strong></span> <span class='ocrx_word' id='word_1_702' title='bbox 795 2091 913 2118; x_wconf 80' lang='lat' dir='ltr'><strong>vanitas.</strong></span> <span class='ocrx_word' id='word_1_703' title='bbox 933 2089 1052 2118; x_wconf 82' lang='lat' dir='ltr'><strong>Rursum</strong></span> <span class='ocrx_word' id='word_1_704' title='bbox 1071 2090 1152 2116; x_wconf 81' lang='lat' dir='ltr'><strong>aliaat</strong></span> <span class='ocrx_word' id='word_1_705' title='bbox 1169 2090 1257 2125; x_wconf 74' lang='lat' dir='ltr'><strong>tangit</strong></span> <span class='ocrx_word' id='word_1_706' title='bbox 1272 2089 1465 2125; x_wconf 89' lang='lat' dir='ltr'><strong>objectionem.</strong></span> <span class='ocrx_word' id='word_1_707' title='bbox 1490 2089 1547 2116; x_wconf 85' lang='lat' dir='ltr'><strong>Hoc</strong></span> <span class='ocrx_word' id='word_1_708' title='bbox 1566 2094 1609 2117; x_wconf 84' lang='lat' dir='ltr'><strong>est</strong></span> <span class='ocrx_word' id='word_1_709' title='bbox 1626 2093 1716 2116; x_wconf 86' lang='lat' dir='ltr'><strong>autem</strong></span> 
     </span>
    </p>
   </div>
   <div class='ocr_carea' id='block_1_89' title="bbox 91 2135 323 2172">
    <p class='ocr_par' dir='ltr' id='par_1_89' title="bbox 91 2135 323 2172">
     <span class='ocr_line' id='line_1_89' title="bbox 91 2135 323 2172; baseline 0 -10"><span class='ocrx_word' id='word_1_710' title='bbox 91 2136 166 2172; x_wconf 87' lang='lat' dir='ltr'><strong>quod</strong></span> <span class='ocrx_word' id='word_1_711' title='bbox 179 2135 323 2170; x_wconf 83' lang='lat' dir='ltr'><strong>objicitur:</strong></span> 
     </span>
    </p>
   </div>
   <div class='ocr_carea' id='block_1_90' title="bbox 129 2175 879 2216">
    <p class='ocr_par' dir='ltr' id='par_1_90' title="bbox 129 2175 878 2216">
     <span class='ocr_line' id='line_1_90' title="bbox 129 2175 878 2216; baseline -0.001 -10"><span class='ocrx_word' id='word_1_712' title='bbox 129 2181 159 2206; x_wconf 84' lang='lat' dir='ltr'><strong>Ei</strong></span> <span class='ocrx_word' id='word_1_713' title='bbox 174 2180 204 2206; x_wconf 84' lang='grc' dir='ltr'>τὸ</span> <span class='ocrx_word' id='word_1_714' title='bbox 225 2179 278 2212; x_wconf 73' lang='grc' dir='ltr'><strong>ἔξω</strong></span> <span class='ocrx_word' id='word_1_715' title='bbox 291 2180 369 2215; x_wconf 81' lang='grc' dir='ltr'>ήμῶν</span> <span class='ocrx_word' id='word_1_716' title='bbox 391 2180 419 2206; x_wconf 81' lang='grc' dir='ltr'>ἐν</span> <span class='ocrx_word' id='word_1_717' title='bbox 443 2182 499 2212; x_wconf 83' lang='grc' dir='ltr'>τοῖς</span> <span class='ocrx_word' id='word_1_718' title='bbox 515 2181 638 2216; x_wconf 80' lang='grc' dir='ltr'>ματαίοις</span> <span class='ocrx_word' id='word_1_719' title='bbox 652 2180 788 2215; x_wconf 83' lang='grc' dir='ltr'>ἀριθμεῖς,</span> <span class='ocrx_word' id='word_1_720' title='bbox 804 2175 826 2205; x_wconf 79' lang='grc' dir='ltr'><strong>ὦ</strong></span> <span class='ocrx_word' id='word_1_721' title='bbox 840 2179 878 2205; x_wconf 86' lang='grc' dir='ltr'>δι-</span> 
     </span>
    </p>
   </div>
   <div class='ocr_carea' id='block_1_91' title="bbox 931 2175 1717 2216">
    <p class='ocr_par' dir='ltr' id='par_1_91' title="bbox 969 2177 1717 2213">
     <span class='ocr_line' id='line_1_91' title="bbox 969 2177 1717 2213; baseline 0 -9"><span class='ocrx_word' id='word_1_722' title='bbox 969 2177 997 2205; x_wconf 84' lang='lat' dir='ltr'><strong>Si</strong></span> <span class='ocrx_word' id='word_1_723' title='bbox 1015 2178 1088 2213; x_wconf 93' lang='lat' dir='ltr'><strong>quod</strong></span> <span class='ocrx_word' id='word_1_724' title='bbox 1103 2182 1181 2205; x_wconf 86' lang='lat' dir='ltr'><strong>extra</strong></span> <span class='ocrx_word' id='word_1_725' title='bbox 1197 2186 1247 2206; x_wconf 90' lang='lat' dir='ltr'><strong>nos</strong></span> <span class='ocrx_word' id='word_1_726' title='bbox 1263 2184 1315 2211; x_wconf 85' lang='lat' dir='ltr'><strong>est,</strong></span> <span class='ocrx_word' id='word_1_727' title='bbox 1330 2180 1358 2205; x_wconf 90' lang='lat' dir='ltr'><strong>in</strong></span> <span class='ocrx_word' id='word_1_728' title='bbox 1371 2179 1447 2206; x_wconf 88' lang='lat' dir='ltr'><strong>vanis</strong></span> <span class='ocrx_word' id='word_1_729' title='bbox 1463 2186 1602 2210; x_wconf 89' lang='lat' dir='ltr'><strong>numeras,</strong></span> <span class='ocrx_word' id='word_1_730' title='bbox 1617 2186 1633 2205; x_wconf 92' lang='grc' dir='ltr'>ο</span> <span class='ocrx_word' id='word_1_731' title='bbox 1648 2186 1717 2213; x_wconf 76' lang='lat' dir='ltr'><strong>pra:-</strong></span> 
     </span>
    </p>
   </div>
   <div class='ocr_carea' id='block_1_92' title="bbox 90 2225 878 2261">
    <p class='ocr_par' dir='ltr' id='par_1_92' title="bbox 90 2225 878 2261">
     <span class='ocr_line' id='line_1_92' title="bbox 90 2225 878 2261; baseline -0.003 -9"><span class='ocrx_word' id='word_1_732' title='bbox 90 2225 209 2252; x_wconf 81' lang='grc' dir='ltr'>δάσκαλε</span> <span class='ocrx_word' id='word_1_733' title='bbox 223 2234 230 2240; x_wconf 88' lang='grc'><strong>·</strong></span> <span class='ocrx_word' id='word_1_734' title='bbox 256 2226 323 2260; x_wconf 81' lang='grc' dir='ltr'>ὅπερ</span> <span class='ocrx_word' id='word_1_735' title='bbox 342 2226 374 2252; x_wconf 79' lang='grc' dir='ltr'>ἂν</span> <span class='ocrx_word' id='word_1_736' title='bbox 395 2227 434 2257; x_wconf 84' lang='grc' dir='ltr'>εἰς</span> <span class='ocrx_word' id='word_1_737' title='bbox 449 2226 764 2261; x_wconf 71' lang='grc' dir='ltr'>ἑαυτοὺςάναλάϐωμεν,</span> <span class='ocrx_word' id='word_1_738' title='bbox 782 2225 831 2251; x_wconf 75' lang='grc' dir='ltr'><strong>οὐχ</strong></span> <span class='ocrx_word' id='word_1_739' title='bbox 847 2225 878 2251; x_wconf 79' lang='grc' dir='ltr'>ἂν</span> 
     </span>
    </p>
   </div>
   <div class='ocr_carea' id='block_1_93' title="bbox 91 2270 880 2306">
    <p class='ocr_par' dir='ltr' id='par_1_93' title="bbox 91 2270 880 2306">
     <span class='ocr_line' id='line_1_93' title="bbox 91 2270 880 2306; baseline -0.001 -10"><span class='ocrx_word' id='word_1_740' title='bbox 91 2271 205 2302; x_wconf 80' lang='grc' dir='ltr'>εἰκότως</span> <span class='ocrx_word' id='word_1_741' title='bbox 223 2270 400 2305; x_wconf 78' lang='grc' dir='ltr'>καταγνωσθῇ</span> <span class='ocrx_word' id='word_1_742' title='bbox 413 2270 451 2302; x_wconf 82' lang='grc' dir='ltr'>ὡς</span> <span class='ocrx_word' id='word_1_743' title='bbox 464 2270 587 2305; x_wconf 81' lang='grc' dir='ltr'>μάταιον.</span> <span class='ocrx_word' id='word_1_744' title='bbox 611 2270 690 2297; x_wconf 79' lang='grc' dir='ltr'>Ἀλλὰ</span> <span class='ocrx_word' id='word_1_745' title='bbox 706 2271 760 2305; x_wconf 86' lang='grc' dir='ltr'>μὴν</span> <span class='ocrx_word' id='word_1_746' title='bbox 774 2271 790 2304; x_wconf 90' lang='grc' dir='ltr'>ἡ</span> <span class='ocrx_word' id='word_1_747' title='bbox 810 2270 880 2306; x_wconf 86' lang='grc' dir='ltr'><strong>βρῶ-</strong></span> 
     </span>
    </p>
   </div>
   <div class='ocr_carea' id='block_1_94' title="bbox 91 2315 880 2350">
    <p class='ocr_par' dir='ltr' id='par_1_94' title="bbox 91 2315 880 2350">
     <span class='ocr_line' id='line_1_94' title="bbox 91 2315 880 2350; baseline 0.003 -10"><span class='ocrx_word' id='word_1_748' title='bbox 91 2315 136 2346; x_wconf 81' lang='grc' dir='ltr'><strong>σίς</strong></span> <span class='ocrx_word' id='word_1_749' title='bbox 148 2323 178 2340; x_wconf 89' lang='grc' dir='ltr'><strong>τε</strong></span> <span class='ocrx_word' id='word_1_750' title='bbox 200 2315 246 2341; x_wconf 73' lang='grc' dir='ltr'>καὶ</span> <span class='ocrx_word' id='word_1_751' title='bbox 269 2315 285 2350; x_wconf 82' lang='grc' dir='ltr'>ἡ</span> <span class='ocrx_word' id='word_1_752' title='bbox 308 2315 386 2346; x_wconf 72' lang='grc' dir='ltr'>πόσις</span> <span class='ocrx_word' id='word_1_753' title='bbox 409 2315 438 2340; x_wconf 81' lang='grc' dir='ltr'>ὲν</span> <span class='ocrx_word' id='word_1_754' title='bbox 461 2315 526 2350; x_wconf 86' lang='grc' dir='ltr'>ἡμῖν</span> <span class='ocrx_word' id='word_1_755' title='bbox 542 2315 632 2345; x_wconf 81' lang='grc' dir='ltr'>αὐτοῖς</span> <span class='ocrx_word' id='word_1_756' title='bbox 646 2315 758 2348; x_wconf 84' lang='grc' dir='ltr'>γίνεται.</span> <span class='ocrx_word' id='word_1_757' title='bbox 776 2315 812 2341; x_wconf 91' lang='grc' dir='ltr'><strong>Οὐ</strong></span> <span class='ocrx_word' id='word_1_758' title='bbox 827 2315 880 2342; x_wconf 85' lang='grc' dir='ltr'>τῶν</span> 
     </span>
    </p>
   </div>
   <div class='ocr_carea' id='block_1_95' title="bbox 90 2359 881 2396">
    <p class='ocr_par' dir='ltr' id='par_1_95' title="bbox 90 2359 881 2396">
     <span class='ocr_line' id='line_1_95' title="bbox 90 2359 881 2396; baseline -0.003 -8"><span class='ocrx_word' id='word_1_759' title='bbox 90 2360 253 2395; x_wconf 76' lang='grc' dir='ltr'>ἀποῦλήτων</span> <span class='ocrx_word' id='word_1_760' title='bbox 267 2360 320 2396; x_wconf 79' lang='grc' dir='ltr'>ἄρα</span> <span class='ocrx_word' id='word_1_761' title='bbox 332 2360 362 2386; x_wconf 84' lang='grc' dir='ltr'>τὸ</span> <span class='ocrx_word' id='word_1_762' title='bbox 377 2360 495 2386; x_wconf 79' lang='grc' dir='ltr'>τοιοῦτόν</span> <span class='ocrx_word' id='word_1_763' title='bbox 510 2361 594 2393; x_wconf 77' lang='grc' dir='ltr'>ἐστιν,</span> <span class='ocrx_word' id='word_1_764' title='bbox 610 2359 677 2386; x_wconf 81' lang='grc' dir='ltr'>ἀλλὰ</span> <span class='ocrx_word' id='word_1_765' title='bbox 693 2360 766 2386; x_wconf 82' lang='grc' dir='ltr'>θείαν</span> <span class='ocrx_word' id='word_1_766' title='bbox 782 2369 823 2392; x_wconf 86' lang='grc' dir='ltr'><strong>τις</strong></span> <span class='ocrx_word' id='word_1_767' title='bbox 836 2360 881 2386; x_wconf 81' lang='grc' dir='ltr'>εύ-</span> 
     </span>
    </p>
   </div>
   <div class='ocr_carea' id='block_1_96' title="bbox 91 2405 894 2442">
    <p class='ocr_par' dir='ltr' id='par_1_96' title="bbox 91 2405 894 2442">
     <span class='ocr_line' id='line_1_96' title="bbox 91 2405 894 2442; baseline -0.001 -9"><span class='ocrx_word' id='word_1_768' title='bbox 91 2406 219 2442; x_wconf 79' lang='grc' dir='ltr'>εργεσίαν</span> <span class='ocrx_word' id='word_1_769' title='bbox 244 2406 293 2441; x_wconf 80' lang='grc' dir='ltr'>τὴν</span> <span class='ocrx_word' id='word_1_770' title='bbox 317 2405 443 2442; x_wconf 79' lang='grc' dir='ltr'>τοιαύτην</span> <span class='ocrx_word' id='word_1_771' title='bbox 467 2407 546 2442; x_wconf 79' lang='grc' dir='ltr'>χάριν</span> <span class='ocrx_word' id='word_1_772' title='bbox 568 2407 699 2442; x_wconf 77' lang='grc' dir='ltr'>ὁρίσαιτο.</span> <span class='ocrx_word' id='word_1_773' title='bbox 732 2406 804 2442; x_wconf 67' lang='grc' dir='ltr'>Αὕτη</span> <span class='ocrx_word' id='word_1_774' title='bbox 832 2407 894 2442; x_wconf 70' lang='grc' dir='ltr'>τῆς</span> 
     </span>
    </p>
   </div>
   <div class='ocr_carea' id='block_1_97' title="bbox 91 2452 881 2488">
    <p class='ocr_par' dir='ltr' id='par_1_97' title="bbox 91 2452 881 2488">
     <span class='ocr_line' id='line_1_97' title="bbox 91 2452 881 2488; baseline -0.001 -9"><span class='ocrx_word' id='word_1_775' title='bbox 91 2452 254 2483; x_wconf 80' lang='grc' dir='ltr'>ἀντιθέσεως</span> <span class='ocrx_word' id='word_1_776' title='bbox 268 2453 284 2487; x_wconf 86' lang='grc' dir='ltr'>ἡ</span> <span class='ocrx_word' id='word_1_777' title='bbox 299 2452 402 2479; x_wconf 78' lang='grc' dir='ltr'>διάνοια</span> <span class='ocrx_word' id='word_1_778' title='bbox 412 2461 419 2467; x_wconf 71' lang='grc' dir='ltr'><strong>ο</strong></span> <span class='ocrx_word' id='word_1_779' title='bbox 438 2452 471 2478; x_wconf 74' lang='grc' dir='ltr'><strong>τὰ</strong></span> <span class='ocrx_word' id='word_1_780' title='bbox 486 2453 515 2478; x_wconf 79' lang='grc' dir='ltr'>δὲ</span> <span class='ocrx_word' id='word_1_781' title='bbox 534 2454 643 2488; x_wconf 78' lang='grc' dir='ltr'>ῥήματα</span> <span class='ocrx_word' id='word_1_782' title='bbox 659 2453 752 2479; x_wconf 76' lang='grc' dir='ltr'>τοῦτον</span> <span class='ocrx_word' id='word_1_783' title='bbox 767 2452 823 2487; x_wconf 82' lang='grc' dir='ltr'>ἔχει</span> <span class='ocrx_word' id='word_1_784' title='bbox 836 2452 881 2478; x_wconf 80' lang='grc' dir='ltr'>τὸν</span> 
     </span>
    </p>
   </div>
   <div class='ocr_carea' id='block_1_98' title="bbox 59 2495 879 2531">
    <p class='ocr_par' dir='ltr' id='par_1_98' title="bbox 59 2495 879 2531">
     <span class='ocr_line' id='line_1_98' title="bbox 59 2495 879 2531; baseline -0.002 -8"><span class='ocrx_word' id='word_1_785' title='bbox 59 2495 63 2523; x_wconf 57' lang='grc' dir='ltr'>ξ</span> <span class='ocrx_word' id='word_1_786' title='bbox 90 2497 202 2530; x_wconf 77' lang='grc' dir='ltr'>τρόπον’</span> <span class='ocrx_word' id='word_1_787' title='bbox 227 2506 235 2521; x_wconf 83' lang='grc' dir='ltr'><strong>ι</strong></span> <span class='ocrx_word' id='word_1_788' title='bbox 251 2495 307 2522; x_wconf 74' lang='grc' dir='ltr'><strong>Οὐκ</strong></span> <span class='ocrx_word' id='word_1_789' title='bbox 320 2496 393 2522; x_wconf 75' lang='grc' dir='ltr'>ἐστιν</span> <span class='ocrx_word' id='word_1_790' title='bbox 402 2496 512 2529; x_wconf 76' lang='grc' dir='ltr'>ἀγαθὸν,</span> <span class='ocrx_word' id='word_1_791' title='bbox 527 2505 535 2521; x_wconf 71' lang='grc' dir='ltr'><strong>ι</strong></span> <span class='ocrx_word' id='word_1_792' title='bbox 550 2497 642 2531; x_wconf 72' lang='grc' dir='ltr'>φησιν,</span> <span class='ocrx_word' id='word_1_793' title='bbox 660 2505 670 2522; x_wconf 71' lang='grc' dir='ltr'><strong>ί</strong></span> <span class='ocrx_word' id='word_1_794' title='bbox 689 2497 717 2522; x_wconf 79' lang='grc' dir='ltr'>ἐν</span> <span class='ocrx_word' id='word_1_795' title='bbox 734 2495 879 2530; x_wconf 81' lang='grc' dir='ltr'>ἀνθρώπῳ,</span> 
     </span>
    </p>
   </div>
   <div class='ocr_carea' id='block_1_99' title="bbox 90 2541 880 2577">
    <p class='ocr_par' dir='ltr' id='par_1_99' title="bbox 90 2541 880 2577">
     <span class='ocr_line' id='line_1_99' title="bbox 90 2541 880 2577; baseline -0.001 -9"><span class='ocrx_word' id='word_1_796' title='bbox 90 2543 107 2577; x_wconf 86' lang='grc' dir='ltr'>ῆ</span> <span class='ocrx_word' id='word_1_797' title='bbox 125 2542 139 2567; x_wconf 87' lang='grc' dir='ltr'><strong>ὂ</strong></span> <span class='ocrx_word' id='word_1_798' title='bbox 154 2542 269 2576; x_wconf 79' lang='grc' dir='ltr'>φάγεται</span> <span class='ocrx_word' id='word_1_799' title='bbox 292 2541 338 2567; x_wconf 68' lang='grc' dir='ltr'><strong>καὶ</strong></span> <span class='ocrx_word' id='word_1_800' title='bbox 362 2542 468 2573; x_wconf 85' lang='grc' dir='ltr'>πίεται,</span> <span class='ocrx_word' id='word_1_801' title='bbox 491 2543 538 2567; x_wconf 68' lang='grc' dir='ltr'><strong>καὶ</strong></span> <span class='ocrx_word' id='word_1_802' title='bbox 559 2541 639 2574; x_wconf 77' lang='grc' dir='ltr'>δείξει</span> <span class='ocrx_word' id='word_1_803' title='bbox 656 2543 688 2577; x_wconf 84' lang='grc' dir='ltr'><strong>τῇ</strong></span> <span class='ocrx_word' id='word_1_804' title='bbox 705 2541 778 2577; x_wconf 75' lang='grc' dir='ltr'>ψυχῇ</span> <span class='ocrx_word' id='word_1_805' title='bbox 798 2541 880 2568; x_wconf 83' lang='grc' dir='ltr'>αὑτοῦ</span> 
     </span>
    </p>
   </div>
   <div class='ocr_carea' id='block_1_100' title="bbox 89 2585 881 2622">
    <p class='ocr_par' dir='ltr' id='par_1_100' title="bbox 89 2585 881 2622">
     <span class='ocr_line' id='line_1_100' title="bbox 89 2585 881 2622; baseline 0 -9"><span class='ocrx_word' id='word_1_806' title='bbox 89 2587 196 2621; x_wconf 81' lang='grc' dir='ltr'>ἀγαθὸν</span> <span class='ocrx_word' id='word_1_807' title='bbox 210 2588 237 2613; x_wconf 76' lang='grc' dir='ltr'>ἐν</span> <span class='ocrx_word' id='word_1_808' title='bbox 250 2586 342 2622; x_wconf 82' lang='grc' dir='ltr'>μόχθῳ</span> <span class='ocrx_word' id='word_1_809' title='bbox 357 2587 449 2613; x_wconf 79' lang='grc' dir='ltr'>αὐτοῦ.</span> <span class='ocrx_word' id='word_1_810' title='bbox 463 2587 519 2613; x_wconf 82' lang='grc' dir='ltr'>Καί.</span> <span class='ocrx_word' id='word_1_811' title='bbox 529 2595 559 2620; x_wconf 85' lang='grc' dir='ltr'>γε</span> <span class='ocrx_word' id='word_1_812' title='bbox 574 2587 652 2613; x_wconf 81' lang='grc' dir='ltr'>τοῦτο</span> <span class='ocrx_word' id='word_1_813' title='bbox 670 2585 739 2613; x_wconf 66' lang='grc' dir='ltr'>εἶδον</span> <span class='ocrx_word' id='word_1_814' title='bbox 756 2586 822 2621; x_wconf 78' lang='grc' dir='ltr'>ἐγὼ,</span> <span class='ocrx_word' id='word_1_815' title='bbox 840 2587 881 2613; x_wconf 72' lang='grc' dir='ltr'>ἵτι</span> 
     </span>
    </p>
   </div>
   <div class='ocr_carea' id='block_1_101' title="bbox 90 2631 882 2667">
    <p class='ocr_par' dir='ltr' id='par_1_101' title="bbox 90 2631 882 2667">
     <span class='ocr_line' id='line_1_101' title="bbox 90 2631 882 2667; baseline 0 -9"><span class='ocrx_word' id='word_1_816' title='bbox 90 2632 147 2658; x_wconf 54' lang='lat' dir='ltr'><strong>tif?)</strong></span> <span class='ocrx_word' id='word_1_817' title='bbox 165 2633 254 2667; x_wconf 74' lang='grc' dir='ltr'>χειρὸς</span> <span class='ocrx_word' id='word_1_818' title='bbox 278 2631 324 2657; x_wconf 73' lang='grc' dir='ltr'>τοῦ</span> <span class='ocrx_word' id='word_1_819' title='bbox 350 2631 416 2658; x_wconf 74' lang='grc' dir='ltr'>Θεοῦ</span> <span class='ocrx_word' id='word_1_820' title='bbox 442 2633 530 2662; x_wconf 74' lang='grc' dir='ltr'>ἐστιν,</span> <span class='ocrx_word' id='word_1_821' title='bbox 552 2631 592 2657; x_wconf 74' lang='grc' dir='ltr'>ὅτι</span> <span class='ocrx_word' id='word_1_822' title='bbox 616 2641 658 2662; x_wconf 85' lang='grc' dir='ltr'><strong>τις</strong></span> <span class='ocrx_word' id='word_1_823' title='bbox 680 2632 771 2658; x_wconf 82' lang='grc' dir='ltr'>πίεται</span> <span class='ocrx_word' id='word_1_824' title='bbox 795 2631 882 2666; x_wconf 78' lang='grc' dir='ltr'>πάρεξ</span> 
     </span>
    </p>
   </div>
   <div class='ocr_carea' id='block_1_102' title="bbox 91 2675 881 2711">
    <p class='ocr_par' dir='ltr' id='par_1_102' title="bbox 91 2675 881 2711">
     <span class='ocr_line' id='line_1_102' title="bbox 91 2675 881 2711; baseline 0 -8"><span class='ocrx_word' id='word_1_825' title='bbox 91 2677 186 2703; x_wconf 75' lang='grc' dir='ltr'>αὐτοῦ.</span> <span class='ocrx_word' id='word_1_826' title='bbox 205 2686 213 2701; x_wconf 75' lang='grc' dir='ltr'><strong>ι</strong></span> <span class='ocrx_word' id='word_1_827' title='bbox 235 2675 326 2702; x_wconf 73' lang='grc' dir='ltr'>Ταῦτα</span> <span class='ocrx_word' id='word_1_828' title='bbox 340 2677 353 2702; x_wconf 78' lang='grc' dir='ltr'>ὁ</span> <span class='ocrx_word' id='word_1_829' title='bbox 366 2676 415 2710; x_wconf 78' lang='grc' dir='ltr'>τῆς</span> <span class='ocrx_word' id='word_1_830' title='bbox 431 2676 595 2711; x_wconf 75' lang='grc' dir='ltr'>λαιμαργίας</span> <span class='ocrx_word' id='word_1_831' title='bbox 608 2677 755 2711; x_wconf 85' lang='grc' dir='ltr'>συνήγορος</span> <span class='ocrx_word' id='word_1_832' title='bbox 765 2677 881 2703; x_wconf 84' lang='grc' dir='ltr'>ἀνθυπο-</span> 
     </span>
    </p>
   </div>
   <div class='ocr_carea' id='block_1_103' title="bbox 90 2721 881 2757">
    <p class='ocr_par' dir='ltr' id='par_1_103' title="bbox 90 2721 881 2757">
     <span class='ocr_line' id='line_1_103' title="bbox 90 2721 881 2757; baseline 0 -9"><span class='ocrx_word' id='word_1_833' title='bbox 90 2722 172 2757; x_wconf 71' lang='grc' dir='ltr'>φέρει</span> <span class='ocrx_word' id='word_1_834' title='bbox 191 2721 230 2756; x_wconf 80' lang='grc' dir='ltr'>τῷ</span> <span class='ocrx_word' id='word_1_835' title='bbox 249 2721 400 2756; x_wconf 79' lang='grc' dir='ltr'>διδασκάλῳ</span> <span class='ocrx_word' id='word_1_836' title='bbox 419 2730 424 2736; x_wconf 88' lang='grc'><strong>’</strong></span> <span class='ocrx_word' id='word_1_837' title='bbox 451 2722 491 2747; x_wconf 82' lang='grc' dir='ltr'>ὅτι</span> <span class='ocrx_word' id='word_1_838' title='bbox 514 2721 541 2747; x_wconf 80' lang='grc' dir='ltr'>δὲ</span> <span class='ocrx_word' id='word_1_839' title='bbox 563 2721 630 2756; x_wconf 76' lang='grc' dir='ltr'>πρὸς</span> <span class='ocrx_word' id='word_1_840' title='bbox 643 2722 729 2748; x_wconf 74' lang='grc' dir='ltr'>ταῦτα</span> <span class='ocrx_word' id='word_1_841' title='bbox 744 2723 758 2748; x_wconf 85' lang='grc' dir='ltr'>ὁ</span> <span class='ocrx_word' id='word_1_842' title='bbox 773 2724 820 2757; x_wconf 84' lang='grc' dir='ltr'>τῆς</span> <span class='ocrx_word' id='word_1_843' title='bbox 837 2730 881 2747; x_wconf 87' lang='grc' dir='ltr'>σο-</span> 
     </span>
    </p>
   </div>
   <div class='ocr_carea' id='block_1_104' title="bbox 91 2765 881 2801">
    <p class='ocr_par' dir='ltr' id='par_1_104' title="bbox 91 2765 881 2801">
     <span class='ocr_line' id='line_1_104' title="bbox 91 2765 881 2801; baseline 0 -9"><span class='ocrx_word' id='word_1_844' title='bbox 91 2768 158 2801; x_wconf 79' lang='grc' dir='ltr'>φίας</span> <span class='ocrx_word' id='word_1_845' title='bbox 172 2766 314 2801; x_wconf 78' lang='grc' dir='ltr'>ὑφηγητὴς</span> <span class='ocrx_word' id='word_1_846' title='bbox 332 2765 369 2800; x_wconf 78' lang='grc' dir='ltr'>τῷ</span> <span class='ocrx_word' id='word_1_847' title='bbox 389 2765 522 2801; x_wconf 77' lang='grc' dir='ltr'>ἀνθρώπῳ</span> <span class='ocrx_word' id='word_1_848' title='bbox 539 2766 604 2801; x_wconf 63' lang='grc' dir='ltr'>φησι</span> <span class='ocrx_word' id='word_1_849' title='bbox 622 2766 660 2800; x_wconf 83' lang='grc' dir='ltr'>τῷ</span> <span class='ocrx_word' id='word_1_850' title='bbox 679 2766 773 2800; x_wconf 86' lang='grc' dir='ltr'>ἁγαθῴ</span> <span class='ocrx_word' id='word_1_851' title='bbox 788 2774 794 2781; x_wconf 95' lang='grc'><strong>-</strong></span> <span class='ocrx_word' id='word_1_852' title='bbox 819 2767 834 2800; x_wconf 84' lang='grc' dir='ltr'>ἡ</span> <span class='ocrx_word' id='word_1_853' title='bbox 855 2766 881 2792; x_wconf 76' lang='grc' dir='ltr'>δὲ</span> 
     </span>
    </p>
   </div>
   <div class='ocr_carea' id='block_1_105' title="bbox 90 2811 882 2854">
    <p class='ocr_par' dir='ltr' id='par_1_105' title="bbox 90 2811 882 2854">
     <span class='ocr_line' id='line_1_105' title="bbox 90 2811 882 2854; baseline -0.005 -14"><span class='ocrx_word' id='word_1_854' title='bbox 90 2813 140 2840; x_wconf 72' lang='grc' dir='ltr'>τοῦ</span> <span class='ocrx_word' id='word_1_855' title='bbox 156 2813 258 2846; x_wconf 75' lang='grc' dir='ltr'>ἀγαθοῦ</span> <span class='ocrx_word' id='word_1_856' title='bbox 276 2811 416 2847; x_wconf 75' lang='grc' dir='ltr'>προσθήκη</span> <span class='ocrx_word' id='word_1_857' title='bbox 438 2812 543 2843; x_wconf 67' lang='grc' dir='ltr'>πάντως</span> <span class='ocrx_word' id='word_1_858' title='bbox 559 2812 604 2839; x_wconf 67' lang='grc' dir='ltr'><strong>καὶ</strong></span> <span class='ocrx_word' id='word_1_859' title='bbox 617 2812 666 2846; x_wconf 78' lang='grc' dir='ltr'>τὴν</span> <span class='ocrx_word' id='word_1_860' title='bbox 683 2811 823 2854; x_wconf 66' lang='grc' dir='ltr'>διαστολὴν</span> <span class='ocrx_word' id='word_1_861' title='bbox 841 2812 882 2837; x_wconf 81' lang='grc' dir='ltr'><strong>ὲν-</strong></span> 
     </span>
    </p>
   </div>
   <div class='ocr_carea' id='block_1_106' title="bbox 931 2223 1716 2258">
    <p class='ocr_par' dir='ltr' id='par_1_106' title="bbox 931 2223 1716 2258">
     <span class='ocr_line' id='line_1_106' title="bbox 931 2223 1716 2258; baseline 0.001 -9"><span class='ocrx_word' id='word_1_862' title='bbox 931 2229 1042 2258; x_wconf 86' lang='lat' dir='ltr'><strong>ceptor:</strong></span> <span class='ocrx_word' id='word_1_863' title='bbox 1062 2223 1133 2258; x_wconf 87' lang='lat' dir='ltr'><strong>quod</strong></span> <span class='ocrx_word' id='word_1_864' title='bbox 1152 2223 1179 2250; x_wconf 93' lang='lat' dir='ltr'><strong>in</strong></span> <span class='ocrx_word' id='word_1_865' title='bbox 1196 2231 1246 2250; x_wconf 92' lang='lat' dir='ltr'><strong>nos</strong></span> <span class='ocrx_word' id='word_1_866' title='bbox 1264 2223 1338 2258; x_wconf 90' lang='lat' dir='ltr'><strong>ipsos</strong></span> <span class='ocrx_word' id='word_1_867' title='bbox 1362 2224 1559 2258; x_wconf 84' lang='lat' dir='ltr'><strong>acceperimus,</strong></span> <span class='ocrx_word' id='word_1_868' title='bbox 1583 2230 1636 2250; x_wconf 92' lang='lat' dir='ltr'><strong>non</strong></span> <span class='ocrx_word' id='word_1_869' title='bbox 1655 2223 1716 2258; x_wconf 88' lang='lat' dir='ltr'><strong>jure</strong></span> 
     </span>
    </p>
   </div>
   <div class='ocr_carea' id='block_1_107' title="bbox 932 2267 1715 2303">
    <p class='ocr_par' dir='ltr' id='par_1_107' title="bbox 932 2267 1715 2303">
     <span class='ocr_line' id='line_1_107' title="bbox 932 2267 1715 2303; baseline 0 -9"><span class='ocrx_word' id='word_1_870' title='bbox 932 2267 1108 2294; x_wconf 81' lang='lat' dir='ltr'><strong>damnabitur</strong></span> <span class='ocrx_word' id='word_1_871' title='bbox 1122 2272 1151 2294; x_wconf 91' lang='lat' dir='ltr'><strong>ut</strong></span> <span class='ocrx_word' id='word_1_872' title='bbox 1171 2275 1281 2294; x_wconf 86' lang='lat' dir='ltr'><strong>vanum.</strong></span> <span class='ocrx_word' id='word_1_873' title='bbox 1300 2268 1381 2303; x_wconf 76' lang='lat' dir='ltr'><strong>Atqui</strong></span> <span class='ocrx_word' id='word_1_874' title='bbox 1399 2269 1425 2295; x_wconf 93' lang='lat' dir='ltr'><strong>in</strong></span> <span class='ocrx_word' id='word_1_875' title='bbox 1442 2268 1521 2295; x_wconf 86' lang='lat' dir='ltr'><strong>nobis</strong></span> <span class='ocrx_word' id='word_1_876' title='bbox 1534 2271 1576 2295; x_wconf 80' lang='lat' dir='ltr'><strong>est</strong></span> <span class='ocrx_word' id='word_1_877' title='bbox 1591 2267 1670 2295; x_wconf 67' lang='lat' dir='ltr'><strong>ribus</strong></span> <span class='ocrx_word' id='word_1_878' title='bbox 1689 2272 1715 2295; x_wconf 75' lang='lat' dir='ltr'><strong>et</strong></span> 
     </span>
    </p>
   </div>
   <div class='ocr_carea' id='block_1_108' title="bbox 931 2312 1712 2348">
    <p class='ocr_par' dir='ltr' id='par_1_108' title="bbox 931 2312 1712 2348">
     <span class='ocr_line' id='line_1_108' title="bbox 931 2312 1712 2348; baseline -0.001 -8"><span class='ocrx_word' id='word_1_879' title='bbox 931 2318 1022 2348; x_wconf 89' lang='lat' dir='ltr'><strong>potus.</strong></span> <span class='ocrx_word' id='word_1_880' title='bbox 1037 2312 1096 2340; x_wconf 85' lang='lat' dir='ltr'><strong>Non</strong></span> <span class='ocrx_word' id='word_1_881' title='bbox 1115 2317 1157 2341; x_wconf 89' lang='lat' dir='ltr'><strong>cst</strong></span> <span class='ocrx_word' id='word_1_882' title='bbox 1177 2320 1241 2348; x_wconf 75' lang='lat' dir='ltr'><strong>ergo</strong></span> <span class='ocrx_word' id='word_1_883' title='bbox 1254 2314 1306 2340; x_wconf 91' lang='lat' dir='ltr'><strong>hoc</strong></span> <span class='ocrx_word' id='word_1_884' title='bbox 1319 2313 1510 2348; x_wconf 81' lang='lat' dir='ltr'><strong>rejiciendum,</strong></span> <span class='ocrx_word' id='word_1_885' title='bbox 1526 2313 1572 2340; x_wconf 89' lang='lat' dir='ltr'><strong>sed</strong></span> <span class='ocrx_word' id='word_1_886' title='bbox 1590 2313 1712 2340; x_wconf 87' lang='lat' dir='ltr'><strong>divinum</strong></span> 
     </span>
    </p>
   </div>
   <div class='ocr_carea' id='block_1_109' title="bbox 931 2359 1714 2388">
    <p class='ocr_par' dir='ltr' id='par_1_109' title="bbox 931 2359 1714 2388">
     <span class='ocr_line' id='line_1_109' title="bbox 931 2359 1714 2388; baseline 0 -2"><span class='ocrx_word' id='word_1_887' title='bbox 931 2359 983 2386; x_wconf 85' lang='lat' dir='ltr'><strong>hoc</strong></span> <span class='ocrx_word' id='word_1_888' title='bbox 999 2367 1061 2387; x_wconf 90' lang='lat' dir='ltr'><strong>esse</strong></span> <span class='ocrx_word' id='word_1_889' title='bbox 1074 2359 1233 2386; x_wconf 82' lang='lat' dir='ltr'><strong>beneﬁcium</strong></span> <span class='ocrx_word' id='word_1_890' title='bbox 1247 2364 1288 2387; x_wconf 89' lang='lat' dir='ltr'><strong>est</strong></span> <span class='ocrx_word' id='word_1_891' title='bbox 1303 2359 1488 2387; x_wconf 85' lang='lat' dir='ltr'><strong>statuendum.</strong></span> <span class='ocrx_word' id='word_1_892' title='bbox 1504 2359 1554 2387; x_wconf 90' lang='lat' dir='ltr'><strong>llic</strong></span> <span class='ocrx_word' id='word_1_893' title='bbox 1565 2363 1607 2387; x_wconf 82' lang='lat' dir='ltr'><strong>est</strong></span> <span class='ocrx_word' id='word_1_894' title='bbox 1617 2368 1714 2388; x_wconf 85' lang='lat' dir='ltr'><strong>sensus</strong></span> 
     </span>
    </p>
   </div>
   <div class='ocr_carea' id='block_1_110' title="bbox 931 2401 1714 2438">
    <p class='ocr_par' dir='ltr' id='par_1_110' title="bbox 931 2401 1714 2438">
     <span class='ocr_line' id='line_1_110' title="bbox 931 2401 1714 2438; baseline -0.001 -8"><span class='ocrx_word' id='word_1_895' title='bbox 931 2403 1104 2438; x_wconf 89' lang='lat' dir='ltr'><strong>objectionis.</strong></span> <span class='ocrx_word' id='word_1_896' title='bbox 1122 2402 1211 2430; x_wconf 84' lang='lat' dir='ltr'><strong>Verba</strong></span> <span class='ocrx_word' id='word_1_897' title='bbox 1229 2408 1318 2430; x_wconf 88' lang='lat' dir='ltr'><strong>autem</strong></span> <span class='ocrx_word' id='word_1_898' title='bbox 1336 2404 1386 2430; x_wconf 85' lang='lat' dir='ltr'><strong>hoc</strong></span> <span class='ocrx_word' id='word_1_899' title='bbox 1405 2403 1483 2430; x_wconf 89' lang='lat' dir='ltr'><strong>modo</strong></span> <span class='ocrx_word' id='word_1_900' title='bbox 1503 2403 1618 2430; x_wconf 84' lang='lat' dir='ltr'><strong>habent:</strong></span> <span class='ocrx_word' id='word_1_901' title='bbox 1634 2401 1714 2429; x_wconf 75' lang='lat' dir='ltr'><strong>«Non</strong></span> 
     </span>
    </p>
   </div>
   <div class='ocr_carea' id='block_1_111' title="bbox 932 2447 1716 2483">
    <p class='ocr_par' dir='ltr' id='par_1_111' title="bbox 932 2447 1716 2483">
     <span class='ocr_line' id='line_1_111' title="bbox 932 2447 1716 2483; baseline -0.003 -8"><span class='ocrx_word' id='word_1_902' title='bbox 932 2452 974 2476; x_wconf 85' lang='lat' dir='ltr'><strong>est</strong></span> <span class='ocrx_word' id='word_1_903' title='bbox 988 2448 1117 2480; x_wconf 68' lang='lat' dir='ltr'><strong>bonum,»</strong></span> <span class='ocrx_word' id='word_1_904' title='bbox 1136 2448 1234 2482; x_wconf 87' lang='lat' dir='ltr'><strong>inquit,</strong></span> <span class='ocrx_word' id='word_1_905' title='bbox 1255 2449 1302 2475; x_wconf 72' lang='lat' dir='ltr'><strong>«in</strong></span> <span class='ocrx_word' id='word_1_906' title='bbox 1313 2449 1434 2480; x_wconf 85' lang='lat' dir='ltr'><strong>homine,</strong></span> <span class='ocrx_word' id='word_1_907' title='bbox 1451 2448 1502 2475; x_wconf 91' lang='lat' dir='ltr'><strong>nisi</strong></span> <span class='ocrx_word' id='word_1_908' title='bbox 1515 2448 1586 2483; x_wconf 87' lang='lat' dir='ltr'><strong>quod</strong></span> <span class='ocrx_word' id='word_1_909' title='bbox 1603 2447 1677 2475; x_wconf 88' lang='lat' dir='ltr'><strong>bibet</strong></span> <span class='ocrx_word' id='word_1_910' title='bbox 1691 2453 1716 2473; x_wconf 70' lang='lat' dir='ltr'><strong>et</strong></span> 
     </span>
    </p>
   </div>
   <div class='ocr_carea' id='block_1_112' title="bbox 931 2493 1718 2526">
    <p class='ocr_par' dir='ltr' id='par_1_112' title="bbox 931 2493 1718 2526">
     <span class='ocr_line' id='line_1_112' title="bbox 931 2493 1718 2526; baseline -0.001 -6"><span class='ocrx_word' id='word_1_911' title='bbox 931 2493 1066 2526; x_wconf 87' lang='lat' dir='ltr'><strong>comedet,</strong></span> <span class='ocrx_word' id='word_1_912' title='bbox 1081 2497 1108 2521; x_wconf 89' lang='lat' dir='ltr'><strong>et</strong></span> <span class='ocrx_word' id='word_1_913' title='bbox 1125 2494 1250 2522; x_wconf 86' lang='lat' dir='ltr'><strong>ostendet</strong></span> <span class='ocrx_word' id='word_1_914' title='bbox 1266 2494 1364 2521; x_wconf 73' lang='lat' dir='ltr'><strong>anima:</strong></span> <span class='ocrx_word' id='word_1_915' title='bbox 1388 2502 1444 2521; x_wconf 63' lang='lat' dir='ltr'><strong>sure</strong></span> <span class='ocrx_word' id='word_1_916' title='bbox 1459 2494 1559 2520; x_wconf 86' lang='lat' dir='ltr'><strong>bonum</strong></span> <span class='ocrx_word' id='word_1_917' title='bbox 1579 2495 1606 2520; x_wconf 92' lang='lat' dir='ltr'><strong>in</strong></span> <span class='ocrx_word' id='word_1_918' title='bbox 1625 2493 1718 2520; x_wconf 79' lang='lat' dir='ltr'><strong>labore</strong></span> 
     </span>
    </p>
   </div>
   <div class='ocr_carea' id='block_1_113' title="bbox 932 2539 1715 2575">
    <p class='ocr_par' dir='ltr' id='par_1_113' title="bbox 932 2539 1715 2575">
     <span class='ocr_line' id='line_1_113' title="bbox 932 2539 1715 2575; baseline -0.001 -8"><span class='ocrx_word' id='word_1_919' title='bbox 932 2546 993 2567; x_wconf 85' lang='lat' dir='ltr'><strong>Suo.</strong></span> <span class='ocrx_word' id='word_1_920' title='bbox 1014 2539 1047 2567; x_wconf 89' lang='lat' dir='ltr'><strong>Et</strong></span> <span class='ocrx_word' id='word_1_921' title='bbox 1061 2540 1112 2567; x_wconf 86' lang='lat' dir='ltr'><strong>hoc</strong></span> <span class='ocrx_word' id='word_1_922' title='bbox 1127 2545 1201 2567; x_wconf 88' lang='lat' dir='ltr'><strong>certe</strong></span> <span class='ocrx_word' id='word_1_923' title='bbox 1214 2540 1268 2568; x_wconf 86' lang='lat' dir='ltr'><strong>vidi</strong></span> <span class='ocrx_word' id='word_1_924' title='bbox 1286 2548 1346 2575; x_wconf 81' lang='lat' dir='ltr'><strong>ego,</strong></span> <span class='ocrx_word' id='word_1_925' title='bbox 1366 2541 1437 2575; x_wconf 91' lang='lat' dir='ltr'><strong>quod</strong></span> <span class='ocrx_word' id='word_1_926' title='bbox 1456 2541 1492 2567; x_wconf 85' lang='lat' dir='ltr'><strong>sit</strong></span> <span class='ocrx_word' id='word_1_927' title='bbox 1512 2548 1526 2566; x_wconf 89' lang='lat' dir='ltr'><strong>a</strong></span> <span class='ocrx_word' id='word_1_928' title='bbox 1549 2548 1630 2566; x_wconf 86' lang='lat' dir='ltr'><strong>manu</strong></span> <span class='ocrx_word' id='word_1_929' title='bbox 1656 2539 1715 2569; x_wconf 79' lang='lat' dir='ltr'><strong>Dei.</strong></span> 
     </span>
    </p>
   </div>
   <div class='ocr_carea' id='block_1_114' title="bbox 932 2583 1716 2620">
    <p class='ocr_par' dir='ltr' id='par_1_114' title="bbox 932 2583 1716 2620">
     <span class='ocr_line' id='line_1_114' title="bbox 932 2583 1716 2620; baseline -0.001 -9"><span class='ocrx_word' id='word_1_930' title='bbox 932 2584 1004 2620; x_wconf 88' lang='lat' dir='ltr'><strong>quod</strong></span> <span class='ocrx_word' id='word_1_931' title='bbox 1018 2585 1152 2620; x_wconf 84' lang='lat' dir='ltr'><strong>quispiam</strong></span> <span class='ocrx_word' id='word_1_932' title='bbox 1175 2585 1294 2612; x_wconf 87' lang='lat' dir='ltr'><strong>comedit</strong></span> <span class='ocrx_word' id='word_1_933' title='bbox 1315 2591 1341 2612; x_wconf 91' lang='lat' dir='ltr'><strong>et</strong></span> <span class='ocrx_word' id='word_1_934' title='bbox 1361 2585 1428 2612; x_wconf 90' lang='lat' dir='ltr'><strong>bibit</strong></span> <span class='ocrx_word' id='word_1_935' title='bbox 1447 2585 1506 2612; x_wconf 88' lang='lat' dir='ltr'><strong>sine</strong></span> <span class='ocrx_word' id='word_1_936' title='bbox 1530 2585 1615 2619; x_wconf 64' lang='lat' dir='ltr'><strong>ipso.)</strong></span> <span class='ocrx_word' id='word_1_937' title='bbox 1634 2583 1716 2616; x_wconf 82' lang='lat' dir='ltr'><strong>Quis-</strong></span> 
     </span>
    </p>
   </div>
   <div class='ocr_carea' id='block_1_115' title="bbox 931 2630 1713 2666">
    <p class='ocr_par' dir='ltr' id='par_1_115' title="bbox 931 2630 1713 2666">
     <span class='ocr_line' id='line_1_115' title="bbox 931 2630 1713 2666; baseline -0.003 -9"><span class='ocrx_word' id='word_1_938' title='bbox 931 2631 1004 2666; x_wconf 88' lang='lat' dir='ltr'><strong>piam</strong></span> <span class='ocrx_word' id='word_1_939' title='bbox 1023 2636 1113 2658; x_wconf 85' lang='lat' dir='ltr'><strong>autem</strong></span> <span class='ocrx_word' id='word_1_940' title='bbox 1131 2636 1262 2666; x_wconf 87' lang='lat' dir='ltr'><strong>patronus</strong></span> <span class='ocrx_word' id='word_1_941' title='bbox 1278 2631 1347 2666; x_wconf 73' lang='lat' dir='ltr'><strong>gulzc</strong></span> <span class='ocrx_word' id='word_1_942' title='bbox 1364 2631 1421 2658; x_wconf 67' lang='lat' dir='ltr'><strong>haec</strong></span> <span class='ocrx_word' id='word_1_943' title='bbox 1438 2631 1531 2665; x_wconf 86' lang='lat' dir='ltr'><strong>objicit</strong></span> <span class='ocrx_word' id='word_1_944' title='bbox 1545 2630 1713 2666; x_wconf 63' lang='lat' dir='ltr'><strong>praeceptori.</strong></span> 
     </span>
    </p>
   </div>
   <div class='ocr_carea' id='block_1_116' title="bbox 933 2676 1714 2711">
    <p class='ocr_par' dir='ltr' id='par_1_116' title="bbox 933 2676 1714 2711">
     <span class='ocr_line' id='line_1_116' title="bbox 933 2676 1714 2711; baseline -0.003 -8"><span class='ocrx_word' id='word_1_945' title='bbox 933 2677 971 2704; x_wconf 86' lang='lat' dir='ltr'><strong>Ad</strong></span> <span class='ocrx_word' id='word_1_946' title='bbox 988 2677 1043 2704; x_wconf 71' lang='lat' dir='ltr'><strong>lucc</strong></span> <span class='ocrx_word' id='word_1_947' title='bbox 1057 2682 1145 2704; x_wconf 89' lang='lat' dir='ltr'><strong>autem</strong></span> <span class='ocrx_word' id='word_1_948' title='bbox 1158 2677 1224 2704; x_wconf 82' lang='lat' dir='ltr'><strong>dicit</strong></span> <span class='ocrx_word' id='word_1_949' title='bbox 1239 2677 1337 2704; x_wconf 79' lang='lat' dir='ltr'><strong>doclor</strong></span> <span class='ocrx_word' id='word_1_950' title='bbox 1353 2677 1503 2711; x_wconf 68' lang='lat' dir='ltr'><strong>sapientiae,</strong></span> <span class='ocrx_word' id='word_1_951' title='bbox 1518 2676 1621 2702; x_wconf 91' lang='lat' dir='ltr'><strong>homini</strong></span> <span class='ocrx_word' id='word_1_952' title='bbox 1634 2677 1714 2701; x_wconf 90' lang='lat' dir='ltr'><strong>bono.</strong></span> 
     </span>
    </p>
   </div>
   <div class='ocr_carea' id='block_1_117' title="bbox 932 2722 1714 2757">
    <p class='ocr_par' dir='ltr' id='par_1_117' title="bbox 932 2722 1714 2757">
     <span class='ocr_line' id='line_1_117' title="bbox 932 2722 1714 2757; baseline -0.003 -9"><span class='ocrx_word' id='word_1_953' title='bbox 932 2722 998 2748; x_wconf 73' lang='lat' dir='ltr'><strong>Boni</strong></span> <span class='ocrx_word' id='word_1_954' title='bbox 1017 2727 1105 2749; x_wconf 80' lang='lat' dir='ltr'><strong>autem</strong></span> <span class='ocrx_word' id='word_1_955' title='bbox 1124 2722 1240 2757; x_wconf 87' lang='lat' dir='ltr'><strong>adjectio</strong></span> <span class='ocrx_word' id='word_1_956' title='bbox 1257 2722 1341 2749; x_wconf 78' lang='lat' dir='ltr'><strong>efﬁcit</strong></span> <span class='ocrx_word' id='word_1_957' title='bbox 1363 2723 1476 2749; x_wconf 89' lang='lat' dir='ltr'><strong>omnino</strong></span> <span class='ocrx_word' id='word_1_958' title='bbox 1501 2722 1714 2750; x_wconf 87' lang='lat' dir='ltr'><strong>distinctionem.</strong></span> 
     </span>
    </p>
   </div>
   <div class='ocr_carea' id='block_1_118' title="bbox 933 2767 1714 2803">
    <p class='ocr_par' dir='ltr' id='par_1_118' title="bbox 933 2767 1714 2803">
     <span class='ocr_line' id='line_1_118' title="bbox 933 2767 1714 2803; baseline 0 -10"><span class='ocrx_word' id='word_1_959' title='bbox 933 2771 963 2794; x_wconf 84' lang='lat' dir='ltr'><strong>ut</strong></span> <span class='ocrx_word' id='word_1_960' title='bbox 979 2767 1013 2793; x_wconf 86' lang='lat' dir='ltr'><strong>sit</strong></span> <span class='ocrx_word' id='word_1_961' title='bbox 1034 2768 1218 2799; x_wconf 78' lang='lat' dir='ltr'><strong>manifestum,</strong></span> <span class='ocrx_word' id='word_1_962' title='bbox 1241 2768 1313 2803; x_wconf 90' lang='lat' dir='ltr'><strong>quod</strong></span> <span class='ocrx_word' id='word_1_963' title='bbox 1331 2768 1444 2794; x_wconf 83' lang='lat' dir='ltr'><strong>bonitati</strong></span> <span class='ocrx_word' id='word_1_964' title='bbox 1466 2767 1627 2801; x_wconf 78' lang='lat' dir='ltr'><strong>intelligitur</strong></span> <span class='ocrx_word' id='word_1_965' title='bbox 1654 2775 1714 2793; x_wconf 75' lang='lat' dir='ltr'><strong>esse</strong></span> 
     </span>
    </p>
   </div>
   <div class='ocr_carea' id='block_1_119' title="bbox 934 2812 1715 2849">
    <p class='ocr_par' dir='ltr' id='par_1_119' title="bbox 934 2812 1715 2849">
     <span class='ocr_line' id='line_1_119' title="bbox 934 2812 1715 2849; baseline -0.003 -10"><span class='ocrx_word' id='word_1_966' title='bbox 934 2813 1111 2840; x_wconf 79' lang='lat' dir='ltr'><strong>contrarium.</strong></span> <span class='ocrx_word' id='word_1_967' title='bbox 1126 2813 1233 2841; x_wconf 79' lang='lat' dir='ltr'><strong>lloinini</strong></span> <span class='ocrx_word' id='word_1_968' title='bbox 1248 2821 1321 2849; x_wconf 76' lang='lat' dir='ltr'><strong>ergo,</strong></span> <span class='ocrx_word' id='word_1_969' title='bbox 1338 2821 1391 2840; x_wconf 85' lang='lat' dir='ltr'><strong>non</strong></span> <span class='ocrx_word' id='word_1_970' title='bbox 1404 2812 1510 2848; x_wconf 82' lang='lat' dir='ltr'><strong>pecudi,</strong></span> <span class='ocrx_word' id='word_1_971' title='bbox 1528 2820 1615 2846; x_wconf 76' lang='lat' dir='ltr'><strong>neque</strong></span> <span class='ocrx_word' id='word_1_972' title='bbox 1631 2812 1654 2837; x_wconf 82' lang='lat' dir='ltr'><strong>ci</strong></span> <span class='ocrx_word' id='word_1_973' title='bbox 1670 2813 1715 2846; x_wconf 86' lang='lat' dir='ltr'><strong>qui</strong></span> 
     </span>
    </p>
   </div>
  </div>
