1989 3070
265 145 318 172 ωε

901 143 929 170 S.
950 141 1112 170 GREGOltll
1132 143 1277 172 NYSSENI

1835 142 1888 172 696

270 208 372 238 pronus
387 205 430 228 est
454 200 481 227 in
498 204 633 231 veutrem,
654 201 701 235 qui
725 204 819 236 guttur
839 199 920 226 hahct
936 206 987 234 pro
1010 206 1054 225 ra-

1115 199 1233 234 ιδειξατο,
1249 200 1319 227 ὥστε
1341 201 1419 236 δῆλον
1441 198 1510 228 εἶναι
1525 200 1556 228 τὸ
1573 202 1606 236 τῇ
1631 200 1778 235 ἀγαθότητι
1790 198 1826 225 ἐκ
1840 200 1888 226 τοῦ

269 248 343 274 tione
355 255 362 280 ;
377 246 424 273 sed
437 246 518 278 bono,
530 246 578 281 qui
592 246 658 273 vivit
672 245 705 272 ad
720 245 784 273 boni
800 245 886 273 solius
898 244 1052 280 imaginem.

270 291 329 319 Non
348 292 381 319 de
402 291 435 319 iis
452 291 524 319 Deus
543 292 628 327 legem
653 291 744 319 sanxit
762 290 880 323 deliciis,
895 291 994 325 quibus
1010 290 1054 317 in-

271 338 328 364 niat
342 337 461 364 belluina
475 341 572 364 natura
585 346 591 364 :
608 337 654 364 sed
675 345 724 372 pro
738 337 868 363 alimento
883 335 956 363 dedit
968 336 993 363 ei
1010 343 1054 362 sa-

270 381 400 415 pientiam
416 386 443 408 et
454 382 636 417 cognitionem
648 385 675 408 et
689 381 820 408 laetitiam.
832 380 974 414 Quomodo
981 380 1054 408 enim

271 427 383 454 auxeris
394 428 543 456 bonitatem
553 436 601 463 per
610 436 642 455 ea
655 436 715 462 quae
727 429 814 456 ventri
826 433 890 456 sunt
899 427 1056 455 esculenta?

274 472 353 500 «Non
370 473 397 500 in
418 474 477 501 solo
492 481 561 509 pane
576 474 647 502 vivet
663 475 745 502 homo
755 475 806 502 ⁸⁸.»
825 474 881 501 Hoc
895 474 952 500 vcri
974 472 1055 501 Verbi

270 523 313 545 cst
328 519 451 546 verbum.
475 520 547 548 Pane
562 528 617 547 non
633 521 717 547 alitur
731 520 830 554 virtus,
848 527 902 548 non
926 519 1055 547 carnibus

272 565 313 591 vis
341 565 440 592 anima:
467 565 497 592 ﬁt
523 566 600 593 bonae
627 566 805 600 habitudinis,
836 571 863 594 et
890 567 1053 602 pinguescit.

271 611 340 638 Aliis
356 611 425 639 cibis
445 612 570 640 sublimis
585 612 640 639 vita
655 613 748 645 alitur,
775 613 908 648 plenaque
932 613 1056 640 redditur

272 662 299 684 ct
317 658 488 685 succulenta.
502 657 568 685 Boni
584 658 656 685 enim
670 659 829 686 alimentum
843 663 886 687 est
901 663 1057 693 temperan-

272 703 321 732 tia.
336 704 415 737 panis
434 704 578 738 sapientia,
603 705 747 739 opsonium
770 704 888 739 justitia,
907 710 987 740 potus
1004 705 1056 731 im-

272 749 430 782 patibilitas,
455 750 582 785 voluptas
607 758 662 778 non
684 751 810 786 voluptas
833 752 936 783 carnis,
961 752 1056 786 cujus-

272 794 345 821 modi
358 799 399 822 est
415 795 523 823 habitus
536 796 583 831 qui
598 797 706 831 capitur
720 804 753 823 ex
766 804 798 824 co
813 798 886 832 quod
901 801 943 825 est
957 798 1056 832 jucun-

272 839 349 872 dum,
368 840 415 867 sed
429 848 460 868 ea
472 841 552 876 cujus
565 845 608 869 est
620 845 648 869 et
661 850 759 870 nomen
776 847 804 870 et
819 843 936 870 cilicium
952 844 1054 876 laetitia,

271 893 334 920 quae
352 886 454 913 dicitur
478 887 646 923 εὐφροσύνης
663 893 804 923 propterea
820 889 891 916 enim
913 889 1057 924 appellavit

273 931 327 958 hoc
344 932 454 959 nomine
478 940 549 964 eam,
575 940 637 968 qua:
651 937 694 961 est
717 933 745 960 in
760 934 850 962 anima
865 935 899 961 ad
915 935 1016 962 bonum
1032 940 1059 963 et

274 977 418 1004 honestum
432 978 614 1012 affectionem,
631 980 760 1015 quoniam
774 989 807 1008 ex
822 981 971 1016 εὐφρονεῖν,
986 983 1059 1017 quod

274 1031 317 1051 est
334 1028 406 1052 recte
429 1033 534 1060 sapere,
559 1026 588 1053 tit
604 1026 739 1061 ejusmodi
760 1029 931 1056 constitutio.
947 1027 1060 1064 Oportet

275 1077 338 1105 ergo
350 1070 395 1097 hic
408 1079 517 1106 quoque
529 1072 636 1100 discere
649 1079 682 1100 ea
698 1074 855 1108 quinetiam
871 1074 1016 1102 didicimus
1027 1075 1061 1102 ab

275 1115 416 1150 Apostolo,
427 1117 461 1150 ει,
471 1117 540 1152 quod
550 1117 596 1145 Dei
604 1126 717 1152 regnum
728 1126 782 1146 non
793 1124 834 1147 est
846 1120 923 1148 cibus
935 1125 960 1148 ct
969 1124 1060 1155 potus,

276 1160 322 1186 sed
335 1160 443 1194 justitia
457 1165 483 1187 et
499 1161 686 1196 impatibilitas
697 1165 723 1190 et
734 1163 882 1190 beatitudo.
897 1163 961 1195 Quae
970 1169 1061 1192 autem

278 1209 388 1239 propter
401 1205 567 1240 voluptatem
583 1207 708 1241 corporis
721 1207 874 1235 vehementi
893 1208 984 1236 studio
995 1208 1063 1236 ﬁunt

277 1250 484 1283 abbominibus,
494 1259 526 1279 ea
536 1256 599 1279 sunt
608 1253 728 1279 studium
738 1257 958 1288 peccatorum,et
966 1255 1062 1283 animat

277 1294 429 1327 distractio,
443 1303 503 1330 quae
514 1295 548 1322 ad
561 1296 692 1323 inferiora
705 1296 876 1324 abstrahitur
888 1305 903 1323 a
916 1298 1044 1332 supernis
1055 1307 1062 1325 :

277 1341 357 1374 cujus
382 1348 463 1368 omne
485 1342 658 1369 intervallum
683 1342 712 1369 in
734 1342 786 1370 bac
805 1343 860 1370 vita
884 1343 1062 1376 traducenda,

277 1386 449 1413 consumitur
463 1387 491 1413 in
515 1386 607 1414 studio
620 1387 739 1414 addendi
756 1391 783 1415 et
798 1388 994 1423 congregandi.
1012 1389 1063 1421 Qui

278 1439 342 1467 ergo
353 1431 404 1458 hoc
413 1439 474 1459 esse
487 1432 588 1459 bonum
600 1432 705 1467 judicat
715 1434 742 1460 in
757 1433 803 1461 Dei
815 1439 975 1469 conspectu.
989 1435 1066 1470 igno-

278 1481 321 1503 rat
338 1484 368 1504 se
391 1477 493 1504 bonum
507 1477 621 1505 delinire
635 1478 663 1505 in
678 1486 711 1506 eo
726 1479 798 1514 quod
813 1487 912 1507 vanum
931 1484 983 1508 est.
1003 1480 1066 1509 Hmc

1105 244 1225 271 ἐναντίου
1244 245 1398 281 νοούμενον.
1410 246 1455 282 Τῷ
1468 244 1514 273 οὖν
1530 245 1674 282 ἀνθρώπῳ,
1691 246 1721 271 οὺ
1735 245 1773 280 τῷ
1789 245 1890 280 βοσκή-

1106 298 1170 325 ματι
1183 310 1190 323 ,
1216 290 1276 318 οὐδὲ
1292 291 1331 327 τῷ
1353 293 1385 328 τῇ
1407 292 1506 327 γαστρὶ
1529 291 1624 318 ἐαυτοῦ
1640 290 1827 325 ἐπικεκυφότι,
1850 290 1890 325 τῷ

1105 335 1201 371 λαιμὸν
1215 337 1275 364 ἀντὶ
1285 337 1415 372 λογισμοῦ
1429 338 1587 373 κεκτημένῳ
1597 345 1604 352 ⁸
1618 337 1684 363 ἀλλὰ
1696 336 1734 371 τῷ
1748 335 1842 370 ἀγαθῷ
1851 335 1890 371 τῷ

1105 383 1166 409 κατ’
1174 383 1264 410 εἰκόνα
1277 384 1356 419 μόνου
1367 383 1413 410 τοῦ
1424 383 1526 418 ἀγαθοῦ
1540 382 1631 415 ζῶντι’
1644 383 1674 409 οὐ
1687 382 1788 417 ταύτην
1795 383 1892 417 ἐνομο-

1105 428 1218 464 θέτησεν
1225 430 1239 456 ὁ
1247 429 1312 461 Θεὸς
1321 430 1370 464 τὴν
1381 429 1495 465 τρυφὴν,
1502 429 1564 465 περὶ
1575 428 1607 464 ἥν
1615 429 1632 464 ἡ
1643 428 1781 463 κτηνώδης
1791 429 1890 463 κέχηνα

1106 475 1200 509 φύσις·
1220 475 1277 502 ἀλλ’
1289 475 1387 503 ἔδωκεν
1401 476 1485 511 αὐτῷ,
1500 475 1592 511 φησὶν,
1605 474 1664 501 ἀντὶ
1680 474 1782 509 τροφῆς
1794 473 1891 508 σοφίαν

1106 521 1152 547 καὶ
1169 521 1268 555 γνῶσιν
1284 521 1329 548 καὶ
1347 521 1524 557 εὐφροσύνην.
1548 520 1610 551 Πῶς
1625 520 1679 556 γάρ
1694 520 1735 551 τίς
1753 528 1780 546 τε
1789 518 1891 553 ἀγαθό-

1105 575 1185 602 τητος
1195 567 1238 594 διὰ
1245 567 1299 594 τῶν
1313 567 1362 602 τῆς
1371 567 1488 602 γαστρὸς
1497 566 1635 600 ἐδωδίμων
1645 565 1786 600 αὑξήσειεν
1795 573 1803 598 ;
1812 574 1821 590 ι
1834 564 1893 591 Οὐκ

1106 614 1150 640 ἐπ’
1161 614 1236 649 ἄρτῳ
1248 614 1320 649 μόνῳ
1331 614 1442 650 ζήσεται
1456 614 1470 639 ὁ
1484 612 1634 648 ἄνθρωπος.
1651 620 1660 637 ›
1674 608 1756 642 Οὗτος
1768 610 1813 636 τοῦ
1826 610 1893 644 ἀλη-

1107 660 1182 686 Θινοῦ
1190 660 1276 694 Λόγου
1287 660 1301 686 ὁ
1311 659 1388 694 λόγος
1395 681 1402 688 .
1409 660 1445 686 Οὐ
1456 658 1585 695 τρέφεται
1595 659 1669 694 ἄρτῳ
1678 658 1694 693 ἡ
1704 657 1797 693 ἀρετὴ.
1808 656 1838 682 οὐ
1849 655 1894 682 διὰ

1107 706 1196 742 κρεῶν
1214 707 1231 742 ἠ
1251 706 1302 740 τῆς
1320 705 1408 740 ψυχῆς
1427 704 1540 740 δύναμις
1558 704 1665 730 εὑεχτετ
1681 703 1728 729 καὶ
1743 702 1892 728 πιαίνεται.

1110 752 1215 784 ’Λλλοις
1226 751 1394 786 ἐδέσμασινό
1409 750 1509 785 ὑψηλὸς
1524 750 1581 784 βίος
1595 749 1723 785 τρέφεται
1744 748 1790 775 καὶ
1811 746 1894 782 ἀδρύ-

1108 808 1192 840 νεῖαι.
1209 798 1302 834 Τροφὴ
1318 797 1364 824 τοῦ
1380 796 1482 830 ἀγαθοῦ
1500 796 1516 831 ἡ
1530 795 1700 830 σωφροσύνη,
1713 793 1794 840 ἄρτος

1109 839 1174 879 (βία,
1201 844 1265 878 ὄψον
1288 844 1305 878 ἡ
1327 842 1493 877 δικαιοσύνη,
1522 841 1602 867 ποτὸν
1633 841 1649 875 ὴ
1672 839 1806 870 ἀπάθεια,
1834 839 1896 873 ἡδο-

1109 890 1141 926 νὴ
1161 890 1236 925 οὐχὴ
1252 889 1298 915 τοῦ
1310 888 1444 923 σώματος,
1464 887 1544 913 ὁποία
1558 886 1590 922 δὴ
1609 887 1626 922 ἡ
1647 885 1711 920 περὶ
1728 885 1757 910 τὸ
1773 883 1895 911 καταθύ-

1111 944 1170 970 μιον
1183 935 1274 970 σχέσις
1284 943 1290 949 ⁸
1301 934 1357 962 ἀλλ’
1371 931 1404 970 ἧς
1415 933 1500 969 δνομά
1513 941 1543 959 τε
1555 932 1602 958 καὶ
1618 932 1697 967 ἔργον
1710 931 1726 966 ἡ
1741 929 1895 964 εὐφροσύνη

1109 981 1192 1007 ἐστίν·
1216 980 1261 1006 διὰ
1283 979 1361 1006 τοῦτο
1382 981 1435 1014 γὰρ
1460 979 1508 1005 καὶ
1532 977 1657 1012 ὠνόμασε
1677 977 1710 1011 τῇ
1725 974 1897 1011 προσηγορίᾳ.

1109 1026 1194 1061 ταύτῃ
1205 1025 1253 1061 τὴν
1270 1026 1298 1051 ὲν
1319 1026 1351 1060 τῇ
1373 1025 1445 1059 ψυχῇ
1461 1024 1529 1060 πρὸς
1539 1023 1568 1049 τὺ
1586 1022 1667 1049 καλὸν
1681 1021 1827 1056 γινομένην
1840 1019 1898 1047 διά·

1110 1071 1194 1104 θεσιν,
1205 1071 1246 1098 ὅτι
1261 1072 1292 1097 ἐκ
1312 1070 1359 1096 τοῦ
1377 1070 1526 1104 εὐφρονεϊν,
1541 1070 1558 1104 ἡ
1577 1067 1688 1102 τοιαύτη
1715 1066 1898 1101 παραγίνεται

1111 1118 1292 1149 κατάστασις.
1309 1116 1368 1152 Χρὴ
1382 1116 1471 1142 τοίνυν
1497 1115 1544 1140 καὶ
1568 1113 1685 1140 ἐνταῦθα
1706 1112 1812 1147 μαθεῖν,
1827 1111 1898 1145 ἆπερ

1111 1164 1154 1190 καὶ
1179 1162 1255 1197 παρὰ
1267 1161 1314 1189 τοῦ
1339 1161 1500 1188 Ἀποστόλου
1517 1159 1686 1195 ἠκούσαμεν,
1705 1158 1745 1184 ὅτι
1763 1158 1812 1184 οὐκ
1825 1156 1899 1183 ἔστιν

1111 1209 1127 1243 ἡ
1143 1205 1264 1241 βασιλεία
1271 1207 1320 1234 τοῦ
1330 1205 1397 1234 Θεοῦ
1411 1207 1510 1242 βρῶσις
1522 1205 1568 1232 καὶ
1581 1204 1668 1235 πόσις,
1681 1203 1748 1230 ἀλλὰ
1762 1201 1900 1229 δικαιοσύ-

1113 1261 1145 1286 νη
1164 1251 1212 1278 καὶ⁷
1225 1250 1410 1283 audeam-mi.
1426 1249 1604 1285 μακαριότης,
1621 1249 1654 1274 *Δ
1666 1248 1694 1275 δέ
1708 1247 1756 1283 τῆς
1779 1254 1901 1282 σωματι-

1113 1295 1165 1330 κῆς
1181 1295 1358 1326 ἀπολαύσεως
1369 1295 1461 1322 ἕνεκεν
1481 1293 1558 1329 παρὰ
1572 1292 1626 1319 τῶν
1648 1291 1799 1327 ἀνθρώπων
1816 1299 1902 1317 σπου-

1113 1340 1234 1373 δάζεται,
1255 1340 1424 1376 ἁμαρτωλῶν
1440 1340 1498 1365 ἐστι
1525 1338 1625 1373 σπουδὴ
1645 1337 1692 1364 καὶ
1709 1334 1902 1372 περισπασμὸς

1113 1387 1211 1422 ψυχῆς,
1226 1386 1280 1413 ἀπὸ
1291 1386 1346 1412 τῶν
1366 1386 1421 1412 ἀνω
1438 1385 1506 1419 πρὸς
1521 1384 1556 1411 τὰ
1582 1383 1656 1410 κάτω
1669 1381 1901 1416 κατασπωμένης,

1114 1429 1148 1467 ἧς
1164 1433 1216 1457 πᾶν
1235 1431 1265 1458 τδ
1277 1431 1413 1466 διάστημα
1431 1430 1479 1465 τῆς
1494 1431 1522 1456 ἐν
1533 1429 1572 1463 τῷ
1595 1429 1644 1464 βίῳ
1661 1428 1748 1462 τούτῳ
1760 1426 1902 1461 διαγωγῆς

1115 1479 1154 1510 εἰς
1168 1478 1216 1514 τὴν
1230 1478 1293 1512 περὶ
1305 1476 1352 1503 τοῦ
1363 1475 1522 1512 προσθεῖναι
1537 1476 1585 1501 καὶ
1605 1474 1768 1508 συναγαγεῖν
1784 1471 1902 1508 σπουδὴν

278 1529 328 1556 ego
342 1522 396 1549 dixi
416 1530 482 1550 voce
500 1531 571 1551 mea.
597 1523 675 1551 Hunc
698 1529 788 1552 autem
807 1533 917 1553 sensum
938 1527 1063 1562 obsigna-

1117 1523 1302 1551 ἀναλίσκεται.
1321 1522 1350 1548 '0
1370 1520 1416 1548 οὖν
1430 1520 1510 1547 τοῦτο
1535 1520 1637 1554 ἀγαθὸν
1659 1521 1688 1545 ἐν
1708 1519 1747 1554 τῷ
1763 1518 1903 1554 προσώπῳ

278 1567 347 1594 bunt
363 1567 479 1595 adducta
499 1568 581 1596 verba
600 1569 703 1596 divina.
721 1568 790 1597 Dicit
812 1571 898 1599 enim:
914 1571 959 1598 26.
979 1571 1065 1599 (Pec-

280 1613 364 1640 catori
380 1613 455 1640 dedit
466 1614 683 1648 occupationem,
692 1619 722 1642 ut
733 1615 815 1642 addat
823 1620 850 1643 et
860 1620 1017 1652 congreget,
1034 1622 1064 1644 ut

281 1659 369 1685 tradat
386 1659 458 1686 bono
477 1659 503 1686 in
520 1664 669 1695 conspectu
682 1661 741 1688 Dei.
761 1661 819 1689 Hoc
831 1670 940 1697 quoque
958 1667 1000 1690 est
1017 1671 1064 1690 va—

280 1705 352 1733 nitas
367 1710 393 1733 et
406 1705 582 1741 praesumptio
597 1706 737 1741 spiritus.»
761 1707 827 1740 Quae
841 1715 905 1743 ergo
920 1708 1065 1737 didicimus

280 1758 313 1778 ex
326 1750 377 1777 bac
390 1751 506 1778 invicem
517 1753 723 1787 comparatione
737 1753 801 1780 boni
815 1758 842 1781 et
857 1754 921 1781 mali
934 1761 981 1790 per
996 1755 1067 1782 hanc

281 1796 438 1829 lectionem,
454 1796 519 1823 dent
537 1797 617 1824 nobis
631 1798 763 1825 auxilium
779 1799 813 1826 ad
831 1800 940 1826 vitanda
955 1800 1066 1834 quidem

281 1848 314 1868 ea
334 1848 394 1875 qua:
409 1845 473 1868 sunt
489 1842 629 1876 damnata,
646 1844 834 1879 persequenda
850 1849 938 1872 autem
959 1853 989 1872 ea
1006 1853 1067 1880 quae

280 1891 346 1913 sunt
365 1887 447 1915 bona.

1117 1569 1164 1596 τοῦ
1187 1567 1255 1595 Θεοῦ
1274 1567 1385 1603 κρίνων,
1409 1567 1502 1600 ἀγνοεῖ
1521 1567 1550 1593 ἐν
1566 1566 1605 1601 τῷ
1621 1565 1728 1601 ματαίῳ
1742 1564 1772 1591 τὺ
1799 1563 1903 1598 ἀγαθὸν

1117 1615 1286 1651 ὁριζόμενος.
1314 1613 1406 1640 Ταῦτα.
1431 1611 1508 1640 εἷπον
1532 1612 1596 1647 ἐγὼ,
1610 1614 1644 1648 τῇ
1672 1610 1790 1647 ἐμαυτοῦ
1814 1611 1902 1645 φωνῇ.

1124 1660 1332 1695 Ἐπισφραγίσει
1347 1659 1376 1686 δὲ
1391 1659 1439 1694 τὴν
1465 1658 1583 1685 διάνοιαν
1598 1657 1700 1692 ταύτην
1714 1657 1731 1693 ἠ
1749 1657 1804 1683 τῶν
1824 1655 1905 1682 θείων

1115 1707 1244 1743 ῥημάτων
1256 1705 1490 1740 παράθεσις.Φησ“ι
1499 1704 1563 1739 γὰρ,
1576 1713 1586 1728 ‹
1599 1703 1643 1738 Τῷ
1655 1701 1809 1738 ἁμαρτωλῷ
1819 1701 1905 1728 ἔδωκε

1115 1752 1306 1787 περισπασμὸν
1331 1750 1378 1777 τοῦ
1401 1749 1558 1785 προσθεῖναι
1582 1749 1629 1776 καὶ
1656 1749 1838 1782 συναγαγεῖν,
1853 1746 1902 1773 τοῦ

1115 1798 1205 1825 δοῦναι
1229 1797 1267 1832 τῷ
1288 1795 1383 1831 ἀγαθῷ
1400 1795 1453 1831 πρὸ
1476 1794 1623 1830 προσώπου
1647 1792 1694 1820 τοῦ
1717 1791 1796 1819 Θεοῦ.
1841 1791 1905 1818 Ὀτι

1118 1843 1165 1871 καί
1181 1851 1213 1877 γε
1227 1842 1305 1870 τοῦτο
1333 1841 1480 1877 ματαιότης
1497 1843 1544 1868 καὶ
1556 1841 1713 1876 προαίρεσις
1722 1836 1902 1871 πνεύματος.)

1122 1891 1191 1916 Ὀσα
1202 1889 1291 1915 τοίνυν
1304 1888 1336 1914 ἐκ
1349 1887 1398 1921 τῆς
1412 1884 1581 1920 παραλλήλου
1593 1882 1694 1917 ταύτης
1708 1880 1907 1914 συνεξετάσεως

283 1935 332 1969 τῆς
345 1934 391 1961 τυῧ
407 1934 489 1962 καλοῦ
503 1936 550 1962 καὶ
563 1936 694 1972 χείρονος.
707 1937 751 1964 διὰ
775 1938 824 1973 τῆς
844 1938 892 1964 νῦν
908 1938 1108 1975 μεμαθήκαμεν
1123 1936 1313 1972 ἀναγνώσεως,
1327 1935 1431 1968 γένοιτο
1455 1927 1529 1968 ’ἡμῖν
1563 1930 1673 1967 βοήθεια
1700 1928 1768 1964 πρὸς
1801 1928 1908 1962 ἀποφυ-

283 1981 335 2017 γὴν
351 1981 400 2016 μὲν
415 1982 470 2009 τῶν
486 1984 730 2019 κατεγνωσμένων,
746 1985 886 2018 ἐφόδιονδέ
899 1986 954 2013 τῶν
968 1987 1036 2022 πρὸς
1051 1987 1082 2014 τὸ
1101 1987 1223 2023 κρεῖττον
1239 1981 1473 2018 κατορθουμένων.

573 2061 716 2089 HOMILIA
735 2062 780 2090 Vl.

321 2115 456 2145 Omnibus
479 2122 522 2145 est
544 2123 663 2153 tempus,
681 2124 707 2146 et
729 2119 920 2165 opportunitas
937 2119 1072 2148 universa:

285 2162 325 2189 rei
337 2163 390 2191 sub
405 2163 486 2190 coelo.
503 2163 560 2190 Hoc
573 2167 616 2191 est
631 2163 738 2191 initium
754 2162 925 2199 eloquioru'm
939 2173 1000 2200 quae
1010 2173 1073 2193 con-

285 2209 442 2244 templanda
459 2208 539 2236 nobis
555 2213 620 2236 sunt
637 2210 786 2245 prop0sita.
805 2210 852 2238 Est
869 2215 959 2239 autem
974 2215 1001 2239 et
1016 2219 1070 2239 non

1422 2058 1543 2085 OMlAlA
1559 2057 1604 2090 ς’.

1156 2120 1219 2150 Τοῖς
1240 2119 1322 2145 πᾶσιν
1335 2117 1349 2143 ὁ
1370 2115 1475 2152 χρόνος,
1495 2113 1542 2140 καὶ
1559 2112 1654 2148 καιρὸς
1678 2108 1717 2146 τῷ
1737 2109 1820 2137 παντὶ
1838 2108 1909 2144 πρά-

1121 2174 1206 2202 γματι
1219 2165 1272 2191 ὑπὸ
1284 2164 1330 2190 τὸν
1343 2162 1458 2198 οὐρανόν
1468 2170 1475 2176 ·
1491 2160 1560 2194 αὕτη
1574 2158 1628 2186 τῶν
1642 2156 1830 2194 προκειμένων
1842 2155 1909 2202 ήρίὶν

1121 2200 1219 2244 λογίων
1235 2210 1275 2241 εἰς
1292 2209 1408 2244 θεωρίαν
1423 2206 1506 2242 ἀρχή.
1525 2205 1604 2232 Ἐστι
1617 2204 1645 2230 δὲ
1659 2203 1708 2230 καὶ
1726 2204 1740 2230 ό
1762 2201 1843 2232 πόνος
1859 2200 1910 2235 τῆς

286 2255 412 2282 modicus
428 2255 506 2282 labor
530 2255 753 2287 cxaminationis,
778 2260 805 2283 et
821 2256 894 2291 quod
918 2264 951 2284 ex
975 2257 1063 2285 labore

1122 2254 1273 2289 ἐξετάσεως
1294 2254 1324 2280 οὺ
1351 2253 1461 2288 μικρὸς,
1473 2252 1520 2278 καὶ
1535 2251 1566 2277 τδ
1580 2252 1613 2277 ἐκ
1633 2249 1681 2276 τοῦ
1705 2249 1785 2275 πόνου
1801 2247 1909 2295 κέρδος,

286 2300 395 2335 capitur
422 2299 541 2331 lucrum,
571 2303 614 2327 est
642 2307 732 2335 opera).
744 2301 874 2336 pretium.
891 2301 973 2329 Forte
996 2302 1063 2329 enim

1122 2301 1170 2328 τοῦ
1187 2300 1268 2327 πόνου
1283 2299 1367 2333 ἄξιον.
1376 2299 1452 2334 Τάχα
1462 2299 1516 2333 γὰρ
1526 2299 1540 2325 ὁ
1553 2297 1653 2328 σκοπὸς
1665 2295 1720 2322 τῶν
1732 2296 1761 2321 ἐν
1770 2295 1826 2326 τοῖς
1836 2292 1911 2328 πρώ-

287 2353 387 2380 scopus
405 2352 500 2373 eorum
524 2352 584 2380 qua:
609 2349 674 2372 sunt
699 2353 714 2372 a
737 2347 817 2374 nobis
843 2347 1016 2374 considerata
1043 2347 1072 2375 in

287 2391 422 2426 principio
440 2390 513 2422 libri,
532 2390 651 2418 maxime
671 2395 787 2426 apparet
806 2392 833 2419 in
861 2392 913 2420 hac
937 2397 1024 2428 parte,
1043 2396 1073 2420 ut

287 2436 439 2472 procedens
455 2443 503 2471 per
523 2437 749 2471 consequentiam
769 2439 897 2466 ostendet
920 2439 1019 2466 oratio.
1045 2439 1072 2466 In

288 2483 324 2510 iis
343 2490 405 2518 quae
427 2487 641 2517 prtecesserunt,
664 2483 791 2511 damnata
815 2488 879 2512 sunt
903 2485 994 2512 omnia
1011 2490 1074 2512 tan-

289 2539 371 2566 quam
389 2538 467 2564 vana,
488 2531 515 2558 in
533 2539 593 2566 quae
607 2532 642 2559 ab
659 2532 770 2559 homine
791 2532 933 2560 confertur
950 2532 1072 2559 studium

289 2577 325 2604 ob
340 2577 444 2604 nullum
462 2577 569 2603 lucrum
589 2577 697 2604 animae.
713 2576 861 2604 Ostensum
878 2580 919 2604 est
937 2577 1009 2604 enim
1026 2577 1075 2604 bo—

290 2631 368 2655 num,
385 2623 418 2651 ad
435 2623 508 2658 quod
528 2627 569 2651 est
587 2623 747 2651 intuendum
767 2631 816 2658 per
832 2631 864 2650 ea
885 2623 983 2651 mentis
998 2623 1075 2658 cogi-

291 2673 359 2702 tata,
370 2677 431 2704 qua:
447 2670 500 2696 sita
515 2673 579 2697 sunt
597 2669 624 2697 in
640 2670 741 2704 capite.
756 2669 792 2696 lis
808 2672 898 2695 autem
914 2669 960 2703 qui
983 2676 1079 2704 corpon

291 2723 365 2743 ream
383 2715 555 2750 praetendunt
570 2715 750 2750 voluptatem.
771 2714 905 2749 oppositae
922 2717 988 2741 sunt
1008 2714 1079 2742 deli-

292 2762 342 2789 cia:
353 2769 414 2797 quae
427 2765 491 2788 sunt
508 2768 540 2787 cx
554 2758 840 2795 sapientia.Restat,ut
853 2759 974 2787 sciamus
984 2766 1080 2795 quem-

328 2853 350 2870 ⁸⁷
365 2852 459 2881 Matth.
473 2859 511 2886 tv,
529 2851 556 2879 ι.
593 2853 613 2868 ¹¹
637 2851 646 2879 l
673 2851 735 2891 Cor.
753 2859 798 2884 xv,
813 2850 857 2879 5|.

1124 2355 1181 2378 τοις
1194 2346 1242 2373 τοῦ
1263 2345 1367 2380 βιϐλίου
1389 2343 1581 2379 θεωρηθέντων
1596 2342 1671 2377 ἡμῖν,
1687 2340 1717 2367 ἐν
1730 2339 1818 2374 τούτῳ
1833 2338 1913 2374 μάλι-

1126 2401 1177 2418 στα
1201 2390 1365 2426 φανεροῦται
1385 2389 1425 2424 τῷ
1444 2389 1531 2424 μέρει,
1548 2388 1586 2419 ὡς
1601 2385 1705 2423 προῖὼν
1726 2385 1854 2418 ἐπιδείξει
1869 2384 1914 2411 διὰ

1126 2438 1176 2473 τῆς
1191 2437 1353 2468 ἀκολουθίας
1372 2437 1386 2463 ὀ
1406 2436 1495 2469 λόγος,
1518 2433 1701 2468 Κατεγνώσθη
1724 2432 1758 2459 τὰ
1780 2432 1870 2458 πάντα
1885 2432 1914 2458 ἐν

1126 2485 1182 2515 τοῖς
1203 2482 1369 2518 προλαϐοῦσι
1395 2481 1485 2515 λόγοις
1507 2481 1544 2512 ὡς
1565 2480 1666 2515 μάταια
1680 2498 1687 2510 ,
1703 2478 1753 2505 ὅσα
1774 2476 1846 2504 κατὰ
1868 2476 1915 2503 τὸν

1127 2530 1270 2566 ἄνθρωπον
1294 2529 1338 2555 ἐπ’
1363 2527 1450 2554 οὐδενὶ
1476 2525 1584 2561 ψυχικῷ
1598 2524 1699 2560 ,κέρδει
1722 2521 1915 2554 σπουδάζεται.

1134 2575 1295 2610 ’Υπεδείχθη
1309 2574 1363 2609 γὰρ
1384 2573 1414 2599 τὸ
1432 2571 1549 2606 ἀγαθὸν,
1561 2570 1630 2607 πρὸς
1644 2570 1658 2596 ὃ
1673 2569 1726 2605 χρὴ
1746 2568 1790 2595 διὰ
1811 2567 1867 2594 τῶν
1880 2569 1915 2602 τῇ

1130 2623 1234 2657 κεφαλῇ
1259 2619 1427 2655 ἐγκειμένων
1449 2618 1595 2654 νοημάτων
1618 2615 1808 2651 βλέπεινοτοῖς
1823 2612 1917 2648 δὲτὴν

1132 2666 1289 2703 σωματικὴν
1299 2664 1505 2701 προῖσχομὲνοις
1518 2662 1667 2690 ἀπόλαυσιν
1677 2659 1830 2694 ἁντετέθηή
1844 2658 1916 2684 κατά

1128 2713 1178 2748 τὴν
1203 2711 1300 2745 σοφίαν
1324 2710 1424 2745 τρυφή.
1442 2707 1538 2735 Λείπει
1563 2706 1594 2733 τὸ
1617 2706 1719 2741 γνῶναι
1742 2703 1800 2735 πῶς
1820 2703 1852 2730 ἀν
1872 2710 1916 2748 τις

1128 2747 1188 2788 κατ’
1206 2757 1307 2793 ἀρετὴν
1318 2755 1420 2791 βιώσει,
1431 2753 1558 2790 καθάπερ
1573 2752 1634 2779 τινὰ
1650 2751 1748 2786 τέχνην
1757 2749 1805 2776 καὶ
1821 2747 1916 2783 ἐφοὼν
