1989 3070
240 123 293 152 699

877 132 905 159 S.
922 133 1085 162 GREGORII
1107 135 1252 164 NYSSENI

1813 139 1868 166 700

241 187 305 224 tur:
323 189 421 217 nempe
438 183 512 231 quod
524 191 614 231 neque
631 187 703 220 quod
720 189 851 222 praevenit
864 193 1026 226 opportuni-

1079 194 1138 220 καθ’
1163 193 1237 229 ὥραν
1258 194 1291 220 τὰ
1313 194 1384 230 λήῑα,
1409 196 1425 231 ἢ
1453 195 1637 231 ὑπερθέμενον
1658 195 1707 230 τὴν
1732 197 1795 231 περὶ¹
1820 197 1866 223 τὸν

241 231 335 259 tatem,
344 235 433 262 neque
441 229 513 263 quod
523 230 551 256 Iit
560 231 786 264 tardius,bonum
799 239 937 262 censetur.
956 237 1027 269 Quid

240 272 495 308 prodestagricolae,
504 277 549 304 cui
558 278 683 305 mandata
692 284 806 307 estcnra
815 282 939 309 secanda:
947 291 1025 317 sege-

241 318 316 351 tis,si
327 319 485 355 priusquam
496 322 618 358 sitseges
629 330 747 356 matura,
755 334 815 353 eam
824 332 908 360 secet,
917 334 963 355 aut
971 337 1027 356 mc-

239 367 297 390 tcre
311 362 431 398 diderat,
440 365 529 394 donec
542 375 576 394 ex
584 368 683 397 culmis
693 369 983 398 etlluxerintsemina?
997 372 1026 400 ln

240 413 339 437 neutro
353 411 426 438 enim
441 412 478 438 ita
497 418 641 442 exercetur
657 416 779 442 studium
797 422 825 443 ut
841 417 878 445 sit
896 417 923 444 in
935 418 1025 450 'bono,

239 457 337 489 utpote
351 456 423 490 quod
446 457 567 484 secando
585 460 742 494 importune
755 462 852 496 perdat
865 463 1026 498 opportuni-

241 503 324 527 tatem
345 502 487 537 temporis.
508 503 587 536 Quod
602 509 693 532 autem
714 506 816 533 dictum
837 511 878 534 est
891 507 919 534 in
941 512 1026 542 parte,

239 545 354 581 intelligi
375 552 466 582 potest
491 549 573 576 etiam
597 550 624 577 in
650 551 790 580 universo.
812 552 932 586 ldipsum
953 553 1026 580 enim

239 594 367 620 usuvenit
387 594 470 621 etiam
489 595 516 621 in
535 597 722 632 navigatione,
736 598 793 626 sive
808 599 942 634 quispiam
956 607 1026 634 pra:-

238 639 342 665 venerit
367 641 616 675 opportunitatem,
651 643 709 671 sive
735 643 842 672 tardius
868 646 1025 672 accesserit.

239 683 309 715 Quid
330 689 419 712 autem
432 685 578 713 dicendum
595 687 628 714 de
641 687 766 716 medendi
789 693 856 721 arte,
873 696 935 716 cum
948 689 1026 716 dam-

239 737 304 756 num
332 730 427 758 aderat
438 733 615 767 exsuperatio
638 737 666 760 et
689 733 814 762 defectus
839 735 971 770 temporis
1000 739 1027 762 et

239 782 386 807 mensurae,
405 784 465 811 quae
488 778 617 805 convenit
633 780 791 807 curationi?
808 779 862 807 Sed
887 781 943 808 haec
964 781 1027 816 qui-

1080 239 1183 274 ἄμητον
1210 240 1337 275 σπουδὴν,
1359 241 1411 272 ἕως
1435 238 1464 267 οὗ
1489 242 1623 277 περιρρυῇ
1651 243 1685 276 τῇ
1702 241 1812 278 καλάμῃ
1831 242 1866 269 τὰ

1081 285 1242 320 animum;
1266 286 1310 312 Ἐν
1331 285 1464 322 οὑθετέρῳ
1488 286 1542 322 γὰρ
1566 286 1676 322 ἐνεργὸς
1701 286 1743 314 ἔπ’
1771 287 1866 322 ἀγαθῷ

1077 330 1182 363 γίνεται
1201 331 1217 366 ή
1233 331 1345 366 σπουδὴ,
1364 331 1424 358 καθ’
1440 332 1533 368 ἑτέρου
1549 332 1595 359 τοῦ
1611 332 1708 368 καιροῦ
1729 333 1778 369 τὴν
1794 333 1867 368 ὼφέ-
1886 332 1888 334 ’

1077 375 1151 401 λειαν
1167 376 1196 402 ὲν
1214 376 1246 411 τῇ
1268 377 1382 412 ἀκαιρία
1405 379 1455 412 τῆς
1477 379 1564 413 τομῆς
1588 378 1768 406 ἀπολλύοντα.
1786 380 1819 405 ¹¹Ο
1836 379 1866 406 δὲ

1078 422 1124 448 ἐπὶ
1139 422 1239 456 μέρους
1253 422 1371 458 εἴρηται,
1384 424 1431 450 καὶ
1445 425 1473 450 ἐν
1485 425 1566 452 παντὶ
1582 424 1695 452 δυνατόν
1711 425 1768 451 ἔστι
1786 433 1866 451 κατα-

1078 467 1183 501 νοῆσαι.
1202 465 1264 494 Οἷδε
1289 468 1343 502 γὰρ
1368 468 1399 496 τὸ
1418 469 1474 496 ἴσον
1495 470 1542 497 καὶ
1559 471 1577 505 ἡ
1597 470 1728 502 ναυτιλία,
1744 470 1798 496 εἴτε
1823 479 1867 501 τις

1081 512 1211 548 προλάϐοι
1224 513 1272 548 τὴν
1283 514 1434 548 εὐκαιρίαν,
1449 515 1506 542 εἴτε
1525 515 1739 550 ὲφυστερὶσειεν.¹
1750 515 1781 541 Τί
1796 515 1818 541 δ’
1833 516 1866 542 ἄν

1079 565 1122 588 τις
1145 557 1180 583 τὰ
1202 557 1251 592 τῆς
1265 557 1387 592 ίατρικῆς
1411 558 1494 592 λέγοι,
1510 559 1574 594 παρ’
1590 559 1651 586 ὅσον
1676 560 1734 586 ἐστὶ
1756 560 1803 586 καὶ
1827 562 1865 590 εἰς

1082 602 1184 638 βλάϐην
1201 602 1336 638 ὑπερϐολή
1355 612 1386 630 τε
1404 604 1455 630 ’καὶ
1477 604 1593 638 ἔλλειψις
1615 604 1661 630 τοῦ
1682 606 1715 639 τῇ
1734 604 1867 639 θεραπείᾳ

1081 647 1245 683 καθήκοντος
1271 648 1367 684 καιροῦ
1390 649 1435 675 καὶ
1461 650 1580 685 μὲτρους
1601 650 1680 676 Ἀλλά
1709 650 1793 676 ταῦτα
1818 650 1866 684 μὲν

1080 694 1160 720 eam
1173 694 1235 730 χρὴ,
1251 694 1294 721 διὰ
1311 694 1359 721 τοῦ
1378 694 1476 730 ἑφεξῆς
1495 695 1584 730 λόγου,
1604 696 1633 722 ἐν
1647 696 1739 727 αὐταῖς
1749 697 1808 726 ταῖς
1819 695 1866 721 τοῦ

1087 737 1296 772 Ἐκκλησιαστοῦ
1312 739 1412 772 φωναῖς
1425 739 1590 775 σαφέστερον
1604 740 1805 775 φανερουμένου
1819 739 1866 766 τοῦ

1081 781 1284 818 ὑποδείγματος.

238 817 300 845 dem
315 824 379 846 sunt
396 822 541 854 mittenda,
566 830 628 850 cum
644 831 693 858 per
709 823 737 850 ld
772 825 846 860 quod
865 825 995 862 deinceps
1034 827 1170 862 sequitur,
1194 817 1233 856 Vin
1257 830 1329 864 ipsis
1347 830 1439 858 verbis
1463 829 1635 858 Ecclesiaste
1648 830 1801 865 exemplqu
1821 830 1867 856 liat

237 865 351 893 clarius.

275 913 328 940 Sed
347 921 431 948 quare
447 918 511 942 sunt
527 915 584 942 haec
600 916 680 944 nobis
697 917 848 952 praemissa,
866 921 896 945 ut
909 926 940 946 ea
957 926 1023 947 con-
1042 923 1062 951 Β

239 959 411 988 sideremus?
431 961 568 994 Quoniam
589 970 677 998 neque
689 964 762 997 quod
785 972 916 992 mensura
939 969 1025 998 eat-et,

238 1010 281 1034 cst
295 1006 408 1039 bonum,
425 1014 514 1042 neque
526 1008 601 1041 quod
616 1013 659 1036 est
677 1009 882 1044 importunum;
897 1011 944 1038 sed
960 1010 1027 1038 illud

239 1058 282 1082 cst
298 1054 399 1082 bonum
413 1059 440 1082 ct
453 1063 486 1082 ex
507 1055 609 1083 virtute
631 1056 746 1089 factum,
761 1057 834 1092 quod
855 1065 902 1092 per
918 1061 1026 1084 utrum-

239 1108 294 1135 que
309 1102 416 1135 accepit
441 1101 648 1135 perfectionem.
667 1101 696 1128 Si
711 1103 784 1130 enim
809 1103 855 1130 uni
880 1102 931 1130 soii
947 1111 979 1130 ex
991 1103 1028 1130 iis

239 1146 438 1179 attenderetur,
465 1146 601 1181 reliquum
621 1151 711 1175 autem
735 1149 929 1184 negligeretur,
954 1153 1028 1176 esset

239 1191 336 1220 inutile
350 1192 433 1219 etiam
448 1193 522 1228 quod
548 1197 623 1221 recte
638 1198 745 1228 gestum
759 1199 833 1222 esset
856 1195 884 1221 in
909 1195 1026 1229 reliquo.

239 1237 318 1265 Sicut
336 1245 401 1274 ergo
413 1246 475 1266 cum
493 1246 544 1266 nos
561 1245 664 1267 motum
679 1240 788 1268 duobus
804 1248 966 1276 peragamus
979 1248 1028 1276 pe-

239 1283 331 1316 dibus,
350 1283 373 1311 si
389 1284 530 1319 quidpiam
548 1285 627 1312 alteri
644 1286 804 1318 accidisset.
829 1287 933 1314 inutilis
954 1291 1027 1314 esset

240 1328 274 1355 ad
292 1336 405 1356 cursum
421 1330 445 1357 is
460 1330 542 1358 etiam
560 1331 605 1357 cui
624 1330 692 1357 nihil
708 1331 818 1363 accidit,
835 1336 947 1366 propter
966 1332 1027 1366 ejus

239 1375 286 1410 qui
309 1375 393 1402 simul
417 1383 479 1403 cum
515 1376 604 1403 altero
618 1380 765 1410 operatur,
788 1376 1024 1404 imbecillitatem:

243 1421 279 1448 ita
309 1421 332 1448 si
364 1421 482 1456 tempori
517 1421 588 1449 desit
619 1429 772 1453 mensura,
813 1425 860 1448 aut
891 1429 1028 1449 mensurae

239 1466 430 1500 opportunitas
441 1486 449 1499 ,

239 1512 322 1538 etiam
357 1511 385 1538 id
417 1511 491 1546 quod
515 1511 614 1544 adest,
647 1516 690 1540 est
722 1512 828 1539 inutile.
865 1511 919 1539 Sed
949 1516 977 1540 et
999 1513 1027 1540 in

239 1555 362 1592 tempore
388 1558 557 1585 conveniens
583 1558 760 1593 symmetria,
791 1561 818 1584 et
847 1557 876 1584 in
897 1565 1027 1585 mensura

491 1474 554 1493 cum
595 1473 629 1494 eo
662 1466 736 1502 quod
777 1470 880 1500 restat,
914 1467 1044 1505 omnino.

1119 918 1188 945 Ἀλλ’
1201 913 1231 945 οὖ
1252 918 1331 953 χάριν
1352 917 1439 945 ταῦτα
1460 918 1525 953 ἡμῖν
1549 917 1786 953 προτεθεώρηται;
1804 908 1868 944 ’Ότι

1077 964 1139 991 οὔτε
1164 964 1194 991 τὸ
1219 964 1338 999 ἄμετρον
1361 963 1461 998 ἀγαθόν
1490 965 1574 996 ἐστιν,
1597 963 1659 990 οὔτε
1687 964 1718 990 τὸ
1739 964 1864 998 ἄκαιρον·

1077 1011 1135 1038 ἀλλ’
1149 1011 1237 1037 έκεῖνο
1256 1010 1338 1037 καλόν
1356 1019 1385 1037 τε
1406 1011 1453 1038 καὶ
1477 1010 1595 1045 αἱρετὸν,
1616 1010 1631 1037 ὃ
1652 1010 1684 1036 δι’
1704 1010 1867 1045 ἀμφοτέρων

1076 1057 1134 1091 ἔχει
1147 1055 1177 1083 τὺ
1190 1056 1300 1082 τέλειον.
1324 1056 1357 1082 Et
1379 1056 1434 1090 γὰρ
1459 1055 1538 1090 μόνον
1553 1055 1583 1081 τὸ
1599 1055 1628 1082 ἓν
1644 1057 1674 1082 ὲν
1689 1055 1764 1090 αὐτῷ
1783 1063 1867 1081 σπου-

1077 1101 1198 1136 δασθείη,
1209 1100 1362 1137 παροφθείη
1379 1101 1407 1127 δὲ
1422 1101 1452 1127 τὸ
1465 1101 1634 1135 λειπόμενον,
1650 1101 1777 1136 ἀνόνητον
1791 1100 1865 1127 ἔσται

1077 1148 1125 1173 καὶ
1138 1147 1168 1173 τὸ
1183 1147 1353 1183 κατοροωϐὲν
1377 1148 1405 1174 έν
1421 1147 1460 1182 τῷ
1479 1147 1609 1174 λείποντι.
1625 1147 1728 1174 Οὐκοῦν
1744 1147 1865 1182 καθάπερ

1077 1190 1124 1217 δύο
1138 1191 1215 1217 ποσὶν
1231 1191 1412 1226 ἐνεργούντων
1428 1191 1505 1226 ἡμῶν
1521 1192 1570 1226 τὴν
1582 1192 1699 1227 κίνησιν,
1717 1192 1742 1218 et
1757 1200 1782 1218 τι
1797 1200 1866 1226 συμ-

1078 1236 1142 1270 ϐαίη
1159 1237 1222 1271 περὶ
1242 1236 1286 1263 τὸν
1302 1237 1405 1273 ἕτερον,
1419 1237 1554 1272 ἄχρηστός
1575 1237 1632 1263 ἐστι
1652 1237 1699 1263 καὶ
1721 1237 1735 1263 ὁ
1758 1236 1866 1271 ἀπιθὴς

1078 1283 1145 1318 πρὸς
1159 1282 1204 1309 τὸν
1218 1283 1326 1318 δρόμον,
1336 1283 1380 1309 διὰ
1394 1283 1442 1318 τὴν
1453 1283 1499 1309 τοῦ
1513 1282 1704 1318 συνεργοῦντος
1715 1282 1862 1308 ἀσθένειαν·

1076 1328 1163 1359 οὕτως
1177 1330 1201 1354 εί
1216 1328 1302 1354 λείποι
1322 1327 1360 1363 τῷ
1377 1328 1465 1364 καιρῷ
1480 1328 1510 1355 τὸ
1526 1329 1634 1364 μέτρον,
1647 1329 1666 1364 ἢ
1685 1328 1724 1363 τῷ
1739 1328 1829 1363 μέτρῳ
1847 1328 1864 1362 ἡ

1076 1374 1215 1410 εὐκαιρία,
1236 1374 1275 1410 τῷ
1297 1374 1415 1408 λείποντι
1438 1375 1546 1407 πάντως
1571 1375 1620 1402 καὶ
1642 1375 1673 1401 τὸ
1695 1375 1781 1409 παρὸν
1803 1383 1866 1401 συν-

1077 1420 1236 1456 ηχρείωται.
1258 1420 1338 1446 Ἀλλὰ
1352 1421 1403 1447 καὶ.
1414 1421 1442 1447 ὲν
1455 1420 1495 1455 τῷ
1510 1421 1599 1456 καιρῷ
1611 1422 1628 1457 ή
1641 1420 1805 1455 συμμετρία,
1819 1420 1866 1453 καὶ

1077 1466 1106 1492 ἐν
1121 1465 1160 1501 τῷ
1176 1466 1267 1501 μέτρῳ
1284 1466 1301 1500 ἡ
1321 1466 1447 1501 εὐκαιρία
1468 1466 1499 1492 τὸ
1522 1467 1656 1502 χρήσιμον
1674 1458 1740 1502 ἔχει,
1765 1466 1866 1501 Χρόνος

1077 1509 1124 1538 οὖν
1138 1512 1197 1538 ἀντὶ
1210 1511 1256 1537 τοῦ
1271 1511 1370 1546 μέτρου
1388 1513 1453 1547 ἡμῖν
1474 1513 1607 1548 νενόηται,
1622 1513 1688 1539 διότι
1706 1512 1805 1543 παντὸς
1819 1511 1867 1538 τοῦ

1079 1557 1138 1584 καθ’
1155 1557 1268 1583 ἕκαστον
1281 1557 1381 1592 μέτρου
1405 1558 1420 1584 ὁ
1438 1558 1532 1593 χρόνος
1545 1558 1644 1593 μέτρον
1659 1558 1742 1584 ἐστίν.
1760 1557 1800 1584 Τὰ
1811 1557 1867 1592 γὰρ

240 1603 319 1630 utilis
343 1607 386 1630 est
420 1605 623 1638 opportunitas.
657 1604 777 1639 Tempus
805 1611 872 1638 ergo
899 1603 1024 1631 intellec-

1079 1602 1205 1637 γινόμενα
1228 1603 1256 1628 ὲν
1282 1602 1370 1638 χρόνῳ
1383 1603 1487 1637 γίνεται
1507 1603 1625 1635 πάντως,
1653 1604 1699 1630 καὶ
1717 1605 1750 1638 τῇ
1779 1611 1867 1638 παρα·

241 1652 298 1674 tum
315 1651 356 1675 est
371 1654 386 1674 a
403 1648 484 1675 nobis
501 1656 550 1683 pro
568 1656 708 1681 mensura,
727 1653 871 1684 propterea
888 1648 963 1684 quod
976 1656 1024 1677 cu-

238 1692 350 1728 juslibet
372 1701 509 1721 mensura:
525 1702 653 1722 mensura
669 1699 712 1722 est
730 1698 848 1729 tempus.
872 1694 938 1727 Qum
952 1694 1026 1722 enim

241 1738 319 1772 ﬁunt,
332 1739 445 1766 omnino
459 1739 526 1766 fiunt
549 1740 576 1766 in
591 1745 724 1774 tempore,
737 1744 838 1767 etcum
851 1740 1028 1775 uniuscujus-

240 1791 294 1819 que
313 1792 408 1811 eorum
433 1793 494 1820 qua:
519 1787 588 1813 [lunt
613 1787 787 1817 extensione.
810 1787 893 1814 simul
917 1794 1027 1821 quoque

241 1831 360 1866 spatium
370 1832 503 1866 temporis
517 1832 684 1865 extenditur,
698 1831 834 1860 modicum
851 1831 878 1858 in
888 1831 1028 1863 minori,et

241 1876 269 1903 in
284 1877 410 1911 ampliori
424 1877 484 1911 plus
499 1877 639 1912 temporis.
659 1877 707 1904 Est
722 1884 850 1915 mensura
867 1877 1026 1911 conceptio-

241 1922 293 1953 nis,
309 1930 436 1950 mensura
450 1923 612 1950 incrementi
628 1924 781 1958 spicarum,
797 1930 926 1950 mensura
942 1922 1028 1957 plena:

241 1967 379 1994 fructuum
394 1967 581 2002 perfectionis,
598 1975 727 1995 mensura
743 1967 939 2001 navigationis,
951 1975 1028 1995 men-

240 2019 306 2038 sura
326 2011 534 2044 ambulationis.
553 2019 680 2039 mensura
696 2011 915 2046 uniuscujusque
925 2012 1026 2045 aetatis,

241 2056 374 2089 infantize,
387 2057 523 2091 pueritiae,
541 2057 744 2088 adolescentiae.
757 2057 920 2092 juventutis,
939 2057 1028 2085 virilis

240 2106 268 2130 et
281 2103 436 2130 constantis
448 2109 474 2130 et
488 2106 624 2137 provecta:
634 2104 733 2136 astatis,
746 2103 909 2134 senectutis,
926 2107 952 2129 et
962 2105 1029 2129 atta-

241 2149 277 2176 tis
291 2148 448 2183 decrepitae.
466 2148 602 2182 Quoniam
617 2156 683 2184 ergo
701 2156 755 2175 non
769 2152 811 2177 est
828 2148 958 2175 omnibus
975 2154 1028 2175 una

240 2201 371 2222 mensura
401 2194 532 2229 temporis
557 2204 563 2221 :
586 2201 674 2229 neque
697 2194 770 2221 enim
796 2193 854 2221 ﬁeri
878 2197 977 2228 potest,
999 2197 1028 2220 ut

240 2239 296 2266 sint
308 2239 399 2266 omnia
414 2240 527 2274 aequalis
541 2240 612 2268 inter
626 2248 656 2267 se
670 2247 818 2272 mensuraz,
836 2243 946 2274 propter
957 2238 1028 2266 sub-

237 2285 374 2320 jectorum
387 2286 567 2314 dill'erentiam
581 2296 588 2314 :
605 2287 727 2314 omnium
744 2290 835 2313 autem
851 2293 911 2320 quae
926 2285 1029 2312 cadunt

241 2331 292 2359 suh
308 2339 475 2364 mensuram,
491 2336 533 2360 est
549 2332 712 2363 communis,
727 2336 757 2358 ut
773 2332 876 2359 dictum
887 2335 940 2364 est,
956 2338 1030 2358 men-

241 2385 305 2404 sura
319 2381 436 2412 tempus,
458 2378 485 2404 in
500 2385 529 2405 se
545 2378 636 2405 omnia
653 2378 798 2405 continens
813 2387 820 2404 :
837 2385 869 2404 ca
890 2377 924 2404 de
944 2383 1029 2404 causa

240 2430 295 2450 non
318 2423 398 2456 dixit,
420 2423 548 2451 Mensura
567 2427 610 2451 est
635 2424 775 2456 omnibus,
799 2428 941 2458 propterea
956 2423 1030 2458 quod

240 2475 336 2496 eorum
349 2476 410 2503 qua:
418 2468 521 2496 cadunt
535 2469 587 2496 sub
599 2477 768 2502 mensuram,
781 2476 878 2504 magna
892 2469 927 2496 sit
938 2475 1030 2503 aequa-

240 2514 304 2542 litas
323 2514 352 2542 in
376 2522 409 2542 eo
426 2514 499 2550 quod
519 2518 561 2542 est
583 2515 645 2550 plus
664 2520 691 2542 et
706 2515 796 2542 minus
817 2523 826 2542 :
850 2513 899 2541 sed
921 2518 1029 2549 tempus

240 2560 309 2589 dixit
331 2561 404 2596 quod
430 2565 474 2588 est
497 2561 626 2589 omnibus
651 2567 778 2588 mensura
795 2559 941 2595 generalis,
969 2566 1030 2593 quae

241 2606 374 2642 quidquid
395 2607 424 2634 ﬁt
440 2611 467 2634 et
486 2607 584 2640 oritur,
611 2606 763 2634 dimelitur.
788 2603 930 2637 Quomodo
955 2604 1028 2631 enim

241 2652 269 2682 in
290 2653 409 2681 humano
424 2661 535 2689 genere,
552 2654 579 2681 id
597 2653 669 2689 quod
686 2652 775 2680 artatis
787 2651 897 2686 quidem
911 2654 954 2678 est
966 2658 1029 2685 pro-

241 2703 335 2729 vecta.
348 2702 391 2726 est
405 2699 572 2726 imbecillum
585 2707 593 2725 :
606 2698 679 2733 quod
693 2701 783 2724 autem
796 2695 917 2723 nondum
932 2696 1029 2723 contir-

241 2737 323 2773 tnatac
338 2749 365 2772 et
380 2745 510 2773 stabilita:
532 2749 574 2772 est
595 2744 694 2775 astatis.
710 2747 752 2771 est
771 2743 978 2773 immoderatum
1003 2747 1031 2770 et

243 2790 366 2818 insolens
382 2783 538 2825 :loptimum
551 2794 642 2817 autem
657 2795 697 2816 cst
711 2789 786 2825 quod
800 2790 870 2816 inter
883 2788 937 2816 duo
950 2789 1032 2816 intcr-

244 2836 326 2870 cedit,
343 2836 415 2872 quod
430 2835 539 2871 quidctn
554 2839 699 2870 utramque
713 2835 837 2871 ctIugcrit
852 2835 1005 2863 molcstiam
1021 2845 1026 2862 :

1077 1646 1154 1673 τάσει
1167 1647 1282 1673 ἑκάστου
1297 1646 1351 1673 τῶν
1365 1647 1514 1681 γινομένων
1543 1647 1591 1673 καὶ
1613 1647 1644 1673 τὸ
1665 1647 1801 1681 διάστημα
1819 1645 1866 1672 τοῦ

1077 1693 1172 1728 χρόνου
1191 1693 1446 1729 συμπαρατείνεται,
1463 1692 1552 1727 ὀλίγον
1570 1694 1599 1720 ιν
1613 1693 1651 1728 τῷ
1673 1693 1804 1724 ἐλάττονι,
1819 1693 1867 1719 καὶ

1078 1739 1107 1766 ὲν
1127 1739 1166 1775 τῷ
1189 1740 1291 1767 πλείονι
1314 1740 1405 1767 πλεῖον
1424 1741 1529 1776 χρόνου.
1547 1740 1654 1776 Μέτρον
1668 1741 1802 1776 κυήσεως,
1823 1739 1868 1774 μέ-

1077 1792 1140 1820 τρον
1159 1785 1209 1819 τῆς
1227 1785 1282 1811 τῶν
1301 1785 1443 1820 ἀσταχύων
1463 1785 1613 1820 αὐξήσεως,
1629 1785 1727 1820 μέτρον
1743 1785 1794 1820 τῆς
1813 1784 1868 1811 τῶν

1077 1829 1191 1865 καρπῶν
1211 1831 1384 1864 τελειώσεως,
1406 1831 1504 1866 μέτρον
1525 1831 1672 1862 ναυτιλίας,
1698 1831 1796 1866 μέτρον
1820 1839 1869 1857 πο-

1080 1875 1164 1911 ρείας,
1183 1876 1284 1911 μέτρον
1306 1877 1356 1911 τῆς
1376 1876 1437 1903 καθ’
1461 1877 1574 1903 ἕκαστον
1600 1876 1718 1912 ἡλικίας,
1741 1876 1866 1912 βρέφους,

1078 1921 1196 1955 παιδίου,
1211 1921 1364 1957 μειρακίου,
1383 1922 1488 1955 παιδὸς,
1504 1922 1618 1958 ὲφήὸου,
1636 1922 1742 1958 ἀνδρὸς,
1762 1922 1868 1957 μεσήλι-

1079 1976 1136 1999 κος,
1146 1968 1259 2000 τελείου,
1269 1967 1430 2002 παρήλικος,
1440 1967 1604 2004 πρεσϐύτου,
1613 1968 1749 2004 γέροντος.
1759 1963 1867 2004 Ἐπειδὴ

1078 2013 1166 2040 τοίνυν
1188 2013 1237 2047 οὐχ
1261 2012 1290 2040 ἓν
1310 2012 1341 2038 τὸ
1365 2013 1398 2038 ὲκ
1416 2011 1462 2038 τοῦ
1484 2013 1579 2047 χρόνου
1601 2012 1698 2047 μέτρον
1714 2014 1769 2043 τοῖς
1785 2013 1868 2043 πᾶσιν

1079 2059 1164 2085 ἐστίν·
1182 2058 1242 2084 οὐδὲ
1267 2058 1319 2093 γάρ
1338 2059 1395 2084 ἐστι
1416 2057 1528 2085 δυνατὸν
1546 2057 1671 2092 γενέσθαι
1687 2058 1774 2084 πάντα
1786 2057 1869 2091 ἀλλήσ-

1079 2101 1134 2133 λοις
1155 2102 1283 2136 ἱσόμετρα
1306 2101 1348 2128 διὰ
1367 2101 1416 2136 τὴν
1436 2101 1491 2127 τῶν
1514 2101 1699 2136 ὑποκειμένων
1718 2101 1867 2136 διαφοράν

1079 2149 1167 2176 κοινὸν
1182 2149 1220 2181 δὲ,
1236 2148 1325 2183 καθῲς
1339 2148 1446 2183 εἴρηται
1456 2168 1464 2180 ,
1485 2149 1593 2176 πάντων
1613 2148 1803 2184 μετρουμένων
1821 2148 1869 2183 μέ-

1078 2203 1143 2230 τρον
1164 2195 1178 2220 ὁ
1196 2195 1291 2229 χρόνος
1308 2194 1392 2226 ἐστὶν,
1413 2195 1441 2220 ὲν
1460 2194 1549 2229 ἑαυτῷ
1569 2195 1702 2230 περιέχων
1714 2194 1748 2221 τὰ
1763 2194 1868 2220 πάντα’

1080 2240 1174 2267 τούτου
1201 2241 1279 2275 χάριν
1299 2239 1360 2275 οὐχὶ
1386 2240 1489 2275 μέτρον,
1513 2237 1572 2267 εἶπε
1597 2242 1653 2272 τοῖς
1678 2241 1754 2271 πᾶσι,
1778 2239 1821 2266 διὰ
1838 2239 1870 2265 τὸ

1082 2286 1181 2320 πολλὴν
1195 2284 1264 2312 εἶναι
1282 2286 1336 2312 τῶν
1358 2286 1549 2322 μετρουμένων
1570 2286 1618 2321 τὴν
1640 2286 1704 2320 περὶ
1726 2286 1756 2312 τὸ
1770 2285 1870 2314 ,πλεῖόν

1080 2339 1110 2357 τε
1126 2330 1173 2357 καὶ
1188 2330 1298 2357 ἔλαττον
1314 2330 1437 2365 ίσότητα’
1459 2330 1526 2357 ἀλλὰ
1542 2330 1635 2365 χρόνον
1650 2328 1710 2356 εἷπε
1726 2332 1782 2361 τοῖς
1801 2331 1870 2356 πᾶσι

1079 2377 1109 2403 τὸ
1122 2376 1229 2410 γενικὺν
1249 2376 1358 2412 μέτρον,
1369 2373 1391 2410 ᾧ
1407 2377 1461 2403 πᾶν
1482 2376 1512 2402 τὸ
1525 2376 1665 2411 γινόμενον
1683 2378 1871 2411 παραμετρεῖ-

1079 2430 1134 2448 ται.
1153 2422 1258 2456 Ὥσπερ
1269 2421 1323 2456 γὰρ
1337 2421 1383 2447 ἐπὶ
1404 2421 1454 2455 τῆς
1473 2420 1679 2456 ἁνθρωπότητος
1696 2420 1726 2446 τὸ
1738 2420 1787 2454 μὲν
1804 2427 1866 2454 atpo-

1080 2468 1195 2503 ϐεὸηκὸς
1212 2467 1334 2495 ἀσθενεῖ·
1356 2466 1387 2493 τὸ
1409 2467 1438 2492 δὲ
1454 2467 1536 2502 μήπω
1554 2466 1721 2502 καθεστηκὸς
1740 2467 1868 2492 ἁτακτεῐ’

1081 2512 1192 2547 ἄριστον
1210 2512 1237 2538 δὲ
1252 2512 1282 2538 τὸ
1297 2511 1378 2547 μέσον
1393 2511 1446 2538 τῶν
1460 2511 1516 2544 δύο,
1540 2512 1609 2547 ὅπερ
1626 2511 1659 2537 ἂν
1671 2511 1719 2542 τὰς
1732 2510 1870 2545 ἑκατέρων

1081 2557 1175 2592 ἀηδίας
1193 2556 1315 2592 ἑκφεύγῃ
1327 2565 1334 2572 °
1357 2556 1386 2582 ὲν
1408 2553 1430 2590 ᾧ
1447 2556 1593 2588 δείκνυται,
1613 2557 1662 2591 τῆς
1682 2556 1730 2591 μὲν
1745 2555 1870 2590 νεότητος

1081 2602 1270 2637 κεχωρισμένη
1284 2602 1334 2636 τῆς
1349 2601 1460 2634 ἀταξίας
1477 2603 1494 2637 ἡ
1512 2601 1642 2636 δύναμις,
1663 2601 1710 2627 τοῦ
1728 2600 1757 2627 δὲ
1775 2601 1871 2636 γήρως

1079 2647 1255 2682 διεζευγμένη
1281 2649 1330 2682 τῆς
1349 2647 1511 2682 ἀδρανὶαςή
1537 2647 1681 2682 φρόνησις’
1705 2646 1774 2673 ὥστε
1799 2643 1870 2671 εἶναι

1080 2693 1193 2728 δύναμιν
1212 2693 1436 2728 συγκεκραμένην
1450 2693 1590 2727 φρονήσει,
1606 2692 1704 2727 ἐπίσης
1717 2691 1869 2725 φεύγουσαν

1081 2743 1129 2776 τήν
1142 2750 1170 2767 τε
1185 2740 1232 2768 τοῦ
1248 2741 1339 2776 γήρως
1358 2739 1496 2776 ἀδρανίαν,
1520 2740 1568 2766 καὶ
1590 2740 1620 2766 τὸ
1643 2739 1729 2775 θρασὺ
1745 2739 1794 2774 τῆς
1810 2738 1869 2764 νεό-

1081 2796 1176 2822 τητος
1195 2787 1280 2818 οὕτως
1294 2787 1308 2812 ὁ
1324 2787 1416 2821 χρόνον
1429 2785 1526 2821 ὁρίζων
1542 2787 1598 2816 τοῖς
1615 2787 1681 2812 πᾶσι
1700 2785 1759 2811 καθ’
1773 2784 1870 2810 ἑκάτε-

1083 2842 1128 2869 ρον
1147 2833 1256 2869 χωρὶζει
1272 2833 1309 2867 τῷ
1321 2832 1390 2867 λόγῳ
1418 2831 1466 2866 τὴν
1479 2833 1507 2864 ἐξ
1519 2831 1650 2867 ἀμετρίας
1663 2831 1771 2865 κακίαν,
1788 2831 1818 2859 τό
1835 2841 1865 2858 τε
