1989 3070
145 115 194 145 701

666 115 701 143 IN
720 115 988 146 ECLLESIASTEN.
1005 117 1144 157 ιιοιιιιιλιι
1166 117 1210 145 Vi.

1694 122 1766 150 ’70³3

145 177 309 212 ὑπέρχρθνον
321 175 460 212 ἀτιμάζων
477 177 522 203 καὶ
545 176 576 203 τὸ
595 176 719 204 ἐλλεῖπον
734 178 918 214 ὰποπεμπόμε

985 180 1013 207 in
1029 187 1085 215 quo
1100 179 1281 208 ostenduntur
1293 179 1366 207 vires
1387 180 1498 215 quidem
1511 181 1664 215 iuventutis
1683 189 1764 216 sepa-

142 228 198 252 νος.
223 220 300 247 una:
315 221 410 256 καιρὸς
423 221 456 248 ἂν
476 221 517 257 εἴη
538 222 586 248 καὶ
601 222 686 258 αὐτὴν
700 223 765 258 ἡμῖν
778 224 811 250 δι’
821 224 932 251 ἀκολού-

985 228 1051 251 ratae
1064 224 1099 250 ab
1111 224 1266 255 insolentia,
1283 231 1299 250 a
1313 225 1461 253 senectutis
1475 229 1565 252 autem
1579 225 1765 254 imbecillitate

141 265 188 292 θου
213 266 393 302 προστεθῆναι
415 267 469 293 τῶν
493 268 678 296 θεοπνεύστων
699 269 787 303 λόγων
803 269 852 304 τὴν
865 269 920 296 θεω

983 269 1127 304 prudentia
1153 269 1264 296 minime
1293 275 1439 304 separata:
1461 269 1528 298 adeo
1553 275 1583 297 ut
1612 271 1668 298 sint
1691 272 1764 299 vires

141 312 212 347 ρίαν.

983 319 1192 349 contemperatze
1206 322 1267 342 cum
1285 315 1437 349 prudentia,
1449 324 1482 343 ex
1499 324 1577 351 sequo
1590 310 1722 352 fugientes
1735 322 1763 343 (ιι

139 356 287 384 senectutis
307 355 531 390 imbecillitatem,
548 362 575 385 et
591 358 743 392 juventutis
761 358 912 386 audaciam.
932 358 971 386 ita
986 359 1032 394 qui
1045 362 1153 394 tempus
1174 359 1278 392 deﬂuit,
1290 360 1418 387 erunibus
1448 368 1496 395 per
1529 365 1674 396 utrumque
1701 370 1763 389 vero

140 401 183 429 his
200 406 319 436 separat,
339 403 413 438 quod
432 411 465 432 ex
485 411 621 432 mensura:
635 405 743 432 defectu
763 406 862 439 oritur,
884 406 999 435 vilium:
1017 410 1046 433 ut
1072 406 1118 441 qui
1132 411 1159 434 et
1176 407 1248 441 quod
1280 410 1387 442 tempus
1419 407 1535 440 excedit,
1567 408 1713 442 vituperat,
1735 414 1762 436 et

138 446 166 474 id
181 447 252 481 quod
275 446 376 481 deﬁcit,
413 449 552 476 amandat.
588 449 642 477 Sed
665 454 773 485 tempus
796 455 839 478 est
859 455 1058 486 consequenter
1086 451 1202 479 nddendi
1216 452 1302 486 ipsam
1316 451 1448 480 divinitus
1473 452 1668 487 inspiratorum
1698 460 1760 480 ver-

138 492 236 519 borum
249 494 513 529 contemplationem.
564 527 568 529 _

168 565 169 569 η
179 548 188 564 ι
199 539 310 575 Καιρὸς,
323 550 331 566 ι
344 542 421 576 φησι,
436 551 445 568 ι
454 542 501 568 τοῦ
510 543 609 575 τεκεῖν,
616 544 662 570 καὶ
671 544 764 580 καιρὸς
772 544 818 571 τοῦ
826 545 925 572 ἀποθα-

139 585 204 611 νεῖν.
217 595 226 610 ι
237 585 335 618 Καλῶς
346 588 374 613 ἐν
385 587 503 622 πρώτοις
514 588 563 623 τὴν
571 588 725 622 ἀναγκαίαν
733 589 833 624 ταύτην
845 589 924 621 συζυ-

139 629 201 664 γίαν
221 630 260 665 τῷ
274 631 345 666 λόγῳ
363 632 505 664 συνέζευξε
516 653 524 665 ,
544 634 687 661 συνάπτων
704 636 737 670 τῇ
753 635 859 669 γενέσει
879 635 924 662 τὸν

140 674 265 702 θάνατον.
277 677 392 704 ’Έπεται
407 677 461 712 γὰρ
474 679 534 704 κατ’
546 679 669 715 ἀνάγκην
682 680 720 715 τῷ
731 681 803 716 τόκῳ
813 681 827 706 ὁ
841 680 923 707 θάνα-

138 729 194 753 τος.
213 723 260 748 καὶ
273 724 347 749 πᾶσα
363 723 470 757 γένεσις
485 725 525 756 είς
539 725 641 760 φθορὰν
655 726 793 753 διαλύεται
805 735 810 742 ·
824 727 866 753 ἵνα
880 727 924 754 διὰ

137 767 186 794 τοῦ
208 768 388 803 συνημμένως
406 769 543 804 δειχθῆναι
565 770 611 797 τὸν
628 771 742 798 θάνατόν
759 780 789 798 τε
807 773 854 799 καὶ
875 773 923 808 τὴν

137 812 254 847 γένεσιν,
271 814 352 840 οἱονεὶ
373 814 477 849 κέντρῳ
496 816 550 841 τινὶ
568 817 600 850 τῇ
625 816 672 843 τοῦ
690 817 805 844 θανάτου
829 818 922 853 μνήμῃ

1015 543 1039 570 Ι.
1059 552 1067 568 ι
1083 542 1202 577 Tempus
1220 546 1273 574 est,
1292 553 1301 570 ι
1319 543 1418 579 inquit,
1437 553 1447 570 ι
1464 544 1598 579 pariendi,
1615 550 1642 573 et
1657 551 1761 581 tempus

977 589 1137 616 moriendi.)
1155 588 1271 616 Pulchre
1290 590 1317 616 in
1330 590 1463 624 principio
1476 590 1567 618 verbis
1580 590 1650 617 hanc
1665 599 1760 619 neces-

976 634 1078 660 sariam
1098 634 1241 668 conjunxit
1262 635 1492 669 conjugationem,
1507 643 1570 662 cum
1585 637 1761 671 generatione

977 680 1108 714 copulatis
1126 685 1250 707 mortem.
1268 679 1378 707 Partum
1393 682 1464 708 enim
1480 689 1553 709 mors
1573 683 1695 716 sequitur
1710 691 1758 710 ne-

976 726 1109 757 cessario,
1125 730 1153 753 et
1172 726 1264 754 omnis
1283 727 1422 762 generatio
1438 727 1597 754 dissolvitur
1614 728 1641 754 in
1664 728 1754 755 interi-

977 775 1054 804 tum;
1079 776 1109 797 ut
1127 775 1270 806 propterea
1293 771 1367 805 quod
1387 771 1554 805 conjunctim
1576 776 1686 800 ostensa
1703 773 1759 800 sint

976 822 1051 842 mors
1065 819 1093 842 et
1109 816 1259 850 generatio,
1275 815 1414 843 mentione
1428 816 1525 843 mortis
1540 817 1623 844 veluti
1638 817 1756 851 quodam

136 859 200 889 τοὺς
213 858 414 893 ὲμϐαθύνοντας
433 862 482 895 τῆς
504 861 573 888 κατὰ
595 861 683 896 σάρκα
700 862 772 898 ζωῇς
786 862 920 899 διυπνίσῃ,

975 862 1087 889 stimulo
1115 869 1162 890 eos
1190 861 1400 896 cxpergei‘aciat.
1426 863 1473 896 qui
1497 862 1524 888 in
1553 862 1671 904 carnalis
1698 864 1759 890 vitae

137 907 184 932 καὶ
199 905 267 941 πρὸς
288 906 337 941 τὴν
358 907 485 942 φροντίδα
501 907 555 934 τῶν
578 908 728 942 μελλόντων
746 906 921 946 δωναᾶτήσῃ.

137 950 230 977 Ταῦτα
253 951 392 986 φιλοσοφεί
409 953 479 979 κατὰ
498 953 528 979 τὸ
551 953 662 989 λεληθὸς
683 955 711 980 ὲν
727 957 787 987 ταῖς
803 955 922 990 πρώταις

135 997 190 1023 τῶν
209 997 318 1032 βώλίων
336 999 502 1034 ἐπιγραφαῖς
523 1000 570 1026 καὶ
589 1001 603 1027 ὁ
620 1000 695 1034 φίλος
710 1001 749 1036 τῷ
764 1001 824 1036 Θεῷ
838 1002 922 1029 Matii-

136 1043 186 1077 σῆς
200 1043 280 1075 εὐθὺς
299 1045 333 1080 τῇ
356 1044 463 1071 Γενέσει
480 1047 720 1082 συμπαραγράψας
731 1048 781 1082 τὴν
801 1047 920 1082 Ἐξοδον·

134 1088 172 1120 ὡς
187 1089 249 1121 τοὺς
260 1090 472 1124 ἐντυγχάνοντας
484 1093 542 1124 τοῖς
553 1093 814 1128 ὲπιγεγραμμένοις,
830 1094 876 1121 καὶ
888 1094 921 1121 δι’

135 1133 220 1168 αὐτῆς
235 1134 283 1168 τῆς
299 1135 352 1161 τῶν
365 1135 475 1170 βιὸλίων
490 1137 595 1170 τάξεως
608 1137 642 1164 τὰ
654 1138 714 1164 καθ’
732 1139 844 1170 ἑαυτοὺς
857 1148 920 1166 παι-

134 1178 269 1214 δευθῆναι.
281 1179 349 1207 Οὔτε
362 1181 417 1215 γὰρ
431 1182 490 1208 ἐστι
501 1183 607 1217 γένεσιν
619 1183 773 1210 ἀκούσαντα
789 1185 825 1220 μὴ
844 1185 922 1218 Ἐξο-

134 1223 178 1250 δον
197 1224 276 1256 εὐθὺς
296 1226 430 1261 ἐννοῆσαι.
454 1228 486 1254 Ὃ
506 1227 538 1263 δὴ
555 1229 603 1255 καὶ
623 1228 740 1256 ἐνταῦθα
755 1230 889 1265 νενοηκὼς
907 1231 922 1256 6

136 1270 223 1304 μέγας
243 1271 456 1308 Ἐκκλησιαστὴς
477 1274 678 1307 ἐπιδείκνυται,
700 1277 733 1310 τῇ
753 1277 858 1310 γενέσει
876 1276 921 1302 σύ-

135 1323 240 1350 στοιχον
259 1317 404 1350 ἀποδείξας
422 1318 468 1344 τὸν
492 1318 615 1345 θάνατον.
636 1320 738 1355 Καιρὺς
760 1320 825 1356 γὰρ,
842 1321 919 1356 φησι,

133 1359 182 1391 τοῦ
194 1363 292 1393 τεκεῖν,
309 1362 356 1388 καὶ
368 1364 462 1398 καιρὸς
480 1364 528 1404 τοῦ
543 1365 698 1392 ἀποθανεῖν.
716 1363 816 1392 Ἦλθεν
832 1368 846 1393 ὀ
862 1376 922 1393 καις

136 1404 192 1440 ρὸς,
212 1407 288 1440 φησι,
305 1408 352 1434 καὶ
370 1408 497 1443 ὲτέχθην·
514 1410 572 1444 ἥξει
595 1412 610 1436 ὁ
631 1411 734 1446 καιρὸς,
755 1411 802 1438 καὶ
823 1412 920 1447 τεθνή-

134 1449 224 1484 ξομαι.
243 1451 274 1478 Εί
292 1452 358 1487 πρὸς
373 1453 451 1480 τοῦτο
465 1454 564 1486 πάντες
578 1454 730 1490 ἐϐλέπομεν
740 1475 747 1487 ,
759 1457 809 1483 οὐκ
823 1457 856 1483 ἂν
870 1459 920 1492 τὴν

135 1495 263 1531 σύντομον
283 1499 396 1533 πορείαν
422 1500 633 1533 καταλιπόντες,
656 1501 749 1537 κύκλῳ
770 1502 839 1538 μετὰ
865 1503 918 1530 τῶν

133 1540 238 1568 asceam
253 1543 422 1579 περιῄειμεν,
442 1545 491 1581 τὴν
506 1546 663 1582 περιοδικὴν
675 1547 722 1574 τοῦ
740 1547 797 1582 βίου
814 1548 918 1584 πλάνην

134 1585 263 1620 ἑκουσίως
276 1589 464 1626 πλανώμενοι,
488 1592 517 1618 ὲν
539 1592 707 1624 δυναστείαις
732 1595 778 1620 καὶ
801 1602 919 1629 περιρα-

133 1631 218 1663 νείαις
233 1634 278 1660 καὶ
295 1635 429 1667 πλούτοις,
446 1636 480 1663 δι’
497 1634 543 1663 ὦν.
551 1639 610 1669 ταῖς
627 1639 781 1670 πολυοδίαις
795 1640 842 1666 τοῦ
861 1640 920 1675 βίου

133 1677 227 1704 τούτου
248 1680 498 1716 ὲναμηχανοῦντες,
512 1683 602 1710 οὐκέτι
622 1684 670 1710 τοῦ
690 1684 851 1720 λαϐυρίνθου
870 1687 920 1720 τῆς

134 1723 206 1759 ζωῆς
219 1724 320 1760 ταύτης
336 1727 385 1761 τὴν
401 1727 490 1760 ἔξοδον
503 1728 710 1764 ὲξευρίσκομεν,
729 1730 761 1756 δι’
777 1728 814 1756 ὦν
828 1730 921 1757 δοκοῦ-

135 1778 184 1804 μεν
204 1771 373 1805 σπουδάζειν,
395 1773 440 1800 διὰ
456 1774 558 1801 τούτων
575 1776 680 1807 ἑαυτοῖς
698 1776 732 1802 τὰ
754 1777 853 1811 σημεῖα
871 1777 920 1812 τῆς

134 1815 269 1848 ἀπλανοῦς
292 1817 446 1854 ὁδοιπορίας
467 1820 636 1854 συγχέοντες.
660 1821 703 1852 Ὠς
725 1821 853 1856 μακάριοί
869 1830 918 1855 γε,

134 1861 211 1895 φησὶ,
224 1861 278 1887 τῶν
296 1862 446 1897 ἀνθρώπων
461 1865 571 1895 ἐκεῖνοι,
589 1865 614 1891 οἳ
631 1865 680 1897 τὰς
694 1866 851 1900 περιοδικὰς
870 1867 920 1902 τῆς

134 1905 207 1940 ζωῆς
228 1906 334 1938 ἀπάτας
355 1908 563 1941 καταλιπόντες.
588 1910 633 1937 ἐπὶ
653 1911 702 1946 τὴν
721 1911 851 1946 σύντομον
871 1912 920 1947 τῆς

134 1949 235 1984 ἀρετῆς
251 1950 308 1977 ὁδὸν
323 1951 434 1984 ἑαυτοὺς
450 1952 560 1987 ἄγουσιν
574 1954 580 1981 !
595 1954 669 1989 Αὕτη
685 1954 714 1981 δέ
731 1956 788 1982 ἐστι
807 1956 838 1982 τὸ
852 1956 920 1991 πρὸς

136 1994 219 2030 μηδὲν
231 1996 285 2022 τῶν
304 1997 366 2032 τῇδε
383 1997 432 2032 τὴν
443 1998 532 2033 ψυχὴν
546 1999 731 2035 ἐπιστρέφειν,
743 2000 810 2027 ἀλλὰ
826 2008 920 2027 συντε-

133 2040 232 2067 τάσθαι
248 2042 281 2077 τῇ
300 2043 400 2078 απουδῇ
422 2045 490 2080 πρὸς
514 2044 545 2071 τὸ
570 2044 614 2072 διὰ
637 2045 755 2078 πίστεως
777 2047 806 2073 ὲν
830 2046 919 2073 ἐλπίσι

133 2087 324 2122 προκείμενον.
337 2089 421 2116 Πάλιν
433 2090 462 2116 δὲ
474 2091 504 2117 τὸ
518 2091 598 2126 ῥηθὲν
609 2092 790 2127 ἐξετάσωμεν.
806 2092 919 2128 Καιρὸς,

133 2133 209 2168 φησι,
236 2134 282 2160 τοῦ
307 2136 414 2168 τεκεῖν,
431 2137 478 2163 καὶ
496 2138 591 2172 καιρὸς
616 2137 664 2164 τοῦ
684 2138 838 2166 ἀποθανεῖν.
857 2138 919 2165 Εἴθε

134 2178 216 2212 κάμοὶ
240 2178 344 2212 γένοιτο
364 2181 393 2207 ἐν
407 2181 496 2217 καιρῷ
511 2191 541 2208 τε
561 2183 575 2209 ὁ
591 2182 679 2214 τόκος,
694 2183 740 2210 καὶ
760 2184 774 2210 ὁ
793 2183 920 2219 εὔκαιρος

134 2223 257 2256 cavam“
275 2225 310 2251 Οὐ
332 2225 386 2261 γὰρ
402 2227 434 2254 ἄν
449 2235 490 2259 τις
505 2227 576 2254 εἴποι
600 2229 651 2263 τὴν
669 2228 795 2256 ἀκούσιον
815 2229 918 2264 ταύτην

134 2269 225 2302 ὠδῖνα,
247 2270 294 2296 καὶ
317 2271 362 2298 τὸν
383 2272 535 2308 αὐτόματον
555 2273 668 2300 θάνατον
688 2274 763 2310 παρὰ
783 2274 830 2301 τοῦ
856 2275 918 2306 Ἐκ-

134 2315 297 2350 κλησιαστοῦ
315 2317 362 2344 νῦν
375 2319 412 2350 ὠς
425 2319 454 2345 ἐν
468 2319 568 2354 ἀρετῆς
581 2319 749 2356 κατορθώσει
764 2321 920 2356 προδείκνυ-

135 2361 206 2388 σθαι.
226 2363 293 2390 Οὔτε
316 2363 371 2399 γὰρ
393 2365 440 2391 ἐπὶ
455 2365 494 2401 τῷ
521 2365 652 2401 θελήματι
677 2367 726 2402 τῆς
753 2367 881 2400 γυναικὸς
901 2368 918 2402 ἡ

134 2406 198 2439 Mi;
209 2416 215 2422 ·
230 2407 291 2435 οὔτε
309 2410 337 2435 ὲν
351 2411 384 2446 τῇ
398 2412 555 2446 προαιρέσει
574 2412 629 2439 τῶν
642 2413 828 2440 τελευτώντων
842 2415 856 2441 ὁ
870 2414 919 2440 θά-

135 2461 222 2485 νατος.
242 2455 274 2481 '0
291 2454 319 2481 δὲ
334 2455 377 2490 ἐφ’
391 2457 457 2491 ἡμῖν
471 2458 520 2485 οὐκ
532 2458 615 2490 ἔστιν,
628 2459 690 2485 οὕτε
703 2459 802 2496 ἀρετὴν
814 2460 847 2487 ἄν
865 2469 919 2492 τις,

135 2497 196 2524 οὔτε
216 2498 314 2526 κακίαν
339 2500 476 2536 ὁρίσαιτο·
494 2502 590 2530 οὐκοῦν
612 2504 704 2539 νοῆσαι
725 2505 857 2540 προσήκει
873 2505 920 2532 τὸν

135 2543 215 2570 τάκον
234 2545 280 2571 τὸν
304 2544 447 2581 εὔκαιρον,
473 2548 520 2574 καὶ
543 2548 590 2575 τὸν
615 2549 644 2575 ὲν
668 2549 755 2584 καιρῷ
778 2550 918 2585 γινόμενον

136 2589 259 2617 θάνατον.
281 2591 357 2626 Ἐμοὶ
374 2592 447 2618 δοκεί
462 2593 541 2625 τόκος
560 2593 663 2630 ὥριμος
680 2595 728 2622 καὶ
743 2595 793 2622 οὐκ
809 2595 920 2630 ἀμϐλω·

136 2634 228 2671 θρίδης
241 2635 318 2668 εἶναι,
329 2638 402 2669 ὅταν,
414 2638 505 2670 καθώς
514 2648 596 2674 φησιν
612 2640 640 2667 'H
646 2641 734 2673 σαῒας,
745 2642 777 2668 ὲκ
788 2641 835 2668 τοῦ
847 2641 919 2668 θείου

92 2697 96 2700 -
134 2689 177 2713 τις
200 2682 282 2716 φόϐου
299 2684 472 2719 κυοφορήσας
489 2684 533 2711 διὰ
553 2685 607 2711 τῶν
627 2686 677 2721 τῆς
701 2686 789 2721 ψυχῆς
814 2687 918 2714 ὠδίνων

135 2726 185 2763 τὴν
205 2727 272 2754 ἰδίαν
293 2729 428 2764 σωτηρίαν
447 2731 575 2767 γεννήσῃ.
598 2731 717 2758 Ἐαυτῶν
740 2733 794 2767 γὰρ
818 2733 917 2768 τρόπον

88 2769 97 2795 “.
137 2770 197 2798 τινὰ
208 2771 324 2806 πατέρες
334 2773 473 2807 γινόμεθα,
485 2775 547 2801 ὅταν
558 2775 601 2802 διὰ
613 2776 662 2810 τῆς
673 2776 777 2812 ἀγαθῆς
792 2779 919 2813 προαιρέ-

137 2825 205 2848 ctu);
225 2817 323 2849 αὐτοὺς
342 2817 486 2853 πλάτωμέν
501 2829 528 2845 τε
552 2821 595 2846 καὶ
612 2822 796 2856 γεννήσωμεν,
817 2823 862 2848 καὶ
879 2824 918 2854 είς

974 907 1139 942 profundum
1156 913 1220 935 sunt
1236 907 1368 940 immersi,
1384 911 1411 935 et
1435 908 1468 935 ad
1491 915 1584 935 curam
1603 908 1757 935 futurorum

974 953 1086 980 excitet.
1104 952 1168 980 Haec
1193 953 1274 981 tacite
1292 952 1500 988 philosophatur
1515 954 1541 980 in
1562 954 1657 988 primis
1675 955 1758 981 libro-

973 1005 1035 1026 rum
1060 1005 1173 1026 suorum
1204 998 1432 1033 inscriptionibus
1459 997 1505 1026 Dei
1526 1007 1633 1034 quoque
1654 1000 1757 1027 amicus

972 1043 1073 1076 Moses,
1090 1044 1138 1079 qui
1155 1044 1248 1072 statim
1263 1051 1325 1072 cum
1341 1043 1451 1077 Genesi,
1465 1045 1537 1079 quod
1552 1051 1590 1072 est
1605 1047 1755 1079 generatio,

972 1090 1057 1117 simul
1070 1097 1180 1126 quoque
1196 1090 1310 1124 scripsit
1327 1089 1462 1122 Exodum,
1480 1090 1506 1117 id
1523 1095 1574 1123 est,
1588 1098 1730 1118 excessum
1747 1101 1754 1119 :

972 1138 1004 1162 ut
1025 1135 1072 1169 qui
1095 1143 1127 1163 ea
1150 1135 1270 1169 legerent
1292 1142 1353 1170 quae
1377 1135 1479 1169 scripta
1498 1140 1571 1168 sunt,
1597 1137 1679 1162 etiam
1709 1144 1756 1170 per
1792 1159 1797 1165 .

971 1179 1062 1214 ipsum
1078 1179 1202 1207 ordinem
1225 1180 1361 1208 librorum
1379 1188 1410 1207 ea
1427 1180 1564 1207 discerent
1581 1189 1640 1215 qua:
1665 1181 1698 1207 ad
1714 1190 1759 1209 se-

968 1225 1046 1259 ipsos
1070 1225 1216 1259 pertinent.
1243 1225 1337 1260 Neque
1360 1227 1432 1254 enim
1462 1227 1516 1253 lieri
1545 1230 1634 1261 potest
1663 1233 1692 1253 ut
1709 1228 1756 1262 qui

972 1269 1109 1302 Genesim,
1123 1271 1329 1306 generationem
1344 1271 1467 1306 inquam,
1481 1272 1607 1304 audierit,
1623 1280 1676 1299 non
1689 1272 1756 1300 Exo-

971 1317 1047 1347 dum.
1066 1318 1091 1345 id
1109 1321 1152 1345 est
1163 1325 1306 1358 excessum
1323 1318 1448 1352 protinus
1466 1318 1574 1352 cogitet.
1601 1318 1678 1351 Quod
1693 1319 1755 1353 qui-

971 1363 1032 1390 dem
1051 1363 1094 1390 hic
1107 1371 1216 1398 quoque
1235 1371 1366 1398 magnum
1384 1363 1551 1391 intellexisse
1571 1363 1754 1392 Ecclesiasten

971 1409 1136 1440 ostenditur,
1158 1413 1187 1436 ιιι
1202 1410 1246 1443 qui
1266 1409 1294 1436 in
1315 1409 1410 1436 eodem
1430 1410 1526 1437 ordine
1543 1411 1664 1444 posuerit
1683 1418 1755 1438 mor-

971 1458 1025 1482 tem
1041 1462 1096 1490 quo
1117 1455 1328 1490 generationem.
1349 1455 1469 1489 Tempus
1490 1459 1533 1482 est
1549 1455 1633 1487 enim,
1655 1456 1755 1490 inquit,

945 1500 953 1537 '_
972 1501 1255 1537 pariendi,ettempus
1270 1500 1413 1529 moriendi.
1428 1500 1519 1534 Venit,
1529 1502 1626 1536 inquit.
1636 1505 1754 1537 tempus.
1773 1496 1778 1505 “

971 1551 998 1573 et
1010 1550 1090 1574 natus
1108 1554 1167 1574 sum
1181 1555 1188 1579 ;
1204 1547 1292 1574 veniet
1307 1550 1424 1581 tempus,
1438 1551 1464 1574 et
1477 1547 1589 1574 moriar.
1608 1546 1637 1574 Si
1654 1547 1686 1574 ad
1705 1548 1755 1576 ltoc

971 1592 1127 1619 universum
1144 1592 1398 1627 aspiceremus,non
1414 1592 1511 1619 relicto
1531 1592 1581 1619 vite
1594 1593 1755 1627 compendio

971 1637 998 1664 in
1014 1637 1130 1664 circuitu
1146 1644 1208 1664 cum
1218 1637 1309 1672 impiis
1318 1637 1532 1669 ambularemus,
1553 1637 1645 1664 mundi
1662 1639 1709 1672 qui
1727 1639 1754 1665 in

969 1682 1062 1709 orbem
1073 1683 1269 1717 circumagitur
1279 1690 1372 1710 errore
1381 1688 1478 1710 nostra
1484 1688 1581 1717 sponte
1589 1684 1754 1715 erraules,in

970 1727 1090 1761 potentia
1101 1731 1127 1754 et
1140 1727 1268 1761 superbia
1278 1731 1306 1754 et
1314 1727 1427 1759 divitiis,
1438 1734 1487 1761 per
1501 1735 1562 1762 qua:
1571 1729 1597 1755 in
1612 1729 1754 1763 multiplici

970 1775 996 1799 et
1007 1772 1080 1798 varia
1089 1771 1171 1806 hujus
1182 1772 1274 1799 mundi
1284 1771 1326 1798 via
1336 1772 1476 1807 implicati,
1484 1780 1499 1800 e
1507 1772 1661 1807 labyrintho
1674 1774 1754 1806 hujus

969 1817 1032 1844 vita:
1045 1817 1146 1844 exitum
1162 1818 1274 1844 minime
1290 1817 1454 1850 invenimus,
1464 1825 1496 1844 eo
1511 1817 1570 1852 ipso
1589 1819 1660 1852 quod
1674 1819 1755 1845 vehe—

970 1868 1076 1891 menter
1086 1864 1250 1895 laborare,et
1263 1864 1383 1890 studium
1394 1863 1519 1890 vitientur
1526 1863 1663 1893 adhibere.
1674 1868 1755 1891 cel-tm

969 1913 996 1936 et
1007 1917 1022 1935 a
1031 1917 1083 1944 qua
1096 1908 1217 1936 aberrari
1231 1916 1283 1935 non
1295 1912 1384 1943 potest
1394 1909 1443 1935 via:
1455 1909 1532 1943 signa
1543 1908 1752 1936 confundentes.

971 1955 1056 1988 Quam
1074 1955 1158 1987 beati,
1177 1955 1276 1989 inquit,
1299 1959 1366 1982 sunt
1381 1955 1419 1981 illi
1437 1955 1572 1987 homines,
1588 1955 1635 1990 qui
1649 1962 1709 1990 qua:
1727 1956 1754 1982 iu

970 2001 1064 2028 orbem
1090 2000 1217 2028 feruntur
1242 2000 1389 2028 fraudibus
1406 2000 1487 2034 hujus
1502 2001 1565 2027 vitae
1583 2001 1696 2032 relictis,
1721 2001 1756 2028 ad

971 2046 1204 2081 compendiariam
1220 2046 1331 2074 virtutis
1342 2046 1414 2073 viam
1432 2054 1461 2073 se
1478 2045 1623 2073 conferunt
1636 2048 1643 2073 ι
1658 2046 1695 2072 Ea
1707 2054 1757 2073 au-

970 2097 1024 2120 tem
1044 2096 1097 2125 est,
1123 2092 1157 2119 ad
1182 2092 1250 2119 nihil
1269 2099 1365 2119 eorum
1384 2099 1444 2126 qua:
1470 2092 1514 2118 hic
1543 2095 1607 2119 sunt
1635 2092 1756 2118 atriolum

971 2142 1143 2171 convertere,
1161 2137 1210 2166 sed
1229 2137 1291 2164 acri
1306 2137 1397 2165 studio
1414 2139 1582 2165 contendere
1596 2137 1629 2164 ad
1644 2137 1670 2164 id
1683 2137 1757 2172 quod

935 2204 956 2231 Β
971 2191 1019 2219 per
1032 2183 1112 2211 ﬁdem
1130 2182 1158 2210 in
1174 2190 1223 2218 spe
1240 2186 1282 2210 est
1301 2183 1484 2218 propositum.
1496 2183 1573 2216 Quod
1592 2183 1697 2209 dictum
1715 2188 1757 2210 est

971 2234 1062 2257 autem
1089 2237 1188 2258 rursus
1213 2229 1411 2257 examinemus.
1435 2228 1555 2264 Tempus
1580 2232 1632 2261 est,
1657 2229 1756 2263 inquit,

971 2275 1107 2311 pariendi,
1123 2281 1151 2303 et
1163 2281 1272 2310 tempus
1283 2275 1428 2302 moriendi.
1446 2275 1554 2302 Utinam
1569 2274 1635 2302 mihi
1649 2282 1757 2309 quoque

971 2321 1063 2355 detur,
1078 2326 1108 2348 ut
1123 2322 1150 2348 in
1170 2326 1291 2356 tempore
1307 2328 1414 2352 nascar,
1433 2324 1460 2348 et
1477 2325 1628 2356 opportune
1643 2321 1754 2347 moriar!

973 2366 1057 2394 Nemo
1071 2367 1145 2394 enim
1157 2367 1257 2393 dixerit
1275 2366 1486 2393 involuntariam
1500 2366 1570 2393 hanc
1590 2366 1755 2400 partionem,

971 2415 998 2438 et
1014 2415 1192 2445 spontaneam
1216 2415 1331 2438 mortem
1348 2418 1421 2437 nunc
1436 2410 1544 2438 ostendi
1566 2410 1600 2437 ab
1617 2409 1755 2436 Ecclesia-

970 2461 1023 2488 ste,
1038 2461 1168 2491 tanquam
1184 2463 1217 2483 ex
1232 2463 1265 2483 eo
1282 2455 1318 2483 sit
1335 2460 1411 2482 recta
1433 2455 1543 2483 virtutis
1563 2456 1645 2482 actio.
1663 2455 1757 2490 Neque

970 2502 1043 2530 enim
1057 2506 1170 2537 propter
1183 2502 1309 2529 mulieris
1323 2501 1493 2529 voluntatem
1514 2501 1623 2528 exsistit
1638 2507 1734 2535 partus
1746 2510 1755 2528 :

971 2555 1060 2582 neque
1085 2555 1160 2575 mors
1183 2551 1226 2574 est
1248 2548 1276 2574 in
1303 2546 1492 2574 decedentium
1520 2547 1605 2574 libero
1629 2546 1753 2573 arbitrio.

972 2593 1051 2626 Quod
1072 2598 1162 2621 autem
1188 2600 1244 2620 non
1268 2593 1354 2620 estin
1380 2596 1473 2619 nostra
1498 2597 1641 2627 potestate,
1668 2599 1755 2625 neque

972 2639 1104 2666 virtutem
1125 2645 1214 2673 neque
1233 2638 1329 2665 vitium
1347 2638 1493 2672 quisquam
1510 2637 1656 2664 deﬁnierit.
1674 2636 1755 2663 ιιιιιιΙ⁴

973 2685 1059 2719 [igere
1076 2692 1141 2719 ergo
1164 2687 1270 2718 oportet
1285 2688 1395 2718 partum
1419 2683 1621 2718 tempestivum,
1637 2687 1664 2709 et
1681 2690 1754 2709 mor-

971 2735 1026 2758 tcm
1040 2738 1100 2765 qum
1121 2734 1164 2757 cst
1190 2731 1218 2757 in
1242 2734 1375 2764 tempore.
1402 2729 1467 2756 Milli
1495 2729 1604 2756 videtur
1629 2731 1752 2754 maturus

971 2785 1032 2804 esse
1051 2781 1145 2812 parlus
1174 2780 1201 2804 ct
1226 2783 1280 2803 non
1304 2776 1455 2808 abortivus,
1482 2775 1601 2810 quando,
1628 2778 1656 2801 ut
1685 2773 1752 2801 dicit

973 2822 1079 2855 Esaias,
1105 2831 1165 2850 cum
1192 2822 1327 2857 quispiam
1344 2830 1374 2849 cx
1401 2821 1446 2849 Dci
1470 2822 1565 2849 timore
1587 2819 1760 2858 court-periit
