1989 3070
242 131 294 158 ’103

863 133 890 161 S.
911 133 1074 164 GREGORII
1095 135 1241 163 NYSSENI

1806 122 1866 167 ἔοι

243 196 291 224 per
307 187 405 214 animae
420 187 448 214 in
468 192 548 222 partu
572 188 682 216 labores
697 197 775 217 suam
794 190 910 218 salutem
928 200 1026 226 genue-

1079 193 1137 226 φῶς
1153 193 1362 229 προαγάγωμεν.
1387 193 1472 221 Τοῦτο
1490 194 1519 221 δὲ
1537 194 1684 230 ποιοῦμεν,
1700 194 1744 222 διὰ
1760 195 1806 222 τοῦ
1821 195 1866 222 δέ·

243 234 288 260 rit.
305 233 391 260 Nobis
406 233 478 259 enim
506 233 573 268 ipsis
592 234 795 268 quodammodo
809 242 900 271 patres
921 245 1027 270 sumus,

241 278 352 313 quando
371 285 419 312 per
440 277 541 304 honuni
564 279 649 305 animi
667 280 834 313 institutum.
859 282 1030 317 liberumque

242 324 387 350 arbitrium
403 331 455 351 nos
473 324 547 358 ipsos
563 323 774 353 formaverimus
793 331 820 354 et
842 328 1028 362 genuerimus.

242 375 270 397 et
284 369 312 396 in
336 369 425 396 lucem
444 369 622 397 ediderimns.
636 368 692 397 Hoc
705 376 795 398 autem
810 371 923 399 facimus
937 380 969 399 ex
985 380 1028 406 eo,

242 415 316 450 quod
338 414 421 442 Deum
448 415 476 442 in
500 422 550 442 nos
566 415 641 450 ipsos
665 416 953 448 admittamus,eﬂ'ecti
981 417 1028 445 ﬁlii

245 461 291 488 Dei
311 465 338 488 et
353 460 402 488 ﬁlii
420 461 541 493 virtutis,
562 465 589 488 et
613 461 661 488 ﬁlii
678 462 823 490 Altissimi.
839 463 872 490 Et
891 471 941 490 nos
954 463 1028 498 ipsos

245 516 341 537 rursus
364 509 504 537 abortivos
531 509 650 543 edimus,
674 518 781 545 nosque
806 511 981 546 imperfectos
1001 515 1028 539 et

243 556 445 583 subventaneos
457 555 607 587 reddimus,
620 557 733 590 quando
740 565 796 584 non
809 557 891 585 fuerit
905 558 931 584 in
948 558 1027 585 nobis

245 602 444 631 l'orinata,sicut
455 602 493 628 ait
507 602 785 636 Apostolus,cChristi
800 603 1028 638 forma.»0portet

241 648 314 674 enim
329 647 464 682 integrum
480 652 506 674 et
518 647 665 681 perlectum
675 656 737 675 esse
744 649 881 676 hominem
891 649 947 677 Dei.
960 650 1029 677 lnte-

243 699 289 725 ger
299 697 389 718 autem
406 692 451 718 ille
463 693 574 719 omnino
586 697 637 725 est,
648 693 691 720 cui
700 694 819 728 perfecta
835 698 939 722 natura:
954 703 1028 722 conl-

243 737 315 770 pleta
330 736 381 763 fuit
397 737 476 764 ratio.
495 737 523 764 Si
540 738 600 772 quis
618 746 684 773 ergo
699 747 747 774 per
761 740 889 766 virtutem
907 741 1027 775 seipsum

243 781 290 808 Dei
310 781 393 808 ﬁlium
409 781 516 814 fecerit,
531 784 656 817 praaclari
669 784 751 818 hujus
764 789 841 812 ortus
856 789 967 820 accepta
979 793 1028 820 po-

242 830 351 859 testate,
376 827 400 853 is
424 826 499 853 novit
518 832 625 862 tempus
648 828 712 855 boni
739 832 845 862 partus,
873 833 901 856 et
930 830 1026 857 merito

1080 238 1175 271 ξασθαι
1193 240 1221 265 ἐν
1240 240 1348 271 ἑαυτοῖς
1364 239 1410 266 τὸν
1428 239 1504 272 Θεὸν,
1524 240 1606 266 τέκνα
1628 239 1706 272 Θεοῦ,
1722 241 1769 266 καὶ
1783 241 1867 268 τέκνα

1077 278 1228 318 δυνάμεως,
1247 284 1295 310 κα)⁵
1311 284 1364 310 uio!
1393 284 1520 319 Ὑψίστου
1540 285 1690 319 γενόμενοι.
1713 285 1767 312 Καὶ
1784 286 1866 312 πάλιν

1078 328 1191 361 ἑαυτοὺς
1212 329 1416 365 ἁμϐλίσκομεν,
1441 330 1488 356 καὶ
1509 331 1741 366 ἀτελεσφορήτους
1762 339 1791 357 τε
1817 332 1866 358 καὶ

1079 374 1244 410 ὑπηνεμίους
1270 374 1501 410 ἀπεργαζόμεθα,
1528 376 1591 402 ὅταν
1616 375 1653 411 μὴ
1683 376 1812 412 μορφωθῇ
1836 377 1865 403 ἐν

1078 419 1159 454 ἡμῖν,
1178 419 1268 451 καθώς
1285 428 1369 454 φησιν
1388 421 1402 446 6
1433 420 1606 453 Ἀπὸστολος,
1629 422 1666 457 vi]
1684 421 1731 447 τοῦ
1747 422 1864 456 Χριστοῦ

1079 464 1179 498 μορφή.
1192 473 1201 490 ι
1223 465 1269 490 Δεῖ
1282 465 1336 500 γὰρ
1351 463 1431 495 εἷναι,
1453 465 1546 501 φησὶν,
1566 466 1658 501 ἄρτιον
1677 466 1723 493 τὸν
1738 466 1784 493 τοῦ
1796 467 1864 494 Θεοῦ

1077 508 1227 544 ἄνθρωπον.
1266 510 1377 545 Ἀρτιος
1404 511 1431 538 δὲ
1457 511 1566 543 πάντως
1599 512 1703 543 ἐκεῖνός
1729 512 1815 546 ἐστιν,
1843 511 1865 548 ᾦ

1077 553 1186 586 τελείως
1198 554 1213 580 6
1226 555 1276 590 τῆς
1290 555 1397 588 φύσεως
1409 556 1643 592 συμπεπλήρωται
1656 556 1742 590 λόγος.
1761 558 1864 585 Οὐκοῦν

1077 599 1101 624 εί
1122 599 1171 633 μέν
1189 608 1231 631 τις
1251 599 1284 626 δι’
1301 601 1404 636 ἀρετῆς
1422 601 1517 628 τέκνον
1539 602 1606 628 Θεοῦ
1624 602 1719 629 ἑαυτὸν
1743 603 1864 639 ἐποίησε,

1077 643 1167 670 λαΰὼν
1184 645 1307 677 ἐξουσίαν
1319 647 1370 681 τῆς
1383 647 1520 681 εὐγενείας
1529 646 1639 683 ταύτης,
1653 647 1722 682 ἔγνω
1732 646 1808 681 οὗτος
1820 650 1865 682 τὸν

1076 689 1171 724 καιρὸν
1182 690 1230 725 τῆς
1249 691 1354 727 ἀγαθῆς
1366 692 1469 724 ὠδῖνος,
1479 693 1526 719 καὶ
1537 692 1637 728 χαίρει,
1652 694 1722 720 κατὰ
1735 694 1765 720 τὺ
1778 695 1865 728 Εὐαγ-

1076 735 1180 768 γέλιον,
1199 736 1330 769 εἰκότως,
1356 738 1396 764 ὅτι
1422 738 1553 774 ἐγεννήθη
1583 738 1724 774 ἄνθρωπος
1750 740 1789 771 είς
1819 741 1865 766 τὸν

1077 780 1187 814 κόσμον.
1222 781 1251 807 Ὁ
1278 781 1307 807 δὲ
1333 782 1477 816 γενόμενος
1502 783 1595 809 τέκνον
1619 784 1721 819 ὀργῆς,
1742 786 1789 811 καὶ
1809 784 1865 816 υἱὸς

1076 826 1224 858 ἀπωλείας,
1253 828 1300 853 καὶ
1322 828 1435 859 σκότους
1453 828 1578 863 ἔκγονος,
1603 830 1725 865 γέννημα
1748 831 1864 866 ἐχίδνης,

243 871 342 905 gaudet
356 871 548 913 convenienter
562 870 718 908 Evangelia,
736 873 810 908 quod
830 878 911 901 natus
927 875 962 901 sit
983 875 1026 901 ho-

1077 870 1186 904 ἔκγονον
1201 872 1293 905 κακὸν,
1313 873 1360 899 καὶ
1375 873 1409 900 τὰ
1428 873 1494 900 ἄλλα
1511 876 1597 902 πάντα
1616 876 1649 902 δι’
1667 873 1704 903 ὧν
1719 878 1733 903 ὁ
1748 878 1864 913 πονηρὸς

243 924 288 942 Ino
311 917 339 943 in
356 908 468 944 mundo.
493 917 545 950 Qui
566 923 658 945 autem
675 923 756 946 natus
773 924 815 946 est
838 919 910 947 [ilius
927 920 982 953 irae,
1001 924 1028 948 et

243 962 315 990 liiius
332 963 504 997 perditionis,
523 968 550 990 et
565 964 637 992 fetus
652 965 840 997 tenebrarum,
862 973 971 999 germen
987 966 1028 993 vi-

242 1015 324 1042 perae,
341 1009 430 1036 malus
455 1008 538 1042 fetus,
561 1014 588 1037 et
611 1010 665 1037 alia
689 1011 792 1042 omnia,
817 1012 918 1045 quibus
941 1012 1028 1039 malus

243 1053 313 1080 male
325 1053 400 1081 audit
418 1059 524 1088 partus,
550 1055 574 1083 is
594 1063 649 1082 non
665 1056 741 1082 novit
763 1060 872 1091 tempus
890 1056 962 1091 quod
985 1057 1027 1092 gi-

242 1099 300 1133 gnit
324 1099 435 1127 vitalia:
462 1103 504 1127 est
527 1101 600 1128 enim
627 1109 711 1128 unum
729 1106 838 1136 tempus
860 1103 970 1137 pariens
993 1103 1028 1130 ad

241 1145 335 1178 vitam,
348 1149 375 1172 et
395 1153 449 1172 non
467 1146 556 1180 plura.
576 1146 629 1179 Qui
650 1155 716 1182 ergo
732 1151 844 1182 propter
864 1148 1028 1183 importuni-

241 1193 324 1217 tatem
339 1195 446 1225 partum
466 1199 521 1219 non
535 1196 577 1220 est
593 1196 747 1224 assecutus,
762 1193 880 1228 seipsum
900 1195 1029 1228 parturiit

241 1235 377 1268 iutcritui,
392 1241 420 1263 et
434 1237 469 1264 ad
485 1242 601 1265 mortem
617 1245 674 1265 suae
691 1242 733 1265 est
748 1239 846 1266 anima:
862 1240 1028 1266 obstetrica-

240 1284 294 1308 tus.
313 1281 342 1308 Si
359 1286 402 1309 est
416 1287 506 1310 autem
528 1282 702 1317 perspicuum
728 1284 958 1318 quemadmodum
978 1291 1028 1311 na-

239 1326 342 1353 scimur
353 1327 380 1353 in
393 1333 525 1362 tempore,
540 1328 715 1361 perspicuum
724 1335 834 1362 quoque
845 1334 887 1356 est
900 1329 1027 1357 omnibus

239 1372 467 1406 quemadmodum
477 1373 612 1399 morimur
624 1373 652 1399 in
661 1373 1026 1408 tempore,quemadmodum

239 1421 336 1444 sancto
350 1417 435 1445 Paulo
451 1418 485 1444 ad
504 1418 602 1445 bonam
621 1421 736 1445 mortem
752 1425 833 1445 omne
848 1423 954 1453 tempus
969 1422 1028 1446 erat

239 1466 435 1497 opportunum.
446 1463 553 1490 Clamat
565 1463 639 1490 enim
655 1463 682 1490 in
699 1463 756 1491 suis
767 1463 1030 1498 scriptis,quodam-

240 1505 321 1532 modo
332 1504 588 1540 adjurans,quando
597 1506 681 1533 dicit:
696 1516 705 1531 ι
721 1506 850 1539 Quotidie
859 1508 971 1541 morior,
979 1515 1027 1543 per
1040 1527 1062 1556 ε

239 1554 358 1577 vestram
371 1551 561 1586 gloriatiouem
573 1552 645 1578 "iet
659 1552 727 1579 illud
741 1562 762 1579 ιι
776 1553 891 1588 Propter
901 1557 928 1581 te
939 1559 1028 1582 morte

239 1594 372 1621 aﬁicimur
388 1595 511 1629 quotidie
523 1596 556 1625 ⁸³,
569 1605 578 1623 ι
598 1595 631 1622 Et
646 1596 697 1631 ipsi
709 1597 737 1624 in
749 1597 827 1625 nobis
842 1598 909 1632 ipsis
918 1606 1028 1633 respon-

240 1647 300 1666 sum
309 1640 406 1668 mortis
418 1640 695 1669 habuimus.0mnino
707 1647 796 1670 autem
808 1651 862 1670 non
875 1647 917 1670 est
926 1644 1027 1672 obscu-

239 1692 311 1717 rum,
330 1686 557 1721 quemadmodum
576 1686 679 1715 Paulus
700 1688 816 1715 moritur
831 1688 964 1723 quotidie,
978 1689 1026 1723 qui

239 1738 380 1766 nunquam
395 1736 507 1766 peccato
524 1732 598 1765 vivit,
609 1733 656 1768 qui
678 1740 785 1767 semper
797 1733 919 1760 membra
931 1734 1024 1761 carnis

239 1777 397 1810 mortiﬁcat,
412 1782 440 1805 et
451 1778 686 1806 mortiﬁcationem
700 1778 825 1814 corporis
839 1778 942 1806 Chrisli
954 1779 980 1805 in
995 1787 1025 1807 se

239 1823 398 1851 circumfert
408 1825 441 1858 ν’,
456 1825 502 1860 qui
515 1832 623 1860 semper
636 1833 697 1852 cum
715 1825 825 1852 Christo
843 1825 1022 1860 cruciﬁgitur,

238 1869 286 1903 qui
303 1877 442 1905 nunquam
462 1870 610 1903 sibirvivit,
635 1870 683 1898 sed
704 1871 840 1898 viventem
863 1871 892 1898 in
911 1879 940 1898 se
964 1871 1023 1905 ipso

238 1915 476 1949 habetChristum,
491 1916 549 1943 haec
561 1923 620 1943 meo
630 1916 736 1950 judicio
751 1915 834 1943 fuerit
843 1924 916 1944 mors
925 1924 1024 1951 oppor-

239 1964 316 1992 tuna,
328 1968 389 1996 qua;
402 1969 472 1988 verte
483 1961 546 1988 vitae
559 1961 611 1987 fuit
623 1961 806 1988 conciliatrix.
823 1970 833 1985 ι
847 1961 901 1995 Ego
914 1970 923 1986 ι
939 1962 1023 1994 enim,

239 2005 339 2040 inquit,
349 2015 359 2031 ι
370 2006 506 2040 occidam,
514 2007 638 2034 etvivere
645 2006 742 2033 faciam
752 2006 774 2022 ³⁸
785 2015 792 2033 :
803 2016 812 2031 ι
825 2009 1022 2040 utpersuasum

1078 915 1247 943 διαϐάλλεται
1260 918 1348 950 τόκος,
1359 919 1410 945 οὐκ
1423 919 1493 954 ἔγνω
1503 921 1547 946 τὸν
1561 921 1744 955 ζωογονοῦντα
1757 923 1860 958 καιρόν-

1077 959 1117 993 si;
1132 962 1186 998 γὰρ
1205 963 1299 999 καιρὸς
1311 963 1411 991 τίκτων
1427 967 1467 997 εἰς
1479 965 1562 1002 ζωὴν,
1580 967 1627 993 καὶ
1640 968 1670 993 οὐ
1684 968 1784 994 πολλοί.
1798 967 1836 996 Οὗ
1849 971 1864 995 6

1076 1007 1233 1042 διαμαρτὼν
1256 1009 1285 1035 ὲν
1309 1010 1343 1045 τῇ
1362 1010 1475 1046 ἀκαιρία
1497 1011 1544 1038 τοῦ
1562 1012 1640 1039 τόκου
1654 1033 1661 1046 ,
1684 1015 1716 1048 τῇ
1741 1014 1864 1051 ἀπωλείᾳ.

1078 1051 1173 1078 ἑαυτὸν
1186 1052 1274 1086 ὥδινε,
1297 1054 1344 1080 καὶ
1358 1054 1397 1090 τῷ
1412 1054 1518 1090 θανάτῳ
1530 1055 1579 1091 τὴν
1590 1056 1678 1092 ψυχὴν
1689 1059 1863 1093 ὲμαιεύσατο.

1077 1097 1108 1124 El
1125 1097 1153 1123 δὲ
1174 1099 1289 1134 φανερόν
1308 1099 1366 1126 ἐστι
1386 1100 1444 1132 πῶς
1461 1102 1489 1128 ὲν
1505 1102 1593 1137 καιρῷ
1610 1103 1768 1138 τικτόμεθα,
1784 1104 1864 1139 δῆλον

1078 1143 1144 1169 πᾶσι
1159 1143 1216 1175 πῶς
1227 1144 1256 1171 ὲν
1271 1144 1359 1180 καιρῷ
1372 1146 1590 1182 ἀποθνήσκομεν,
1603 1146 1660 1174 οἷον
1674 1150 1728 1181 πᾶς
1738 1150 1777 1185 τῷ
1793 1151 1864 1186 ἁγίῳ

1077 1188 1176 1224 Παύλῳ
1191 1189 1283 1225 καιρὸς
1293 1191 1340 1217 τοῦ
1353 1191 1455 1225 ἀγαθοῦ
1473 1192 1586 1219 θανάτου
1603 1193 1729 1230 εὔκαιρος
1747 1194 1791 1231 ἦν.
1810 1197 1864 1232 Boi.

1077 1234 1165 1269 γὰρέν
1184 1237 1238 1266 τοίς
1250 1236 1324 1268 ἰδίοις
1334 1237 1433 1271 λόγοις,
1452 1237 1560 1274 ἔνορκον
1576 1240 1677 1275 τρόπον
1692 1243 1752 1268 τινὰ
1771 1243 1862 1269 ποιού-

1079 1287 1170 1314 μενος,
1195 1281 1224 1307 ὲν
1243 1278 1284 1312 οἷς
1299 1290 1390 1316 φησιν,
1401 1282 1442 1308 ὃτι
1465 1292 1475 1309 ι
1487 1284 1555 1310 Καθ’
1570 1285 1674 1321 ἡμέραν
1690 1287 1862 1323 ἀποθνήσκω,

1077 1323 1109 1359 νὴ
1124 1324 1172 1359 τὴν
1189 1325 1325 1361 ὑμετέραν
1341 1326 1474 1362 καύχησιν
1485 1337 1491 1343 -
1511 1338 1520 1354 ι
1544 1330 1590 1356 καὶ
1612 1330 1652 1363 τὸ,
1669 1339 1678 1356 ι
1694 1331 1795 1359 Ἕνεκα
1815 1333 1862 1360 σοῦ

1078 1368 1263 1405 θανατούμεθα
1291 1372 1381 1398 πᾶσαν
1410 1373 1526 1408 ἡμέραν.
1541 1384 1550 1400 ι
1568 1376 1624 1401 Καὶ
1653 1376 1730 1403 αὐτοὶ
1752 1378 1781 1404 ὲν
1802 1379 1864 1404 ἑαυ-

1076 1416 1133 1447 τοῖς
1154 1415 1182 1442 τὸ
1200 1416 1342 1452 ἀπόκριμα
1361 1417 1407 1444 τοῦ
1431 1418 1546 1446 θανάτου
1565 1420 1732 1456 ἐσχήκαμεν.
1751 1423 1862 1456 Πάντως

1076 1461 1104 1488 δὲ
1120 1461 1170 1488 οὐκ
1187 1461 1283 1496 ἄδηλον
1305 1462 1364 1494 πῶς
1377 1463 1543 1499 ἀποθνήσκει
1560 1466 1620 1492 καθ’
1636 1467 1742 1502 ἡμέραν
1758 1469 1771 1494 6
1790 1469 1864 1495 Παῦ-

1077 1506 1132 1538 λος,
1149 1507 1162 1533 6
1178 1507 1312 1542 μηδέποτε
1331 1509 1364 1543 τῇ
1385 1509 1506 1545 ἁμαρτίᾳ
1519 1510 1584 1544 ζῶν,
1599 1512 1613 1537 6
1629 1512 1671 1538 ἀεὶ
1683 1513 1716 1539 τὰ
1733 1513 1800 1549 μέλη
1813 1514 1863 1548 τῆς

1079 1553 1179 1587 σαρκὸς
1192 1553 1307 1589 νεκρῶν,
1330 1554 1377 1580 καὶ
1395 1555 1444 1590 τὴν
1458 1556 1590 1591 νέκρωσιν
1609 1557 1656 1584 τοῦ
1675 1558 1799 1594 σώματος
1815 1559 1862 1586 τοῦ

1076 1598 1196 1633 Χριστοῦ
1209 1599 1237 1625 ὲν
1249 1599 1337 1634 ἑαυτῷ
1351 1600 1518 1636 περιφέρων,
1531 1603 1545 1628 6
1558 1602 1671 1630 πάντοτε
1686 1605 1795 1640 Χριστῷ
1814 1614 1863 1633 συ-

1077 1643 1285 1679 σταυρούμενος,
1299 1645 1313 1671 ό
1328 1645 1464 1680 μηδέποτε
1485 1647 1574 1682 ἐαυτῷ
1587 1647 1641 1680 ζῶν
1652 1669 1659 1681 ,
1685 1650 1752 1677 ἀλλὰ
1774 1651 1862 1684 ζῶντα

1075 1688 1145 1723 ἔχων
1164 1690 1192 1715 ὲν
1216 1690 1303 1725 έαυτῷ
1326 1690 1372 1717 τὸν
1391 1691 1519 1727 Χριστόν·
1529 1690 1607 1724 οὗτος
1628 1694 1661 1721 ἂν
1679 1695 1722 1730 εἴη
1739 1697 1810 1724 κατά
1829 1706 1862 1732 γε

1076 1733 1125 1769 τὴν
1139 1734 1274 1770 ἡμετέραν
1290 1736 1379 1771 κρίσιν
1393 1738 1408 1764 6
1422 1736 1549 1773 εὔκαιρος
1563 1738 1686 1773 θάνατος,
1700 1742 1714 1767 6
1726 1742 1776 1778 τῆς
1794 1742 1864 1778 ἀλη-

1077 1778 1138 1810 θοῦς
1151 1779 1223 1815 ζωῆς
1241 1781 1383 1815 γενόμενος
1399 1782 1537 1817 πρόξενος.
1554 1792 1563 1809 ι
1575 1784 1646 1819 Ἐγὼ
1663 1795 1673 1812 ι
1692 1786 1760 1822 γὰρ,
1770 1789 1862 1823 φησιν,

1079 1837 1088 1853 ι
1102 1828 1242 1855 ἀποκτενῶ
1258 1830 1303 1856 καὶ
1314 1830 1364 1866 ζῇν
1381 1831 1496 1866 ποιήσω·
1512 1841 1522 1858 ι
1539 1832 1577 1864 ὡς
1595 1835 1738 1862 πεπεῖσθαι
1756 1836 1862 1870 άληθῶς

1076 1874 1143 1900 Θεοῦ
1160 1875 1245 1911 δῶρον
1265 1873 1334 1904 εἶναι
1352 1878 1382 1904 τὸ
1403 1879 1572 1914 νεκρωθῆναι
1594 1882 1627 1916 τῇ
1652 1882 1774 1918 ἁμαρτίᾳ
1787 1904 1793 1913 ,
1815 1885 1863 1910 καὶ

1076 1919 1278 1956 ζωοποιηθῆναι
1289 1922 1328 1957 τῷ
1341 1923 1487 1958 πνεύματι.
1502 1925 1551 1951 Διὰ
1566 1926 1620 1961 γὰρ
1633 1926 1680 1953 τοῦ
1692 1929 1861 1960 ἀποκτεῖναι,

1076 1963 1216 1995 ζωοποιεῖν
1233 1967 1431 2001 ἐπαγγέλλεται
1445 1970 1462 2005 ἡ
1476 1969 1535 1996 θεία
1551 1972 1626 2007 φωνή
1638 1980 1644 1987 ·
1659 1972 1750 2008 ὅμοιον
1763 1974 1791 2000 δὲ
1806 1977 1862 2007 τοῖς

1074 2010 1229 2045 εἰρημένοις
1249 2012 1296 2039 καὶ
1314 2013 1345 2039 τὺ
1365 2014 1508 2049 ἑπόμενον·

238 2052 275 2078 sit
293 2059 356 2079 vere
377 2052 424 2079 Dei
445 2059 507 2080 esse
526 2053 640 2085 donum,
667 2055 806 2079 mortuum
841 2059 903 2080 esse
920 2057 1043 2087 peccato,
1063 2060 1090 2082 et
1106 2056 1273 2085 viviﬁcatum
1295 2059 1404 2094 spiritu.
1429 2059 1575 2095 Propterea
1604 2063 1676 2090 enim
1699 2065 1772 2099 quod
1788 2066 1863 2093 occi-

237 2096 319 2130 derit,
341 2097 482 2125 viviﬁcare
507 2098 643 2132 promittit
665 2105 719 2125 vox
745 2097 849 2125 divina.
872 2099 909 2126 lis
933 2103 1025 2127 autem
1045 2109 1105 2137 quae
1118 2103 1194 2130 dicta
1215 2110 1297 2137 sunt,
1317 2106 1406 2133 simile
1435 2115 1544 2143 quoque
1556 2113 1597 2136 est
1620 2110 1693 2144 quod
1708 2096 1860 2146 sequitur:

272 2143 300 2170 2.
317 2151 327 2168 ι
345 2142 476 2178 Tempus,
497 2153 506 2169 ι
529 2143 628 2179 inquit,
659 2153 668 2170 ι
693 2145 847 2179 plantandi,
871 2150 899 2174 et
912 2150 1019 2181 tempus

1087 2151 1097 2169 ε
1107 2150 1219 2185 Καιρὺς,
1230 2151 1305 2187 φησὶ,
1318 2152 1365 2178 τοῦ
1379 2142 1520 2187 φυτεῦσαι,
1534 2155 1578 2182 κα)
1595 2142 1689 2192 καιρὸς
1700 2142 1862 2188 τοῦεκτῖλαε

239 2188 372 2216 evellendi
389 2189 462 2224 quod
487 2189 642 2224 plantatum
665 2194 719 2218 est.
741 2200 750 2216 ι
778 2190 888 2219 Scimus
906 2192 969 2227 quis
988 2192 1026 2220 sit

239 2239 332 2261 noster
354 2235 483 2268 agricola,
500 2238 527 2262 et
547 2242 610 2266 nos.
631 2235 775 2270 cujusnam
797 2237 883 2264 simus
906 2238 1026 2272 agricul-

240 2283 313 2306 tura.
334 2279 402 2307 Nam
424 2280 491 2307 illud
514 2280 625 2315 quidem
640 2288 654 2308 a
671 2281 792 2315 Christo,
811 2282 863 2310 hoc
878 2288 968 2311 autem
983 2283 1026 2311 di-

239 2325 356 2353 dicimus
373 2332 389 2352 a
408 2333 488 2353 servo
504 2326 608 2354 Christi
632 2325 729 2354 Paulo.
749 2327 821 2355 Dicit
835 2329 908 2355 enim
933 2328 1026 2356 Domi—

239 2378 314 2398 nus:
336 2379 346 2396 ι
373 2371 454 2399 Pater
477 2379 557 2400 meus
578 2373 700 2406 agricola
727 2378 768 2401 est
782 2373 817 2401 ⁸⁸.
839 2383 850 2400 ι
875 2375 1024 2410 Apostolus

238 2420 329 2443 autem
355 2417 436 2444 nobis
459 2417 548 2445 dicit:
576 2426 586 2443 ‹
605 2417 653 2445 Dei
675 2419 844 2453 agricultura
868 2421 937 2448 estis
953 2422 987 2448 ".
1012 2430 1021 2447 ι

239 2461 352 2496 Magnus
375 2469 440 2496 ergo
466 2462 586 2497 agricola
603 2464 656 2490 scit
680 2464 768 2490 solum
793 2464 864 2491 bona
888 2465 1024 2499 plantare.

241 2516 250 2533 ι
285 2507 422 2535 Plantavit
449 2509 522 2536 enim
541 2509 613 2537 Deus
639 2510 797 2544 paradisum
828 2510 856 2536 in
885 2510 968 2538 Edem
990 2511 1024 2537 ad

238 2553 376 2580 Orientem
400 2554 423 2570 ⁸⁸
447 2562 454 2581 :
483 2563 494 2580 ι
517 2555 593 2582 vellit
619 2559 709 2582 autem
726 2563 757 2583 ea
769 2563 830 2590 quae
852 2559 917 2582 sunt
944 2556 1023 2584 bonis

238 2600 389 2627 contraria.
409 2609 420 2626 ι
435 2599 530 2628 Omnis
543 2600 616 2627 enim
630 2601 762 2635 plantatio
777 2608 860 2636 quam
876 2609 930 2629 non
944 2602 1022 2636 plan~

239 2645 306 2671 tavit
324 2645 405 2673 Pater
413 2653 489 2673 meus
516 2645 649 2678 celestis,
671 2646 859 2673 eradicabitur
871 2647 903 2672 ⁸⁸.
925 2657 934 2673 ι
952 2646 1022 2673 Pha-

239 2691 338 2718 risaica
353 2698 417 2725 ergo
429 2691 530 2717 malitia
540 2694 568 2718 et
579 2690 767 2723 incredulitas,
783 2696 810 2719 et
823 2691 922 2727 ingrati
937 2692 1021 2720 animi

274 2779 296 2794 ⁸¹
316 2778 321 2803 Ι
339 2778 399 2805 Cor.
421 2786 465 2808 xv,
479 2778 508 2804 5i

239 2819 281 2845 ιιι,
299 2813 323 2840 5.
362 2813 384 2827 "
404 2813 470 2840 Gcn.
490 2821 520 2844 ιι,
536 2813 562 2840 8.
601 2814 622 2829 ⁸³³
644 2813 843 2848 MultlI.X\',l5.

1073 2195 1103 2221 τὸ
1129 2196 1504 2237 πεφυτευμένονθοῖδαμὲν
1528 2201 1570 2233 τίς
1593 2203 1673 2237 ήμῶν
1695 2203 1708 2229 6
1729 2205 1860 2241 γεωργὸς,

1073 2242 1221 2286 καὶγήμεῖς
1243 2242 1315 2274 τινος
1337 2243 1480 2280 γεώργιον.
1504 2246 1540 2272 Τὸ
1563 2247 1612 2282 μὲν
1628 2248 1683 2284 γὰρ
1699 2250 1775 2285 παρὰ
1793 2250 1862 2286 Χρι-

1073 2285 1154 2318 στοῦ,
1170 2286 1201 2312 τὸ
1217 2286 1244 2313 δὲ
1266 2287 1341 2323 παρὰ
1362 2288 1409 2316 τοῦ
1426 2289 1520 2317 δούλου
1534 2291 1580 2318 τοῦ
1602 2293 1719 2328 Χριστοῦ
1735 2285 1862 2331 μεμαθή-

1073 2339 1161 2366 καμεν
1181 2330 1298 2360 Παύλου.
1321 2333 1349 2360 '0
1374 2335 1423 2370 μὲν
1448 2335 1502 2371 γὰρ
1517 2337 1619 2372 Κύριός
1635 2346 1726 2373 φησιν,
1743 2339 1783 2366 ὅτι
1801 2350 1810 2366 ι
1832 2341 1861 2367 '0

1073 2377 1167 2412 Πατήρ
1185 2386 1235 2413 μου
1259 2379 1380 2414 γεωργός
1398 2381 1489 2408 ἔστιν·
1506 2383 1540 2408 »ὁ
1558 2382 1586 2409 δὲ
1612 2383 1771 2416 Ἀπόστολος
1792 2386 1861 2421 πρὸς

1072 2423 1146 2458 ἡμᾶς
1155 2423 1238 2458 λέγει·
1255 2425 1295 2451 ὃτι
1307 2435 1318 2450 ι
1333 2425 1400 2452 Θεοῦ
1414 2426 1548 2462 γεώργιέν
1559 2429 1629 2455 ἐστε.
1641 2438 1650 2454 ι
1671 2430 1700 2456 '0
1715 2428 1760 2457 οὖν
1773 2431 1859 2466 μέγας

1073 2469 1194 2509 γεωργὸς
1208 2471 1241 2497 τὰ
1253 2471 1341 2505 ἀγαθὰ
1355 2472 1480 2506 φυτεύειν
1496 2473 1639 2501 ἐπίσταται
1651 2475 1739 2510 μόνον.
1751 2485 1760 2501 ι
1777 2477 1860 2511 Ἐφὺα

1073 2522 1153 2540 τευσε
1174 2514 1229 2551 γὰρ
1244 2517 1258 2542 6
1280 2516 1346 2548 Θεὸς
1367 2518 1529 2552 παράδεισον
1543 2521 1572 2546 ὲν
1597 2520 1679 2556 Ἐδὲμ
1698 2522 1768 2549 κατὰ
1790 2523 1861 2549 ἀνα-

1075 2558 1190 2596 στολὰς.)
1204 2559 1237 2586 τὰ
1251 2561 1279 2587 δὲ
1294 2562 1402 2589 ἐναντία
1412 2564 1468 2594 τοῖς
1475 2564 1586 2598 ἀγαθοῖς
1594 2565 1742 2594 ἀποτίλλει.
1757 2576 1767 2592 ‹
1781 2569 1859 2594 Πᾶσα

1075 2603 1130 2638 γὰρ
1147 2605 1242 2638 φυτεία
1256 2606 1289 2641 ἢν
1312 2606 1362 2633 οὐκ
1381 2607 1527 2642 ἐφύτευσεν
1554 2611 1568 2636 6
1596 2611 1688 2647 Πατήρ
1719 2622 1768 2648 μου
1787 2614 1800 2640 6
1814 2614 1860 2640 οὑ-

1076 2647 1177 2682 ράνιος,
1190 2649 1413 2686 ἐκριζωθήσεται.
1431 2661 1441 2678 ι
1460 2653 1564 2680 Οὐκοῦν
1577 2654 1593 2689 ἡ
1614 2656 1763 2690 φαρισαῖκιὶκ
1777 2656 1858 2683 κακία

1074 2701 1105 2719 τε
1126 2694 1172 2720 καὶ
1187 2695 1314 2728 ἀπιστία,
1330 2697 1376 2723 καὶ
1391 2698 1407 2733 ἠ
1427 2697 1496 2733 πρὸς
1518 2699 1552 2726 τὰ
1566 2699 1697 2735 γινόμενα
1719 2701 1794 2737 παρὰ
1810 2699 1858 2729 τοῦ

562 2778 584 2794 ’⁸³
601 2778 683 2818 ῇοιῃ.
702 2780 831 2818 v_m.56-_
845 2781 868 2797 ⁸⁸
888 2782 907 2810 ll
934 2783 997 2810 Cor.
1015 2791 1022 2810 ι

1076 2783 1108 2810 .0.
1147 2783 1170 2799 ⁸⁸
1183 2774 1367 2816 υοιιι.ἰικιι,
1384 2784 1427 2812 39.
1466 2783 1635 2818 "‘Joan.xv,
1659 2786 1682 2812 l.
1719 2787 1768 2814 "l
1792 2786 1856 2816 Cor.
