1989 3070
125 135 176 162 705

657 129 690 158 ΙΝ
708 128 977 157 ECCLESIASTEN.
1005 127 1146 156 llOMILIA
1164 129 1206 158 Vl.

1699 133 1750 162 706

125 193 227 231 Κυρίου
241 191 368 228 Θαῦματα
395 191 590 227 ἀγνωμοσύνη,
609 190 695 218 ταῦτα
714 190 748 217 τὰ
767 190 839 224 φυτά
856 190 909 216 ἐστι

965 189 1068 216 crimen
1085 189 1118 216 ad
1135 196 1165 216 ea
1181 197 1241 223 qua:
1258 197 1271 216 a
1294 190 1408 218 Domino
1425 191 1495 218 facta
1518 196 1583 219 sunt
1604 192 1748 226 miracula,

127 241 157 267 ri
183 238 370 273 ὲκτιλλόμενα.
395 237 454 272 Χρὴ
476 237 530 272 γὰρ
560 236 742 272 ἐπικρατῆσαι
769 235 799 262 τὸ
824 236 910 270 κήρυ-

124 294 182 320 γμα
197 285 246 320 τῆς
257 285 402 319 σωτηρίας.
420 293 429 309 ι
445 283 505 319 Χρὴ
519 282 689 318 κηρυχθῆναι
702 281 732 308 τὺ
746 281 910 315 Εὐαγγέλιον

124 333 152 358 ἐν
166 331 219 365 ὂλῳ
234 330 272 365 τῷ
284 330 387 364 κόσμῳ.
404 339 413 355 ν
433 328 492 364 Χρὴ
506 329 595 355 πᾶσαν
606 327 732 361 γλῶσσαν
748 326 909 362 ἐξομολογή-

126 375 223 403 mm
237 375 278 401 ὅτι
297 375 398 409 Κύριος
423 373 526 409 Ἰησοῦς
552 373 667 407 Χριστὸς
690 373 730 404 είς
750 371 827 403 δόξαν
841 371 909 397 Θεοῦ

124 421 240 456 Πατρός.
264 420 341 446 Ἐπεὶ
363 418 409 446 οὖν
424 419 510 446 ταῦτα
532 418 659 453 γενέσθαι
681 417 734 453 χρὴ
750 417 908 454 πάντως,ή

124 466 171 493 νῦν
186 464 374 501 ὲπικρατοῦσά
387 472 467 491 τινων
481 464 593 490 ἀπιστία
606 464 656 489 οὐκ
670 463 743 489 ἔστιν
756 463 788 489 ὲκ
800 463 848 498 τῆς
862 462 909 488 τοῦ

123 512 231 547 Πατρδς
244 511 370 546 φυτείας,
384 511 452 537 ἀλλὰ
465 510 512 537 τοῦ
529 510 764 546 παρασπείροντος
784 509 819 536 τὰ
831 509 909 541 ζιζά-

123 567 178 590 νια,
194 558 210 592 ἢ
225 557 270 583 τοῦ
287 555 523 592 παραφυτεύοντος
540 556 579 591 τῷ
592 555 748 591 Δεσποτικῷ
769 554 909 590 ἀμπελῶνι

122 603 173 639 τὴν
196 602 344 637 Σοδομικὴν
363 601 530 637 κληματίδα,
547 603 636 637 Ὅπερ
650 599 696 628 οὖν
718 603 746 628 ὲν
763 601 802 636 τῷ
819 602 908 635 Εὐαγ-

123 649 205 684 γελίῳ
223 648 300 683 παρὰ
319 647 369 682 τῆς
386 647 554 682 Δεσποτικῆς
582 647 672 682 φωνῆς
695 646 906 681 ἐπαιδεύθημεν·

122 694 202 720 τοῦτο
212 693 259 720 νῦν
273 693 320 720 καὶ
332 695 360 719 ἐν
374 692 413 727 τῷ
425 692 565 728 αἰνίγματι
576 692 621 718 τοῦ
635 691 846 727 Ἐκκλησιαστοῦ
860 692 910 718 est.

123 739 274 775 δάχθημεν,
287 739 328 766 ὅτι
340 738 421 770 αὐτὸς
437 738 530 772 καιρός
546 739 604 765 ἐστι
623 738 653 764 τό
670 746 699 764 τε
719 738 850 773 σωτήριον
859 737 909 772 τῆς

124 785 241 815 πίστεως
255 783 337 818 φυτὸν
352 782 568 819 παραδέξασθαι,
586 783 616 809 τὸ
639 782 704 809 αὐτὸ
718 783 768 817 τῆς
782 783 909 814 ἀπιστίας

123 830 249 858 ἀποτῖλαι
264 829 392 862 ζιζάνιον.
413 830 445 855 Ὃ
467 828 496 855 δὲ
509 829 555 855 ἐπὶ
580 828 679 864 μέρους
694 828 759 864 περὶ
774 828 821 854 τοῦ
839 827 909 854 κατὰ

964 235 1005 262 lue
1029 235 1129 270 plantae
1155 240 1219 263 sunt
1246 243 1306 270 qua:
1332 237 1494 264 erclluntur.
1512 237 1651 265 Dominari
1675 239 1747 266 enim

963 284 1071 315 oportet
1095 281 1262 316 praeconium
1282 282 1388 309 salutis.
1406 282 1519 317 Oportet
1535 283 1617 310 etiam
1644 284 1747 311 invale-

963 334 1040 354 scere
1064 327 1287 362 praedicationem
1315 328 1422 355 salutis.
1441 338 1450 354 ι
1484 328 1597 364 Oportet
1626 330 1748 366 Evange-

962 372 1029 400 lium
1044 373 1185 408 praedicari
1203 373 1230 400 in
1247 377 1304 400 toto
1317 374 1419 401 mundo
1432 374 1466 400 ’°.
1486 384 1495 400 ι
1512 374 1623 409 Oportet
1638 384 1746 403 onmem

963 417 1084 452 linguam
1105 418 1241 450 conﬁteri,
1269 419 1342 453 quod
1368 418 1500 446 Dominus
1523 418 1604 447 Iesus
1620 420 1747 448 Christus

963 462 991 490 in
1010 462 1124 497 gloriam
1149 462 1196 490 Dei
1213 462 1304 491 Patris
1320 464 1353 490 “.
1374 463 1510 496 Quoniam
1533 472 1598 500 ergo
1615 465 1672 492 haec
1686 473 1746 492 om-

962 509 1029 535 nino
1046 508 1104 536 ﬁeri
1119 513 1236 543 oportet,
1252 517 1313 544 qua:
1330 518 1404 537 nunc
1424 510 1451 537 in
1467 511 1608 539 nonnullis
1623 511 1748 538 domina-

963 558 1007 582 tur
1023 555 1213 587 incredulitas,
1227 563 1283 583 non
1305 561 1348 585 est
1363 565 1395 584 ex
1412 555 1577 590 plantatione
1585 557 1686 589 Patris,
1698 558 1746 585 sed

961 599 1022 635 ejus
1036 600 1081 634 qui
1094 600 1294 635 superseminat
1305 601 1420 633 zizania,
1434 602 1476 628 vel
1491 602 1536 635 qui
1549 601 1627 636 juxta
1640 602 1746 629 vineam

961 645 1070 673 Domini
1083 646 1222 681 palmitem
1239 646 1344 681 plantat
1358 646 1550 674 Sodomorum.
1566 647 1644 680 Quod
1664 647 1747 682 igitur

961 692 990 719 in
1007 691 1155 727 Evangelio
1171 691 1320 719 didicimus
1337 699 1351 718 a
1369 699 1435 720 voce
1452 692 1571 726 Domini,
1595 693 1647 720 hoc
1673 701 1746 721 nunc

961 745 1071 772 quoque
1096 738 1239 772 aenigmate
1263 737 1357 764 docuit
1381 745 1432 765 nos
1457 737 1646 771 Ecclesiastes,
1671 739 1745 774 quod

961 783 1033 809 idem
1049 786 1091 810 est
1103 786 1211 817 tempus
1228 786 1256 810 et
1273 783 1422 810 salutarem
1441 782 1502 810 ﬁdei
1519 784 1639 817 plantam
1656 784 1746 811 susci-

963 827 1066 862 piendi,
1092 832 1120 855 et
1148 826 1237 863 ipsum
1260 827 1462 855 incredulitatis
1485 828 1580 855 lo‘lium
1601 827 1744 856 evellendi.

127 875 172 911 ιὴν
196 875 288 901 πίστιν
312 873 523 909 κατορθώματος
546 873 669 909 εἴρηται,
687 872 766 899 τοῦτο
792 873 839 900 καὶ⁷
863 873 909 899 ἐπὶ

960 873 1038 907 Quod
1055 879 1145 901 autem
1163 874 1191 900 in
1209 878 1286 909 parte
1302 874 1405 902 dictum
1421 878 1463 902 est
1482 874 1516 901 de
1532 881 1564 901 eo
1583 874 1655 909 quod
1673 878 1746 902 recte

125 920 214 955 πάσης
227 919 327 955 ἀρετῆς
342 918 495 950 ἀκολούθως
509 918 541 945 ἄν
555 927 596 949 τις
611 919 725 954 νοήσειε.
745 918 848 954 Καιρὺς
862 918 908 945 τοῦ

124 965 255 1000 φυτεῦσαι
271 964 320 999 τὴν
343 963 520 998 σωφροσύνην
545 964 592 990 καὶ
608 963 711 990 mna:
725 963 756 991 τὺ
777 963 827 998 τῆς
845 963 909 990 ἁκο-

122 1009 217 1041 λασίας
241 1009 333 1044 φυτόν.
356 1007 434 1035 υῦτω
455 1009 502 1035 καὶ
521 1008 692 1044 δικαιοσύνης
714 1008 908 1044 φυτευθείσης,

124 1055 320 1091 ἀπορῤιζοῦται
336 1055 367 1081 τὸ
381 1054 472 1081 ἄδικον
484 1054 635 1089 βλάστημα,
651 1055 696 1082 καὶ
711 1055 742 1081 τὸ
756 1055 806 1090 τῆς
819 1063 910 1082 ταπει-

125 1101 290 1138 νοφροσύνης
306 1100 399 1134 φυτὸν,
419 1100 465 1127 τδν
477 1100 560 1134 τῦφον
579 1100 725 1136 ἀνέτρεψε,
738 1101 756 1136 ἦ
768 1109 797 1127 τε
815 1101 909 1136 ἀγάπη

125 1148 297 1183 βλαστήσασα
308 1148 338 1174 τὺ
351 1147 469 1183 πονηρὸν
483 1146 530 1173 τοῦ
545 1147 639 1182 μίσους
648 1146 754 1182 δένδρον
765 1146 910 1182 ἐξήρανεν·

124 1193 217 1229 ὥσπερ
233 1193 280 1220 καὶ
298 1194 329 1220 ὲκ
338 1193 384 1219 τοῦ
399 1193 520 1220 ἐναντίου
533 1192 650 1228 δένδρου,
665 1192 758 1227 μίσους
773 1192 909 1228 δηλαδὴ,ὴ

125 1239 215 1267 ἀδικία
239 1238 429 1274 πληθυνομένη
455 1238 504 1274 τὴν
520 1238 630 1272 ἀγάπην
649 1237 799 1272 κατέψυεε,
814 1239 860 1264 καὶ
876 1238 910 1265 τὰ

125 1285 194 1312 ἄλλα
210 1284 298 1312 πάντα
314 1283 384 1310 κατὰ
401 1283 446 1310 τὸν
466 1283 546 1310 αὐτὸν
560 1283 674 1319 τρόπον,
688 1282 731 1309 ἵνα
748 1283 786 1318 μὴ
802 1283 835 1310 τὰ
849 1283 910 1310 καθ’

124 1330 239 1356 ’ἑκαστον
251 1329 377 1362 λέγοντες
391 1327 590 1363 διατρίϐωμεν,
609 1327 709 1362 ὁμοίως
729 1326 864 1359 νοοῦντες,
879 1327 909 1354 οὺ

125 1374 329 1410 σφσλησόμεθα.
350 1374 436 1402 Πάλιν
455 1375 469 1401 ὁ
482 1373 582 1410 ἐφεξῆς
599 1374 677 1408 λόγος
697 1372 840 1408 σύμφωνος
853 1375 910 1406 τοῖς

125 1421 371 1456 προεξητασμένοις
384 1420 452 1447 ὲστί.

165 1476 174 1492 ι
189 1466 291 1502 Καιρὸς
302 1466 366 1502 γὰρ,
382 1476 392 1492 ι
407 1467 483 1501 φησὶ,
496 1475 505 1492 ι
522 1465 569 1492 τοῦ
580 1466 747 1498 ἀποκτεῖναι,
759 1465 852 1501 καιρὸς
862 1466 910 1492 τοῦ

127 1512 263 1540 ἰάσασθαι,
270 1521 279 1538 ι
290 1512 375 1538 Τοῦτο
381 1512 409 1538 δὲ
419 1512 511 1547 σαφῶς
519 1513 548 1539 ὲν
555 1512 594 1547 τῷ
605 1511 763 1547 προφητικῷ
771 1520 912 1547 προερμη-

126 1558 243 1588 νεύεται,
254 1558 268 1584 ὃ
280 1558 311 1584 ὲκ
321 1557 466 1593 προσώπου
484 1558 531 1584 τοῦ
553 1557 620 1584 Θεοῦ
641 1566 738 1593 φησιν,
756 1558 796 1584 ὅτι
810 1567 818 1583 ι
841 1557 911 1592 Ἐγὼ

126 1602 267 1630 ἀποκτενῶ
276 1603 322 1629 καὶ
329 1603 377 1638 ζῇν
386 1604 500 1638 ποιήσω.
507 1612 516 1628 ι
527 1602 588 1629 Ἐὰν
599 1602 653 1638 γὰρ
662 1602 698 1638 μὴ
707 1602 910 1638 ἀποκτείνωμεν

127 1649 157 1675 ἐν
171 1649 276 1680 ἑαυτοῖς
288 1648 336 1684 τὴν
351 1647 460 1683 ἔχθραν,
476 1648 525 1674 οὐκ
538 1648 667 1683 ἰασόμεθα
677 1648 726 1683 τὴν
736 1647 910 1683 ἀγαπητικὴν

126 1694 243 1721 διάθεσιν
255 1694 304 1729 τὴν
317 1694 345 1720 ὲν
357 1694 421 1729 ἡμῖν
431 1693 474 1720 διὰ
483 1693 529 1719 τοῦ
544 1694 639 1728 μίσους
653 1694 815 1728 νοσήσασαν.
833 1693 911 1720 Οὕτω

127 1739 174 1765 καὶ
186 1739 219 1765 τὰ
229 1737 309 1765 λοιπὰ
320 1738 408 1765 πάντα
415 1738 465 1764 ὅσα
478 1738 524 1763 ἐπὶ
535 1737 612 1772 κακῷ
620 1736 680 1763 καθ’
690 1736 766 1772 ἡμῶν
777 1736 809 1771 ζῇ
820 1744 827 1752 ·
838 1736 911 1770 λέγω

127 1783 159 1819 δὴ
173 1783 222 1819 τὴν
236 1783 322 1818 κακὴν
337 1782 390 1809 τῶν
399 1782 568 1818 παθημάτων
577 1781 738 1817 παράταξιν,
748 1781 794 1808 καῖ⁸
803 1781 848 1808 τὸν
859 1782 910 1816 ἐμ.-

127 1828 220 1863 φύλιον
234 1828 327 1854 τοῦτον
345 1828 472 1863 πόλεμον,
489 1828 534 1854 τὸν
549 1827 609 1854 καθ’
623 1827 701 1862 ἡμῶν
715 1827 760 1853 διὰ
774 1826 826 1854 τῶν
848 1821 910 1862 ήδοέ

127 1873 180 1900 νῶν
203 1874 429 1908 στρατευόμενον,
455 1873 502 1899 καὶ
518 1872 753 1908 αἰχμαλωτίζοντα
777 1873 852 1907 ἡμᾶς
871 1872 911 1907 τῷ

127 1919 202 1953 νόμῳ
216 1920 265 1953 τῆς
279 1919 424 1953 ἁμαρτίας,
450 1918 545 1953 καιρός
560 1918 617 1944 ἐστι
636 1917 683 1944 τοῦ
697 1917 862 1944 ἀποκτεῖναι.
882 1917 911 1944 '0

128 1963 182 1998 γὰρ
197 1962 251 1989 τῶν
266 1963 393 1989 τοιούτων
413 1963 509 1998 φόνος,
531 1963 601 1994 ἴασις
620 1962 724 1996 γίνεται
745 1961 790 1989 ruﬁ
805 1962 849 1988 διὰ
862 1961 911 1996 τῆς

129 2008 266 2043 ἁμαρτίας
275 2007 512 2043 ὲξασθενήσαντος.
526 2008 609 2034 Φασὶν
622 2008 646 2034 οἱ
661 2008 748 2043 ίατροὶ
762 2007 811 2038 τὰς
820 2007 911 2042 ἕλμιν-

127 2051 187 2083 θας,
206 2052 252 2078 καὶ
267 2050 335 2078 ἄλλα
356 2052 417 2078 τινὰ
432 2052 542 2079 τοιαῦτα
562 2051 644 2090 θηρία
664 2052 764 2079 ἔσωθεν
780 2053 812 2079 ὲκ
829 2061 912 2079 κακο-

127 2097 228 2132 χυμίας
239 2097 430 2132 ζωογονεῖσθαι
441 2099 496 2129 τοῖς
508 2098 680 2133 σπλάγχνοις,
691 2096 728 2125 ὢν
740 2098 821 2134 ήζωὴ
833 2098 910 2129 νόσος

127 2145 166 2179 τῷ
179 2144 284 2180 σώματι
300 2145 422 2179 γίνεται·
439 2146 463 2171 εί
477 2145 505 2172 δὲ
518 2146 608 2172 ἐκεῖνα
619 2145 662 2172 διά
675 2153 746 2177 τινος
768 2152 911 2180 φαρμακο-

960 923 1066 954 gestum
1079 924 1121 946 est
1135 927 1168 946 ex
1186 919 1247 952 ﬁde,
1263 919 1314 946 hoc
1330 920 1411 946 etiam
1428 920 1455 946 in
1475 919 1549 946 omni
1565 920 1664 948 virtute
1678 927 1746 947 con-

960 962 1106 999 sequenter
1123 964 1302 992 intellexeris.
1320 964 1439 1000 Tempus
1456 969 1498 992 est
1516 965 1657 1000 plantandi
1674 968 1745 991 tem-

960 1010 1121 1045 perantiam,
1138 1013 1164 1038 et
1176 1010 1309 1037 evellendi
1325 1010 1446 1045 plantam
1461 1010 1690 1045 intemperanti-te.
1706 1011 1745 1036 lla

960 1055 1041 1082 etiam
1058 1055 1177 1089 plantata
1195 1055 1315 1089 justitia,
1335 1055 1466 1089 injustum
1481 1062 1592 1090 germen
1614 1055 1746 1082 radicitus

962 1100 1099 1132 evellitur,
1113 1104 1140 1127 et
1154 1100 1246 1135 planta
1261 1100 1427 1128 humilitatis
1441 1101 1537 1127 evertit
1548 1101 1745 1135 arrogantiam,

961 1151 989 1174 et
1004 1154 1065 1181 qum
1081 1146 1243 1182 germinavit
1260 1146 1392 1181 charitas,
1408 1146 1558 1174 exsiccavit
1579 1146 1676 1172 malam
1700 1153 1744 1172 ar.

962 1193 1055 1220 horem
1070 1191 1126 1219 odii
1146 1200 1154 1218 :
1173 1191 1312 1226 quomodo
1326 1192 1408 1219 etiam
1429 1199 1461 1219 ex
1478 1191 1616 1218 contraria
1635 1191 1741 1218 arbore.

962 1245 1060 1272 nempe
1075 1237 1150 1270 odio,
1161 1237 1341 1272 multiplicata
1351 1237 1485 1272 injustitia
1496 1236 1638 1270 refrigerat
1654 1235 1742 1262 chari-

962 1287 1057 1311 tatem.
1078 1282 1137 1310 Alia
1158 1291 1268 1318 quoque
1281 1283 1384 1315 omnia,
1398 1291 1432 1310 ne
1448 1283 1474 1310 in
1490 1283 1606 1318 singulis
1622 1283 1743 1311 dicendis

963 1329 1152 1360 immoremur,
1174 1328 1269 1356 eodem
1296 1328 1377 1356 modo
1404 1328 1529 1356 similiter
1552 1328 1741 1364 intelligentes,

963 1381 1018 1401 non
1033 1373 1232 1401 aberrabimus.
1250 1373 1356 1401 Rursus
1373 1373 1399 1401 id
1416 1374 1487 1409 quod
1503 1374 1632 1409 deinceps
1654 1376 1740 1409 sequi-

963 1423 1019 1451 tur,
1037 1422 1171 1450 consonat
1186 1418 1220 1445 iis
1235 1427 1296 1453 qua:
1312 1418 1388 1453 prius
1405 1422 1469 1445 sunt
1486 1419 1653 1446 examinata.

999 1464 1025 1491 5.
1044 1474 1053 1490 ‹
1071 1463 1189 1499 Tempus
1203 1468 1245 1491 est
1259 1464 1343 1496 enim,
1369 1474 1377 1489 ι
1400 1464 1498 1499 inquit,
1517 1473 1526 1490 ι
1550 1464 1703 1498 occidendi,
1719 1467 1741 1490 rt

924 1516 946 1545 α
963 1512 1072 1542 tempus
1080 1507 1218 1535 medendi.
1238 1516 1248 1533 ι
1264 1507 1322 1535 Ηοο
1335 1512 1423 1535 autem
1437 1511 1531 1542 aperte
1548 1508 1700 1542 explicatur
1713 1515 1740 1534 .n

962 1554 1104 1589 propheta,
1122 1560 1183 1580 cum
1202 1552 1270 1580 dicit
1285 1561 1318 1580 cx
1334 1560 1450 1587 persona
1465 1552 1512 1580 Dei
1527 1562 1534 1580 :
1553 1563 1562 1579 ι
1578 1553 1706 1580 Occidam
1716 1557 1739 1579 cl

961 1600 1052 1628 vivere
1072 1599 1172 1626 faciam
1196 1599 1252 1626 ⁹².›
1267 1598 1326 1626 Nisi
1341 1599 1414 1626 enim
1434 1599 1462 1626 in
1486 1599 1567 1626 nobis
1589 1599 1740 1627 occidamus

961 1644 1133 1678 inimicitias,
1164 1651 1219 1671 non
1248 1643 1418 1672 medebimur
1444 1643 1580 1676 aﬁ‘ectioni
1605 1645 1739 1672 charitatis

961 1699 1022 1727 quae
1032 1694 1145 1727 aegrotat
1156 1694 1268 1725 propter
1278 1689 1382 1717 odium.
1398 1690 1437 1717 lta
1451 1690 1533 1717 etiam
1545 1694 1641 1717 θᾶκοι-ιι
1653 1690 1739 1718 omnia

961 1743 1023 1771 quae.
1040 1735 1112 1762 malo
1125 1738 1221 1763 nostro
1236 1735 1369 1762 adversus
1384 1742 1434 1763 nos
1448 1735 1561 1769 vivunt,
1577 1735 1637 1763 dico
1648 1736 1736 1762 malam

962 1781 1045 1808 animi
1061 1783 1186 1808 motuum
1211 1779 1310 1812 aciem,
1332 1783 1360 1806 et
1377 1779 1430 1806 hoc
1446 1779 1526 1807 civile
1550 1780 1622 1814 quod
1646 1780 1674 1807 in
1694 1787 1736 1807 nos

961 1834 1010 1862 per
1024 1826 1176 1861 voluptates
1192 1825 1296 1860 geritur
1310 1825 1423 1857 bellum,
1441 1828 1468 1852 et
1481 1832 1532 1852 nos
1544 1825 1666 1858 captivos
1682 1826 1736 1852 ref-

961 1873 1002 1900 dit
1018 1871 1070 1908 legi
1086 1871 1202 1907 peccati,
1215 1875 1322 1906 tempus
1334 1875 1376 1898 est
1390 1869 1543 1898 occidendi.
1558 1869 1659 1897 Eorum
1672 1871 1734 1898 eniu

961 1918 1060 1950 caedes,
1077 1922 1120 1945 est
1138 1916 1243 1945 medela
1267 1916 1327 1951 ejus
1350 1917 1395 1951 qui
1420 1915 1544 1943 inﬁrmus
1569 1916 1673 1943 exstitit
1696 1922 1736 1950 [cr

961 1968 1115 2000 peccatum.
1140 1963 1225 1990 Aiunt
1250 1962 1349 1990 medici
1377 1961 1539 1994 lumbricos,
1568 1966 1595 1989 et
1620 1962 1733 1996 quaedun

961 2010 1096 2044 ejusmodi
1108 2010 1162 2036 alia
1183 2009 1322 2040 animalia,
1339 2016 1372 2036 ex
1388 2008 1468 2035 malis
1487 2008 1649 2035 humoribus
1670 2008 1734 2034 inus

961 2057 1020 2083 viva
1039 2055 1111 2091 gigni
1132 2055 1161 2082 in
1186 2054 1349 2086 visceribus,
1366 2061 1483 2089 quorum
1502 2055 1557 2081 vita
1574 2058 1616 2082 est
1632 2061 1734 2080 mortus

961 2101 1081 2137 corpori.
1107 2101 1185 2134 Quod
1208 2101 1231 2129 si
1250 2101 1297 2128 illa
1319 2100 1463 2128 interfecta
1486 2100 1542 2129 sint
1556 2108 1604 2136 per
1625 2101 1732 2135 aliqmm

962 2147 1152 2175 medicamenti
1171 2146 1321 2181 potionem,
1339 2155 1438 2175 rursus
1458 2150 1577 2181 aegrotus
1592 2146 1734 2174 restitutur

128 2190 225 2222 ποσίας
240 2190 405 2226 ἀναιρεθείη,
421 2190 501 2218 πάλιν
512 2192 551 2222 είς
566 2190 659 2225 ὑγείαν
674 2191 689 2217 ό
703 2190 813 2226 κάμνων
828 2191 909 2226 ἀναῤ-

963 2194 1086 2228 pristinae
1099 2193 1220 2221 sanitati.
1241 2192 1304 2220 Haec
1320 2200 1381 2227 quae
1402 2193 1510 2227 corpori
1543 2191 1734 2225 accidunt,ha-

129 2236 305 2272 ῥωσθήσεται.
322 2236 460 2270 ’Δναλογεϊ
468 2236 503 2263 τὰ
511 2236 623 2263 τοιαῦτα
631 2236 678 2262 τοῦ
690 2236 813 2271 σώματος
835 2236 909 2272 πάθη

128 2282 196 2317 πρὸς
216 2282 251 2308 τὰ
277 2281 327 2317 τῆς
351 2281 442 2318 ψυχῆς
465 2282 684 2318 ἀρρωστήματα·
712 2282 775 2308 ὅταν
797 2282 812 2308 ό
827 2279 912 2315 θυμὸς

127 2327 232 2355 ἔνδοθεν
252 2327 395 2363 ὲκμύζων“,
408 2327 426 2363 ἢ
438 2328 483 2355 διὰ
495 2328 546 2363 τῆς
560 2327 741 2364 μνησικακίας
760 2327 809 2363 τῆς
822 2326 912 2362 ψυχῆς

127 2375 172 2403 τὸν
191 2375 266 2401 τόνον
279 2375 326 2401 καὶ
348 2376 412 2407 τοὺς
425 2375 571 2410 λογισμοὺς
584 2373 748 2410 ὲκνευρίζων
758 2393 765 2406 ,
786 2374 803 2409 ἢ
818 2374 849 2400 τὸ
864 2373 910 2400 τοῦ

128 2419 224 2453 φθόνου
239 2419 348 2456 θηρίον,
363 2421 380 2456 ἢ
404 2420 431 2447 si
440 2429 467 2447 τι
489 2421 552 2448 ἄλλο
570 2420 696 2447 τοσοῦτον
708 2419 793 2447 κακὸν
806 2420 822 2455 ἡ
837 2419 909 2454 κακὴ

126 2465 216 2492 δίαιτα
238 2464 418 2501 ζωογονήσεισ
439 2467 454 2493 ὁ
471 2466 630 2500 αἰσθόμενος
648 2466 690 2492 ὅτι
708 2465 801 2500 Θηρίον
816 2465 910 2500 τρέφει

127 2508 232 2536 ἔνδοθεν
251 2510 268 2544 ὴ
284 2509 357 2545 ψυχὴ
371 2509 469 2541 αὐτοῦ,
482 2509 616 2545 εὐκαίρως
636 2510 767 2545 χρήσεται
781 2508 819 2543 τῷ
834 2509 911 2535 ἀναι-

127 2554 227 2590 ρετικῷ
245 2555 300 2582 τῶν
323 2555 417 2582 παθῶν
439 2557 585 2592 φαρμάκῳ.
605 2555 690 2582 Τοῦτο
704 2554 732 2581 δέ
752 2555 856 2589 ἐστινή
880 2554 912 2580 ὲκ

125 2599 172 2626 τοῦ
186 2599 350 2635 Εὑαγγελίου
365 2601 531 2634 διδασκαλία,
545 2602 615 2628 ὥστε
624 2601 734 2627 ἐκείνων
752 2608 913 2635 φονοκτονη-

125 2646 226 2673 θέντων
241 2647 414 2681 ἐπιγενέσθαι
425 2647 465 2682 τῷ
481 2647 641 2683 πεποιηκότι
657 2647 707 2682 τὴν
723 2646 804 2673 ἴασιν.

162 2701 171 2716 ι
186 2692 289 2726 Καιρὺς
298 2691 345 2719 τοῦ
357 2692 490 2724 καθελεῖν,
499 2692 551 2719 ’καὶ
563 2692 659 2728 καιρὸς
670 2691 716 2719 τοῦ
731 2690 909 2726 ἀνοικοδομῆ-

124 2745 180 2765 σαι.
197 2746 207 2762 ι
224 2736 316 2764 Ταῦτα
337 2739 383 2764 καὶ
396 2739 424 2765 ὲν
438 2739 494 2770 τοῖς
506 2737 545 2773 τῷ
557 2739 684 2774 προφήτῃ
699 2738 819 2774 Ἱερεμίᾳ
833 2736 908 2772 παρὰ

961 2238 1025 2266 bent
1035 2239 1181 2274 quamdam
1193 2239 1396 2273 proportionem
1411 2242 1438 2266 et
1453 2238 1669 2265 convenientiam
1680 2245 1732 2264 :um

961 2285 1063 2312 morbis
1079 2285 1187 2312 animae.
1212 2284 1328 2318 Quando
1349 2276 1389 2311 ira
1411 2284 1486 2311 intus
1511 2283 1606 2316 fervet,
1624 2288 1671 2311 aut
1685 2291 1734 2318 per

960 2329 1068 2365 injuriae
1082 2335 1200 2365 acceptae
1212 2330 1428 2358 recordationem
1441 2334 1553 2357 enervat
1565 2330 1648 2357 animi
1662 2329 1734 2357 nhnr

959 2380 986 2403 et
1001 2375 1143 2409 rationem,
1160 2381 1207 2403 aut
1222 2376 1329 2403 invidiae
1343 2375 1470 2407 bestiam,
1482 2379 1529 2402 aut
1543 2375 1566 2403 si
1578 2376 1651 2410 quod
1666 2375 1732 2402 .liud

957 2421 1091 2456 ejusmodi
1116 2422 1218 2448 malum
1240 2422 1310 2448 mala
1326 2421 1434 2449 vivendi
1457 2422 1527 2449 ratio
1547 2421 1732 2457 proerewerit,

959 2467 1005 2501 qui
1029 2467 1148 2494 senserit
1163 2467 1236 2501 quod
1253 2468 1328 2495 intus
1351 2467 1467 2495 bestiam
1490 2467 1538 2494 alit
1561 2467 1619 2502 ejus
1639 2465 1729 2495 mima.

959 2516 1112 2547 opportune
1138 2516 1231 2540 utetur
1258 2513 1455 2541 medicamento
1480 2512 1554 2547 quod
1577 2511 1650 2540 animi
1668 2511 1732 2538 vitia

961 2557 1103 2585 interimit.
1121 2557 1178 2585 Hoc
1195 2563 1284 2586 autem
1297 2562 1339 2586 est
1349 2558 1471 2585 doctrina
1483 2558 1626 2595 Evangelii,
1639 2560 1667 2583 ut
1680 2556 1734 2584 illis

961 2604 1093 2636 enecatis,
1113 2604 1139 2631 ei
1152 2604 1199 2639 qui
1212 2604 1264 2631 hoc
1277 2603 1381 2637 fecerit,
1402 2603 1475 2631 adsit
1491 2604 1607 2632 sanitas.

1000 2702 1009 2718 ι
1026 2692 1146 2729 Tempus
1167 2698 1210 2722 est
1225 2694 1366 2727 diruendi,
1389 2698 1415 2722 et
1432 2699 1539 2730 tempus
1553 2691 1703 2722 educandi.
1722 2701 1730 2716 ι

962 2737 1025 2765 Haec
1039 2739 1107 2766 disci
1133 2745 1250 2775 possunt
1270 2741 1353 2770 etiam
1372 2749 1405 2769 ex
1422 2741 1456 2770 iis
1473 2748 1533 2776 qua:
1554 2749 1569 2768 ιι
1592 2740 1638 2766 )eo
1660 2737 1734 2765 dicta

165 2826 188 2842 °°
203 2824 297 2852 Matth.
319 2832 393 2859 xxvr,
421 2824 461 2852 l5.
502 2825 523 2841 ⁹¹
544 2825 715 2861 Philipp.m,
730 2825 772 2852 ll.
810 2827 833 2842 "
853 2824 1089 2857 Deut.xxxu,59.
