1989 3070
248 93 300 120 701

860 86 890 113 S.
911 83 1076 112 GREGORII
1094 84 1243 113 NYSSENI

1814 83 1864 114 τοι

246 154 312 177 sunt
340 148 481 176 Hieremiae
504 147 653 182 prophetae,
676 146 721 173 cui
747 145 877 173 divinitus
901 144 964 171 data
988 151 1018 170 es

1081 144 1127 170 τοῦ
1141 144 1208 171 Θεοῦ
1232 145 1352 180 ῥηθεῖσιν
1375 145 1433 172 ἔστι
1450 146 1562 180 μαθεῖν,
1583 143 1606 180 ᾧ
1620 145 1723 172 δέδοται
1741 145 1831 172 θεόθεν
1846 146 1862 180 ἡ

247 198 367 230 potestas
383 193 415 220 ad
429 193 506 227 prius
520 192 702 227 purgandum.
715 195 742 218 et
762 191 892 218 radicitus
909 189 1026 216 evellen-

245 239 321 271 dum,
333 243 360 265 et
372 239 574 272 fodiendum,et
583 242 647 264 tunc
659 237 842 268 excitandum,
855 234 1026 263 etaediﬁcan-

244 285 309 312 dum
324 289 350 311 et
366 284 544 319 plantandum
555 283 588 310 ".
605 282 718 317 Oportet
730 283 803 310 enim
818 282 844 308 in
856 281 935 308 nobis
951 281 1026 316 prius

245 330 314 357 dirui
335 330 392 356 vitii
408 329 532 360 aedilicia,
545 332 571 354 et
588 332 653 354 tunc
667 327 790 354 invenire
807 330 915 360 tempus
923 330 950 352 et
960 333 1024 360 spa-

245 375 313 402 tium
330 374 361 401 ad
375 375 467 408 templi
479 374 524 400 Dei
533 373 776 403 constructionem,
790 370 865 406 quod
877 371 1027 398 aediﬁcatur

245 420 273 447 in
289 420 378 450 nobis.
391 419 469 453 cujus
483 419 596 445 materia
605 423 647 445 est
660 416 794 445 virtus.Si
805 417 867 451 quis
877 417 947 443 enim
961 416 1027 443 aedi-

245 465 307 492 ﬁcat
323 472 405 499 super
420 463 628 490 fundamentum
644 463 695 489 hoc
709 469 806 488 aurum
821 467 848 489 et
871 466 1024 496 argentum,

244 510 346 544 lapides
358 510 536 544 pretiosos,ea
548 513 725 535 nominantur
734 508 820 534 virtus
833 516 840 533 :
852 507 924 541 ligna
936 513 1027 534 autent

243 559 270 583 et
294 556 384 582 fenum
404 558 430 582 et
442 554 543 588 stipula
554 553 588 584 ⁸⁸,
612 553 670 579 vitii
687 553 832 587 exponitur
847 556 954 583 natura,
966 559 1026 587 quae

242 601 353 636 quidem
364 608 418 628 non
431 604 541 634 paratur
552 599 584 625 ad
594 588 668 625 aliud
679 606 760 633 quam
769 603 798 625 ut
809 598 872 633 igne
882 605 1027 625 consuma-

244 646 369 673 tur.Cum
382 646 464 680 igitur
476 653 507 672 ex
520 645 581 672 Γοηο
591 649 617 671 et
628 644 728 679 stipula
737 643 965 675 fuerintazditicia,
974 644 1027 670 hoc

242 697 294 724 est,
305 700 338 719 ex
347 691 662 725 injustitia,superbia,et
672 690 777 716 caeteris
788 689 850 716 vita:
863 689 1026 724 vitiis,prius

241 737 316 771 iubet
332 737 444 764 verbum
468 743 499 763 ea
512 736 632 766 abolere,
645 739 672 762 et
693 735 792 762 deinde
805 742 902 761 aurum
915 735 1026 762 virtutis

241 782 346 809 etlicere
356 782 496 809 materiam
514 785 659 808 structum
667 780 766 807 domus
776 779 937 814 spiritualis.
952 779 1024 807 Fieri

241 828 313 855 enim
323 835 377 854 non
388 831 486 861 potest,
500 831 528 853 ut
537 834 598 853 cum
610 826 710 861 stipula
722 825 858 852 coalescat
870 828 1024 860 argentum,

242 873 285 899 vel
299 873 360 900 feno
373 872 557 907 agglutinetur
569 879 677 901 aurum,
690 871 731 898 vel
751 871 824 905 ligno
835 871 1024 904 margaritum.

243 918 295 945 Sed
316 918 337 945 si
359 918 410 944 hoc
435 922 477 945 est.
495 917 628 948 futurum,
653 920 762 951 oportet
785 916 896 943 omnino
922 915 1025 943 aboleri

241 964 366 991 alterum.
390 963 456 996 Quae
477 966 518 989 est
541 962 615 990 enim
638 961 692 988 luci
717 961 834 988 societas
856 969 918 988 cum
945 966 1024 988 tene-

242 1009 298 1036 bris
311 1008 354 1034 "?
370 1007 551 1034 Destruentur
565 1014 631 1042 ergo
648 1007 725 1040 prius
740 1013 821 1041 opera
835 1007 1024 1039 tenebrarum,

241 1057 347 1081 et'tunc
358 1056 553 1080 construentur
566 1051 656 1078 lucida
672 1051 735 1078 vitae.
748 1051 873 1078 aedilicia.

1080 190 1203 225 δύναμις,
1216 193 1255 223 εἰς
1262 191 1292 217 τὸ
1302 191 1434 227 πρότερον
1446 192 1595 227 καθαίρειν,
1611 192 1657 218 καὶ
1671 191 1804 226 ὲκριζοῦν,
1818 196 1862 220 καὶ

1080 238 1299 270 κατασκάπτειν,
1314 239 1360 265 καὶ
1375 239 1435 264 τότε
1456 238 1595 273 ἀνορθοῦν,
1618 238 1664 264 καὶ
1682 238 1862 273 ἀνοικοδομεῖν

1080 284 1127 310 καὶ
1142 284 1349 318 καταφυτεύειν.
1371 284 1431 319 Χρὴ
1456 285 1510 319 γὰρ
1525 285 1657 319 πρότερον
1671 285 1700 310 ὲν
1714 285 1778 319 ἡμῖν
1792 285 1860 320 ἐρει-

1080 329 1203 364 πωθῆναι
1229 330 1263 356 τὰ
1282 331 1331 365 τῆς
1347 330 1446 361 κακίας
1472 330 1725 365 ἀνοικοδομήματα,
1746 331 1792 357 καὶ
1804 330 1863 357 τότε

1080 375 1174 410 καιρόν
1186 383 1214 401 τε
1234 374 1280 401 καὶ
1300 375 1470 411 εὐρυχωρίαν
1484 376 1573 410 εὑρεῖν
1589 377 1656 410 πρὸς
1671 376 1721 410 τὴν
1737 376 1783 402 τοῦ
1799 376 1862 403 ναοῦ

1080 420 1125 446 τοῦ
1139 419 1206 446 Θεοῦ
1222 420 1403 455 κατασκευὴν,
1419 420 1465 446 τοῦ
1479 421 1508 446 ὲν
1523 421 1583 451 ταῖς
1602 420 1701 455 ψυχαῖς
1711 421 1863 456 οἰκοδομου-

1081 465 1179 500 μένου,
1195 463 1225 492 oi:
1241 466 1256 500 ἠ
1273 465 1321 500 ὖλη
1336 466 1421 501 ἁρετὴ
1443 466 1558 499 γίνεται.
1583 466 1616 492 Εἴ
1631 475 1672 497 τις
1687 466 1741 501 γὰρ
1756 466 1862 492 ἔποικοι

1078 511 1155 545 δομεί
1175 511 1221 537 ἐπὶ
1235 511 1280 537 τὺν
1302 511 1425 546 θεμέλιον
1437 501 1539 538 ’τοῦτον
1561 512 1672 546 χρυσίον
1691 511 1859 547 ἦὰργὺριον,

1079 556 1167 587 λίθους
1189 557 1311 591 τιμίους,
1341 557 1461 591 ταῦταὴ
1489 556 1571 591 ἀρετὴ
1589 556 1766 591 ὀνομάζεταιι
1797 556 1861 589 ξύλα

1078 602 1107 628 δὲ
1126 602 1172 628 καὶ
1195 602 1290 637 χόρτος
1314 603 1360 628 καὶ
1382 602 1502 637 καλάμη,
1529 603 1544 636 ἡ
1563 602 1612 634 τῆς
1643 602 1740 634 κακίας
1777 603 1862 638 ἑρμη-

1079 647 1185 674 νεύεται
1204 648 1299 682 φύσις,
1314 648 1374 682 ἣτις
1394 649 1433 679 εἰς
1453 647 1528 674 οὐδὲν
1543 647 1606 674 ἄλλο
1617 667 1624 678 ,
1638 647 1654 682 ἢ
1667 649 1705 680 είς
1722 648 1805 687 ττυρος
1817 649 1862 675 δα-

1079 691 1167 725 πάνην
1182 691 1430 726 παρασκευάζεται.
1449 691 1532 718 Ὅταν
1547 689 1593 718 οὖν
1603 692 1635 717 ὲκ
1648 691 1742 726 χόρτου
1756 693 1802 719 καὶ
1813 702 1862 720 κα·

1079 736 1168 770 λάμης
1187 736 1221 762 τὰ
1234 736 1434 771 οἰκοδομήματα
1456 733 1491 771 ᾖ,
1505 736 1657 768 τουτέστιν,
1673 736 1703 768 ἐξ
1714 737 1818 769 ἀδικίας
1832 746 1860 764 τε

1079 782 1125 807 καὶ
1143 781 1345 816 ὑπερηφανίας,
1362 781 1409 807 καὶ
1426 782 1474 816 τῆς
1495 781 1592 816 λοιπῆς
1607 781 1653 808 τοῦ
1671 782 1727 816 βίου
1744 783 1859 815 κακίας,

1041 820 1063 847 Β
1079 824 1209 859 πρότερον
1226 824 1311 851 ταῦτα
1335 826 1375 856 εἰς
1387 825 1539 860 ἀφανισμὸν
1555 827 1667 860 ἀγαγεῖν
1682 828 1695 852 ό
1710 826 1787 861 λόγος
1801 829 1860 855 δια-

1074 868 1213 895 κελεύεται
1223 878 1230 885 ·
1249 868 1298 896 εἷθ’
1310 870 1381 896 οὕτω
1395 870 1425 896 τὸ
1437 871 1548 905 χρυσίον
1558 871 1607 905 τῆς
1622 873 1721 907 αρετῆς
1734 872 1799 908 ὓλην
1809 873 1860 907 τῆς

1074 915 1246 950 κατασκευῆς
1265 915 1312 942 τοῦ
1328 916 1512 950 πνευματικοῦ
1528 916 1602 943 οἴκου
1622 917 1794 952 ποιήσασθαι.
1821 919 1858 945 Οὐ

1071 959 1128 996 γὰρ
1145 960 1203 986 ἐστι
1227 961 1383 995 συμφυῆναι
1405 962 1438 995 τῇ
1459 961 1570 997 καλάμῃ
1583 962 1629 988 τὸν
1647 962 1804 998 ἄργυρον,ἢ
1821 964 1859 999 τῷ

1073 1006 1161 1041 χόρτῳ
1176 1005 1287 1041 χρυσίον
1309 1006 1561 1042 προσλιπανθῆναι,
1588 1007 1604 1042 ἢ
1628 1008 1673 1035 τὸν
1689 1009 1859 1044 μαργαρίτην

1075 1051 1114 1086 τῷ
1133 1050 1212 1086 ξύλῳ.
1241 1051 1310 1077 Ἀλλ’
1332 1052 1356 1077 εἰ
1373 1051 1464 1086 μέλλει
1477 1052 1556 1079 τοῦτο
1580 1050 1666 1085 εἷναι,
1683 1054 1733 1089 χρὴ
1752 1054 1859 1085 πάντως

242 1099 418 1134 ἀφανισθῆναι
439 1098 470 1124 τὸ
484 1098 587 1132 ἕτερον.
606 1097 654 1128 Τίς
667 1097 722 1132 γὰρ
736 1097 862 1124 κοινωνία
876 1096 945 1130 φωτὶ
977 1095 1045 1131 πρὸς
1073 1096 1184 1127 σκότοςς
1208 1095 1314 1124 Οὐκοῦν
1339 1095 1567 1132 καθαιρεθήσεται
1589 1097 1720 1134 πρότερον
1746 1098 1780 1125 τὰ
1811 1099 1858 1125 τοῦ

243 1146 366 1178 τκότους,
387 1143 433 1172 καὶ
453 1145 513 1171 τότε
536 1144 825 1179 κατασκευασθήσεται
844 1145 878 1170 τὰ
902 1144 1021 1178 φωτεινὰ
1038 1143 1086 1170 τοῦ
1097 1143 1155 1178 βίου
1168 1143 1379 1179 οἰκοδομήματα.

274 1194 300 1220 4.
327 1203 336 1219 ‹
354 1192 473 1227 Tempus
506 1196 547 1220 est
572 1191 664 1224 ﬂendi,
689 1195 716 1218 et
737 1195 845 1226 tempus
871 1191 990 1219 ridendi.
1008 1201 1019 1217 ι

241 1238 398 1266 Declaratur
414 1239 457 1265 hic
473 1239 550 1265 locus
562 1245 630 1264 voce
648 1237 818 1272 evangelica,
840 1245 900 1271 quae
915 1237 1021 1271 prolata

243 1286 288 1312 iuit
302 1293 317 1312 ει
333 1292 450 1319 persona
468 1283 586 1320 Domini,
612 1290 672 1317 quae
688 1284 797 1318 quidem
813 1283 887 1315 dicit,
913 1293 922 1309 ι
948 1283 1022 1310 Beati

244 1330 285 1356 «ui
295 1329 530 1364 lugent,quoniam
542 1327 592 1363 ipsi
604 1328 739 1362 accipient
750 1328 1019 1355 consolationem".n

243 1374 316 1402 llunc
329 1380 371 1402 est
380 1382 445 1409 ergo
457 1378 564 1408 tempus
574 1373 654 1400 ﬂendi
668 1383 675 1400 :
691 1373 796 1401 ridendi
809 1378 898 1400 autem
913 1378 1020 1408 tempus

243 1421 265 1448 il
282 1429 330 1456 spe
341 1421 492 1455 reponitur.
509 1420 631 1446 Praesens
647 1419 718 1446 enim
736 1419 847 1446 tristitia
863 1418 908 1446 ﬁet
933 1423 1019 1447 mater

1107 1201 1116 1217 ε
1137 1191 1241 1227 Καιρδς
1261 1191 1308 1218 τοῦ
1326 1191 1454 1224 κλαῦσαι,
1471 1193 1518 1219 καὶ
1534 1193 1629 1228 καιρὸς
1640 1193 1687 1220 τοῦ
1702 1195 1825 1229 γελάσαι.
1845 1205 1854 1221 ι

1069 1236 1250 1272 Σαφηνίζεται
1265 1238 1279 1263 ὀ
1292 1237 1371 1271 λόγος
1394 1235 1471 1270 οὗτος
1489 1240 1522 1274 τῇ
1545 1239 1709 1275 εὐαγγελικῇ
1732 1242 1808 1276 φωνῇ
1824 1243 1856 1276 τῇ

1069 1282 1102 1308 ὲκ
1127 1281 1274 1317 προσώπου
1299 1282 1347 1308 τοῦ
1375 1283 1478 1318 Κυρίου
1503 1276 1693 1319 γεγενημένῃ,
1721 1285 1737 1320 ἥ
1758 1294 1856 1321 φησιν,

1069 1328 1110 1354 ὅτι
1130 1336 1140 1352 ‹
1152 1327 1290 1363 Μακάριοι
1307 1329 1331 1354 οἱ
1348 1328 1519 1362 πενθοῦντες,
1533 1330 1573 1356 ὅτι
1591 1331 1667 1357 αὐτοὶ
1682 1331 1858 1367 παρακληοήι

1073 1380 1175 1408 σονται.
1194 1380 1202 1397 )
1222 1371 1279 1398 Νῦν
1294 1370 1340 1399 οὖν
1355 1373 1428 1399 ἐστιν
1449 1374 1463 1400 ὀ
1478 1374 1525 1400 τοῦ
1540 1374 1656 1402 κλαῦσαι
1673 1377 1784 1411 καιρός·
1801 1379 1816 1404 ὀ
1828 1377 1857 1404 δὲ

1071 1417 1119 1444 τοῦ
1148 1417 1262 1451 γελάσαι
1277 1417 1311 1445 δι’
1327 1418 1432 1450 ἐλπίδος
1446 1420 1604 1448 ἀπόκειται·
1621 1423 1637 1456 ἡ
1663 1422 1717 1457 γὰρ
1733 1423 1858 1457 παροῦσα

243 1466 336 1493 latitia:
361 1473 421 1500 quae
442 1469 577 1500 speratur.
600 1464 668 1497 Quis
683 1468 772 1491 autem
783 1472 837 1491 non
854 1465 882 1491 in
898 1465 972 1491 luctu
993 1469 1018 1492 et

1071 1462 1208 1497 κατήφεια
1226 1462 1462 1500 τῆςὲλπιζομένης
1483 1465 1651 1502 εὐφροσύνης
1665 1468 1756 1503 μήτηρ
1772 1469 1854 1504 γενή-

243 1519 353 1539 maerore
374 1515 457 1538 totam
482 1518 558 1538 suam
583 1511 665 1536 vitam
690 1510 904 1544 consumpserit,
934 1511 1020 1546 iqui—

242 1557 298 1583 dem
316 1557 357 1584 sui
369 1563 478 1584 sensum
493 1555 640 1590 acceperit,
663 1559 690 1582 et
716 1563 764 1582 sua
787 1556 945 1590 cognoverit
959 1563 1019 1591 quae

242 1601 329 1629 habuit
346 1605 372 1629 et
392 1601 519 1636 perdidit,
540 1604 567 1628 et
588 1601 615 1627 in
636 1608 690 1635 quo
715 1604 788 1627 statu
809 1604 867 1627 erat
889 1601 923 1628 ab
940 1600 1019 1628 initio

243 1653 342 1679 natura,
358 1652 384 1675 et
400 1647 426 1674 in
439 1654 493 1682 quo
508 1652 549 1674 est
561 1647 589 1673 in
600 1645 766 1681 praesentia?
783 1644 860 1673 Tunc
875 1653 950 1673 mors
963 1653 1017 1673 non

243 1697 303 1726 erat,
324 1693 437 1720 morbus
454 1692 557 1722 aberat,
582 1698 675 1717 meum
694 1694 720 1717 et
742 1694 830 1722 tuum,
853 1691 935 1717 verba
960 1691 1018 1718 haec

244 1739 400 1774 perniciosa,
427 1745 442 1765 a
466 1737 520 1764 vita
546 1737 662 1771 primum
689 1735 799 1763 fuerunt
824 1736 1015 1764 exterminata.

244 1782 301 1811 Nm
317 1785 387 1811 sient
403 1782 556 1810 communis
578 1787 618 1810 est
631 1781 683 1813 sol,
697 1786 725 1809 et
746 1789 792 1809 aer
807 1782 970 1815 communis,
991 1787 1018 1809 et

244 1833 298 1857 arte
312 1830 402 1856 omnia
419 1828 466 1855 Dei
479 1832 521 1855 est
534 1828 688 1855 communis
703 1827 801 1862 gratia,
817 1833 844 1854 et
862 1827 1016 1854 benedictio

244 1875 406 1906 conmunis;
421 1874 457 1900 ita
473 1874 553 1901 etiam
567 1881 599 1900 ex
614 1880 692 1907 :equo
708 1873 793 1900 libere
806 1877 865 1900 erat
876 1873 1016 1908 proposita

245 1919 358 1951 cuusvis
380 1918 445 1945 boni
469 1918 653 1952 participatio,
676 1922 703 1945 et
723 1925 777 1944 non
798 1919 1016 1952 cognoscebatur

244 1965 348 1992 mo'bus
359 1964 489 1995 avaritiae,
504 1970 554 1990 nec
572 1971 605 1990 ex
627 1971 659 1990 eo
675 1963 746 1997 quod
769 1963 904 1997 quispiam
924 1965 1015 1991 minus

244 2010 362 2042 halebat,
377 2011 439 2037 odio
456 2009 571 2036 habebat
588 2017 650 2036 eum
672 2009 718 2043 qui
740 2009 897 2043 superabat.
921 2009 1015 2044 Neque

244 2055 304 2083 enin
318 2059 376 2083 erat
389 2056 501 2082 omnino
519 2055 591 2089 quod
606 2059 748 2089 superaret
762 2063 768 2081 τ
784 2058 812 2082 et
833 2055 886 2081 alia
901 2060 1014 2090 prta-ter-

243 2107 275 2128 ea
290 2099 512 2131 innumerabilia,
530 2107 590 2134 qua:
604 2107 654 2126 nec
671 2099 762 2126 verbis
777 2099 885 2134 quidem
898 2105 1013 2134 possunt

242 2147 362 2180 expicari
376 2155 382 2173 :
400 2154 460 2181 qua:
475 2146 584 2181 quidem
610 2146 796 2181 magnitudine
820 2154 852 2173 ea
865 2155 926 2182 qua:
940 2147 1013 2175 dicta

242 2198 300 2220 sum
315 2193 459 2227 plurimum
487 2192 662 2220 antecellunt.
692 2191 797 2223 Honor,
823 2192 945 2226 inquam,
967 2200 1016 2227 par

242 2238 345 2272 anglis.
359 2238 429 2272 apud
444 2237 527 2265 Deum
542 2237 718 2270 conﬁdentia,
731 2238 1014 2272 supermundanorum

242 2282 365 2310 bonorum
378 2282 582 2316 contemplatio,
595 2281 725 2309 ineﬂabili
738 2283 824 2309 beatae
837 2286 942 2310 naturae
956 2283 1015 2317 puL

242 2328 385 2356 chritidine
404 2335 454 2355 nos
473 2336 582 2363 quoque
608 2329 760 2360 honestari,
784 2328 812 2355 in
829 2329 908 2356 nobis
922 2334 1014 2356 osten-

242 2374 322 2401 dendi
335 2374 455 2401 divinam
471 2374 616 2408 imaginem
632 2374 658 2400 in
671 2374 769 2400 animae
779 2374 878 2401 decore
892 2375 1014 2401 relucen-

241 2424 304 2446 tem.
318 2419 355 2447 lla
369 2425 456 2447 autem
475 2427 535 2454 quae
551 2420 576 2446 in
590 2427 684 2446 eorum
703 2419 791 2446 locum
808 2424 1010 2450 successerunt.

239 2469 304 2493 Sunt
320 2469 440 2501 tanquam
457 2466 610 2500 improbum
635 2472 747 2492 examen
767 2465 965 2496 calamitatum.
984 2469 1011 2491 et

239 2510 416 2539 molestilrum
447 2511 516 2537 mala
553 2514 682 2544 tanquam
716 2517 859 2543 vesparum
889 2514 1008 2536 caterva.

237 2555 363 2589 Quidnan
382 2565 415 2584 ex
438 2557 500 2584 vitae
517 2555 596 2582 malis
615 2555 732 2589 primum
753 2554 896 2581 dicemus?
912 2553 1008 2581 Omnia

237 2600 360 2628 eumdem
373 2602 487 2629 honoris
504 2601 616 2636 gradum
634 2600 705 2626 inter
726 2606 755 2626 se
768 2599 900 2630 obtinent,
917 2600 1008 2626 omnia

237 2647 339 2683 primas
351 2650 433 2675 ment
447 2647 475 2673 in
487 2646 621 2673 malorum
640 2643 812 2674 excellentia,
828 2644 920 2671 omnia
936 2651 1007 2678 prat-

235 2692 300 2720 bent
311 2699 394 2728 parem
410 2693 500 2720 luctus
518 2690 702 2718 occasionem.
717 2689 787 2722 Quid
800 2689 872 2717 enim
889 2689 1006 2717 miseriae

1070 1516 1157 1534 σεται.
1177 1507 1226 1539 Τίς
1249 1508 1277 1535 δὲ
1294 1509 1344 1536 οὐκ
1358 1509 1390 1536 ἂν
1407 1510 1436 1536 ἐν
1454 1510 1564 1546 θρήνοις
1584 1512 1630 1539 καὶ
1648 1513 1857 1549 σκυθρωπότητι

1069 1553 1158 1579 πάντα
1177 1553 1223 1580 τὸν
1242 1553 1298 1588 βίον
1320 1554 1416 1582 ἑαυτοῦ
1429 1556 1619 1592 δαπανήσειεν,
1638 1559 1717 1594 εἴπερ
1731 1559 1856 1595 αἴσθησιν

1068 1598 1144 1625 λάϐοι
1153 1599 1233 1631 αὐτὸς
1243 1600 1349 1632 ἑαυτοῦ,
1361 1602 1406 1627 καὶ
1423 1602 1499 1637 γνοίη
1512 1603 1573 1630 καθ’
1585 1604 1679 1631 ἑαυτὸν
1693 1604 1711 1631 ἆ
1725 1614 1754 1631 τε
1771 1604 1854 1641 εἶχεν,

1068 1642 1086 1670 ἆ
1096 1651 1124 1670 τε
1141 1643 1291 1676 ἀπώλεσεν,
1309 1646 1356 1672 καὶ
1368 1647 1396 1673 ἐν
1412 1644 1452 1678 οἷς
1465 1645 1499 1682 ἦν
1513 1648 1544 1674 τὸ
1553 1650 1614 1676 κατ’
1631 1650 1718 1684 ἀρχὰς
1734 1652 1750 1686 ἡ
1763 1651 1853 1685 φύσις,

1067 1689 1115 1715 καὶ
1141 1690 1169 1715 ὲν
1185 1690 1256 1716 τίσιν
1281 1691 1328 1717 ἐπὶ
1341 1691 1387 1718 τοῦ
1406 1694 1539 1728 παρόντος
1555 1695 1645 1728 ἑστίη
1661 1696 1726 1722 Τότε
1741 1696 1855 1729 θάνατος

1067 1734 1116 1760 οὐκ
1131 1731 1175 1769 ἦν,
1187 1734 1262 1767 νόσος
1279 1736 1362 1771 ἀπῆν,
1379 1737 1409 1764 τὸ
1427 1737 1492 1772 ἐμὸν
1506 1739 1553 1765 καὶ
1571 1741 1602 1766 τὸ
1624 1740 1680 1773 σὺν,
1699 1741 1735 1768 τὰ
1748 1743 1854 1778 πονηρὰ

1067 1779 1152 1806 ταῦτα
1167 1781 1287 1816 ῥήματα,
1304 1782 1355 1816 τῆς
1369 1783 1441 1818 ζωῆς
1456 1783 1564 1818 πρῶτον
1581 1785 1721 1821 ὲξώριστο.
1739 1787 1783 1818 Ὠς
1799 1789 1853 1824 γὰρ

1066 1825 1154 1856 κοινὸς
1182 1826 1196 1852 ὁ
1220 1826 1305 1861 ἥλιος,
1324 1827 1371 1853 καὶ
1391 1828 1405 1853 ὁ
1424 1828 1480 1864 ἀὴρ
1500 1829 1599 1861 κοινὸς,
1614 1830 1661 1856 καὶ
1674 1831 1728 1866 πρὸ
1743 1832 1853 1860 πάντων

1064 1869 1112 1896 τοῦ
1126 1870 1193 1897 Θεοῦ
1204 1873 1220 1907 ἡ
1232 1872 1312 1907 χάρις
1327 1873 1414 1908 κοινὴ,
1426 1873 1535 1908 εὐλογία
1546 1876 1622 1910 κοινή
1635 1885 1642 1890 ·
1660 1876 1744 1908 οὕτως
1762 1879 1789 1903 ἐν
1801 1878 1852 1913 ἴσῳ

1065 1916 1111 1942 καὶ
1129 1917 1228 1949 παντὸς
1240 1918 1343 1951 ἀγαθοῦ
1355 1919 1484 1954 μετουσία
1495 1921 1554 1951 κατ’
1565 1920 1689 1953 ἐξουσίαν
1698 1923 1849 1957 προέκειτο,

1065 1963 1112 1989 καὶ
1127 1964 1143 1998 ἡ
1159 1963 1235 1995 νόσος
1255 1965 1304 1999 τῆς
1332 1964 1484 1997 πλεονεξίας
1499 1966 1548 1992 οὐκ
1575 1967 1745 2002 ὲγνωρίζετο,
1760 1969 1806 1996 καὶ
1820 1970 1852 1996 τὸ

1065 2009 1132 2043 πρὸς
1147 2009 1178 2035 τὸ
1197 2010 1371 2036 ἐλαττοῦσθαι
1403 2012 1480 2045 μῖσος
1501 2011 1572 2038 κατὰ
1591 2013 1645 2038 τῶν
1661 2013 1851 2048 ὑπερεχόντων

1065 2054 1114 2080 οὐκ
1130 2052 1172 2089 ἦν.
1188 2055 1255 2081 Οὐδὲ
1272 2055 1324 2091 γὰρ
1349 2055 1418 2087 ὅλως
1440 2056 1470 2082 τὸ
1491 2057 1622 2092 ὑπερέχον
1638 2055 1685 2093 ἦν’
1702 2060 1749 2085 καὶ
1765 2061 1849 2095 μυρία

1065 2100 1111 2126 ἐπὶ
1124 2100 1227 2132 τούτοις
1236 2100 1314 2130 ἄλλα.
1330 2100 1348 2127 ἃ
1358 2101 1411 2128 οὐδ’
1425 2101 1457 2128 ἂν
1468 2103 1641 2137 παραστῆσαι
1661 2112 1703 2135 τις
1720 2105 1847 2141 δυνηθείη

1064 2145 1106 2180 τῷ
1122 2145 1201 2181 λόγῳ,
1215 2146 1376 2181 πάμπληθες
1398 2147 1451 2173 τῶν
1467 2148 1618 2183 εἰρημένων
1638 2149 1706 2176 κατὰ
1718 2150 1746 2176 τὺ
1762 2159 1847 2185 μεγα-

1063 2187 1132 2218 λεῖον
1147 2191 1306 2227 προέχοντα.
1327 2192 1407 2226 Λέγω
1420 2192 1452 2228 δὴ
1463 2193 1513 2228 τὴν
1531 2194 1598 2229 πρὸς
1614 2195 1744 2228 ἀγγέλους
1757 2196 1846 2230 ὁμοτι-

1064 2237 1140 2271 μίαν,
1151 2237 1201 2271 τὴν
1211 2237 1257 2263 ἐπὶ
1271 2237 1337 2263 Geo;
1353 2238 1519 2273 παρρησίαν,
1530 2239 1579 2274 τὴν
1588 2239 1641 2265 τῶν
1652 2239 1702 2265 om:
1708 2241 1845 2275 ρκοσμίων

1063 2282 1172 2315 ἀγαθῶν
1187 2282 1314 2318 θεωρίαν,
1331 2282 1362 2308 τὸ
1377 2283 1416 2318 τῷ
1437 2283 1569 2319 ἀφράστῳ
1586 2284 1678 2311 κάλλει
1692 2285 1741 2320 τῆς
1756 2295 1845 2320 μακα-

1065 2327 1124 2361 ρίας
1155 2327 1262 2361 φύσεως
1285 2327 1331 2353 καὶ
1356 2327 1429 2362 ἡμᾶς
1452 2328 1627 2362 ὡραῖξεσθαι,
1641 2329 1796 2362 δεικνύντας
1815 2332 1845 2357 ὲν

1061 2373 1165 2403 ἑαυτοῖς
1179 2372 1227 2407 τὴν
1243 2372 1316 2399 θείαν
1331 2373 1423 2399 εἰκόνα
1438 2374 1469 2408 τῇ
1480 2373 1538 2409 ὥρᾳ
1552 2374 1602 2408 τῆς
1615 2375 1846 2410 ψυχῆς-ἀποστίλ-

1061 2417 1170 2444 6ουσαν.
1188 2418 1228 2444 Τὰ
1240 2417 1268 2444 δὲ
1281 2418 1337 2445 ἀντ’
1351 2418 1472 2451 ἐκείνων,
1482 2416 1546 2445 οἵαὸ
1556 2421 1672 2455 πονηρὸς
1687 2422 1741 2448 τῶν
1753 2422 1845 2456 παθη-

1061 2464 1152 2497 μάτων
1167 2463 1260 2498 ὲσμδς,
1287 2464 1308 2499 ἡ
1321 2465 1393 2498 κακὴ
1409 2464 1463 2491 τῶν
1482 2465 1611 2500 λυπηρῶν
1633 2467 1746 2502 σφηκία.
1763 2468 1795 2494 Ti
1809 2469 1844 2495 ἄν

1058 2517 1099 2539 τις
1115 2508 1220 2542 πρῶτον
1229 2508 1293 2544 εἴπῃ
1309 2509 1361 2536 τῶν
1377 2510 1424 2537 τοῦ
1450 2510 1508 2544 βίου
1523 2511 1634 2544 κακῶν;
1649 2512 1740 2540 Πάντα
1751 2514 1845 2548 ὁμοτί-

1060 2561 1119 2587 μως
1143 2553 1200 2587 ἔχει
1218 2553 1285 2588 πρὸς
1307 2553 1420 2589 ἄλληλα,
1442 2556 1530 2582 πάντα
1551 2558 1711 2592 προτερεύει
1721 2560 1780 2589 ταῖς
1788 2560 1844 2586 τῶν

1058 2597 1151 2624 κακῶν
1165 2597 1280 2632 ἐξοχαῖς,
1296 2599 1384 2626 πάντα
1401 2599 1455 2627 τῶν
1472 2601 1536 2628 ἴσων
1557 2601 1662 2638 θρήνων
1677 2604 1787 2640 ἀφορμὴ
1799 2604 1845 2639 γί-

1057 2651 1142 2669 νεται.
1161 2643 1194 2669 Τί
1212 2644 1312 2678 μᾶλλον
1329 2645 1384 2681 γάρ
1399 2654 1442 2677 τις
1456 2647 1586 2682 θρηνήσει
1606 2649 1656 2683 τῆς
1672 2649 1842 2684 ἀθλιότητοςς

1057 2687 1142 2716 Πόθεν
1159 2689 1238 2716 πλέον
1255 2690 1304 2726 τὴν
1324 2691 1403 2725 φύσιν
1422 2692 1636 2729 ἁπολοφύρηται,
1651 2695 1682 2722 τὸ
1697 2695 1843 2732 ὠκύμορον

272 2782 411 2818 “llier.t,
430 2783 472 2810 t0.
510 2782 532 2799 “
552 2782 562 2809 l
579 2781 642 2810 Cor.
670 2789 710 2815 Ill,
731 2781 763 2809 t0
790 2789 850 2816 sqq.
888 2781 911 2797 "
931 2780 953 2808 ll
977 2780 1040 2809 Cor.
1067 2788 1106 2815 vn,
1129 2781 1173 2809 N.
1211 2782 1345 2818 "_Matlh.
1362 2791 1390 2815 ν,
1406 2783 1429 2810 5.
