1989 3070
107 86 154 114 709

644 84 677 111 IN
700 76 965 111 ECCI.F.SIAST£N.
989 81 1129 108 "0nth
1150 82 1194 109 Vl.

1667 78 1717 105 7m

107 141 151 174 τῆς
165 139 247 174 ζωῆς,
263 139 292 164 τὸ
310 138 445 168 ἐπίπονον,
461 137 490 164 τὸ
502 137 555 163 ἀπὸ
562 138 686 173 δακρύων
699 137 830 171 ἄρχεσθαι
838 137 885 173 καί

939 135 1023 170 magis
1040 135 1162 167 deflebis,
1180 140 1207 162 et
1231 142 1284 170 qua
1301 143 1332 162 ex
1351 139 1427 169 parte
1442 135 1528 171 magis
1543 136 1666 171 quereris
1679 136 1714 162 de

106 185 265 218 καταλήγειν
276 184 314 214 είς
330 183 455 217 δάκρυον,
471 182 518 218 τὴν
532 183 649 216 ἐλεεινὴν
665 183 824 217 νηπιότητα,
834 182 884 217 τὴν

107 230 134 255 ὲν
147 229 184 263 τῷ
199 228 271 263 γήρᾳ
289 228 450 262 παράνοιαν,
473 227 502 253 τὸ
522 225 654 254 ἁστατοῦν
678 228 727 262 τῆς
748 227 882 262 νεότητος,

107 274 134 300 τὺ
160 273 329 308 πολύμοχθον
353 273 408 300 τῶν
429 275 462 308 τῇ
489 273 581 308 ἡλικίᾳ
607 273 822 308 καθεστηκότων,
838 272 884 299 τοῦ

108 319 193 354 γάμου
217 319 247 345 τὸ
279 319 417 354 φορτικὸν,
436 319 486 353 τῆς
509 319 630 354 ἀγαμίας
648 319 677 345 τὸ
700 319 812 353 ἔρημον,
835 319 884 352 τῆς

107 364 230 395 ἀπαιδίας
245 360 405 399 τὸᾶῥριζον,
429 364 476 390 τοῦ
491 363 605 390 πλούτου
622 364 652 390 τὺ
667 363 819 397 ἐπίφθονον,
836 365 885 398 τῆς

108 409 197 440 πενίας
214 409 244 435 τὸ
268 408 420 435 ἐπώδυνον
448 409 495 435 καὶ
516 409 610 435 σιωπῶ
630 409 679 440 τὰς
700 409 885 444 πολυτρόπους

107 453 157 480 τῶν
173 453 332 488 νοσημάτων
352 453 491 488 διαφορὰς,
506 453 555 484 τὰς
569 453 667 484 λώϐας,
681 454 744 485 τοὺς
759 455 884 488 ἀκρωτη-

109 497 305 534 ριασμίενμὺς,
316 498 364 528 τὰς
373 498 477 532 σήψεις,
487 498 535 528 τὰς
541 498 595 524 τῶν
604 498 786 533 αἰσθητηρίων
792 497 885 533 πηρώ-

109 552 171 575 σεις,
185 543 233 574 τὰς
251 544 282 569 ὲκ
300 543 434 577 δαιμόνων
453 543 625 578 παραφορὰς,
642 543 730 569 πάντα
739 544 787 570 ὅσα
804 545 820 578 ἡ
834 543 885 577 φύ-

109 598 147 619 σι;
162 589 189 614 ἐν
202 589 283 623 ἑαυτῇ
301 587 433 622 περιέχει,
450 587 467 614 ἃ
481 589 513 622 τῇ
521 588 634 623 δυνάμει
648 587 762 619 ἕκαστος
781 588 886 623 ἀνθρώ-

108 644 163 662 πων
192 635 264 660 ἐστὶν
290 633 359 669 ἔχων
373 635 402 660 ὲν
417 635 450 669 τῇ
468 634 547 668 φύσει
566 634 600 660 τὰ
621 634 704 669 πάθη.
723 634 777 669 Τὴν
791 634 819 660 δὲ
832 634 886 660 τῶν

108 679 213 715 ἐρώτων
244 680 351 714 μανίαν,
382 679 428 705 καὶ
449 679 494 705 τὸν
517 678 621 713 δυσώδη
642 679 780 714 βόρϐορον,
801 679 840 709 εἰς
857 679 886 704 ὃν

109 724 321 760 καταστρέφεται
349 725 364 758 ἠ
389 724 500 758 τοιαύτη
515 724 610 755 λύσσα,
628 724 754 759 παρίημι,
775 723 821 749 καὶ
837 723 886 757 τὴν

109 769 319 804 συνεζευγμένην
330 770 363 804 τῇ
376 770 461 804 τροφῇ
470 769 514 796 διὰ
528 770 576 803 τῆς
593 769 779 804 ἀποποιήσεως
790 767 884 802 ἀηδίαν

107 815 136 841 οὺ
148 814 228 848 λέγω,
244 813 282 845 ὡς
304 814 336 840 ἂν
353 814 391 849 μὴ
409 814 513 848 δόξαιμι
533 813 577 839 διὰ
592 814 698 840 πάντων
721 812 884 847 στηλιτεύειν

107 859 144 894 τῷ
159 859 230 894 λόγῳ
250 859 295 886 τὸν
310 859 376 894 βίον,
402 859 563 894 κοπροποιόν
582 867 642 886 τινα
651 858 701 894 τὴν
714 859 794 892 φύσιν
808 857 886 893 ἡμῶν

108 905 300 931 ἀποδεικνύων.
330 905 419 931 Πάντα
443 905 520 938 ἀφεὶς
542 905 628 931 ταῦτα
651 904 698 931 καὶ
720 903 886 936 τὰτοιαῦτα,

107 950 194 976 ἐκεῖνο
210 949 326 983 μάλιστά
338 957 408 984 φημι
422 949 547 984 δακρύων
561 949 635 982 ἄξιον
645 948 712 977 εἶναι
726 952 782 982 τοῖς
794 949 887 977 αἰσθα-

107 994 236 1029 νομένοις,
249 995 280 1021 τὸ
294 994 392 1021 εἰδέναι
411 994 515 1025 πάντας
535 994 629 1029 ὅτιτῆς
637 994 888 1030 σκιοειδοῦςταύτης

99 1039 169 1074 ζωῆς
176 1037 412 1073 παραδραμούσης,
421 1039 495 1073 μένει
505 1039 578 1074 ἡμᾶς
584 1046 626 1069 τις
635 1038 731 1072 ἐκδοχὴ
761 1039 886 1075 κρίσεως,

109 1084 152 1110 καὶ
167 1083 250 1118 πυρὸς
260 1083 339 1120 ζῆλος
351 1084 451 1111 ἐσθίειν
465 1083 606 1119 μέλλοντος
622 1084 685 1117 τοὺς
701 1085 885 1117 ὑπεναντίους.

113 1130 142 1156 '0
168 1127 214 1157 οὖν
242 1127 329 1157 ταῦτα
341 1130 389 1156 καὶ
405 1130 437 1156 τὰ
451 1129 562 1156 τοιαῦτα
579 1130 761 1166 λογιζόμενος,
780 1129 824 1166 ἄρ’
838 1131 888 1158 οὐκ

106 1176 150 1202 ἀεὶ
167 1175 205 1210 τῷ
224 1175 315 1210 θρήνῳ
324 1175 489 1211 συζήσεταις

141 1266 244 1293 Οὐκοῦν
255 1266 349 1302 καιρὸς
364 1266 398 1293 ἂν
412 1265 454 1301 εῐη
465 1266 512 1293 νῦν
525 1265 611 1293 ταῦτα
626 1265 665 1301 τῷ
679 1265 801 1301 λογισμῷ
818 1265 888 1300 λαμ-

107 1313 206 1340 ϐάνειν.
229 1313 276 1339 Ἐκ
283 1311 336 1348 γὰρ
349 1312 395 1339 τοῦ
410 1311 577 1348 σκυθρωπῶς
592 1312 660 1347 πρὸς
677 1311 726 1346 τὴν
749 1311 888 1347 παροῦσαν

107 1357 178 1392 ἔχειν
200 1357 281 1393 ζωὴν,
293 1357 323 1384 τὸ
338 1357 420 1393 μηδὲν
439 1358 608 1392 πλημμελεῖν
625 1358 653 1384 ὲν
672 1357 757 1392 ταύτῃ
772 1357 841 1384 κατὰ
857 1356 888 1384 τὺ

106 1403 180 1434 εἰκὸς
201 1403 428 1438 προσγενήσεται.
453 1402 554 1429 Τούτου
576 1402 603 1429 δὲ
623 1403 849 1438 κατορθωθέντος,
870 1402 887 1438 ἠ

936 180 1052 207 natura?
1071 180 1132 207 vita;
1154 180 1314 207 brevitatem
1329 184 1356 207 ct
1372 180 1492 207 laborem
1511 181 1632 215 incipere
1645 189 1660 207 a
1677 182 1716 208 la-

935 226 1057 261 crymis,
1084 230 1112 253 et
1142 225 1268 252 desinere
1298 226 1326 252 in
1358 226 1502 261 laerymas,
1534 227 1716 254 miserabilem

936 270 1091 303 infamiam,
1106 270 1132 297 in
1149 273 1288 297 senectute
1303 269 1441 301 delirium.
1455 272 1607 306 iuventutis
1623 273 1717 300 incon~

935 315 1076 347 stantiam,
1093 315 1247 342 constantis
1262 316 1351 343 aetatis
1361 316 1484 343 laborum
1500 318 1715 352 perpessionem.

937 369 1022 388 onera
1033 362 1212 392 matrimonii,
1234 362 1375 389 caelibatus
1399 363 1585 394 solitudinem,
1606 363 1633 389 in
1651 364 1717 390 libe-

937 415 1030 435 rorum
1052 407 1169 434 orbitate
1185 407 1302 435 deficere
1321 408 1453 441 radicem,
1474 408 1631 436 divitiarum
1648 410 1718 436 invi-

936 454 1020 483 diam.
1042 454 1215 488 pauperlalis
1237 455 1401 481 molestiam.
1433 454 1522 481 Taceo
1543 455 1717 490 multiplicem

937 498 1094 525 morborum
1109 497 1302 530 differentiam,
1323 499 1434 531 damna,
1452 499 1650 532 mntilationes,
1667 508 1718 534 pu-

936 543 1123 575 tre-factiones,
1134 551 1265 571 sensuum
1274 544 1417 577 orbitates,
1434 552 1448 571 a
1460 546 1630 573 daemonibus
1642 553 1720 572 vexa-

937 588 1035 619 tiones,
1056 595 1236 623 quaecumque
1267 590 1295 616 in
1323 596 1353 617 se
1376 591 1499 617 continet
1523 596 1630 622 natura,
1657 598 1719 624 quae

936 633 1046 667 quidem
1075 633 1156 660 homo
1183 634 1298 668 quilibet
1325 638 1460 669 potestate
1486 636 1578 668 habet,
1604 643 1666 663 cum
1685 643 1718 663 ea

937 678 1062 704 accidant
1078 678 1104 705 in
1120 683 1228 705 natura.
1248 679 1326 706 Mitto
1345 684 1435 707 autem
1449 681 1553 708 emeris
1572 681 1717 713 insaniant,

936 726 963 749 et
979 723 1048 749 male
1073 723 1150 749 olens
1165 730 1274 750 ccenum
1300 723 1328 750 in
1346 731 1400 758 quo
1420 732 1452 751 vo
1466 728 1560 751 utatur
1583 725 1718 759 ejusmodi

938 768 1039 798 rabies,
1066 775 1117 794 nec
1143 767 1242 802 loquor
1264 768 1298 795 de
1327 767 1470 796 nulritioni
1496 769 1642 804 conjuncta
1672 777 1719 804 per

937 812 1122 840 excrctionem
1143 813 1278 846 molestia,
1304 821 1338 840 ne
1353 814 1446 841 videar
1465 815 1590 842 oratione
1608 815 1719 842 omnino

938 857 1028 883 invehi
1053 857 1080 884 in
1105 857 1200 890 vitam,
1229 858 1360 886 stercoris
1377 858 1542 886 effectricem
1572 859 1720 886 ostendens

937 908 999 931 esse
1018 908 1139 931 nostram
1159 910 1296 930 naturam.
1310 904 1358 931 llis
1374 904 1502 932 omnibus
1516 905 1718 939 praetermissis,

936 953 964 976 et
979 957 1041 984 quae
1052 953 1116 977 sunt
1131 949 1300 984 hujusmodi,
1315 949 1381 976 illud
1398 950 1460 977 dico
1471 951 1588 977 maxime
1608 949 1720 985 dignum

933 1001 999 1022 esse
1014 994 1145 1029 lacrymis
1158 995 1193 1021 iis
1210 995 1256 1029 qui
1272 995 1408 1032 sentiunt,
1420 994 1492 1029 quod
1511 995 1601 1022 sciant
1614 1003 1719 1026 omnes,

931 1047 1001 1067 cum
1025 1039 1082 1066 haec
1105 1040 1235 1067 umbrosa
1252 1040 1308 1067 vita
1332 1040 1505 1075 praeterierit.
1533 1048 1584 1068 nos
1611 1048 1722 1068 manere

938 1086 1155 1120 expectationem
1176 1085 1285 1120 jutlicii,
1311 1089 1338 1112 ct
1354 1086 1442 1113 zelum
1467 1086 1538 1120 ignis
1564 1086 1721 1113 devoraturi

939 1131 1123 1159 adversarios.
1142 1131 1194 1165 Qui
1211 1139 1276 1167 ergo
1291 1131 1348 1159 haec
1364 1136 1390 1158 et
1404 1139 1464 1166 quae
1483 1136 1548 1159 sunt
1564 1132 1721 1167 hujusmodi

939 1179 1058 1210 reputat,
1075 1183 1108 1203 an
1125 1183 1180 1203 non
1195 1183 1306 1212 semper
1319 1177 1401 1204 simul
1421 1177 1493 1204 vivet
1508 1184 1571 1204 cum
1597 1178 1673 1206 luctu
1693 1182 1721 1205 et

938 1221 1155 1249 lamentatione?

976 1265 1095 1301 Tempus
1112 1273 1176 1301 ergo
1191 1270 1233 1294 est
1254 1266 1311 1294 haec
1327 1274 1399 1294 nunc
1418 1271 1510 1294 mente
1525 1267 1663 1296 versandi.
1681 1267 1722 1294 Ex

939 1319 973 1340 eo
987 1313 1060 1340 enim
1075 1312 1145 1346 quod
1158 1333 1166 1345 ,
1180 1317 1313 1348 quantum
1329 1312 1363 1339 ad
1379 1317 1540 1347 praesentem
1558 1313 1640 1341 vitam
1656 1314 1721 1340 alti-

939 1362 988 1386 net
999 1380 1007 1390 .
1022 1366 1140 1386 mmrore
1151 1363 1178 1386 et
1194 1359 1318 1386 molestia
1335 1358 1424 1386 affecti
1441 1359 1542 1391 simus,
1562 1363 1592 1386 ut
1610 1359 1676 1386 nihil
1694 1360 1722 1386 in

939 1412 973 1432 ca
998 1411 1159 1439 peccemus.
1176 1408 1206 1431 ut
1227 1407 1271 1432 est
1293 1409 1525 1436 consentaneum,
1545 1405 1642 1432 aderit.
1663 1405 1722 1431 Hoc

106 1449 303 1483 ὲπαγγελθεῖσα
319 1449 368 1484 τῆς
382 1448 549 1484 εὐφροσύνης
563 1448 642 1482 χάρις
653 1447 686 1474 δι’
703 1448 808 1480 ἐλπίδος
821 1449 887 1483 ἡμῖν

942 1454 1032 1478 autem
1057 1450 1081 1477 si
1096 1455 1171 1477 recte
1195 1449 1260 1481 ﬁat,
1281 1450 1415 1484 promissa
1441 1450 1541 1477 laetitiae
1564 1450 1651 1485 gratia
1675 1457 1723 1484 per

106 1495 298 1522 ἀποκείσεται*
312 1495 329 1530 ἡ
341 1495 370 1521 δὲ
384 1494 461 1526 ἐλπὶς
468 1495 498 1520 οὐ
507 1494 689 1529 καταισχύνει,
705 1493 795 1525 καθώς
806 1502 888 1528 φησιν

105 1543 121 1568 ὸ
142 1540 311 1573 Ἀπόστολος.
330 1540 366 1567 Τὸ
388 1540 418 1567 δὲ
443 1541 622 1576 ἐπαγόμενον,
647 1539 702 1566 οἷον
721 1539 887 1574 ἐπανάληψις

105 1586 154 1613 τοῦ
167 1585 364 1621 προειρημένου
374 1585 457 1613 ἐστίν.
470 1585 563 1612 Είπὼν
574 1585 628 1621 γὰρ
643 1584 689 1611 τοῦ
707 1584 823 1621 δακρύου
841 1584 888 1610 καὶ

105 1632 153 1658 τοῦ
159 1632 273 1666 γέλωτος
282 1631 331 1666 τὴν
339 1631 491 1666 εὐκαιρίαν,
502 1631 636 1665 ἐπήγαγε·
651 1639 660 1656 ι
674 1629 776 1664 Καιρὸς
786 1629 832 1656 τοῦ
843 1630 888 1656 κό-

104 1678 218 1712 ψασθαι,
233 1677 326 1712 καιρὸς
341 1676 388 1703 τοῦ
404 1676 583 1711 ὀρχήσασθαι,
594 1685 604 1701 ›
620 1677 687 1710 ὅπερ
696 1675 770 1702 οὐδὲν
781 1675 853 1707 ἄλλο,
870 1675 886 1709 ἢ

105 1723 232 1753 ἐπίτασις
241 1722 369 1757 ἑκατέρου
381 1721 435 1748 τῶν
447 1728 499 1756 μνη
505 1721 686 1756 μονευθέντων
696 1721 778 1748 ἐστίν.
795 1721 825 1747 '0
834 1720 888 1755 γὰρ

105 1768 228 1803 εὐπαθὴς
241 1776 271 1794 τε
285 1768 331 1794 καὶ
349 1767 497 1798 ἐνδιάθετος
517 1767 625 1802 θρῆνος,
643 1766 757 1798 κοπετὸς
773 1766 826 1793 ὑπὸ
839 1766 889 1800 τῆς

104 1815 215 1850 Γραφῆς
227 1813 398 1849 ὀνομάζεται.
419 1813 554 1845 Ὡσαύτως
576 1813 604 1839 δὲ
617 1813 664 1839 καὶ
680 1814 695 1847 ἡ
716 1813 826 1848 ὄρχησις
841 1820 889 1847 ση-

106 1861 199 1896 μαίνει
221 1859 271 1893 τὴν
289 1859 338 1893 τῆς
363 1858 530 1893 εὐφροσύνης
552 1858 685 1890 ἐπίτασιν,
700 1858 791 1889 καθὼς
809 1859 838 1884 ὲν
850 1857 889 1893 τῷ

106 1905 265 1939 Εὑαγγελίῳ
277 1905 306 1930 τδ
318 1903 436 1930 τοιοῦτον
448 1904 594 1939 ἐμάθομεν,
609 1904 638 1930 ὲν
649 1900 689 1935 οἷς
703 1911 794 1938 φησιν,
814 1913 823 1928 ι
838 1902 891 1929 Ηύ-

104 1951 230 1985 λήσαμεν
240 1950 313 1984 ὑμῖν,
324 1950 371 1975 καὶ
379 1949 428 1976 οὐκ
435 1949 606 1984 ὠρχήσασθε’
615 1948 805 1984 ἐθρηνήσαμεν
813 1948 888 1982 ὑμῖν,

105 1996 155 2022 καὶ
171 1995 221 2021 οὐκ
241 1993 382 2028 ἐκόψασθε.
398 2003 407 2019 ›
427 1993 505 2020 Οὕτω
519 1994 600 2029 φησὶν
614 1995 630 2029 ὴ
645 1994 759 2029 ἱστορία,
774 1993 889 2020 κοπετὸν

107 2041 158 2074 μὲν
173 2040 219 2066 ἐπὶ
237 2041 269 2074 τῇ
279 2039 440 2074 μεταστάσει
453 2039 501 2065 τοῦ
516 2040 637 2071 Μωσέως
650 2040 697 2065 ἐπὶ
712 2040 768 2070 τοῖς
783 2039 890 2075 Ἰσραη-

104 2085 193 2116 λίταις
207 2083 341 2118 γενέσθαι,
364 2082 530 2118 ὀρχήσασθαι
546 2083 574 2109 δὲ
588 2083 633 2109 τὸν
649 2082 729 2109 Δαΰὶδ
743 2083 791 2118 τῆς
811 2082 891 2109 κιϐω-

940 1503 1015 1530 spem
1036 1496 1117 1524 nobis
1137 1495 1286 1531 reponitur.
1303 1495 1371 1529 Spes
1387 1499 1476 1522 autem
1493 1495 1598 1530 pudore
1612 1503 1667 1523 non
1683 1495 1724 1522 af-

941 1541 1011 1573 ﬁcit,
1026 1546 1057 1568 ut
1073 1542 1140 1568 dicit
1157 1542 1306 1576 Apostolus
1321 1542 1354 1568 ‘7.
1373 1541 1450 1574 Quod
1468 1546 1557 1569 autem
1577 1542 1721 1576 subiungi-

940 1591 995 1620 tur,
1008 1591 1050 1615 est
1064 1587 1147 1614 veluti
1163 1587 1287 1621 repetitio
1302 1586 1362 1621 ejus
1375 1586 1447 1621 quod
1463 1587 1540 1621 prius
1554 1587 1656 1614 dictum
1669 1592 1721 1614 est.

941 1631 1007 1658 Nam
1029 1639 1090 1659 cum
1115 1631 1229 1658 dixisset
1251 1631 1432 1666 lacrymarum
1455 1635 1484 1658 et
1501 1633 1573 1659 risus
1590 1636 1721 1666 opportu~

941 1678 1064 1708 nitatem,
1093 1675 1256 1711 sttbjunxit:
1276 1685 1286 1702 ι
1300 1675 1419 1710 Tempus
1443 1679 1486 1703 est
1508 1676 1669 1711 plangendi,
1696 1682 1722 1704 et

941 1727 1048 1757 tempus
1070 1721 1203 1752 saltandi,
1222 1731 1231 1747 ι
1245 1721 1318 1756 quod
1340 1722 1450 1756 quidem
1470 1721 1539 1748 nihil
1563 1726 1605 1750 est
1628 1722 1720 1754 aliud,

941 1775 1022 1803 quam
1043 1767 1218 1802 ampliﬁcatio
1237 1767 1381 1801 utriusque
1401 1774 1496 1794 eorum
1519 1775 1634 1802 quorum
1649 1767 1719 1795 facta

940 1817 983 1840 est
997 1812 1109 1839 mentio.
1124 1811 1192 1838 Nam
1208 1812 1254 1847 qui
1271 1812 1351 1840 facile
1366 1816 1505 1846 movetur,
1521 1817 1549 1840 et
1564 1817 1606 1840 est
1625 1820 1656 1840 ex
1677 1813 1720 1840 in-

941 1860 1019 1884 terna
1036 1857 1197 1889 affectione,
1219 1857 1328 1890 luctus,
1353 1865 1368 1885 a
1393 1857 1535 1892 Scriptura
1561 1858 1720 1886 nominatur

941 1903 1069 1937 planctus
1094 1903 1127 1930 ".
1144 1902 1277 1930 Similiter
1292 1907 1382 1930 autem
1405 1907 1432 1930 et
1455 1903 1564 1930 saltatio
1587 1903 1722 1938 signiﬁcat

941 1948 1073 1975 intensam
1090 1947 1210 1974 laetitiam
1221 1967 1228 1980 ,
1245 1948 1382 1982 quomodo
1398 1947 1544 1976 didicimus
1559 1949 1586 1975 in
1600 1948 1722 1983 Evange-

932 1993 991 2023 lio,
1017 1999 1079 2020 cum
1116 1993 1203 2020 dicit:
1216 2003 1225 2019 ι
1241 1992 1319 2021 Tibia
1332 1994 1412 2021 vobis
1433 1994 1602 2026 cecinimus,
1622 1999 1650 2021 et
1667 2002 1722 2022 non

943 2039 1085 2071 saltastis;
1108 2039 1249 2066 lamentati
1266 2047 1362 2067 sumus
1380 2039 1476 2072 vobis,
1494 2044 1520 2067 ct
1543 2047 1598 2067 non
1614 2039 1722 2074 planxi-

944 2083 994 2110 stis
1007 2082 1041 2109 θ’.
1059 2093 1069 2108 ι
1082 2082 1119 2109 Ita
1135 2083 1203 2110 dicit
1220 2083 1336 2111 historia
1352 2083 1438 2112 fuisse
1454 2084 1562 2119 quidem
1583 2083 1737 2119 planetum‘

103 2129 154 2156 τοῦ
177 2128 415 2169 προπομπεύοντα,
428 2129 472 2155 ὅτε
499 2127 582 2163 αὐτὴν
606 2128 638 2154 ὲκ
657 2127 711 2154 τῶν
736 2127 887 2162 ἀλλοφύλων

943 2128 1014 2163 apud
1030 2128 1179 2162 lsraelitas,
1191 2136 1253 2157 cum
1265 2130 1397 2164 migraret
1411 2131 1531 2162 Moses‘,
1548 2131 1663 2159 saltasse
1679 2138 1723 2158 au-

103 2175 298 2210 ἀνεκομίσατο,
311 2173 348 2209 μὴ
363 2174 392 2200 ὲν
400 2173 440 2208 τῷ
452 2173 560 2208 συνήθει
569 2172 740 2208 δεικνύμενον
755 2173 885 2208 σχήματι.

109 2219 345 2253 ’Υποφθὲγγεσθαι
375 2218 429 2254 γὰρ
458 2219 538 2245 αὐτόν
563 2227 629 2253 φησι
650 2218 703 2245 τῶν
723 2218 888 2254 ἐναρμονίων

105 2265 196 2301 μελῶν
208 2264 237 2291 ὲν
245 2264 284 2299 τῷ
297 2265 417 2300 μουσικῷ
429 2264 537 2299 ὀργάνῳ
551 2263 767 2299 ἀνακρουόμενον
779 2272 786 2280 ’
798 2272 891 2298 συγκι-

102 2310 212 2337 νεῖσθαι
225 2310 252 2336 δὲ
262 2309 383 2345 πρὸςτδν
398 2309 500 2345 ῥυθμὸν
511 2309 549 2344 τῷ
564 2309 634 2341 ποδὶ,
649 2309 696 2336 καὶ
711 2310 744 2345 τῇ
756 2309 785 2336 ὲν
795 2308 891 2344 ῥυθμῷ

103 2356 213 2390 κινήσει
223 2355 270 2381 τοῦ
283 2354 407 2390 σώματος
424 2355 474 2390 τὴν
495 2354 567 2382 ἔνδον
577 2354 749 2390 δημοσιεύειν
761 2354 888 2382 διάθεσιν.

109 2400 222 2436 Ἐπειδὴ
248 2400 336 2427 τοίνυν
352 2400 461 2432 διπλοῦς
489 2399 538 2435 μὲν
560 2402 575 2427 ὁ
590 2400 741 2435 ἄνθρωπος,
755 2401 787 2427 ὲκ
800 2400 889 2435 ψυχῆς

100 2445 177 2479 λέγω
192 2446 237 2472 καὶ
250 2444 385 2480 σώματος,
402 2445 483 2481 διπλῆ
501 2445 530 2472 δὲ
546 2445 615 2481 καὶὴ
632 2444 699 2481 ζωὴ,
716 2445 889 2480 καταλλήλως

100 2492 132 2518 ἐν
155 2491 278 2526 ἑκατέρῳ
289 2491 342 2517 τῶν
354 2491 383 2517 ὲν
395 2492 463 2526 ἡμῖν
477 2491 687 2526 ἐνεργουμένων,
708 2491 790 2518 καλὸν
802 2491 835 2518 ἂν
845 2490 888 2525 εἴη

99 2537 137 2571 τῇ
151 2537 294 2572 σωματικῇ
309 2535 365 2572 ζωῇ
382 2536 565 2571 κοπτομένους
574 2538 582 2547 '
592 2536 688 2564 πολλαὶ
698 2537 745 2564 καὶ
758 2536 812 2563 τῶν
824 2536 889 2571 θρή-

101 2590 158 2608 νων
173 2581 243 2608 κατὰ
258 2581 303 2608 τὸν
320 2581 375 2616 βίον
387 2581 479 2608 τοῦτον
491 2583 519 2609 αι
532 2582 663 2617 ἀφορμαὶ,
674 2583 707 2617 τῇ
718 2582 790 2617 ψυχῇ
801 2590 889 2616 παρα-

100 2626 249 2658 σκευάζειν
265 2627 314 2662 τὴν
328 2627 486 2662 ἐναρμόνιον
501 2627 623 2662 δρχησιν.
636 2628 716 2653 Ὅσον
729 2627 783 2662 γὰρ
804 2627 884 2653 πλέον

97 2671 354 2706 καταπυγνάζεται
364 2671 407 2698 διὰ
422 2672 592 2706 κατηφείαςὸ
603 2672 669 2707 βίος,
684 2672 801 2707 τοσούτῳ
817 2672 886 2706 μᾶλ-

942 2179 996 2201 tem
1011 2173 1140 2201 Davidem
1153 2181 1246 2202 arcam
1261 2174 1289 2201 in
1305 2182 1404 2209 pompa
1415 2175 1625 2209 praecedentem,
1639 2183 1723 2210 quan-

943 2219 978 2246 do
994 2226 1054 2247 eam
1067 2220 1193 2254 repetivit
1205 2220 1240 2247 ab
1255 2219 1425 2255 alienigenis,
1441 2227 1495 2248 non
1511 2228 1544 2248 eo
1559 2221 1651 2248 habitu
1669 2229 1723 2256 quo

943 2265 1056 2293 solebat.
1073 2264 1245 2293 Dicit'enim
1257 2273 1321 2294 eum
1341 2265 1438 2293 modos
1457 2266 1591 2294 cecinisse
1613 2266 1723 2294 harmo-

941 2310 1036 2341 nicos.
1056 2310 1211 2345 pulsantem
1231 2311 1366 2337 musicum
1384 2311 1613 2338 instrumentum:
1630 2319 1660 2339 se
1675 2319 1724 2339 au-

940 2360 994 2384 tem
1011 2355 1129 2383 movisse
1144 2355 1177 2383 ad
1192 2362 1349 2388 numerum,
1365 2360 1392 2384 et
1406 2363 1552 2384 numeroso
1567 2361 1642 2383 motu
1659 2363 1723 2384 cor-

941 2400 1015 2436 poris
1030 2400 1058 2427 in
1074 2399 1211 2435 publicum
1228 2400 1362 2427 internam
1378 2401 1524 2435 protulisse
1539 2400 1720 2429 aﬂ'ectionem.

940 2445 1074 2478 Quoniam
1090 2445 1174 2481 igitur
1187 2445 1286 2481 duplex
1301 2446 1410 2481 quidem
1424 2451 1465 2474 est
1482 2447 1572 2479 homo,
1587 2451 1616 2474 ut
1628 2447 1674 2482 qui
1689 2455 1722 2475 ex

940 2492 1030 2519 anima
1046 2496 1152 2520 constet
1165 2496 1193 2524 et
1208 2499 1339 2527 corpore,
1361 2497 1388 2520 et
1411 2493 1604 2521 convenienter
1623 2493 1721 2528 duplex

940 2545 1048 2572 quoque
1062 2541 1104 2565 est
1117 2537 1172 2565 vita
1186 2546 1193 2570 ',
1210 2538 1237 2564 in
1252 2543 1369 2571 utroque
1380 2544 1474 2565 eorum
1490 2545 1549 2573 quae
1562 2537 1630 2565 ﬁunt
1645 2545 1661 2564 a
1676 2546 1722 2565 no-

939 2581 994 2612 bis.
1012 2581 1113 2609 bonum
1130 2581 1212 2609 fuerit
1228 2582 1289 2609 vitae
1304 2589 1452 2616 corporeae,
1469 2583 1558 2617 utqui
1574 2583 1719 2617 plangunt,

937 2626 1038 2654 multas
1053 2627 1174 2654 luctuum
1188 2631 1215 2654 et
1229 2626 1452 2654 lamentationum
1467 2627 1496 2654 in
1511 2626 1561 2654 hac
1575 2627 1630 2653 vita
1645 2633 1721 2653 occa-

938 2672 1029 2699 siones
1045 2675 1072 2700 et
1087 2671 1254 2699 adminicula
1269 2671 1368 2699 anima:
1384 2676 1480 2706 parent
1495 2671 1529 2700 ad
1545 2677 1719 2699 numerosam

137 2763 159 2778 ’⁷
179 2761 258 2790 Rom.
274 2771 302 2797 ν,
319 2762 344 2789 5.
383 2763 406 2779 "
423 2761 497 2789 Matt.
528 2769 557 2794 ιι,
580 2761 623 2789 l8.
661 2763 684 2779 "
705 2761 886 2793 Luc.vn,32.
926 2761 934 2777 ¹
952 2761 1030 2791 Deut.
1043 2769 1135 2794 xxxiv,
1152 2762 1178 2790 8.
1217 2763 1226 2778 ‘
1243 2760 1264 2788 ll
1278 2760 1342 2796 Reg.
1355 2769 1392 2793 vI,
1409 2760 1451 2786 Li.
