1989 3070
271 75 321 103 ῊΙ

873 75 904 103 S.
922 74 1087 103 CREGORII
1109 74 1256 102 NYSSENI

1842 73 1887 101 712

273 136 454 164 saltationem.
473 132 542 161 Nam
556 141 610 168 quo
630 133 716 169 magis
735 134 790 161 Vita
809 141 927 162 mmrore
949 135 1056 169 angitur

1109 134 1153 161 λον
1164 135 1192 160 αί
1203 133 1253 168 τῆς
1268 131 1437 167 εὐφροσύνης
1451 130 1573 167 ἀφορμαὶ
1582 132 1614 166 τῇ
1626 129 1698 165 ψυχῇ
1715 129 1887 166 συναθροίζειν-

272 185 299 208 et
317 180 500 210 contrahitur,
516 186 550 206 eo
566 179 684 213 majores
706 178 806 205 lirtitia:
822 178 983 206 occasiones
996 186 1062 204 con-

273 229 419 263 gregantur
435 225 462 251 io
479 225 580 252 anima.
600 226 682 250 Arcta
697 228 724 251 et
741 231 838 258 aspera
857 231 901 251 res
916 228 959 250 est
973 223 1062 250 conti-

274 268 384 302 nentia,
401 278 445 297 res
460 271 550 297 tristis
563 274 605 297 est
621 269 762 296 humilitas
773 289 781 301 .
798 277 843 296 res
863 273 905 296 est
928 269 1060 295 lamenta—

274 316 337 344 bilis
358 316 489 343 damnum
511 315 566 350 pati
583 325 589 342 :
617 315 707 342 luctus
722 318 764 342 est
778 318 967 348 argumentum
980 333 988 345 .
1006 320 1060 340 non

273 363 380 388 tantum
403 360 520 392 habere,
543 363 675 394 quantum
701 360 718 386 ii
738 360 785 393 qui
800 359 969 386 dominatum
987 358 1060 385 oliti-

273 411 359 434 nent:
376 406 424 434 sed
449 407 495 441 qui
519 406 638 440 seipsum
663 405 805 437 humiliat,
832 405 1008 436 exaltabitur,
1033 407 1061 431 et

272 452 320 486 qui
341 452 367 478 in
392 456 550 486 paupertate
569 455 722 482 exercetur,
749 450 940 483 coronabitur,
963 455 989 477 et
1013 449 1059 484 qui

273 498 392 525 scatebat
410 496 566 526 ulceribus,
591 499 618 523 et
640 495 667 522 in
689 496 816 523 omnibus
835 495 998 522 ostendebat
1016 495 1059 521 vi-

273 546 328 570 tam
343 542 452 576 dignam
468 549 529 576 quae
544 541 692 575 lugeretur,
711 540 832 574 quiescet
850 540 878 566 in
895 540 957 568 sinu
973 540 1061 566 Abra-

272 588 323 614 hae.
342 587 370 614 In
387 595 441 622 quo
456 595 507 614 nos
529 593 639 621 quoque
662 586 762 617 simus,
789 585 978 612 misericordia
999 586 1060 620 ejus

272 633 318 667 qui
336 640 388 659 nos
403 626 496 660 servat
508 652 515 664 ,
531 631 596 659 Jesu
613 631 716 659 Christi
731 639 738 664 ;
754 631 798 658 cui
815 631 901 666 gloria
919 631 946 658 in
958 631 1059 659 saecula

273 678 449 706 mulorum.
469 678 565 705 Amen.

554 721 695 750 HOMILIA
717 721 774 750 Vll.

310 778 320 794 ε
336 768 456 803 Tempus
473 767 593 802 jaciendi
614 768 729 802 lapides,
743 772 770 794 et
785 771 893 802 tempus
911 767 1057 802 colligendi

1113 189 1167 206 ται.
1194 179 1309 212 Στυγνδν
1329 180 1344 214 ἡ
1369 178 1515 213 ἐγκράτεια
1527 185 1533 192 ·
1546 176 1667 212 κατηφὲς
1682 177 1699 211 ἡ
1714 177 1886 209 ταπείνωσις·

1112 226 1209 261 θρῆνος
1232 225 1263 251 τὸ
1276 223 1456 259 ζημιοῦσθαι·
1475 222 1588 253 πένθους
1605 222 1731 253 ὑπόθεσις
1743 221 1774 248 τὸ
1790 222 1826 257 μὴ
1839 223 1887 248 ἴσον

1112 273 1180 308 πρὸς
1194 273 1257 304 τοὺς
1271 271 1437 307 κρατοῦντας
1447 270 1518 305 ἔχειν
1531 278 1538 284 ·
1551 269 1608 296 ἀλλ’
1618 268 1776 295 όταπεινῶν
1790 269 1886 299 ἑαυτὸν,

1111 319 1294 354 ὑψωθήσεται,
1316 318 1363 344 καὶ
1383 318 1397 344 ὁ
1416 315 1533 343 εναθλῶν
1547 317 1579 350 τῇ
1594 314 1675 349 πενίᾳ
1694 314 1888 348 στεφανωθήσε-

1110 371 1164 396 ται,
1177 363 1224 390 καὶ
1238 364 1252 390 ὁ
1263 365 1318 395 τοῖς
1336 362 1427 389 ’ἐλκεσι
1450 361 1539 397 βρύων
1557 361 1603 387 καί¹
1612 360 1655 387 διὰ
1671 360 1778 386 πάντων
1796 360 1887 395 θρήνου

1110 409 1184 441 ἄξιον
1195 409 1240 436 τὸν
1267 408 1361 436 ἑαυτοῦ
1377 408 1433 443 βίον
1444 406 1673 441 ἐπιδεικνύμενος,
1688 405 1727 440 τῷ
1744 405 1832 440 κόλπῳ
1845 405 1887 431 τοῦ

1110 455 1282 491 Πατριάρχου
1294 453 1517 481 ἐναναπαύσεται.
1526 448 1597 485 Ἐνῷ
1607 451 1654 478 καὶ
1662 452 1742 486 ἡμεῖς
1751 450 1888 484 γενοίμεθα

1109 500 1148 535 τῷ
1166 500 1235 527 ἐλέει
1255 500 1301 526 τοῦ
1327 500 1457 531 σώζοντος
1481 498 1555 533 ἡμᾶς
1572 496 1665 536 γ’]ησοῦ
1684 495 1811 531 Χριστοῦ·
1833 491 1853 528 ᾧ
1872 496 1887 530 ὴ

1109 538 1173 579 δόξα
1200 547 1246 591 καὶ
1271 546 1302 573 τὸ
1325 547 1424 582 κράτος
1443 546 1483 577 είς
1504 545 1568 576 τοὺς
1590 542 1690 575 αἰῶνας
1711 542 1764 569 τῶν
1778 541 1885 569 αἰώνων.

1115 593 1213 629 Ἀμήν.

1447 729 1532 756 llAlA
1551 729 1588 756 Z'.

1447 729 1532 756 llAlA
1571 732 1588 755 '.

1145 785 1156 802 ι
1169 776 1270 812 Καιρὸς
1279 776 1326 803 τοῦ
1339 730 1538 811 βαλεὲἰιλίθους.
1549 729 1596 800 fui
1608 773 1702 809 καιρὸς
1716 772 1763 800 τοῦ
1778 781 1888 806 συναγα-

271 814 385 849 lapides.
401 823 410 840 ο
424 813 474 841 Per
489 820 520 840 ea
536 821 596 847 quae
612 813 750 844 ostendit.
767 812 926 840 auditorum
941 813 998 847 jam
1017 814 1056 840 vi-

1109 823 1167 856 γεῖν
1193 821 1293 853 λίθους.
1314 831 1324 848 ι
1337 821 1460 855 Ηῦξησεν
1479 820 1528 855 ἠδη
1553 819 1585 846 δι’
1613 815 1650 846 ὦν
1672 818 1755 850 ἔδειξε
1777 817 1825 853 τὴν
1839 818 1888 844 τῶν

271 868 316 887 res
333 860 408 886 auxit
423 859 673 886 ecclesiasticarum
689 859 830 893 copiarum
851 858 1010 894 praefectus,
1027 863 1056 886 ut

271 910 298 932 et
311 906 366 940 jam
381 905 489 940 possint
504 904 585 932 ferire
601 904 777 932 adversarios
788 925 795 937 ,
811 908 838 932 et
852 912 883 932 ea
897 912 1056 940 comparare

271 960 332 987 quae
348 956 412 979 sunt
429 951 490 977 usui
505 950 539 977 ad
561 949 724 977 feriendum.
746 949 782 976 Ea
804 950 877 976 enim
898 957 958 984 quae
980 950 1056 984 prius

270 997 435 1028 didicimus,
454 1004 486 1024 ex
502 1003 535 1024 eo
548 995 619 1031 quod
637 996 764 1024 omnibus
784 996 893 1032 adaptet
914 1004 974 1024 eam
995 1005 1057 1032 qua:

271 1047 357 1071 estex
373 1047 496 1077 tempore
509 1048 666 1069 mensuram
679 1060 686 1073 ,
702 1045 728 1068 ct
742 1049 802 1068 eam
819 1049 879 1076 qua:
894 1045 936 1069 est
950 1041 978 1068 in
995 1042 1057 1069 uni-

270 1097 352 1119 verso
367 1090 598 1124 opportunitatem
609 1108 616 1120 ,
636 1088 698 1115 boni
716 1091 744 1115 et
761 1086 869 1114 honesti
891 1089 1057 1116 constituere

268 1135 390 1170 judicem
403 1135 494 1163 edocti
511 1142 624 1166 sumus,
641 1134 673 1161 ad
691 1134 762 1161 hanc
785 1141 836 1162 nos
855 1133 992 1162 deducunt
1014 1134 1056 1162 fa-

271 1182 399 1215 cultatem
408 1201 415 1213 .
428 1185 458 1209 ut
470 1181 638 1216 intelligatur
652 1181 749 1208 animae
761 1185 862 1208 nostra:
872 1188 933 1208 esse
947 1180 1056 1215 aliquod

271 1228 411 1255 brachium
422 1247 430 1260 ,
446 1232 472 1255 et
487 1231 562 1255 recta
575 1227 718 1254 mittamus
735 1225 840 1261 lapides
862 1226 908 1261 qui
930 1225 1057 1253 occidant

271 1274 408 1306 inimicos,
421 1277 449 1301 et
458 1281 555 1301 rursus
566 1280 614 1300 eos
624 1279 785 1300 revocemus
795 1291 803 1304 ,
818 1272 852 1299 ad
868 1279 1057 1306 quemcunque

273 1319 377 1346 hostem
389 1319 555 1353 jecerimus,
569 1317 602 1345 ad
619 1317 671 1344 hoc
689 1322 718 1344 ut
731 1324 839 1352 semper
854 1317 964 1344 eosdem
978 1316 1057 1350 jacu-

272 1365 359 1393 lemur
373 1365 400 1391 in
416 1364 615 1392 adversarium.
629 1363 716 1397 Atque
735 1363 753 1389 ii
773 1362 883 1397 quidem
903 1362 951 1396 qui
970 1361 1056 1389 solam

271 1410 412 1437 intuentur
428 1411 544 1437 litteram
557 1429 564 1441 ,
579 1414 604 1436 et
616 1409 650 1436 ad
663 1415 773 1436 sensum
788 1408 833 1442 qui
846 1411 888 1435 est
901 1408 934 1434 ad
947 1415 1056 1434 manum

271 1458 378 1481 tantum
387 1454 545 1485 advertunt.
554 1453 801 1481 accommodabunt
810 1453 894 1488 legem
903 1452 987 1480 Musis
993 1460 1057 1487 prae-

1109 867 1259 894 ὰκουόντων
1273 867 1349 902 ἰσχὺν
1364 867 1378 892 ὁ
1390 867 1439 901 τῆς
1450 863 1679 900 ὲκκλησιαστικῆς
1692 863 1831 898 δυνάμεως
1844 871 1888 889 τα-

1111 912 1229 948 ξίαρχος,
1247 912 1317 938 ὥστε
1335 911 1383 938 καὶ
1407 911 1497 945 βαλεῖν
1520 909 1648 936 δύνασθαι
1672 909 1734 940 τοὺς
1751 908 1888 935 ἀντιτετα-

1109 957 1237 992 γμένους,
1247 955 1353 988 καὶτὰς
1366 957 1406 987 εἰς
1417 956 1447 982 τὺ
1461 955 1551 990 βαλεῖν
1569 953 1745 990 παρασκευὰς
1761 953 1890 988 συμπορίε

1098 1002 1213 1035 ’ζεσθαι.
1231 1003 1264 1028 ’Δ
1278 1001 1331 1038 γὰρ
1343 1000 1605 1038 προεπαιδεύθημεν,
1619 999 1652 1026 δι’
1671 996 1709 1026 ὧν
1721 1000 1802 1026 πᾶσιν
1811 999 1890 1033 ἐφαρ-

1111 1047 1203 1082 μόζειν
1219 1047 1249 1074 τὸ
1267 1048 1299 1074 ὲκ
1314 1047 1361 1074 τοῦ
1387 1047 1481 1083 χρόνου
1502 1047 1614 1082 μέτρον,
1635 1047 1683 1073 καὶ
1696 1046 1746 1082 τὴν
1762 1047 1791 1072 ἐν
1814 1045 1890 1072 παντὶ

1106 1092 1251 1128 εὐκαιρίαν
1264 1092 1398 1120 ποιεῖσθαι
1412 1092 1459 1119 τοῦ
1472 1092 1554 1128 καλοῦ
1569 1092 1710 1128 κριτήριον
1730 1090 1888 1126 μεμαθήκα-

1111 1147 1171 1174 μεν,
1186 1140 1225 1171 εἰς
1236 1139 1338 1175 ταύτην
1348 1139 1423 1174 ἡμᾶς
1436 1139 1497 1173 ἄγει
1507 1138 1556 1173 τὴν
1568 1138 1693 1172 δύναμιν⁷
1710 1136 1781 1163 ὥστε
1795 1135 1889 1171 νοηθῆ-

1110 1183 1153 1210 ναί
1167 1192 1228 1210 τινα
1240 1183 1318 1219 ἡμῶν
1332 1184 1381 1219 τῆς
1393 1183 1481 1219 ψυχῆς
1496 1183 1636 1219 βραχίονα,
1648 1182 1694 1209 καὶ
1710 1182 1780 1209 κατὰ
1791 1181 1888 1208 σκοποῦ

1110 1230 1229 1265 πέμπειν
1252 1230 1314 1261 τοὺς
1329 1230 1517 1265 ἁναιρετικοίδς
1535 1228 1582 1255 τοῦ
1602 1227 1700 1264 ἐχθροῦ
1720 1227 1827 1258 λίθους,
1845 1227 1891 1253 καὶ

1111 1274 1191 1301 πάλιν
1204 1274 1397 1302 ἀνακαλεῖσθαι
1411 1273 1520 1305 τούτους
1532 1274 1573 1305 είς
1584 1271 1638 1300 οἷον
1657 1272 1691 1299 ἂν
1703 1272 1750 1299 τδν
1765 1271 1891 1306 πολέμιον

1110 1319 1234 1355 βάλωμεν
1246 1321 1286 1351 είς
1303 1320 1333 1346 τὸ
1344 1320 1388 1346 ἀεὶ
1404 1319 1448 1347 διὰ
1463 1319 1517 1347 τῶν
1533 1319 1622 1346 αὐτῶν
1632 1317 1835 1349 κατακοντίζειν
1846 1316 1891 1343 τὸν

1109 1365 1306 1400 ἀντικείμενον.
1325 1366 1356 1391 Οί
1373 1365 1422 1400 μὲν
1435 1362 1482 1391 οὖν
1496 1364 1563 1400 πρὸς
1577 1364 1607 1390 τδ
1620 1364 1737 1399 γράμμα
1750 1362 1892 1398 βλέποντες

1111 1411 1200 1446 μόνον,
1217 1411 1264 1438 καὶ
1283 1412 1316 1446 τῇ
1340 1411 1478 1446 προχείρῳ
1500 1410 1698 1445 παριστάμενοι
1714 1409 1818 1444 διανοίᾳ
1835 1408 1891 1435 τῶν

1109 1457 1262 1492 εἰρημένων
1271 1476 1279 1489 ,
1301 1457 1347 1484 τὸν
1360 1456 1482 1488 Μωσέως
1494 1456 1574 1491 νόμον
1586 1456 1652 1487 ἴσως
1666 1454 1784 1489 παροῦσι
1800 1455 1892 1490 ῥητοῖς

272 1501 397 1528 sentibus
411 1500 521 1531 verbis,
534 1500 560 1527 in
577 1507 629 1534 qua
644 1500 686 1526 lex
700 1499 777 1534 jubet
791 1499 883 1534 jacere
896 1499 999 1533 lapides
1009 1518 1017 1530 ,
1032 1499 1056 1526 si

1108 1491 1319 1542 ἐφαρμόσουσιν,
1342 1502 1385 1537 ἐφ’
1402 1502 1432 1529 ὃν
1457 1502 1623 1538 προστάσσει
1644 1502 1658 1528 ὁ
1680 1501 1762 1536 νόμος
1786 1500 1892 1535 βάλλειν

271 1546 411 1580 quidpiam
429 1546 605 1573 inveniantur
620 1546 702 1580 aliqui
719 1545 879 1580 delinquere
902 1545 930 1572 in
954 1545 1056 1580 legem,

271 1591 344 1618 sicut
364 1595 392 1617 et
409 1598 459 1618 nos
480 1598 528 1624 per
549 1590 635 1625 ipsam
652 1589 798 1618 didicimus
816 1590 978 1622 historiam,
1001 1594 1056 1617 tam

272 1637 299 1664 in
314 1637 348 1663 iis
360 1636 407 1671 qui
425 1638 539 1671 peccant
555 1636 688 1664 adversus
702 1635 851 1663 Sabbatum
863 1657 869 1668 ,
883 1643 966 1670 quam
981 1636 1009 1662 in
1024 1643 1057 1663 eo

271 1683 319 1717 qui
336 1690 414 1710 sacra
433 1686 476 1709 est
495 1681 644 1709 sulluratns
655 1702 663 1714 ,
681 1685 709 1708 et
726 1681 752 1708 in
769 1681 831 1709 aliis
848 1681 958 1709 delictis
970 1701 977 1712 .
995 1689 1056 1716 quae

271 1728 315 1755 lex
331 1727 415 1762 jussit
440 1727 533 1762 puniri
558 1726 704 1762 lapidibus.
722 1726 777 1762 Ego
794 1730 901 1759 autem,
918 1726 941 1754 si
958 1734 1057 1762 cogere

271 1773 377 1808 lapides
399 1777 582 1808 opportunum
605 1772 709 1800 faceret
729 1772 928 1804 Ecclesiastes.
944 1771 979 1799 de
1002 1780 1056 1807 quo

272 1819 314 1846 lex
330 1817 398 1845 nihil
411 1819 506 1853 jubet,
522 1825 611 1852 neque
632 1818 687 1845 ulla
707 1825 740 1846 ex
757 1818 872 1846 historia
887 1819 960 1845 actio
974 1818 1057 1845 refert

272 1864 362 1892 simile
371 1883 378 1896 ,
394 1864 428 1891 iis
444 1864 593 1891 assentirer
606 1864 652 1898 qui
665 1863 749 1891 verba
761 1871 810 1898 per
820 1863 906 1898 legem
919 1863 1056 1898 interpre-

271 1913 375 1942 tantur,
391 1909 463 1944 quod
481 1910 586 1937 scilicet
601 1913 669 1936 tunc
685 1909 721 1936 sit
736 1913 842 1943 tempus
856 1909 974 1943 jaciendi
986 1909 1056 1944 lapi-

271 1954 334 1986 des,
348 1955 458 1989 quando
475 1954 609 1989 quispiam
622 1954 662 1982 vel
673 1954 789 1989 deliquit
803 1955 935 1982 adversus
952 1955 1057 1982 Sabha-

272 2003 331 2026 tum
342 2019 349 2030 ,
365 1999 405 2026 vel
420 2000 532 2027 abstulit
547 1999 650 2033 aliquid
665 2007 759 2027 eorum
774 2008 833 2034 qua:
845 2005 908 2028 sunt
919 2001 1054 2029 dedicata.

273 2043 352 2072 Nunc
376 2048 466 2072 autem
495 2043 613 2079 adjectio
638 2044 699 2077 ejus
719 2045 791 2079 quod
811 2049 936 2080 oporteat
959 2053 1056 2073 rursus

273 2097 371 2125 cogere
386 2089 490 2125 lapides
500 2110 507 2120 .
525 2089 599 2124 quod
614 2089 724 2124 quidem
741 2090 815 2117 nulla
830 2091 887 2125 lege
903 2095 945 2118 est
960 2091 1056 2118 deﬁni-

272 2139 348 2167 tum,
365 2142 417 2162 nos
431 2134 507 2162 ducit
523 2134 556 2161 ad
571 2134 656 2161 alium
670 2142 789 2162 sensum.
809 2134 952 2163 Discamus
965 2141 1055 2163 autem

272 2180 425 2216 cujusmodi
441 2181 476 2207 sit
490 2180 541 2207 hoc
555 2188 642 2214 genus
657 2179 868 2216 lapidum,quod
880 2185 940 2216 post
951 2181 1055 2216 jactum

272 2234 370 2254 rursus
385 2230 475 2261 potest
488 2225 622 2261 possideri
638 2226 672 2254 ab
685 2234 718 2254 eo
734 2227 780 2262 qui
795 2227 921 2262 projecit.

307 2269 453 2305 Postquam
481 2270 555 2297 enim
579 2270 682 2305 lapides
704 2270 732 2297 in
752 2275 873 2306 tempore
893 2272 1053 2306 jecerimus,

272 2322 369 2342 rursus
385 2322 433 2342 eos
447 2322 546 2349 cogere
561 2315 692 2342 docemur
709 2316 735 2343 in
761 2322 891 2351 tempore.
911 2317 976 2344 Mihi
989 2325 1055 2353 ergo

272 2360 382 2387 videtur
393 2359 448 2386 non
466 2360 534 2388 satis
550 2361 704 2389 sublimiter
727 2362 850 2397 accipere
876 2363 962 2398 legem
980 2364 1007 2390 in
1022 2371 1055 2391 eo

273 2412 355 2432 sensu
372 2405 418 2440 qui
441 2409 485 2433 est
503 2405 537 2432 ad
561 2414 682 2434 manum.
701 2407 769 2440 Quid
792 2408 864 2435 enim
884 2416 1013 2444 magnum
1028 2413 1056 2437 et

273 2450 346 2484 quod
369 2449 452 2477 Deum
474 2450 578 2483 deceat,
595 2458 706 2487 apparet
722 2453 749 2480 in
764 2453 838 2481 nudo
860 2461 942 2481 sensu
958 2462 1053 2482 eorum

272 2503 333 2530 qua:
345 2495 446 2531 scripta
462 2497 544 2524 sunt?
561 2496 590 2524 Si
613 2498 677 2533 quis
701 2499 886 2534 deprehensus
902 2505 975 2528 esset
996 2507 1055 2527 sar-

273 2544 393 2568 mentum
408 2541 540 2577 colligens
552 2541 685 2574 Sabbato.
701 2549 842 2578 propterea
854 2546 995 2580 oportebat
1006 2545 1056 2572 ho-

273 2584 373 2613 minem
394 2585 475 2613 obrui
492 2586 628 2621 lapidibus
640 2588 660 2619 ³,
681 2595 743 2614 cum
759 2588 832 2615 nulla
850 2589 949 2623 injuria
970 2598 1055 2625 appa—

273 2635 331 2658 reat
345 2631 373 2658 in
393 2630 513 2659 delicto?
533 2631 620 2664 Quam
635 2634 707 2660 enim
729 2633 830 2661 fecerat
846 2634 984 2669 injuriam,
1003 2635 1055 2662 ali-

272 2685 342 2712 quas
353 2676 473 2705 festucas
483 2685 549 2705 casu
559 2678 687 2713 disjectas
698 2687 745 2714 per
755 2679 930 2709 solitudinem
941 2681 974 2708 ad
985 2681 1055 2717 ignis

298 2763 310 2780 ³
332 2763 413 2795 Num.
428 2775 472 2801 xv,
483 2768 517 2795 52
526 2776 584 2804 sqq.

1106 1547 1208 1579 λίθους,
1223 1547 1251 1574 ετ
1263 1556 1291 1574 τι
1306 1547 1525 1583 παρανομοῦντες
1540 1546 1726 1582 εὑρίσκοιντο,
1738 1543 1783 1572 οἶα
1799 1545 1831 1580 δὴ
1845 1546 1893 1572 καὶ

1106 1592 1139 1619 δι’
1158 1592 1243 1627 αὐτῆς
1261 1593 1459 1628 μεμαθήκαμεν
1471 1593 1520 1628 τῆς
1541 1592 1670 1628 ἱστορίας,
1685 1591 1730 1617 ὲπί
1744 1599 1773 1618 τε
1784 1591 1838 1617 τῶν
1852 1592 1892 1622 εἰς

1106 1637 1136 1664 τὺ
1147 1637 1279 1664 σάὸὄατον
1291 1637 1540 1673 ἐξαμαρτανόντων,
1558 1637 1605 1664 καὶ
1619 1637 1666 1663 τοῦ
1681 1637 1715 1663 τὰ
1729 1636 1790 1672 ἱερὰ
1800 1636 1894 1663 κεκλο-

1107 1683 1197 1716 φότος,
1211 1683 1258 1709 καὶ
1279 1684 1326 1709 ἐπὶ
1345 1683 1398 1709 τῶν
1417 1683 1504 1710 ἄλλων
1519 1682 1765 1718 πλημμελημάτων
1787 1680 1827 1713 οἷς
1841 1682 1892 1716 τὴν

1106 1729 1150 1756 διὰ
1165 1729 1220 1755 τῶν
1239 1729 1321 1756 λίθων
1336 1729 1471 1764 τιμωρίαν
1485 1729 1499 1755 ὀ
1514 1728 1596 1763 νόμος
1610 1727 1751 1760 ἐπέταξεν.
1779 1727 1850 1761 Ἐγὼ
1863 1727 1893 1754 δὲ

1106 1775 1130 1801 εί
1145 1774 1192 1801 καὶ
1206 1774 1236 1800 τὸ
1252 1775 1415 1808 συναγαγεῖν
1433 1773 1524 1806 λίθους
1537 1773 1666 1809 εὐκαιρον
1689 1774 1703 1800 6
1729 1773 1893 1807 Ἐκκλησια-

1107 1820 1173 1855 στὴς
1193 1821 1321 1851 ἐποιεῖτο,
1346 1819 1410 1854 περὶ
1436 1815 1467 1845 οὗ
1484 1819 1567 1854 νόμος
1587 1819 1675 1850 οὐδεὶς
1698 1818 1892 1852 ὲγκελεύεται,

1106 1865 1167 1892 οὔτε
1181 1866 1230 1901 τῆς
1242 1865 1362 1903 ἱστορίας
1383 1865 1482 1900 πρᾶξιν
1499 1866 1643 1900 ὑφηγεῖται
1666 1864 1696 1890 τὸ
1712 1864 1814 1900 ὅμοιον,
1831 1873 1895 1890 συν-

1106 1911 1208 1946 εθέμην
1223 1912 1255 1938 ἂν
1268 1913 1323 1942 τοῖς
1334 1910 1379 1937 διὰ
1391 1910 1438 1937 τοῦ
1449 1910 1532 1945 νόμου
1546 1910 1577 1936 τὸ
1589 1910 1669 1945 ῥητὸν
1684 1909 1894 1945 ἑρμηνεύουσιν,

1106 1957 1144 1988 ὡς
1156 1957 1214 1983 τότε
1227 1957 1302 1988 ὄντος
1316 1956 1411 1992 καιροῦ
1425 1956 1515 1991 βαλεῖν
1526 1955 1627 1989 λίθους,
1639 1956 1702 1982 ὅταν
1711 1963 1752 1987 τις
1766 1956 1784 1990 ἢ
1802 1963 1896 1991 παρα-

1106 2002 1213 2038 νομήσῃ
1225 2002 1255 2028 τὸ
1268 2001 1411 2035 σάϐϐατον,
1421 2001 1437 2036 ἥ
1449 2010 1475 2027 τι
1486 2001 1541 2027 τῶν
1554 2000 1737 2027 ἀνατεθέντων
1749 2000 1894 2035 ὑφέληται.

1106 2048 1175 2075 Νυνὶ
1188 2048 1243 2083 δὲή
1259 2047 1402 2083 προσθήκη
1417 2046 1464 2073 τοῦ
1478 2047 1533 2073 δεῖν
1548 2046 1629 2073 πάλιν
1645 2046 1809 2079 συναγαγεῖν
1830 2047 1897 2076 τοὺς

1106 2095 1207 2127 λίθους,
1221 2095 1289 2130 ὅπερ
1303 2093 1390 2120 οὐδενὶ
1405 2092 1479 2127 νόμῳ
1489 2091 1647 2127 διώρισται,
1661 2092 1701 2122 είς
1715 2091 1798 2125 ἀλλην
1817 2091 1897 2125 ἡμᾶς

1107 2140 1169 2174 ἄγει
1197 2139 1316 2166 διάνοιαν
1328 2146 1335 2153 ·
1358 2138 1488 2173 μάθωμεν
1502 2138 1593 2163 ὁποῖον
1612 2135 1691 2163 τοῦτο
1719 2136 1790 2170 γένος
1810 2135 1898 2162 λίθων

1107 2186 1192 2218 ἐστὶν,
1206 2185 1221 2212 δ
1233 2184 1301 2220 μετὰ
1314 2184 1363 2220 τὴν
1375 2183 1454 2219 βολήν
1467 2182 1547 2210 πάλιν
1561 2181 1655 2217 κτῆμα
1666 2180 1714 2207 τοῦ
1730 2181 1897 2216 προϊεμένου

1107 2229 1229 2265 γίνεσθαι
1246 2229 1308 2265 χρή.

1150 2274 1275 2302 Ἐπειδὰν
1289 2275 1343 2308 γὰρ
1360 2274 1485 2309 βάλωμεν
1506 2273 1578 2300 κατὰ
1594 2272 1690 2308 καιρὸν
1703 2272 1767 2304 τοὺς
1784 2272 1896 2304 λίθους,

1108 2319 1188 2347 πάλιν
1202 2320 1364 2352 συναγαγεῖν
1372 2318 1469 2349 αὐτοὺς
1480 2319 1509 2344 ὲν
1522 2316 1610 2352 καιρῷ
1619 2316 1807 2352 διδασκόμεθα.
1817 2317 1902 2352 Ἐμοὶ

1110 2365 1159 2400 μὲν
1174 2363 1221 2391 οὖν
1233 2364 1306 2391 δοκεῖ
1317 2364 1383 2400 μηδὲ
1393 2363 1439 2390 τὸν
1450 2363 1531 2397 νόμον
1547 2362 1632 2393 οὕτως
1641 2362 1751 2398 ὑψηλῶς
1764 2363 1837 2389 κατὰ
1846 2363 1903 2398 τὴν

1108 2410 1253 2445 πρόχειρον
1273 2410 1377 2436 ἔννοιαν
1401 2408 1591 2443 ἐκλαμϐάνειν.
1617 2407 1650 2434 Τί
1669 2407 1723 2443 γὰρ
1741 2407 1902 2443 θεοπρεπὲς

1099 2455 1156 2482 νκαὶ
1178 2456 1250 2490 μέγα
1264 2456 1297 2490 τῇ
1310 2454 1374 2489 ψιλῇ
1390 2454 1493 2489 διανοίᾳ
1507 2453 1561 2480 τῶν
1574 2453 1776 2489 γεγραμμένων
1790 2453 1903 2488 ἐμφαί-

1107 2509 1182 2528 νεται
1198 2509 1205 2532 ;
1219 2501 1251 2527 Εί
1270 2499 1503 2535 φρυγανιζόμενός
1519 2508 1561 2530 τις
1575 2499 1646 2526 ἑάλω
1661 2498 1731 2525 κατὰ
1741 2498 1771 2524 τὸ
1788 2499 1904 2526 σάϐϐα-

1107 2555 1162 2578 τον,
1186 2545 1230 2572 διὰ
1249 2545 1329 2572 τοῦτο
1349 2544 1565 2580 καταλευσθῆναι
1588 2544 1634 2571 τὸν
1656 2543 1800 2579 ἄνθρωπον
1817 2544 1880 2571 εδει
1897 2565 1905 2576 ,

1109 2592 1242 2627 μηδεμιᾶς
1259 2591 1364 2622 ἀδικίας
1379 2591 1409 2617 ὲν
1424 2590 1462 2626 τῷ
1478 2590 1692 2625 πλημμελήματι
1709 2589 1882 2625 φαινομένης
1897 2599 1906 2622 ;

1108 2638 1140 2663 Τί
1160 2637 1215 2674 γὰρ
1230 2637 1318 2672 ἠδίκει
1333 2636 1395 2664 τινὰ
1408 2637 1499 2672 κάρφη
1518 2637 1587 2663 κατὰ
1601 2635 1633 2662 τὸ
1649 2635 1756 2670 συμϐὰν
1770 2635 1906 2670 διεῤῥιμ-

1110 2682 1177 2718 μένα
1198 2682 1268 2709 κατὰ
1287 2682 1337 2718 τὴν
1356 2681 1458 2718 ἔρημον
1475 2682 1543 2718 πρὸς
1557 2680 1606 2717 τὴν
1622 2680 1669 2708 τοῦ
1690 2680 1775 2716 πυρὸς
1799 2680 1906 2717 χρείαν
