1989 3070
121 113 164 139 731

613 109 644 139 ΙΝ
667 107 932 139 ECCLESIAS'I‘EN.

1687 98 1738 124 7'22

952 105 1090 134 llOMILlA
1105 103 1147 132 \'ll

121 178 200 207 μενοι,
215 169 260 197 καὶ
274 169 306 196 τὰ
317 169 383 196 ἄλλα
397 170 483 196 πάντα
501 168 546 196 τοῦ
560 169 683 195 διαϐόλου
695 168 833 203 κειμήλιοι,
851 175 901 201 μα-

956 165 974 191 ιὶ
997 174 1005 188 ι
1023 163 1094 190 enim
1116 167 1178 188 sunt
1203 170 1211 185 ‹
1240 167 1371 194 pauperes
1396 158 1493 193 spiritu
1506 160 1526 176 “'
1546 165 1588 187 ,,ι
1614 156 1738 181 vident-rt

120 218 280 252 καριώτερον
296 215 355 250 μὲν.
370 216 400 241 τὺ
413 215 479 250 μηδὲ
489 214 537 250 τὴν
554 215 641 250 ἀρχήν
654 223 713 241 τινα
737 213 899 248 κτήσασθαι,

120 263 160 290 ἵνα
187 262 299 289 καθόλου
317 262 469 296 ἀκτήμονες
491 261 545 287 τῶν
563 261 729 296 μολυνὸντων
747 259 899 294 γενώμεθα.

120 308 204 336 Καλὸν
223 308 250 334 δὲ
265 308 314 342 οὐχ
330 305 410 342 ἦττον
426 307 464 342 τῷ
479 306 660 342 προληφθέντι
674 307 707 341 τῇ
728 305 831 340 πονηρᾷ
844 304 901 331 κτί-

120 364 158 381 σει
170 354 199 380 τὸ
214 354 345 380 ἀπολέσαι
362 353 396 379 τὰ
410 353 522 379 τοιαῦτα
539 353 677 387 κτήματα,
693 353 739 379 καὶ
751 353 790 383 εἰς
803 352 901 385 ἀφανι-

120 400 184 435 σμὸν
207 401 330 434 ἀγαγεῖν.
352 398 431 425 Ἀλλὰ
452 399 481 425 τὸ
502 399 568 434 μηδὲ
587 398 652 430 ὅλως
680 398 743 424 ποτὲ
758 397 830 432 ἔχειν
849 397 902 423 τῶν

119 446 242 472 τοιούτων
260 446 414 480 μετουσίαν,
431 447 553 480 κρεῖττον
570 445 586 480 ἢ
602 445 671 471 κατὰ
691 444 740 480 τὴν
763 443 902 479 ἀνθρωπί-

119 500 163 527 νην
185 491 265 526 φύσιν
285 492 353 522 ἐστὶ,
367 491 398 517 τὸ
415 491 442 517 δὲ
464 490 580 517 λαϐόντα
605 490 781 524 ἐξαφανίσαι,
806 489 901 516 τούτου

119 538 162 564 καὶ
177 539 193 572 ἡ
209 537 263 563 τῶν
279 536 430 571 ἀνθρώπων
441 535 555 571 δύναμις
578 536 627 571 τὴν
642 536 717 570 ἰσχὺν
731 536 796 570 ἔχει.
812 534 858 560 Διὸ
870 534 902 560 το

121 583 201 618 μηδὲν
223 582 368 618 ἐσχηκέναι
393 582 446 608 τῶν
471 581 518 608 106
543 582 730 617 ἀντικειμένου
756 582 902 617 κτημάτων

121 629 197 663 μόνου
210 628 256 654 τοῦ
277 627 378 660 Κυρίου
404 627 463 653 ἐστὶ
475 646 482 658 ,
500 626 546 652 106
565 627 745 661 μετασχόντος
765 627 829 661 ἡμῖν
849 625 902 652 τῶν

119 674 204 701 αὐτῶν
223 673 390 708 παθημάτων
401 673 484 708 χωρὶς
495 673 641 708 ἁμαρτίας.
655 673 800 707 «Ἔρχεται
810 672 875 707 γὰρ,
891 681 900 697 ι

118 720 206 754 φησιν,
222 729 231 744 ι
251 720 264 745 ὁ
281 719 371 753 ἅρλων
385 719 432 746 τοῦ
450 720 552 754 κόσμου
564 719 668 749 τούτου,
682 720 728 745 καὶ
740 720 768 744 ἐν
781 719 841 754 ἐμοὶ
856 720 900 745 εὑ-

120 765 205 800 ρίσκει
218 764 272 790 τῶν
289 764 359 790 ἰδίων
376 763 461 790 οὐδέν.
482 773 491 789 ι
513 763 549 789 Τὸ
563 763 591 789 δὲ
602 763 635 789 δι’
656 762 801 797 ἐπιμελοῦς
817 771 901 796 μετα-

120 810 225 845 μελείας
243 810 338 836 ἑαυτὸν
355 809 508 844 ἐκκαθῆραι
519 829 525 839 ,
543 809 621 834 τοῦτο
636 808 680 834 καὶ
694 809 736 834 ἐπ’
751 807 901 842 ἀνθρώπων

118 856 169 883 τῶν
183 856 215 882 δι’
231 856 331 890 ἀρετῆς
359 856 473 886 ἑαυτοὺς
496 854 708 890 λαμπρυνόντων
730 853 801 879 ἔστιν
827 853 899 880 ἰδεῖν,

124 902 273 928 Ἀπώλεσεν
288 903 301 927 ό
317 901 422 932 Παῦλος
435 901 465 927 τδ
475 901 591 936 πονηρὴν
602 901 695 935 κτῆμα
709 900 756 934 τῆς
764 900 901 931 ἀπιστίας,

117 946 159 973 διὰ
173 946 220 973 106
233 945 406 981 ἐνεργοῦντος
424 947 451 972 έν
460 945 532 980 αὐτῷ
543 946 592 980 τῆς
606 945 771 980 προφητείας
789 945 838 980 τὴν
853 944 902 979 χὰ‹

120 1000 159 1017 οιν
174 1000 181 1006 ·
199 991 306 1025 πλήρης
328 991 375 1016 τοῦ
402 990 539 1026 θησαυροῦ
564 990 671 1023 ἐγένετο
684 1011 690 1020 ,
707 990 735 1016 ὃν
760 990 900 1024 ἐζήτησεν.

124 1037 274 1063 ’Λπώλεσεν
294 1037 406 1068 Ἡσαΐας
429 1037 457 1063 ἐν
481 1036 519 1071 τῷ
538 1035 679 1070 καθαρσίῳ
700 1035 746 1062 τοῦ
769 1035 840 1061 θείου
858 1035 904 1062 ἄν-

117 1083 216 1118 θρακος
245 1084 298 1109 xiv
321 1083 442 1118 ῥυπαρὸν
457 1103 464 1114 ,
486 1083 531 1109 καὶ
557 1083 649 1116 ῥῆμα,
666 1082 712 1108 καὶ
741 1081 903 1116 νόημαοδιὰ

117 1128 194 1155 τοῦτο
218 1128 364 1164 ἐπληρώθη
387 1128 434 1154 τοῦ
463 1127 542 1161 ἁγίου
562 1127 729 1161 Πνεὺματος.
760 1126 903 1153 ’Λπόλλυσι

118 1175 170 1206 πᾶς
183 1175 212 1201 ὲν
226 1176 258 1209 τῇ
275 1174 424 1208 μεταλήψει
440 1172 487 1200 τοῦ
509 1173 662 1208 κρείττονος
677 1173 731 1199 πᾶν
742 1172 772 1198 τὸ
790 1173 856 1207 πρὸς
874 1173 904 1199 τὸ

117 1220 236 1246 ἐναντίον
256 1219 407 1254 νοούμενον.
429 1219 521 1250 Οὕτως
539 1219 553 1245 ὁ
565 1218 680 1254 σὼιρρων
695 1219 744 1253 τὴν
756 1218 903 1246 ἀκολασίαν

117 1266 256 1300 ἀπόλλυσι,
276 1265 324 1302 τὴν
342 1266 448 1294 ἀδικίαν
462 1267 475 1295 ὀ
497 1265 609 1300 δίκαιος,
621 1266 670 1303 τὴν
683 1265 872 1302 ὑπερηφανίαν
889 1266 903 1291 ὁ

118 1314 238 1350 μέτριος,
249 1314 263 1340 6
279 1313 373 1346 εὔνους
389 1314 435 1340 τὸν
450 1313 555 1348 φθόνον,
573 1315 586 1341 ὁ
601 1313 770 1349 ἀγαπητικὸς
783 1313 833 1349 τὴν
851 1313 903 1340 ἀπ-

116 1359 342 1395 ἐχθειαν.”Ὠσπερ
355 1361 407 1395 γὰρ
420 1361 434 1386 ὁ
448 1361 476 1386 ὲν
487 1360 525 1395 τῷ
542 1360 700 1395 Εὑαγγελίῳ
713 1359 809 1393 τυφλὸς
824 1354 908 1394 εὗρεν

115 1405 130 1431 ὃ
149 1405 186 1441 μὴ
203 1403 286 1440 εἶχεν.
300 1406 333 1432 ἐκ
348 1405 395 1432 106
411 1405 540 1432 ἀπολέσαι
552 1405 566 1432 ὃ
580 1401 653 1439 εἶχε·
670 1401 721 1436 τῆς
736 1403 791 1439 γὰρ
806 1404 903 1438 τυφλό-

115 1458 196 1485 τητος
211 1450 414 1485 ἀφαιρεθείσης,
430 1450 503 1485 ἡτοῦ
516 1449 604 1484 cpt-:13);
619 1449 792 1484 ἀντεισῆλθεν
811 1449 881 1484 αὐγή
893 1457 900 1463 ⁸

116 1496 164 1522 καὶ
174 1496 221 1521 ὲπὶ
236 1496 284 1522 106
301 1495 412 1531 λεπροῦ,
427 1495 474 1522 τοῦ
491 1495 591 1527 πάθους
607 1495 809 1530 ἀφανισθέντος,
826 1495 903 1530 ἡτῆς
918 1511 938 1540 C

116 1541 209 1575 ὑγείας
232 1541 409 1577 ἐπανέρχεται
434 1543 514 1578 χάρις
527 1551 534 1557 ·
548 1542 595 1568 καὶ
609 1543 654 1568 ἐπὶ
665 1542 720 1568 τῶν
741 1543 773 1568 ἐκ
788 1541 903 1568 θανάτου

115 1587 302 1621 ἀνισταμένων
317 1588 334 1622 ἡ
360 1587 491 1622 νεκρότης
507 1589 539 1622 τῇ
558 1587 693 1623 παρουσίᾳ
705 1587 753 1622 τῆς
769 1587 840 1622 ζωῆς
854 1587 904 1612 ὐπ-

115 1630 263 1666 εχώρησεν·
274 1631 360 1663 οὕτως
376 1633 422 1658 καὶ
433 1632 480 1658 ἐπὶ
491 1632 541 1667 τῆς
551 1633 733 1667 προκειμένης
747 1633 813 1667 ἡμῖν
828 1633 903 1667 φιλο-

115 1678 213 1712 σοφίας
227 1678 277 1704 οὐκ
293 1677 350 1704 ἔστι
367 1687 393 1704 τι
417 1678 470 1704 τῶν
493 1677 602 1712 ὑψηλῶν
621 1677 782 1712 κτήσασθαι,
799 1678 836 1713 μὴ
854 1678 903 1713 τὴν

115 1721 223 1756 περὶτὰ
238 1721 319 1757 γήῖνά
332 1730 362 1748 τε
376 1722 423 1748 καὶ
443 1721 558 1748 ταπεινὰ
575 1721 692 1756 σπουδὴν
707 1722 900 1754 ἀπολέσαντας.

121 1767 166 1793 Ἐν
182 1767 236 1802 γάρ
251 1767 289 1802 τῷ
300 1767 384 1794 ταῦτα
394 1767 540 1803 εὑρίσκειν,
550 1767 698 1794 ἀπόλλυται
716 1768 781 1802 ἡμῖν
791 1768 824 1794 τὰ
837 1777 902 1804 προ-

113 1811 263 1846 τιμότερα·
284 1813 330 1838 x01
351 1812 381 1838 τὸ
404 1812 532 1847 ἔμπαλιν,
546 1813 563 1847 ή
584 1812 684 1839 τούτων
705 1812 836 1844 ἀπώλεια,
853 1814 902 1848 τῆς

114 1857 170 1883 τῶν
197 1857 297 1892 τιμίων
323 1857 456 1892 εὑρέσεως
483 1858 610 1892 πρόξενος
631 1860 786 1894 γενήσεται.
811 1860 902 1887 Ταῦτα

115 1901 194 1937 παρὰ
206 1902 256 1936 τῆς
276 1902 322 1928 τοῦ
339 1902 438 1938 Κυρίου
460 1903 552 1938 φωνῆς
569 1904 778 1940 μεμαθήκαμεν·
794 1915 803 1930 ι
815 1906 843 1932 ’0
856 1906 901 1932 εὑ-

116 1950 174 1986 ρὼν
187 1949 237 1984 τὴν
257 1949 345 1983 ψυχὴν
359 1947 440 1975 αὑτοῦ
461 1948 587 1976 ἀπολέσει
602 1949 686 1985 αὐτὴν
695 1969 702 1981 ,
718 1950 764 1976 καὶ
778 1951 792 1976 ὁ
806 1951 902 1978 ἀπολὲ-

114 2004 167 2026 σας
182 1995 232 2030 τὴν
244 1994 333 2029 ψυχὴν
347 1994 429 2020 αὑτοῦ
450 1995 542 2022 ἕνεκεν
559 1995 636 2030 ἐμοῦ,
658 1995 768 2030 εὑρήσει
782 1997 876 2032 αὐτήν.
891 2007 900 2023 ι

113 2041 153 2068 Τὸ
167 2040 221 2076 γὰρ
238 2040 267 2066 ὲν
285 2041 341 2071 τοῖς
362 2039 431 2066 κατὰ
454 2040 504 2075 τὴν
529 2039 595 2075 ὓλην
616 2040 842 2076 σπουδαζομένοις
854 2043 903 2077 τὴν

112 2086 204 2121 ψυχὴν
218 2085 360 2121 εὑρεθῆναι
381 2086 466 2112 αἴτιον
481 2085 584 2120 γίνεται
602 2085 649 2111 106
662 2086 690 2111 ἐν
700 2087 756 2117 τοῖς
767 2087 903 2123 ἀληθινοῖς

112 2132 228 2166 ἀγαθοῖς
242 2132 327 2166 αὐτὴν
342 2132 378 2167 μὴ
393 2132 537 2167 εὑρεθῆναι
547 2140 553 2147 ·
566 2133 651 2159 καὶτὸ
666 2133 794 2168 ἔμπαλιν,
808 2135 824 2168 ἡ
840 2134 902 2160 τού-

919 842 938 868 Β

954 208 999 242 qui
1024 210 1087 234 sunt
1118 205 1211 231 talimn
1236 203 1313 237 egeni
1337 202 1502 233 divitiarum,
1529 207 1555 226 et
1579 199 1646 226 alias
1673 206 1738 233 opes

953 258 1048 278 omnes
1078 249 1178 277 diaboli
1210 248 1316 275 beatius
1346 246 1453 280 quidem
1487 251 1529 272 est
1562 252 1596 270 ne
1628 243 1739 269 omnino

952 294 1062 329 quidem
1094 292 1243 328 possidere,
1271 295 1300 318 ιιι
1320 298 1413 318 eorum
1435 297 1494 324 qme
1516 296 1570 315 nos
1585 288 1737 322 inquinant,

952 345 1095 364 careamus
1123 335 1235 363 omnino
1263 334 1448 369 possessione.
1476 331 1534 359 Non
1568 331 1658 358 mimis
1689 338 1738 356 au-

953 386 1006 408 tem
1031 381 1133 408 bonuln
1156 384 1199 407 est
1221 379 1244 406 ei
1270 385 1350 413 quem
1374 377 1444 404 mala
1468 376 1568 403 invasit
1589 374 1738 409 possessio,

953 431 997 452 res
1012 424 1147 458 ejusmodi
1175 430 1236 458 qua:
1250 422 1283 449 ab
1309 422 1369 457 ipso
1384 420 1560 455 possidentur
1577 418 1700 453 perdere.
1713 423 1740 444 et

952 468 1064 495 omnino
1077 468 1177 494 delere.
1190 466 1244 494 Sed
1259 474 1352 493 corum
1365 466 1474 499 quidem
1488 471 1541 490 non
1554 470 1615 489 esse
1627 462 1739 488 omnino

953 512 1109 546 participes,
1139 510 1234 537 melius
1254 515 1306 541 est,
1335 504 1462 544 quamut
1481 507 1508 534 id
1524 507 1633 534 evenire
1655 504 1740 540 possit

954 555 1078 581 lnnnanze
1092 560 1205 585 nalurm,
1221 552 1269 580 sed
1284 560 1347 580 cum
1363 552 1500 586 acceperit
1517 558 1549 577 ea
1574 549 1696 581 abolere,
1713 548 1738 574 id

952 598 1033 624 situm
1045 597 1126 624 estin
1151 597 1269 624 hominis
1299 600 1441 630 potestate.
1474 594 1565 621 Solius
1594 593 1684 626 itaque
1698 595 1740 618 est

954 640 1058 666 Domini
1080 640 1148 666 nihil
1175 639 1303 666 habuisse
1318 647 1412 666 eorum
1431 646 1491 672 qua:
1509 637 1629 672 possidet
1644 636 1739 662 adver-

952 685 1054 714 sarius.
1079 685 1124 718 qui
1143 691 1236 710 earum
1255 691 1324 718 quas
1355 691 1405 710 nos
1421 682 1494 717 passi
1508 689 1604 709 sumus
1619 680 1738 707 :lﬂeclit)"

953 737 1016 754 num
1033 729 1081 754 fuit
1097 729 1232 763 particeps
1242 732 1308 762 prat
1319 735 1338 754 δι’
1352 731 1502 762 peceatum.
1519 736 1535 752 ιι
1545 725 1623 752 Venit
1637 725 1737 754 enim.»

952 772 1050 806 inquit,
1078 781 1087 796 ‹
1108 773 1235 806 princeps
1265 771 1346 805 hujus
1373 770 1477 802 nmmli,
1497 775 1524 796 ct
1548 770 1574 796 in
1602 777 1644 796 me
1672 768 1739 795 nihil

954 815 1056 841 iurenit
1070 823 1101 841 ex
1116 815 1232 849 propriis
1247 814 1279 841 ”.
1299 824 1308 840 ι
1332 814 1457 848 Seipsum
1483 818 1572 840 autem
1601 820 1647 847 per
1677 812 1740 838 dili-

954 863 1061 893 gentem
1077 866 1230 893 expurgare
1254 858 1451 892 pu-nilentiam,
1479 858 1530 884 hoc
1542 864 1651 891 quoque
1678 856 1740 883 licet

954 902 1045 929 videre
1061 903 1086 929 in
1104 902 1260 929 hominibus
1273 902 1320 936 qui
1336 910 1365 929 se
1380 902 1454 936 ipsos
1478 903 1615 929 illustrant
1634 900 1742 926 virtuti-

954 945 1015 972 bus.
1033 945 1131 972 Amisit
1146 945 1253 972 Paulus
1265 946 1361 971 malam
1383 945 1581 972 incr'ednlitath
1594 944 1742 979 possessio-

954 997 1014 1015 nem
1032 997 1079 1023 per
1092 997 1153 1016 eum
1169 989 1214 1022 qui
1231 989 1256 1014 in
1270 989 1328 1022 ipso
1342 995 1471 1023 operatur
1485 989 1600 1023 gratiam
1624 987 1741 1023 prophe-

954 1032 1019 1059 tiaz:
1055 1033 1150 1066 plenus
1174 1035 1264 1058 autem
1295 1032 1344 1058 l'uit
1369 1032 1498 1059 thesauro
1513 1040 1594 1066 quem
1622 1031 1738 1066 qumsiit.

954 1080 1072 1106 l’erdiziit
1087 1079 1170 1106 Isaias
1183 1080 1209 1106 in
1229 1079 1313 1106 divini
1340 1080 1471 1106 carbonis.
1484 1079 1643 1114 purgatione
1655 1079 1736 1114 quid—

953 1125 1016 1159 quid
1032 1126 1058 1151 iu
1072 1133 1102 1152 se
1118 1130 1175 1151 erat
1186 1125 1337 1156 sordidum,
1355 1131 1380 1151 ιιι
1395 1125 1518 1155 verbum.
1534 1128 1561 1151 et
1581 1125 1738 1159 cogitatum.

954 1170 1099 1204 Propterea
1117 1172 1234 1205 repletus
1251 1170 1301 1197 fuit
1317 1175 1414 1197 saneto
1440 1170 1553 1205 Spiritu.
1572 1170 1663 1196 Perdit
1680 1169 1741 1203 qui»-

954 1216 1017 1243 libet
1029 1217 1054 1242 in
1070 1217 1129 1250 ejus
1144 1217 1214 1250 quod
1230 1221 1271 1242 est
1292 1217 1396 1243 melius
1416 1217 1635 1250 participatione,
1659 1215 1740 1250 quid-

953 1262 1017 1296 quid
1035 1262 1194 1296 intelligitur
1208 1262 1232 1289 ei
1248 1269 1309 1289 esse
1322 1263 1499 1288 contrarium.
1518 1262 1563 1289 Sic
1586 1266 1740 1296 temperans

953 1307 1042 1344 perdit
1053 1307 1299 1343 intemperantiam,
1328 1308 1420 1342 justus
1446 1307 1621 1341 injustitiam,
1646 1307 1740 1334 mode-

953 1359 1013 1382 stus
1023 1354 1188 1389 superbiam,
1206 1353 1354 1380 licucrolus
1386 1352 1526 1385 invidiam,
1551 1353 1596 1387 qui
1614 1357 1656 1379 est
1675 1354 1740 1379 rha-

953 1400 1034 1427 ritate
1048 1400 1178 1435 praeditus
1198 1399 1366 1426 inimicitias.
1381 1399 1523 1432 Quomodo
1533 1399 1604 1426 enim
1621 1399 1667 1434 qui
1682 1404 1740 1425 erat

953 1453 1042 1473 crocus
1060 1446 1086 1473 in
1117 1445 1274 1479 Evangelio,
1307 1446 1408 1472 invertit
1432 1446 1503 1479 quod
1533 1454 1588 1472 non
1612 1445 1738 1472 habebat:

954 1491 1044 1519 ablata
1068 1491 1140 1518 enim
1152 1491 1285 1522 cascitate,
1298 1491 1358 1525 ejus
1370 1491 1430 1518 loco
1442 1491 1577 1518 successit
1613 1489 1741 1524 splendor

955 1536 1043 1569 lucis;
1070 1541 1097 1564 et
1117 1537 1143 1563 in
1159 1537 1277 1571 leproso.
1293 1537 1384 1563 ablato
1402 1537 1497 1564 morbo
1508 1536 1577 1563 redit
1592 1535 1679 1570 gratia
1693 1543 1739 1562 sa-

955 1586 1066 1617 nitatis;
1081 1589 1107 1611 et
1120 1586 1147 1612 in
1165 1585 1198 1612 iis
1208 1585 1254 1619 qui
1271 1589 1386 1619 surgunt
1404 1593 1418 1611 ιι
1434 1584 1561 1616 mortuis,
1581 1584 1742 1610 adveniente

954 1632 1006 1658 vita
1020 1639 1095 1658 mors
1119 1631 1223 1658 recedit
1248 1642 1254 1659 :
1277 1632 1317 1658 ita
1345 1631 1427 1658 etiam
1456 1631 1483 1657 in
1506 1630 1644 1665 proposita
1662 1630 1740 1656 nobis

953 1677 1133 1712 pliilOSOphia,
1152 1677 1208 1704 ﬁeri
1224 1685 1276 1704 non
1292 1681 1380 1711 potest
1407 1681 1437 1703 ut
1451 1677 1552 1710 aliquid
1568 1677 1741 1710 possideatur

951 1731 1047 1750 eorum
1084 1731 1145 1758 qua:
1179 1727 1243 1749 sunt
1274 1723 1391 1754 excelsa,
1433 1722 1485 1749 nisi
1526 1730 1616 1749 rerum
1654 1726 1741 1748 terre-

953 1777 1050 1796 narum
1079 1774 1105 1796 et
1142 1769 1283 1796 humilium
1325 1769 1444 1796 studium
1480 1768 1662 1795 amiserimus.
1703 1767 1739 1793 Ea

953 1815 1025 1842 enim
1062 1814 1224 1842 inveniendo
1253 1818 1365 1848 pereunt
1397 1814 1475 1841 nobis
1497 1820 1556 1848 qua:
1573 1818 1636 1841 sunt
1670 1821 1739 1848 pra:-

953 1860 1097 1888 stanliora.
1126 1859 1158 1886 Et
1182 1864 1276 1886 contra
1309 1867 1403 1886 eorum
1443 1859 1555 1886 amissio
1585 1859 1741 1894 procurabit

954 1905 1139 1933 inventionem
1165 1913 1254 1932 rerum
1279 1905 1471 1939 pretiosarum.
1491 1905 1552 1932 "me
1569 1905 1740 1932 didieimusa

953 1960 1019 1980 voce
1033 1952 1138 1979 Domini
1158 1961 1164 1978 :
1185 1961 1194 1977 ι
1220 1951 1272 1985 Qui
1289 1953 1391 1979 invenit
1408 1953 1525 1979 animam
1541 1960 1628 1984 suam,
1647 1951 1741 1987 perdet

952 2005 1013 2024 eam
1031 2007 1037 2025 :
1054 2001 1080 2024 et
1107 1997 1152 2032 qui
1178 1997 1296 2032 perdidit
1325 1998 1443 2024 animam
1465 2006 1542 2025 suam
1560 2003 1669 2033 propter
1686 2006 1738 2029 me.

954 2042 1072 2070 inveniet
1089 2043 1174 2077 ipsam
1196 2043 1226 2069 ".
1248 2052 1258 2068 ι
1274 2043 1351 2076 Quod
1374 2044 1446 2070 enim
1475 2044 1584 2070 inventa
1601 2045 1635 2070 sit
1650 2044 1740 2069 anima

955 2089 981 2114 iu
1014 2088 1048 2115 iis
1075 2095 1191 2122 quorum
1216 2088 1337 2115 studium
1366 2088 1518 2115 collocatur
1544 2089 1571 2115 iu
1613 2087 1738 2118 nmteria,

955 2141 1038 2160 causa
1051 2138 1134 2159 estut
1150 2133 1208 2167 ipsa
1224 2141 1276 2159 non
1295 2133 1451 2159 inveniatur
1470 2132 1497 2159 in
1513 2133 1586 2159 veris
1601 2132 1690 2159 bonis.
1708 2131 1740 2158 Et

114 2187 170 2205 των
182 2178 309 2214 στέρησις
323 2179 369 2204 καὶ
380 2177 511 2209 ἀπώλεια,
524 2178 579 2204 τῶν
592 2178 776 2214 ἐλπιζομένων
786 2179 902 2215 ὖπαρξις

956 2181 1063 2209 contra,
1074 2185 1167 2204 eorum
1183 2177 1297 2211 privatio
1311 2181 1338 2203 et
1353 2177 1600 2209 amissio,ellicitur
1611 2177 1739 2204 substan-

115 2221 231 2255 γίνεται,
246 2231 254 2246 ι
265 2222 298 2248 Τί
307 2222 361 2257 γὰρ
372 2222 515 2256 ὠφελεῖται
529 2223 671 2258 ἄνθρωπος
682 2223 729 2250 ἐὰν
743 2224 789 2251 τὸν
802 2225 902 2260 κόσμον

116 2266 184 2294 ελον
194 2268 324 2304 κερδήσῃ,
335 2269 385 2304 τὴν
393 2269 422 2296 δὲ
428 2269 517 2305 ψυχὴν
529 2270 611 2297 αὑτοῦ
620 2270 744 2306 ζημιωθῇ
756 2279 763 2303 ;
780 2281 826 2297 ι-‹
844 2272 908 2297 Και-

117 2309 178 2344 ρὺς,
195 2319 204 2336 ι
220 2311 295 2345 φησὶ,
312 2321 321 2337 ι
333 2311 380 2338 τοῦ
390 2311 516 2348 ζητῆσαι,
529 2312 576 2339 καὶ
591 2313 684 2348 καιρὸς
693 2312 740 2339 τοῦ
748 2313 904 2340 ἀπολέσαι.»

119 2356 153 2382 Εἰ
165 2356 253 2382 τοίνυν
266 2357 388 2392 ἔγνωμεν
397 2359 423 2384 τί
438 2359 496 2385 ἐστι
507 2359 536 2384 τὺ
546 2358 711 2393 ζητούμενον
725 2359 829 2394 κέρδος,
841 2360 854 2385 ὃ
866 2360 910 2386 διὰ

113 2401 163 2427 τοῦ
183 2401 313 2428 ἀπολέσαι
324 2402 358 2429 τὰ
377 2403 470 2435 κακῶς
485 2404 618 2439 κτηθέντα
632 2405 797 2440 εὑρίσκεται,
806 2406 836 2432 τὸ
854 2407 902 2442 μὲν

112 2445 288 2480 ζητήσωμεν,
304 2446 334 2473 τὺ
345 2447 374 2473 δὲ
386 2447 562 2483 ἀπολέσωμεν
572 2457 579 2463 ·
595 2449 629 2476 τὰ
645 2449 715 2475 καλά
729 2449 902 2486 ζητήσωμεν,

112 2490 150 2517 τὰ
170 2491 243 2517 κακὰ
259 2492 445 2528 ἀπολέσωμεν.
458 2494 554 2526 Καλῶς
567 2494 596 2521 δὲ
614 2496 660 2522 καὶ
684 2497 831 2531 προσφυῶς
847 2498 904 2529 τοῖς

113 2536 362 2572 προεξητασμένοις
383 2539 429 2564 καὶ
442 2539 458 2573 ἡ
481 2539 624 2566 ἀκολουθία
637 2541 691 2567 τῶν
705 2542 904 2577 γεγραμμένων

112 2581 259 2616 ἐπάγεται.
271 2583 338 2618 Φησὶ
347 2585 409 2619 γάρ’
422 2594 430 2609 ι
443 2585 544 2620 Καιρὸς
562 2586 609 2612 106
625 2587 739 2621 φυλάξαι
749 2588 795 2614 καὶ
811 2589 903 2623 καιρὸς

111 2626 163 2653 τοῦ
179 2627 329 2655 ὲκῦαλείν,ι
344 2629 376 2655 Τί
387 2629 517 2663 (pungat;
532 2632 655 2666 Δηλονότι
669 2633 699 2658 τὸ
714 2633 823 2667 εὑρεθὲν
837 2634 902 2669 ἡμῖν

111 2673 147 2698 ὲκ
160 2673 211 2707 τῆς
223 2672 371 2708 ζητήσεως.
381 2675 414 2700 Τί
427 2675 567 2709 ὲκϐαλεῖνς
591 2677 693 2703 Ἐκεῖνο
705 2678 824 2710 πάντως,
840 2675 870 2704 οὗ
884 2680 900 2714 ἡ

111 2717 240 2745 ἀπώλεια
261 2718 406 2746 λυσιτελεῖν
433 2721 571 2756 ἐνομίσθη,
602 2721 722 2756 Ἐγένετό
750 2732 789 2749 σοι
816 2724 904 2759 νόημα

155 2811 177 2826 "
198 2810 293 2838 Matlh.
304 2819 330 2846 ν,
342 2811 368 2840 5.

409 2812 430 2828 '“
448 2811 526 2840 Joan.
538 2821 593 2847 xw,
605 2814 649 2843 30.
691 2815 710 2830 ¹⁷
730 2813 824 2842 Matth.
839 2822 865 2849 x,
879 2814 921 2842 59.

955 2223 991 2249 tia
1005 2230 1099 2250 eorum
1117 2230 1176 2256 qua:
1185 2227 1338 2256 sperantur.
1358 2232 1367 2248 ι
1394 2223 1462 2255 Quid
1476 2223 1547 2249 enim
1562 2223 1673 2257 prodest
1692 2223 1739 2248 lm—

956 2269 1020 2295 mini
1038 2269 1061 2295 si
1085 2273 1170 2296 totum
1194 2269 1323 2295 mundmn
1342 2269 1472 2300 lucretur,
1487 2269 1623 2301 jacturam
1649 2273 1738 2295 autem

955 2314 1036 2341 faciat
1052 2314 1148 2341 anima:
1161 2315 1200 2341 ““I
1213 2324 1221 2339 ι
1235 2329 1267 2333 -
1280 2323 1289 2339 ‹
1302 2313 1422 2349 Tempus
1435 2319 1486 2346 cst,
1504 2324 1513 2339 ι
1528 2314 1626 2349 inqu-.1,
1639 2324 1647 2339 ι
1664 2322 1738 2349 quie-

956 2359 1031 2387 reudi
1048 2365 1075 2386 et
1095 2363 1200 2394 tempus
1218 2365 1260 2386 est
1282 2361 1434 2387 amittendi.
1464 2370 1471 2386 I
1509 2361 1537 2388 Si
1555 2369 1619 2395 ergo
1637 2361 1740 2388 srimus

955 2404 1020 2439 quid
1033 2405 1068 2431 sit
1085 2405 1189 2431 lucrum
1204 2406 1278 2439 quod
1290 2406 1430 2440 qumritur,
1446 2406 1519 2440 quod
1534 2407 1643 2440 quidem
1660 2415 1692 2432 ex
1708 2414 1741 2433 eo

956 2450 1178 2485 invenitur,quod
1191 2451 1321 2486 perierint
1331 2459 1391 2486 qua:
1402 2453 1472 2478 male
1484 2459 1609 2486 possessa
1621 2452 1740 2484 fuerant,

955 2497 1020 2524 illud
1051 2497 1158 2532 quidem
1186 2505 1358 2532 quaeramus.
1387 2498 1439 2524 hoc
1465 2505 1530 2525 vero
1562 2498 1740 2526 amittamus:

956 2543 1025 2570 bona
1041 2551 1207 2578 qureramus,
1232 2543 1300 2569 mala
1329 2544 1498 2571 amittamus.
1519 2545 1602 2571 lict-te
1613 2550 1740 2571 autemet

956 2589 1080 2624 apposite
1096 2589 1130 2616 iis
1142 2597 1202 2623 qua:
1214 2589 1291 2622 prius
1303 2594 1366 2615 sunt
1380 2590 1546 2623 exalninata,
1565 2590 1740 2625 sulijungitur

956 2634 1151 2668 consequentia
1164 2641 1259 2660 eorum
1275 2641 1335 2668 qua:
1352 2634 1453 2668 scripta
1479 2639 1553 2662 sunt.
1570 2635 1638 2662 l):cit
1652 2637 1736 2667 enim.

959 2690 968 2705 ι
988 2679 1106 2713 Tempus
1121 2683 1164 2706 est
1178 2679 1316 2710 servandi,
1334 2683 1361 2705 et
1385 2682 1491 2714 tempus
1506 2687 1548 2707 est
1573 2681 1710 2715 ejieicndi.
1730 2691 1738 2707 ι

957 2726 1027 2759 Quid
1044 2727 1189 2753 servandi?
1205 2725 1232 2753 Id
1252 2726 1357 2754 scilicet
1381 2727 1452 2762 quod
1468 2736 1482 2753 a
1501 2728 1579 2755 nobis
1602 2728 1740 2757 inventum

964 2815 984 2830 ¹⁸
1004 2813 1100 2842 Matth.
1114 2822 1170 2850 xw,
1180 2813 1225 2842 26.
