1989 3070
277 120 328 146 723

894 123 924 151 S.
941 123 1102 151 GREGOHII
1119 124 1264 154 NYSSENI

1850 127 1895 154 723

275 185 316 206 est
331 187 362 206 ex
374 178 560 213 inquisitione.
577 179 646 212 Quld
656 179 803 213 ejicieitdi?
817 180 844 208 Id
860 181 965 208 scilicet
979 181 1050 216 cujui

1110 183 1204 215 δεξιὸν,
1222 185 1344 220 εἰσῆλθεν
1361 186 1490 223 ἐπιθυμία
1511 187 1556 214 τοῦ
1573 188 1636 215 ἰδεῖν
1650 189 1694 215 τὸν
1708 189 1784 223 Θεὸν,
1801 189 1892 226 ἐδίψη-

275 225 450 252 amissioneni
461 225 646 253 existimatum
659 231 700 254 est
714 226 851 254 co'ul'crre.
870 226 935 254 Orta
949 231 991 255 est
1009 227 1056 254 tibi

276 271 344 296 bona
369 270 511 305 cogitatio,
541 276 566 298 te
603 272 716 300 incessit
751 273 918 300 desiderium
949 273 1056 301 videndi

274 315 368 348 Βι-ιιιιι,
384 318 468 344 sitivit
484 318 573 344 anima
584 323 628 345 tua
640 319 672 345 ad
690 318 772 346 Deuiu
790 319 898 350 fortem.
918 320 1006 355 vivum
1024 320 1056 353 ι’,

273 363 321 390 tibi
343 367 404 390 orta
431 368 474 390 est
496 364 628 398 appetitio
646 368 674 391 ut
692 373 768 392 esses
783 365 811 392 in
830 365 908 392 atriis
922 365 1028 392 Domini
1048 373 1054 390 :

271 408 340 434 atria
359 412 448 435 autem
466 408 570 436 Domini
589 414 668 437 sunt.
684 417 745 437 meo
755 410 988 445 quideinjudicio,
1002 411 1057 437 vir-

271 457 344 481 tulcs
359 462 420 481 cuiu
447 455 546 490 quibus
571 456 677 483 habitat
706 457 788 488 ratio,
806 461 832 483 et
847 457 1002 492 quicunque
1017 465 1057 484 se-

270 501 364 536 quitur
381 501 526 529 rationem.
543 502 606 529 llaec
618 503 736 534 custodi,
753 511 787 530 ne
801 503 848 529 tibi
865 503 976 530 ellluitnt
991 503 1057 530 divi-

271 548 315 574 tiae
343 547 505 574 inundarunt
535 549 634 576 mentis
663 549 879 583 posscssionum.
903 550 1056 584 Ingreditur

270 594 403 628 qttzrpiaiii
433 595 570 621 Contraria
596 594 734 628 cogitatio,
764 599 894 630 tanquam
927 595 970 622 fur
1000 603 1054 622 non

270 640 442 671 manili-suis,
457 649 516 676 qtnu
533 640 649 667 miiudas
675 640 798 675 proﬂigat
813 641 1001 675 cogitationes,
1023 649 1054 669 ea

269 690 310 712 est
334 686 467 720 ejiciendo
477 691 503 712 et
518 694 532 712 a
545 691 633 713 incute
642 686 821 713 amandanda.
837 686 865 712 ln
879 694 909 713 ea
921 687 993 714 cnim
1008 688 1054 716 de-

269 734 413 762 turhanila.
442 737 500 760 toto
516 734 725 761 conservabitur
752 734 830 761 nobis
847 734 980 761 bonorum
999 735 1055 762 tlte-

269 787 377 805 santiis.
393 779 420 805 Si
437 785 527 805 autem
539 787 592 805 tiott
609 777 692 806 fuerit
704 778 790 812 ejecta
801 785 861 813 qua:
872 778 970 812 perdit,
988 779 1054 806 nihil

270 826 336 852 lucri
354 826 565 860 possidebimus,
589 826 725 852 latronum
743 824 789 859 qui
808 832 902 851 niiiros
923 825 1052 852 effodiunt

270 870 376 897 insnliis
389 871 571 897 dilﬂiientihns
583 869 770 897 facultatibus.

303 916 436 949 Quoniam
477 925 542 949 ergo
579 921 685 950 tempus
727 917 865 950 quaerendi
896 918 1052 949 didicimus,

270 972 280 987 σ
297 963 387 990 omnis
403 969 492 989 autem
508 962 552 996 qui
573 963 680 996 quaerit,
696 962 796 990 invenit
815 964 838 979 ‘°
855 973 860 990 :
878 973 886 989 t
905 967 934 990 ut
946 971 1053 998 perma-

269 1013 329 1035 neat
347 1008 420 1044 quod
440 1009 581 1036 inventum
605 1012 656 1041 est,
671 1009 800 1035 thesauro
821 1009 976 1044 diligentem
1002 1009 1053 1036 ali-

267 1063 349 1089 quam
385 1055 557 1088 iinponainiis
579 1054 741 1080 custodiant.
778 1064 786 1079 ι
809 1054 899 1086 Ouini,
926 1063 934 1080 ι
954 1055 1051 1089 inquit,

270 1110 278 1123 ι
301 1099 426 1126 custodia
449 1107 528 1126 serva
555 1106 602 1125 eor
618 1103 694 1125 tuitui
710 1099 743 1130 ¹¹,
769 1110 777 1124 ι
798 1104 824 1126 ιιι
844 1105 986 1134 pOstquam
1011 1100 1053 1126 in—

267 1146 384 1177 vcneris,
402 1145 542 1171 custodias
559 1145 696 1172 invcntatit
723 1145 848 1180 gratiam,
875 1149 914 1177 ut,
936 1145 1051 1180 exempli

267 1198 361 1221 causa,
375 1190 421 1225 qui
438 1190 470 1216 ad
489 1190 567 1217 fidem
582 1190 710 1221 accessit,
723 1190 868 1223 pitritateiit
888 1190 991 1216 invenit
1005 1198 1053 1224 per

266 1235 414 1261 lavacrum.
430 1234 483 1261 Sed
498 1234 582 1268 major
599 1239 639 1261 est
656 1234 732 1260 labor
746 1234 772 1260 in
787 1234 967 1261 custodiendo
979 1234 1051 1268 quod

265 1280 381 1313 accepit,
418 1287 499 1312 quatit
530 1279 557 1305 in
581 1279 744 1305 inveniendo
771 1279 843 1313 qtiod
864 1287 919 1305 non
946 1279 1049 1306 habuit.

265 1325 406 1357 Quomodo
421 1333 485 1359 ergo
496 1325 656 1352 dieehanttis
671 1332 724 1351 non
746 1325 838 1358 aliquo
858 1329 980 1359 tempore
995 1325 1050 1351 cir—

264 1372 411 1398 cutttscrihi
443 1371 672 1405 opportunitatem
703 1370 868 1401 inveniendi,
894 1370 941 1397 sed
966 1374 1050 1396 totam

265 1418 346 1444 vitam
366 1426 427 1445 esse
440 1426 523 1444 ititiiiit
543 1423 648 1451 tempus
663 1417 740 1443 bona:
751 1417 823 1443 illius
839 1416 1024 1451 inquisitionis
1041 1426 1046 1444 :

265 1465 300 1491 ita
315 1465 396 1492 etiam
411 1468 518 1498 tempus
542 1463 673 1490 custodiae
687 1467 770 1488 totam
788 1463 869 1489 vitam
886 1463 974 1490 iiietiii
987 1471 1050 1497 pro-

1069 850 1090 878 Β

1110 239 1156 256 σεν
1169 232 1184 266 ἡ
1201 231 1272 268 ψυχή
1286 241 1333 258 σου
1345 233 1413 269 πρὸς
1425 234 1470 260 τὸν
1484 234 1549 260 Θεὸν
1558 235 1603 262 τὸν
1616 235 1784 271 ἔσχυρὸν,τδν
1795 236 1892 269 ζῶντα,

1109 276 1190 309 πόθος
1214 278 1319 311 ἐγένετο
1342 287 1382 305 σοι
1403 279 1450 305 τοῦ
1474 280 1502 305 ὲν
1523 281 1583 311 ταῖς
1607 280 1700 312 αὐλαῖς
1725 280 1769 307 τοῦ
1792 281 1892 316 Κυρίου

1108 324 1232 357 γενέσθαι
1243 334 1251 341 ν
1271 325 1349 351 αὐλαὶ
1363 325 1386 352 δ’
1401 326 1434 352 ἃν
1447 324 1500 352 εἷεν
1521 326 1567 352 τοῦ
1584 327 1697 361 Κυρίου,
1712 328 1782 354 κατά
1800 336 1832 362 γε
1847 327 1892 355 τὸν

1107 370 1172 404 ἐμὸν
1191 370 1278 404 λόγον,
1296 372 1324 397 αἱ
1339 372 1444 406 ἀρεταὶ,
1456 369 1500 403 αἶς
1511 372 1697 403 συναυλίζεται
1708 373 1722 398 ὁ
1736 373 1825 406 λόγος,
1846 373 1891 400 καὶ

1107 417 1161 447 πᾶς
1182 418 1196 443 ὁ
1212 417 1250 452 τῷ
1276 417 1347 452 λόγῳ
1366 417 1507 452 ἑπόμενος.
1524 418 1617 445 Ταῦτα
1642 417 1775 452 φύλαξον,
1793 418 1831 449 ὡς
1855 418 1890 454 μὴ

1106 460 1266 496 διαρῤυῆναί
1285 471 1326 488 σοι
1350 463 1395 488 τὸν
1410 463 1522 490 πλοῦτον
1540 463 1594 490 τῶν
1616 463 1745 499 καθαρῶν
1765 465 1814 499 τῆς
1834 464 1890 490 δια-

1106 508 1180 539 νοὶας
1195 508 1554 544 κτημάτων.Παρεισδύεταί
1566 517 1608 540 τις
1621 508 1749 543 λογισμὸς
1760 509 1889 541 ἐναντίος,

1105 551 1160 580 οἷόν
1176 562 1217 586 τις
1236 554 1362 590 λαθραῖος
1381 554 1502 589 κλέπτης
1516 555 1670 589 ἀφανισμὸν
1693 554 1746 581 τῶν
1763 554 1890 590 καθαρῶν

1107 600 1250 634 νοημάτων
1265 600 1433 635 ποιούμενος,
1451 600 1596 635 ὲκὸλητέος
1611 598 1686 631 οὗτος
1702 600 1748 626 καὶ
1763 600 1889 632 ἀποπεμ-

1106 646 1185 677 πτέος
1199 646 1248 680 τῆς
1263 646 1391 678 διανοίας.
1411 647 1454 673 Ἐν
1474 646 1529 682 γὰρ
1544 646 1583 681 τῷ
1597 647 1700 673 ἐκεῖνον
1718 645 1888 678 ἀπώσασθαι,

1104 691 1136 718 δι’
1149 692 1297 727 ἀσφαλείας
1311 694 1375 728 ἡμῖν
1388 693 1402 719 ό
1417 693 1471 719 τῶν
1487 693 1596 727 ἀγαθῶν
1611 692 1745 727 θησαυρὸς
1754 692 1889 728 φυλαχθῆ-

1105 744 1191 762 σεται.
1213 737 1243 762 Εἰ
1264 736 1292 762 δὲ
1311 737 1348 772 μὴ
1372 737 1515 772 ἐκϐληθείη
1529 738 1543 763 ὁ
1567 736 1759 772 λυμαινόμενος
1773 757 1780 769 ,
1795 736 1888 772 κέρδος

1105 783 1180 808 οὐδὲν
1195 782 1270 809 ἔσται
1281 784 1329 818 τῆς
1344 784 1474 818 κτήσεως,
1487 785 1515 810 ὲν
1527 785 1559 819 τῇ
1573 783 1626 810 τῶν
1638 782 1812 818 τοιχωρύχων
1827 784 1887 809 ἑπι-

1105 828 1185 863 ξουλῇ
1197 829 1245 864 τῆς
1262 829 1391 864 εὐπορίας
1403 829 1599 865 ὑπορρεούσης.

1145 920 1252 953 Ἐπειδὴ
1267 919 1312 948 οὖν
1323 920 1498 956 ἐδιδάχθημεν
1507 920 1704 956 τὸνκαιρὺντοῦ
1710 922 1825 958 ζητεῖν,ι
1835 922 1887 953 πᾶς

1103 961 1131 988 δὲ
1143 963 1156 988 ὁ
1168 963 1254 999 ζητῶν
1262 963 1394 999 εὐρπίκει,
1408 972 1417 988 ›
1429 964 1503 993 ὅπως
1516 963 1548 990 ἂν
1562 964 1592 990 τὸ
1605 964 1716 1000 εὑρεθὲν
1732 964 1886 1002 παραμένῃ.

1104 1007 1204 1042 ἀκριϐῆ
1218 1015 1277 1033 τινα
1290 1006 1328 1041 τῷ
1342 1007 1472 1043 θησαυρῷ
1485 1009 1534 1043 τὴν
1548 1010 1669 1045 φρουρὰν
1684 1011 1886 1046 ὲπιστήσωμεν.

1107 1062 1116 1078 ι
1131 1052 1208 1089 Πάσῃ
1224 1053 1356 1088 φυλακῇ.»
1371 1055 1447 1088 φησὶ,
1457 1065 1467 1081 ι
1478 1058 1553 1090 τήρει
1566 1056 1613 1088 σὴν
1625 1056 1745 1092 καρδίαν,
1758 1066 1767 1082 ›
1777 1056 1846 1091 μετὰ
1859 1057 1889 1083 τὸ

1103 1100 1193 1134 εὑρεῖν
1204 1099 1242 1134 τῷ
1257 1099 1370 1133 φυλάξαι
1382 1100 1429 1134 τὴν
1442 1099 1597 1134 εὑρεθεῖσαν
1606 1100 1685 1135 χάριν
1694 1110 1700 1116 ·
1711 1099 1767 1128 οῖον
1781 1100 1860 1136 εὗρεν
1874 1104 1889 1129 ὸ

1104 1144 1259 1180 προσελθὼν
1271 1146 1302 1179 τῇ
1317 1145 1404 1170 πίστει
1415 1146 1464 1179 τὴν
1472 1144 1515 1170 διὰ
1525 1144 1570 1171 τοῦ
1579 1145 1691 1180 λουτροῦ
1703 1146 1887 1182 καθαρότητα.

1109 1189 1188 1216 Ἀλλὰ
1205 1190 1303 1224 μείζων
1319 1191 1333 1215 ὁ
1353 1190 1430 1221 πόνος
1443 1190 1470 1215 ἐν
1490 1189 1529 1224 τῷ
1546 1190 1660 1224 φυλάξαι
1674 1191 1688 1217 ὃ
1704 1191 1809 1223 ἔλαϐεν,
1827 1192 1844 1227 ἢ
1860 1193 1888 1218 έν

1102 1235 1140 1268 τῷ
1151 1236 1239 1270 εὑρεῖν
1254 1235 1268 1260 ὃ
1278 1235 1328 1261 οὐκ
1343 1232 1425 1270 εἶχεν.
1439 1236 1541 1271 ’Ὠσπερ
1553 1234 1599 1262 οὖν
1617 1236 1730 1272 εἴπομεν
1747 1237 1784 1272 μὴ
1800 1237 1889 1273 χρόνῳ

1101 1282 1154 1307 τινὶ
1170 1281 1218 1315 τὴν
1233 1280 1278 1306 τοῦ
1307 1280 1397 1314 ζητεῖν
1417 1281 1558 1316 εὐκαιρίαν
1586 1283 1799 1319 περιορέζεσθαι,
1818 1283 1888 1310 ἀλλὰ

1102 1328 1188 1352 πάντα
1205 1326 1249 1352 τὸν
1267 1327 1321 1361 βίον
1335 1327 1380 1352 ἕνα
1397 1327 1489 1361 καιρὸν
1511 1326 1579 1354 εἶναι
1592 1329 1639 1363 τῆς
1658 1329 1763 1364 ἀγαθῆς
1780 1330 1889 1365 ἐκείνης

1100 1372 1256 1407 ζητήσεως’
1273 1371 1344 1398 οὕτω
1366 1373 1411 1399 καὶ
1433 1373 1479 1400 τὸν
1498 1375 1547 1409 τῆς
1558 1373 1681 1409 φυλακῆς
1700 1375 1794 1409 καιρὸν
1813 1375 1889 1411 πάσῃ

1099 1420 1132 1453 τῇ
1150 1418 1206 1453 ζωῇ
1222 1418 1378 1453 μετρεῖσθαι
1402 1419 1621 1454 ἀποφαινόμεϐα’
1636 1421 1685 1455 τὴν
1696 1421 1781 1456 αὐτὴν
1796 1422 1888 1456 φωνὴν

1099 1465 1147 1499 τῆς
1162 1464 1330 1499 προφητείας
1346 1465 1391 1491 καὶ
1403 1465 1450 1491 νῦν
1467 1466 1660 1502 παραθέμενοι,
1674 1468 1723 1503 τὴν
1738 1468 1887 1502 λέγουσανο

265 1511 434 1542 ititutiainiis,
448 1509 541 1536 cadent
556 1517 620 1535 voce
639 1509 785 1543 prophetia:
797 1517 870 1536 nunc
881 1517 991 1544 quoque
1002 1509 1048 1536 ad-

1103 1519 1112 1535 i
1128 1511 1160 1536 υἱ
1175 1509 1307 1545 ὀφθαλμοί
1322 1518 1372 1544 μου
1387 1510 1532 1542 διαπαντὸς
1547 1511 1615 1546 πρὸς
1631 1511 1675 1538 τὸν
1705 1512 1820 1546 Κύριον·
1846 1512 1890 1538 ὃτι

263 1557 355 1586 ducta,
369 1565 428 1591 qua:
444 1556 527 1582 dicit:
543 1565 550 1580 i
567 1555 644 1581 Oculi
659 1555 711 1581 mei
725 1563 833 1589 semper
842 1555 874 1581 ad
887 1555 1048 1583 Dominum:

263 1603 392 1635 quoniam
413 1602 470 1635 ipse
489 1601 585 1627 erellet
606 1608 637 1626 e.\'
661 1601 757 1634 laqueo
784 1601 865 1634 pedes
887 1608 962 1628 meos
982 1602 1015 1628 ²².
1037 1611 1046 1626 ι

265 1647 292 1674 ln
306 1647 357 1674 ltoc
371 1647 442 1674 enim
459 1647 608 1681 poterimus
625 1646 703 1672 nobis
725 1647 857 1681 integrant
876 1650 902 1673 et
918 1647 1047 1674 iittactaut

263 1700 427 1721 conservare
444 1693 542 1719 bonam
570 1692 782 1726 possessionem,
806 1692 879 1727 quod
896 1692 978 1720 Deum
993 1697 1049 1720 sta-

264 1746 373 1767 tuamus
387 1743 543 1766 nostrarum
556 1746 646 1765 rerum
661 1739 814 1765 custodem.
839 1738 954 1771 Quando
976 1740 1048 1766 eniut

263 1786 335 1812 oculi
360 1785 411 1812 mei
425 1793 532 1819 semper
556 1784 658 1811 fuerint
681 1785 713 1811 ad
732 1783 888 1816 Domitium,
904 1790 968 1811 tunc
981 1785 1048 1811 nihil

264 1835 390 1865 poterunt
418 1831 524 1857 allicere
552 1830 640 1864 laquei
662 1829 825 1860 adversarii.
845 1838 893 1865 per
908 1838 978 1863 quos
1005 1832 1049 1858 ille

264 1877 375 1903 molitur
400 1877 514 1903 insidias
553 1876 588 1903 iis
616 1885 676 1911 (tua:
702 1882 766 1904 stitit
796 1877 893 1903 anima:
918 1877 1048 1912 pretiosa.

265 1931 275 1948 ‹
304 1921 361 1948 Non
381 1922 439 1953 des,
465 1931 473 1946 ι
496 1922 593 1956 inquit,
624 1932 632 1946 ι
659 1923 686 1949 in
715 1923 923 1949 commotionem
955 1923 1048 1957 pedem

263 1973 351 1999 tuum,
377 1971 404 1994 et
428 1976 480 1994 non
496 1968 652 1994 dortnitabit
667 1968 713 2002 qui
735 1967 854 1994 custodit
880 1973 906 1995 te
922 1968 954 1994 ".
976 1978 985 1994 μ
1003 1968 1050 1995 Est

262 2021 327 2047 ergo
344 2020 462 2047 praisens
478 2018 621 2040 conti-titus
636 2020 807 2046 consequens
821 2014 844 2040 ei
867 2013 913 2048 qui
933 2021 1049 2048 praeces-

263 2059 307 2086 sit.
326 2059 371 2085 llle
384 2058 466 2093 jussit
478 2067 600 2093 quairere
619 2065 647 2085 itt
670 2059 842 2086 inveniamus
860 2069 866 2086 :
894 2060 939 2087 hic
954 2060 1051 2087 suadet

263 2105 402 2132 custodire
422 2113 455 2131 ne
469 2105 623 2139 perdamus.
652 2104 747 2132 Modus
761 2110 850 2132 autem
864 2107 988 2133 servandi
1000 2107 1049 2134 bo.-

263 2159 297 2177 ita
312 2156 353 2178 est
368 2151 394 2177 in
410 2151 551 2185 ejiciendis
566 2151 599 2177 iis
616 2151 872 2186 qumintelliguntur
887 2159 920 2179 ex
936 2157 1047 2179 contra-

263 2196 318 2228 rio;
334 2197 469 2231 quomodo
481 2197 609 2231 oppidum
625 2196 696 2230 quod
715 2197 865 2229 obsidetur,
895 2197 981 2224 tutius
994 2205 1042 2223 cu-

262 2243 378 2269 stoditur
388 2242 483 2276 ejectis
499 2242 702 2277 proditoribus:
727 2243 847 2277 quandin
871 2249 960 2270 autem
984 2249 1048 2271 sunt

263 2289 346 2319 intus,
363 2290 449 2324 magis
463 2289 629 2316 insidiantur
645 2289 661 2315 ii
683 2289 729 2323 qui
757 2289 850 2321 latent,
868 2297 949 2323 quam
966 2290 983 2316 ii
1001 2290 1047 2325 qui

262 2340 325 2362 sunt
336 2336 421 2369 aperti
437 2335 538 2362 hostes.
551 2335 670 2369 Tempus
682 2339 724 2362 est
737 2335 822 2367 enim,
843 2336 942 2370 inquit,
955 2341 1048 2363 custo-

241 2396 247 2402 -
262 2381 364 2411 diendi,
380 2385 406 2407 ct
420 2387 524 2414 ten-pus
540 2381 696 2415 abiiciendi.

296 2426 373 2460 Quod
412 2432 501 2453 anteiit
540 2425 831 2462 deinceps'sequitnr,
857 2429 975 2455 animant
1013 2429 1046 2456 ad

261 2473 390 2507 majorem
429 2472 462 2499 de
490 2473 570 2499 rebus
614 2481 674 2508 quin
715 2474 817 2500 eadunt
859 2474 910 2500 sub
948 2474 1048 2501 intelli-

261 2519 379 2552 gentiam
418 2519 529 2546 deducit
565 2519 777 2553 philosophiam.
811 2519 937 2547 OStendit
975 2520 1046 2546 enim

260 2563 333 2599 quod
360 2564 526 2591 universitas
551 2569 592 2592 est
633 2565 684 2592 sibi
713 2565 764 2599 ipsi
794 2565 960 2594 continens,
996 2572 1045 2591 nec

260 2617 393 2645 compago
423 2618 516 2637 eorum
541 2619 602 2644 quae
627 2610 729 2637 cadunt
751 2610 802 2637 sub
827 2610 1045 2644 intelligentiam,

260 2657 344 2683 ullam
363 2657 444 2684 habet
466 2657 645 2685 solutionem.
666 2657 712 2683 sed
736 2661 778 2683 est
801 2656 925 2690 quredaut
950 2664 1044 2683 eorum

259 2710 321 2736 quin
334 2707 408 2733 sunt.
424 2703 494 2729 inter
511 2711 540 2730 se
557 2703 671 2729 invicem
695 2702 874 2736 conspiratio.
889 2701 980 2736 Neque
998 2703 1044 2730 ab-

262 2748 381 2776 scissum
398 2753 439 2775 est
455 2749 612 2776 universum
631 2748 665 2773 ah
680 2756 710 2774 ea
726 2755 786 2781 quae
803 2752 846 2774 est
867 2755 960 2775 secum
977 2755 1044 2774 con-

297 2838 317 2854 "
334 2839 407 2866 Paal.
424 2847 478 2874 ut,
494 2839 521 2866 2.
560 2839 582 2854 ”
603 2838 697 2865 Matth.
714 2847 761 2871 vn,
778 2837 803 2864 8.

843 2839 863 2854 “
885 2837 964 2866 Prov.
985 2847 1020 2871 tv,
1036 2840 1081 2867 ‘25.

1101 1556 1182 1586 αὐτὸς
1207 1556 1339 1582 ὲχσπάσει
1356 1556 1388 1582 ἐκ
1413 1556 1523 1590 παγίδος
1548 1557 1610 1588 τοὺς
1632 1556 1715 1588 πόδας
1737 1565 1797 1591 μου.
1812 1566 1822 1583 ο
1846 1557 1889 1584 Ἐν

1099 1601 1186 1636 τούτῳ
1207 1601 1261 1636 γάρ
1277 1602 1334 1627 ἐστι
1353 1601 1385 1628 τὸ
1402 1601 1501 1628 ἄσυλον
1516 1601 1565 1636 τὴν
1584 1601 1688 1637 ἀγαθὴν
1705 1604 1801 1637 κτῆσιν
1820 1603 1887 1638 ἡμῖν

1100 1645 1292 1680 φυλάττεσθαι,
1310 1646 1339 1672 ὲν
1362 1645 1402 1681 τῷ
1419 1646 1465 1672 τὸν
1475 1646 1539 1672 Θεὸν
1559 1646 1666 1680 φύλακα
1678 1646 1732 1673 τῶν
1744 1647 1888 1683 ἡμετέρων

1100 1692 1273 1727 ποιήσασθαι.
1294 1692 1379 1719 Ὀταν
1393 1692 1447 1728 γὰρ
1460 1693 1483 1718 οἱ
1497 1691 1629 1727 ὀφθαλμοὶ
1645 1701 1696 1727 μου
1709 1690 1758 1720 ὦσι
1775 1694 1888 1720 διαπαν-

1099 1738 1144 1769 τὸς
1168 1738 1235 1772 πρὸς
1255 1738 1300 1764 τὸν
1318 1737 1436 1773 Κύριον,
1453 1739 1513 1764 τότε
1535 1738 1670 1774 ἄπρακτοι
1702 1739 1821 1773 γίνονται
1839 1740 1887 1766 τοῦ

1099 1785 1286 1820 ἀντικειμένου
1311 1785 1339 1810 αι
1367 1784 1479 1818 παγίδες
1490 1805 1497 1816 ,
1514 1783 1546 1810 δι’
1563 1780 1600 1810 ὧν
1619 1781 1722 1815 ἐκεῖνος
1738 1784 1792 1810 τῶν
1807 1786 1836 1811 ὲν
1853 1786 1886 1820 τῇ

1098 1830 1170 1866 ψυχῇ
1185 1830 1282 1865 τιμίων
1298 1830 1346 1865 τὴν
1361 1829 1503 1864 ὲπιὸουλὴν
1514 1829 1681 1864 τεχνάζεται.
1697 1839 1707 1856 ι
1720 1829 1766 1864 Μὴ
1782 1829 1863 1865 δῲης,
1875 1839 1886 1856 ι

1101 1877 1191 1912 φησὶν,
1212 1886 1220 1902 ι
1239 1878 1277 1908 εἰς
1300 1876 1379 1902 σάλον
1392 1875 1438 1902 τὸν
1453 1875 1518 1902 πόδα
1534 1883 1592 1907 σου,
1606 1876 1653 1902 καὶ
1676 1875 1707 1901 οὐ
1729 1875 1854 1908 νυστάξει
1873 1877 1890 1902 ὁ

1101 1923 1254 1958 φυλάσσων.
1277 1932 1286 1948 ι
1301 1921 1405 1948 Οὐκοῦν
1419 1921 1565 1953 ἀκόλουθος
1580 1922 1596 1956 ἡ
1615 1920 1738 1956 παροῦσα
1756 1922 1834 1956 ῥῆσις
1848 1920 1889 1956 τῷ

1101 1968 1247 2004 προάγοντι
1264 1968 1344 2002 λόγῳ.
1365 1967 1481 1998 Ἐκεῖνος
1497 1966 1622 1993 ἐκέλευσε
1638 1966 1728 2001 ζητεῖν
1747 1966 1790 1992 ἵνα
1804 1965 1889 2002 εὕρω-

1102 2023 1165 2049 μεν,
1181 2011 1256 2044 οὗτος
1273 2013 1419 2047 φυλάσσειν
1439 2012 1626 2048 συμϐουλεύει,
1638 2012 1682 2038 ἵνα
1697 2011 1733 2047 μὴ
1750 2011 1890 2038 ἀπολέσω-

1102 2067 1161 2093 μεν,
1182 2058 1209 2084 ’0
1223 2058 1251 2084 δὲ
1269 2057 1314 2084 τοῦ
1332 2057 1475 2091 φυλάττειν
1485 2057 1519 2083 τά
1539 2056 1628 2091 ἀγαθὰ
1645 2057 1744 2092 τρόπος
1757 2057 1831 2082 ἐστὶν
1859 2057 1889 2082 ἐν

1100 2105 1138 2140 τῷ
1161 2103 1301 2131 ἐκϐάλλειν
1323 2103 1358 2129 τὰ
1372 2104 1404 2128 ἐκ
1417 2102 1463 2129 τοῦ
1479 2102 1599 2128 ἐναντίου
1619 2101 1751 2136 νοούμενα
1767 2109 1774 2116 ·
1793 2100 1889 2135 ὥσπερ

1101 2150 1147 2176 ἐπὶ
1156 2150 1203 2184 τῆς
1215 2148 1418 2183 πολεμουμένης
1432 2146 1533 2178 πόλεως
1548 2145 1736 2181 ἀσφαλεστέρα
1750 2145 1854 2179 γίνεται
1870 2147 1888 2180 ἡ

1101 2195 1207 2230 φρουρὰ
1225 2194 1279 2220 τῶν
1291 2193 1426 2228 προδοτῶν
1441 2193 1626 2227 ἐκῦληθέντων
1643 2200 1650 2207 ·
1666 2192 1718 2224 ἕως
1730 2193 1751 2219 δ’
1768 2192 1801 2219 ἂν
1812 2193 1889 2222 ἐντὸς

1101 2239 1161 2271 ὦσι,
1182 2240 1280 2274 μᾶλλον
1304 2237 1505 2265 ἐπιϐουλεύουσι
1523 2237 1577 2264 τῶν
1593 2237 1717 2272 φανερῶν
1733 2237 1838 2273 ἐχθρῶν
1863 2238 1888 2264 οι

1100 2285 1285 2316 λανθάνοντες.
1304 2285 1406 2320 Καιρὸς
1423 2284 1486 2320 γὰρ,
1499 2284 1590 2320 φησὶν,
1605 2283 1653 2310 τοῦ
1673 2283 1830 2318 φυλάσσειν,
1841 2283 1890 2310 καὶ

1101 2332 1195 2368 καιρὸς
1209 2331 1256 2358 τοῦ
1271 2331 1422 2358 ἐκϐάλλειν.

1141 2423 1172 2450 'll
1193 2423 1221 2449 δὲ
1245 2423 1343 2457 ἐφεξῆς
1368 2421 1512 2448 ἀκολουθία
1528 2419 1574 2447 τοῦ
1594 2420 1673 2455 λόγου
1709 2421 1749 2452 εἰς
1775 2420 1891 2455 μείζονά

1099 2481 1161 2500 τινα
1183 2473 1232 2508 τὴν
1255 2472 1319 2506 περὶ
1344 2470 1399 2496 τῶν
1420 2468 1523 2504 νοητῶν
1549 2468 1708 2503 φιλοσοφίαν
1730 2469 1780 2503 τὴν
1796 2467 1890 2503 ψυχὴν

1099 2519 1170 2553 ἄγει.
1198 2518 1321 2544 Δείκνυσι
1343 2515 1396 2550 γὰρ
1413 2516 1454 2541 ὃτι
1476 2515 1586 2549 συνεχές
1600 2515 1659 2540 ἐστι
1676 2514 1706 2540 τὺ
1722 2514 1776 2540 πᾶν
1798 2515 1891 2549 ἑαυτῷ

1100 2565 1146 2592 καὶ
1162 2565 1212 2591 οὐκ
1227 2565 1282 2599 ἔχει
1296 2562 1356 2589 τινὰ
1368 2562 1444 2588 λύσιν
1457 2562 1473 2596 ἡ
1492 2561 1608 2596 ἁρμονία
1621 2561 1675 2586 τῶν
1690 2560 1802 2596 νοητῶν,
1819 2560 1892 2587 ἀλλά

1098 2612 1141 2642 τίς
1161 2611 1219 2636 ἐστι
1238 2609 1375 2644 σύμπνοια
1389 2607 1443 2634 τῶν
1457 2607 1541 2633 ὄντων
1556 2607 1624 2640 πρὸς
1641 2606 1753 2642 ἄλληλα.
1767 2606 1822 2632 Καὶ
1837 2607 1890 2632 οὐχ

1096 2656 1259 2691 ἀπέσχισται
1282 2654 1313 2680 τὸ
1326 2654 1380 2679 πᾶν
1393 2653 1444 2688 τῆς
1459 2653 1527 2688 πρὸς
1540 2652 1636 2678 ἑαυτὸν
1653 2651 1809 2686 συναφείας,
1827 2651 1890 2678 ἀλλ’

1094 2703 1124 2729 ἐν
1145 2702 1184 2737 τῷ
1201 2699 1271 2728 εἶναι
1300 2700 1374 2735 μένει
1394 2699 1429 2726 τὰ
1455 2699 1544 2726 πάντα
1560 2700 1591 2733 τῇ
1610 2698 1656 2724 τοῦ
1678 2698 1753 2728 ὄντος
1772 2697 1890 2731 δυνάμει

1096 2747 1342 2783 περικρατούμενα.
1359 2745 1395 2772 Τὸ
1415 2746 1443 2771 δὲ
1463 2745 1547 2776 ὄντως
1565 2744 1606 2775 ὃν,
1625 2744 1641 2779 ἢ
1664 2743 1730 2770 αὐτὸ
1750 2742 1889 2778 ἀγαθόιης

1120 2840 1142 2855 ²¹
1161 2838 1233 2866 Psal.
1249 2845 1321 2870 xxiv,
1346 2836 1386 2862 l3.
1427 2836 1449 2852 ³³
1467 2835 1538 2863 Psal.
1559 2842 1620 2868 cu,
1634 2834 1662 2862 ὅ.
