1989 3070
247 117 299 146 7'27

845 124 873 152 S.
890 124 1052 153 GREGOllll
1072 127 1114 153 ΝΥ
1122 127 1216 155 εδεκι

1815 125 1868 153 728

249 178 421 214 Eeclesize,ct
436 187 532 208 rursus
547 185 701 216 opportune
715 188 839 213 assucrc,
858 183 970 217 quando
983 192 1029 218 per

1088 185 1149 217 νίας.
1184 187 1252 212 Ἀλλ’
1276 186 1330 212 εἴτε
1363 186 1432 212 κατᾶ
1455 186 1504 222 τὴν
1530 185 1771 221 προεξετασοεῖσαν
1801 185 1867 220 ἡμῖν

247 224 436 257 pceniteutiam
452 225 486 252 ab
502 226 710 261 inquinamento
725 226 804 254 fuerit
823 228 927 255 abluta.
944 228 1028 254 Multa

247 274 336 296 autem
354 270 489 304 ejusmodi
506 271 569 299 licet
593 272 686 300 videre
701 277 755 299 tam
778 273 806 300 in
819 275 940 309 antiquis
967 282 1030 301 nar-

248 314 409 348 rationibus,
427 324 509 351 quam
523 317 549 344 in
565 318 615 344 hac
636 323 728 346 nostra
744 319 809 350 vita,
832 327 893 354 quae
916 327 1029 347 oecono-

247 359 316 387 mice
331 360 399 388 limit
416 362 443 388 in
465 363 601 390 ecclesiis.
629 363 713 391 Scitis
727 364 799 392 enim
818 372 832 391 a
860 366 960 399 quibus
981 366 1028 392 ab~

247 405 318 440 rupti
337 414 443 440 sumus,
458 413 483 434 et
498 408 598 443 quibus
613 410 760 437 assuintur.
774 411 895 438 Abscissi
911 411 983 438 enim
996 411 1030 438 ab

247 450 357 483 lueresi,
373 452 468 486 pietati
485 460 517 480 ac
539 461 610 481 vera:
633 455 759 489 religioni
780 460 914 491 perpetuo
940 457 1029 484 insui-

1083 231 1198 266 θεωρίαν
1214 232 1353 267 φιλοσοφεῖ
1369 232 1432 267 περῖ¹
1451 232 1505 258 τῶν
1522 232 1605 258 ὄντων
1620 232 1633 258 ὁ
1648 231 1743 265 λόγος.
1764 231 1819 257 εἴτε
1833 231 1867 258 τὰ

1082 275 1193 302 τοιαῦτα
1216 276 1259 302 διὰ
1280 276 1329 311 τῆς
1352 276 1505 312 συμϐουλῆς
1525 275 1625 309 ταύτης
1644 275 1778 307 παιδεύει,
1796 275 1867 301 κατὰ

1083 320 1170 346 πάντα
1181 320 1211 346 τὸ
1222 321 1359 355 ἑπωφελές
1369 329 1398 347 τε
1410 321 1455 347 καὶ
1466 321 1600 356 χρήσιμον
1613 320 1733 356 περιέχει
1745 320 1762 354 ἡ
1776 319 1865 355 ῥῆσις,

1083 365 1113 390 ὲν
1129 365 1216 401 καιρῷ
1239 375 1268 392 τε
1289 366 1484 402 ἀπορρηγνῦσα
1498 363 1536 393 ὧν
1557 367 1663 402 πονηρὰ
1685 367 1702 401 ἡ
1720 366 1865 400 συνάφεια,

1084 412 1131 437 καὶ
1157 412 1226 438 κατὰ
1249 412 1343 448 καιρὸν
1370 413 1448 439 πάλιν
1472 413 1642 439 συνάπτουσα
1663 409 1700 439 ὧν
1724 412 1865 448 ὲπωφελής

1083 457 1157 483 ἐστιν
1173 459 1190 493 ἡ
1203 458 1309 489 ἓιιωσις.

247 504 309 524 mur
326 507 333 525 :
354 502 418 526 tunc
432 500 570 528 intuentes
588 501 731 529 infractam
754 502 882 531 Ecclesia:
908 504 1046 537 tunicam,
1067 505 1177 539 quando
1202 513 1217 532 a
1236 506 1430 534 communione
1449 514 1511 534 cum
1524 506 1619 534 haaresi
1634 506 1715 534 fuerit
1730 505 1866 541 quispiam

247 543 389 578 abruptus.
411 544 464 572 Sed
493 546 551 573 sive
566 548 760 575 convenienter
787 550 1024 585 contemplationi.
1045 559 1107 585 quae
1119 551 1197 585 prius
1212 559 1227 578 a
1259 553 1339 579 nobis
1371 552 1422 580 fuit
1438 553 1604 583 examinata,
1620 552 1654 579 de
1672 552 1705 579 iis
1720 559 1779 587 quae
1802 556 1868 578 sunt

248 590 273 616 id
293 590 365 624 quod
382 590 485 618 dictum
510 596 553 619 est
571 593 803 628 philosophatur:
820 596 877 622 sive
896 597 960 625 dato
988 597 1105 625 consilio
1138 597 1172 625 de
1204 598 1246 626 his
1269 599 1371 631 erudit,
1389 599 1502 625 omnino
1525 599 1648 626 continet
1673 602 1818 625 contextus
1841 598 1867 624 id

247 636 320 669 quod
338 640 381 664 est
395 638 580 671 conducibile,
601 643 631 666 ut
650 640 697 674 qui
717 644 744 667 et
761 641 787 667 in
812 645 935 676 tempore
959 651 991 671 ea
1020 644 1172 680 abrumpat,
1191 653 1308 681 quorum
1325 646 1394 672 mala
1414 649 1456 673 est
1470 645 1635 677 commistio,
1659 645 1728 672 etin
1746 649 1868 679 tempore

249 689 345 709 rursus
360 682 509 718 coniungat
523 692 554 712 ea
576 692 692 719 quorum
709 686 783 713 utilis
795 690 836 713 est
856 688 930 715 unio.

283 728 338 756 Nos
352 733 441 756 autem
469 738 614 765 pergamus
641 731 675 758 ad
698 739 730 759 ea
750 740 810 767 qua:
833 733 963 769 deinceps
982 743 1027 762 se-
1047 739 1066 766 Β

248 779 370 807 quuutur
384 774 410 801 in
428 780 568 807 contextu.
585 784 633 812 per
650 785 711 812 qua:
738 778 803 805 Inibi
818 779 927 806 ridetur
944 781 1033 807 oratio

249 828 296 854 per
312 821 498 848 sublimiorem
513 823 686 850 considerata
708 823 923 858 philosophiam,
945 824 1032 859 majo-

249 873 305 892 rem
335 873 397 892 cum
427 866 520 893 verbis
549 867 650 894 habere
683 869 913 896 convenientiam.
943 867 1034 896 Priori

247 911 320 938 enim
336 911 396 938 loco
408 913 572 939 collocatum
589 918 631 940 est
649 918 757 949 tempus
779 914 901 947 tacendi,
926 919 954 942 et
974 919 1034 949 post

248 957 389 984 silentium
406 957 480 984 dedit
501 963 610 992 tempus
625 959 765 993 loquendi.
789 959 906 992 Quando
922 968 987 995 ergo
1005 965 1033 988 et

248 1003 282 1030 de
299 1003 465 1037 quibusnam
487 1008 530 1030 est
544 1004 640 1030 melius
656 1005 764 1031 tacere?
778 1003 880 1032 Dixerit
897 1006 1034 1040 quispiam

247 1056 278 1075 ex
297 1048 333 1075 iis
347 1048 393 1083 qui
412 1049 445 1075 ad
458 1056 548 1076 mores
562 1049 715 1083 aspiciunt,
733 1057 803 1085 saepe
822 1051 959 1077 silentium
975 1059 1035 1079 esse

248 1095 390 1122 decentius
405 1102 543 1126 sermone,
560 1099 589 1122 ut
608 1096 745 1130 quotnodo
771 1096 906 1123 discernit
933 1096 1034 1124 Paulus

248 1142 481 1176 opportunitatem
506 1142 607 1170 silentii
636 1148 662 1170 et
689 1145 836 1176 sermonis,
884 1145 1035 1179 aliquando

248 1188 359 1222 quidem
377 1188 529 1216 decernens
550 1193 641 1217 tacere
659 1197 666 1215 :
683 1190 832 1224 aliquando
854 1195 945 1217 autem
975 1199 1036 1225 per-

250 1234 361 1261 mittens
379 1234 463 1268 loqui.
480 1244 488 1260 ι
503 1235 598 1262 Omnis
611 1243 703 1262 sermo
723 1236 811 1263 malus
827 1244 858 1262 ex
877 1244 924 1263 ore
940 1240 1034 1263 vestro

250 1287 304 1305 non
318 1279 474 1325 prodeat".
488 1290 496 1305 ι
517 1279 580 1307 Hec
608 1285 651 1307 est
663 1281 705 1307 lex
721 1281 834 1307 silentii.
862 1281 915 1308 Sed
931 1281 953 1308 si
972 1282 1035 1313 quis

251 1325 286 1351 sit
297 1325 385 1352 bonus
415 1327 447 1351 ad
475 1325 684 1352 aedificationem
707 1325 779 1357 ﬁdei,
803 1330 831 1352 ut
855 1326 899 1353 det
919 1327 1033 1360 gratiam

251 1370 426 1398 audientibus
441 1380 447 1397 :
467 1371 521 1398 hoc
537 1375 579 1398 est
598 1377 704 1406 tempus
722 1372 861 1406 loquendi.
883 1382 892 1398 ‹
907 1372 1034 1400 Mulieres

251 1420 359 1442 taceant
375 1417 401 1442 in
417 1417 586 1444 ecclesiis”.
599 1426 608 1442 ι
641 1415 752 1443 [ιω-διις
776 1417 851 1443 dedit
875 1421 985 1451 tempus
998 1417 1035 1444 si-
1049 1413 1070 1441 C

252 1461 345 1487 lentio.
366 1471 374 1486 ι
391 1461 419 1488 Si
434 1462 499 1496 quid
521 1467 611 1493 autem
639 1462 733 1488 volunt
759 1461 866 1489 discere
879 1469 912 1489 ex
928 1463 961 1489 iis
974 1470 1036 1496 qua:

253 1505 390 1537 nesciunt,
406 1505 478 1532 domi
496 1506 609 1532 maritos
622 1514 688 1533 suos
705 1507 874 1541 interrogent
889 1506 921 1532 “.
937 1516 945 1532 ι
964 1505 1036 1533 Rur-

251 1559 300 1579 sus
330 1551 453 1578 ostendit
485 1552 718 1586 opportunitatein
744 1553 893 1580 sermonis.
923 1552 1036 1580 «Nolite

256 1598 364 1624 mentiri
384 1598 455 1624 inter
469 1605 518 1624 vos
535 1598 650 1625 iuricein
663 1598 696 1625 ³¹.
716 1608 724 1624 ι
741 1597 803 1625 llaac
817 1606 928 1633 quoque
939 1604 981 1626 est
998 1599 1037 1626 si-

254 1642 328 1668 lentii
360 1643 562 1676 opportunitas.
591 1642 755 1678 «Loquatur
781 1644 922 1671 veritatem
949 1651 1036 1671 unus-

252 1688 367 1721 quis-lue
383 1694 444 1714 cum
464 1688 589 1722 proximo
603 1688 718 1714 suo“.i
752 1688 860 1716 Rursus
890 1688 970 1716 datur
989 1697 1036 1724 po-

255 1736 339 1759 testas
369 1733 508 1767 loquendi.
534 1733 616 1760 Multa
643 1734 724 1760 ctiant
757 1734 914 1769 hujusuiodi
945 1735 1036 1762 allen-ri

254 1781 369 1811 possunt
389 1785 420 1804 ex
433 1778 516 1805 veteri
530 1777 680 1812 Scriptura.
700 1789 709 1804 ι
726 1779 792 1806 Dum
803 1779 966 1806 consisteret
977 1787 1038 1814 pec-

254 1828 331 1850 cator
345 1823 489 1850 adversum
508 1831 560 1856 me,
584 1824 727 1855 obsurdui,
745 1829 772 1851 et
788 1824 949 1852 humiliatus
963 1833 1035 1858 sum,

253 1874 280 1896 et
297 1869 358 1896 silui
376 1877 390 1895 a
410 1869 488 1896 bonis
499 1864 533 1902 δ’,
555 1875 582 1897 et
599 1874 728 1904 tanquam
751 1870 852 1898 surdus
872 1877 926 1897 non
941 1870 1038 1898 audie-

255 1916 326 1947 bam,
342 1919 369 1942 et
387 1920 517 1950 tanquam
529 1920 620 1943 mutus
637 1924 688 1942 nun
704 1917 829 1950 aperiens
839 1924 870 1943 os
887 1924 966 1943 suum
979 1917 1011 1943 ³⁵.
1026 1926 1035 1941 ι

255 1962 346 1988 Mutus
378 1962 405 1988 lit
425 1962 470 1996 qui
498 1963 530 1989 ad
552 1962 695 1989 referenda
713 1963 782 1989 mala
807 1968 848 1989 est
875 1962 1037 1995 immobilis;

255 2008 281 2033 iu
297 2007 398 2040 quibus
418 2011 508 2034 autem
528 2007 658 2034 utendum
675 2011 717 2034 est
738 2014 874 2038 sei-itione,
901 2008 990 2041 aperit
1011 2008 1039 2034 in

257 2052 394 2087 parabolis
409 2060 441 2079 os
453 2060 544 2084 suum,
561 2053 683 2087 loquitur
704 2054 919 2088 propositiones,
943 2054 1039 2088 implet

257 2106 287 2125 os
301 2106 381 2126 suum
399 2098 488 2128 laude.
507 2098 625 2132 linguam
642 2106 718 2124 suam
737 2099 800 2125 facit
817 2099 966 2126 calamum.
985 2098 1038 2125 Sed

256 2152 318 2172 cum
351 2145 406 2171 sint
434 2144 645 2171 innumerabilia
670 2153 731 2179 quae
760 2145 785 2171 iii
813 2144 955 2179 Scriptura
977 2149 1041 2171 sunt

256 2191 390 2225 exempla,
421 2191 485 2225 quid
504 2198 572 2225 opus
588 2196 629 2218 est
651 2191 789 2219 subtiliter
806 2199 887 2225 agere
910 2191 937 2217 in
954 2191 987 2217 iis
1008 2191 1041 2217 de

256 2237 358 2271 quibus
369 2236 494 2264 constat?
505 2236 581 2269 Quod
599 2241 688 2263 autem
704 2237 827 2263 autehcc
845 2237 909 2263 mihi
924 2237 1040 2271 primmn

258 2285 284 2309 in
301 2292 331 2310 os
349 2283 432 2314 venit,
451 2287 543 2316 utpote
559 2282 631 2317 quod
653 2281 760 2309 tacendi
785 2287 812 2309 et
838 2282 966 2316 loquendi
990 2289 1042 2316 0p-

259 2329 412 2362 portunitas
426 2329 572 2355 conveniat
590 2328 826 2362 contemplationi,
844 2335 904 2362 qua:
920 2327 983 2354 data
1001 2331 1043 2354 est

258 2375 292 2402 de
306 2379 418 2408 ruptura
432 2378 458 2401 et
472 2378 580 2404 sutura,
607 2373 634 2399 id
662 2372 724 2399 volo
750 2380 846 2400 rursus
869 2378 995 2403 sumere,
1017 2375 1044 2399 ct

259 2420 354 2454 paucis
369 2420 471 2446 dicere.
486 2418 554 2445 Nam
572 2422 600 2446 et
618 2417 673 2444 illic
688 2425 749 2444 cum
764 2426 824 2452 quae
842 2417 912 2444 male
932 2422 1044 2444 conlra~

260 2466 301 2492 rio
317 2464 482 2495 adhaeserat,
498 2464 615 2490 animam
631 2463 799 2498 abripuisset
823 2464 921 2494 oratio,
935 2463 967 2489 ad
984 2463 1044 2496 ejus

259 2511 330 2544 quod
349 2518 411 2537 vere
425 2514 466 2536 cst
484 2509 612 2536 unionem
633 2516 692 2536 eam
708 2509 820 2536 deduxit
840 2516 887 2543 per
905 2508 1042 2535 adh:esio-

260 2564 332 2586 nent,
358 2554 430 2589 quod
447 2554 556 2587 quidem
585 2554 738 2580 orationctn
758 2553 887 2580 excedit:
904 2561 964 2586 qua:
984 2552 1046 2586 qui-

259 2603 320 2628 dem
335 2601 407 2627 dicta
423 2604 487 2627 sunt
503 2600 528 2626 in
546 2600 589 2626 his
613 2607 674 2634 qum
696 2599 859 2633 praecedunt.
887 2597 936 2624 llic
954 2603 1044 2625 autem

262 2651 407 2682 propterea
429 2646 494 2672 mihi
512 2646 621 2673 videtur
647 2645 731 2679 priori
755 2645 815 2671 loco
841 2645 961 2678 positum
982 2651 1045 2671 esse

262 2698 364 2725 tacere,
386 2682 456 2727 quod
475 2691 541 2718 illud
561 2691 633 2726 quod
657 2699 737 2718 ()Illlle
755 2698 855 2717 nomen
881 2695 994 2724 superat
1018 2695 1044 2717 et

299 2782 321 2797 τ’
342 2780 441 2814 Ephrs.
458 2788 492 2807 Iv.
511 2779 554 2805 29.
595 2779 616 2793 ³⁸⁸
639 2778 644 2803 |
661 2778 796 2814 Coraxw,
809 2778 853 2805 5L

264 2813 371 2848 xxxvii,
386 2815 424 2842 ιι.
463 2815 485 2830 ³³
506 2814 578 2841 l’sal.
597 2820 698 2844 uxr”,
712 2813 754 2839 ιι.

892 2779 910 2794 ³·
934 2778 1081 2810 Col.m,9.

1122 736 1217 771 Ἡμεῖς
1229 736 1257 762 δὲ
1274 735 1341 769 πρὸς
1354 735 1388 761 τὰ
1404 734 1504 769 ἐφεξῆς
1524 733 1570 760 τοῦ
1584 733 1663 767 λόγου
1681 731 1866 767 προέλθωμεν,

1083 780 1116 806 δι’
1133 778 1162 807 οὗ
1179 789 1223 815 μοι
1237 779 1309 806 δοκεῖ
1325 779 1424 814 μᾶλλον
1438 779 1451 804 ὁ
1465 778 1535 805 κατὰ
1548 777 1596 813 τὴν
1612 776 1778 812 ὑψηλοτέραν
1793 776 1868 810 φιλο-

1085 826 1178 860 σοφίαν
1203 825 1351 861 Θεωρηοεὶς
1369 825 1447 859 λόγος
1469 823 1631 855 οἰκειώσεως
1651 822 1719 858 πρὸς
1735 822 1766 848 τὸ
1786 822 1869 857 ῥητὸν

1084 872 1167 906 ἔχειν.
1181 871 1366 906 Προτέτακται
1379 870 1433 905 γὰρ
1445 871 1459 896 ὁ
1469 869 1515 896 τοῦ
1531 869 1608 904 σιγᾷν
1620 862 1723 904 καιρὸς,
1738 868 1785 894 καὶ
1799 867 1869 902 μετὰ

1084 917 1133 952 τὴν
1153 916 1230 951 σιγὴν
1251 916 1334 942 ἔδωκε
1351 915 1396 941 τὸν
1419 914 1466 941 τοῦ
1488 915 1576 948 λέγειν
1595 913 1699 949 καιρόν.
1718 913 1786 939 Πότε
1804 910 1868 943 οὖν,

1085 964 1131 990 καὶ
1155 964 1219 997 περὶ
1244 963 1323 989 τίνων
1345 962 1376 988 τὸ
1393 962 1470 996 σιγᾷν
1496 962 1569 987 ἐστιν
1588 959 1714 994 ἄμεινον;
1734 959 1804 985 εἴποι
1828 966 1869 988 τις

1082 1010 1137 1037 τῶν
1160 1009 1227 1044 πρὸς
1249 1009 1279 1035 τὸ
1295 1007 1360 1044 ἦοος
1380 1008 1532 1043 βλεπόντων
1553 1006 1674 1040 πολλαχῆ
1689 1005 1737 1040 τὴν
1764 1004 1869 1039 σιωπὴν

1084 1054 1336 1090 εὐσχημονεστέραν
1360 1050 1428 1079 εἶναι
1450 1052 1497 1078 τοῦ
1514 1051 1608 1085 λόγου,
1630 1048 1685 1076 οἷον
1704 1049 1794 1080 καθὼς
1809 1049 1869 1075 δια-

1085 1101 1170 1135 κρίνει
1184 1100 1233 1134 τῆς
1248 1098 1351 1133 σιωπῆς
1366 1106 1396 1124 τε
1413 1098 1459 1124 καὶ
1473 1097 1519 1123 τοῦ
1534 1096 1613 1130 λόγου
1630 1096 1679 1131 τὴν
1696 1095 1838 1130 εὐκαιρίαν
1855 1096 1870 1121 ὸ

1085 1145 1200 1177 Παῦλος,
1222 1144 1286 1171 ποτε
1304 1144 1353 1179 μὲν
1368 1142 1520 1177 νομοθετῶν
1535 1142 1565 1168 τὸ
1582 1142 1669 1176 σιγᾷν,
1685 1142 1750 1167 ποτὲ
1765 1141 1792 1167 δὲ
1808 1141 1870 1166 ἐπι-

1084 1189 1190 1225 τρέπων
1205 1189 1235 1215 τὺ
1250 1188 1348 1222 λέγειν·
1369 1197 1378 1213 ι
1394 1188 1450 1218 Πᾶς
1473 1186 1552 1221 λόγος
1567 1186 1671 1222 σαπρὸς
1689 1187 1721 1212 ὲκ
1741 1185 1788 1212 τοῦ
1808 1185 1870 1212 στό-

1086 1244 1169 1270 ματος
1185 1235 1261 1270 ὑμῶν
1281 1234 1318 1269 μὴ
1333 1233 1533 1268 ἐκπορευέσθω.
1548 1242 1557 1258 ι
1577 1229 1660 1263 Οὗτος
1679 1231 1783 1266 σιωπῆς
1797 1232 1811 1257 ὁ
1825 1231 1870 1257 νό-

1086 1288 1149 1316 μος·
1167 1280 1225 1306 ἀλλ’
1237 1280 1264 1306 εἴ
1272 1289 1313 1312 τις
1327 1279 1428 1314 ἀγαθὸς
1442 1279 1510 1313 πρὸς
1522 1278 1663 1313 οἰκοδομὴν
1674 1278 1724 1313 τῆς
1739 1278 1870 1309 πίστεως,

1085 1328 1126 1353 ἵνα
1147 1326 1185 1361 δῷ
1201 1326 1280 1361 χάριν
1298 1327 1354 1357 τοῖς
1371 1325 1516 1352 ἁκούουσιν
1527 1344 1533 1354 ,
1547 1321 1623 1356 οὗτος
1635 1323 1681 1350 τοῦ
1700 1323 1789 1357 λέγειν
1805 1332 1869 1350 και-

1086 1373 1139 1409 ρός·
1159 1383 1168 1398 ‹
1182 1373 1215 1398 Δί
1232 1372 1358 1406 γυναῖκες
1376 1372 1404 1397 ὲν
1422 1372 1481 1402 ταῖς
1498 1370 1655 1405 ἐκκλησίαις
1671 1369 1824 1403 σιγάτωσαν
1835 1377 1842 1383 ·
1857 1377 1869 1395 ι

1088 1417 1167 1444 πάλιν
1178 1417 1262 1443 ἔδωκε
1276 1418 1309 1452 τῇ
1326 1417 1388 1453 σιγῇ
1403 1416 1448 1443 τὸν
1462 1416 1565 1452 καιρόν.
1585 1424 1593 1440 ι
1605 1414 1673 1441 Εἱδέ
1683 1423 1709 1440 τι
1723 1413 1871 1449 μανθάνειν

1087 1463 1206 1489 θέλουσιν
1222 1460 1259 1489 ὧν
1281 1461 1438 1496 ἀγνοοῦσιν,
1463 1462 1491 1488 ὲν
1507 1461 1572 1496 οἴκῳ
1588 1460 1651 1490 τοὺς
1670 1460 1750 1491 ἰδίους
1770 1459 1872 1494 ἄνδρας

1086 1510 1300 1546 ἐπερωτάτωσαν
1309 1516 1315 1522 “
1324 1519 1333 1534 ι
1349 1508 1428 1535 πάλιν
1438 1506 1558 1539 ἐπέδειξε
1569 1506 1616 1532 τοῦ
1627 1506 1706 1540 λόγου
1717 1506 1765 1540 τὴν
1778 1505 1872 1531 εὐκαι-

1087 1555 1158 1591 ρίαν.
1171 1563 1179 1577 ι
1188 1553 1233 1587 Μὴ
1245 1553 1375 1587 ψεύδεσθε
1391 1553 1430 1585 εἰς
1448 1553 1593 1586 ἀλλήλους’
1609 1561 1618 1578 ι
1629 1553 1675 1578 καὶ
1685 1550 1754 1584 αὕτη
1765 1551 1870 1584 σιωπῆς

1086 1599 1210 1635 εὐκαιρία
1226 1609 1235 1624 ι
1248 1598 1369 1625 Λαλείτω
1381 1596 1509 1632 ἀλήθειαν
1526 1597 1639 1628 ἕκαστος
1657 1596 1725 1631 μετὰ
1739 1595 1784 1622 τοῦ
1802 1596 1869 1630 πλη-

1087 1648 1144 1674 σίον
1160 1646 1253 1674 αὐτοῦ’
1269 1656 1278 1672 ι
1298 1645 1378 1673 πάλιν
1391 1646 1407 1680 ἡ
1422 1643 1530 1676 ἐξουσία
1544 1643 1590 1669 τοῦ
1603 1642 1692 1677 λόγου.
1714 1642 1768 1668 Καὶ
1785 1641 1871 1667 πολλὰ

1086 1694 1197 1721 τοιαῦτα
1218 1693 1291 1719 ἐστιν
1312 1692 1399 1718 εἰπεῖν
1416 1691 1464 1717 καὶ
1489 1691 1521 1717 ἐκ
1538 1689 1588 1724 τῆς
1604 1687 1781 1724 ἀρχαιοτέρας
1801 1687 1872 1722 Γρα-

1087 1741 1155 1775 φῆς·
1172 1748 1181 1765 ι
1197 1739 1240 1764 Ἑν
1251 1737 1289 1772 τῷ
1298 1736 1427 1770 συστῆναι
1438 1735 1482 1762 τὸν
1493 1734 1654 1769 ἁμαρτωλὺν
1670 1732 1789 1760 ἐναντίον
1807 1741 1870 1766 μου,

1088 1784 1245 1819 ὲκωφώθην,
1260 1783 1307 1810 καὶ
1320 1781 1513 1816 ὲταπεινώθην,
1527 1781 1573 1807 καὶ
1584 1780 1698 1814 ἐσίγησα
1709 1778 1738 1810 ἐξ
1749 1777 1871 1812 ἀγαθῶν,

1089 1832 1133 1858 καὶ
1149 1830 1215 1856 ὡσεὶ
1236 1829 1326 1863 κωφὸς
1349 1828 1399 1854 οὐκ
1421 1827 1535 1862 ἤκουον»,
1559 1826 1605 1852 καὶ
1629 1825 1694 1851 ὡσεὶ
1710 1824 1806 1855 ἅλαλος
1820 1824 1872 1849 οῦκ

1088 1877 1203 1910 ἀνοίγων
1215 1876 1245 1902 τὸ
1255 1874 1340 1909 στόμα
1352 1872 1444 1900 αὑτοῦ.
1456 1873 1594 1906 »Ἀιρωνος
1605 1871 1707 1905 γίνεται
1716 1870 1730 1896 ὁ
1744 1869 1809 1905 πρὸς
1822 1870 1873 1904 τὴν

1089 1922 1220 1950 ἀντίδοσιν
1233 1920 1280 1946 τοῦ
1294 1918 1379 1946 κακοῦ
1396 1918 1482 1953 μένων
1495 1916 1638 1952 ἀκίνητοςο
1651 1917 1679 1942 ὲν
1694 1913 1733 1947 οἷς
1744 1915 1772 1941 δὲ
1789 1923 1873 1950 προσ‹

1090 1968 1150 2002 ήκει
1162 1965 1200 2001 τῷ
1218 1965 1288 1999 λόγῳ
1305 1963 1472 1999 χρήσασθαι,
1491 1962 1592 1996 ἀνοίγει
1614 1963 1641 1987 ἐν
1661 1961 1828 1996 παραϐολαῖς
1843 1960 1874 1986 τὸ

1091 2013 1194 2047 στόμα,
1211 2011 1359 2045 φθέγγεται
1384 2009 1580 2045 προϐλήματα,
1607 2008 1706 2043 πληροῖ
1731 2007 1761 2033 τὸ
1786 2007 1875 2040 στόμα

1091 2058 1228 2088 αἰνέσεως,
1243 2056 1365 2090 κάλαμον
1382 2055 1453 2081 ποιεῖ
1470 2054 1518 2089 τὴν
1529 2053 1663 2087 γλῶσσαν.
1683 2052 1764 2078 Ἀλλὰ
1777 2052 1804 2077 τί
1820 2051 1874 2086 χρὴ

1093 2103 1195 2138 μυρίων
1224 2102 1308 2128 ὄντων
1330 2101 1358 2127 ὲν
1387 2101 1420 2135 τῇ
1449 2100 1542 2134 Γραφῇ
1567 2098 1620 2125 τῶν
1647 2097 1871 2132 ὑποδειγμάτων,

1092 2148 1265 2183 λεπτουργεῖν
1277 2147 1305 2172 ἐν
1321 2147 1376 2176 τοῖς
1388 2143 1612 2180 ὁμολογουμένοις
1628 2143 1673 2169 τὸν
1684 2142 1778 2176 λόγον;
1796 2143 1828 2168 Ὀ
1847 2141 1876 2167 δέ

1093 2201 1139 2228 μοι
1151 2193 1203 2227 πρὸ
1214 2191 1314 2218 τούτων
1329 2191 1375 2217 ἐπὶ
1384 2190 1445 2216 νοῦν
1461 2188 1552 2224 ἦλθεν,
1569 2189 1607 2220 ὡς
1619 2197 1650 2214 συ
1656 2187 1815 2222 μφωνοὺσης
1826 2187 1876 2222 τῆς

1092 2238 1156 2272 περὶ
1172 2236 1218 2263 τοῦ
1234 2236 1312 2271 σιγᾷν
1331 2235 1378 2261 καὶ
1399 2234 1489 2261 λαλεῖν
1504 2233 1644 2268 εὐκαιρίας
1668 2234 1701 2268 τῇ
1715 2232 1877 2268 ἁποδοθείσῃ

1093 2283 1156 2318 περὶ
1168 2281 1214 2319 τοῦ
1231 2283 1369 2316 ρήγματος
1378 2281 1426 2307 καὶ
1437 2281 1486 2315 τῆς
1496 2279 1583 2316 paea;
1595 2279 1706 2314 θεωρίᾳ,
1721 2278 1801 2305 τοῦτο
1815 2277 1878 2312 βού-

1093 2329 1174 2364 λομαι
1187 2327 1268 2354 πάλιν
1286 2325 1461 2353 ὲπαναλαὸὼν
1471 2346 1478 2358 ,
1491 2326 1524 2352 δι’
1535 2326 1631 2360 ὀλίγων
1643 2326 1739 2351 εἰπεῖν.
1759 2325 1831 2350 Ἐκεῖ
1846 2333 1877 2350 τε

1093 2374 1147 2409 γὰρ
1159 2374 1208 2409 τὴν
1218 2373 1310 2404 κακῶς
1321 2372 1360 2407 τῷ
1372 2372 1484 2407 ἐναντίῳ
1499 2372 1681 2406 προσφυεῖσαν
1693 2371 1781 2405 ψυχὴν
1795 2371 1879 2405 ἀπορ-

1095 2420 1178 2455 ρήξας
1197 2419 1210 2445 ό
1225 2419 1302 2453 λόγος
1316 2420 1354 2450 εἰς
1369 2419 1464 2444 ἕνωσιν
1484 2418 1571 2452 ἤγαγε
1588 2417 1635 2443 τοῦ
1648 2417 1732 2448 ὅντως
1745 2416 1820 2448 ὖντος
1835 2417 1880 2444 διὰ

1093 2466 1142 2500 τῆς
1153 2464 1387 2499 προσκολλήσεως,
1401 2464 1468 2497 ὅπερ
1484 2463 1553 2498 ὑπὲρ
1567 2463 1645 2496 λόγον
1657 2463 1740 2494 ἐστὶν,
1754 2462 1772 2489 ἃ.
1783 2463 1797 2489 ὁ
1813 2471 1880 2496 προ-

1095 2509 1182 2536 λαϐὼν
1192 2509 1315 2536 ἀπέδωκε
1329 2508 1416 2542 λόγος.
1426 2508 1557 2535 Ἐνταῦθα
1568 2517 1597 2534 τε
1608 2509 1650 2534 διὰ
1658 2508 1735 2534 τοῦτό
1751 2516 1794 2543 μοι
1805 2507 1881 2534 δοκεῖ

1094 2554 1125 2580 τὸ
1140 2554 1219 2588 σιγᾷν
1236 2553 1430 2589 προτετάχθαι·
1446 2552 1516 2578 τοῦτ’
1533 2551 1590 2578 ἐστι
1609 2552 1675 2578 διότι
1696 2551 1724 2577 τὺ
1740 2551 1809 2585 ὑπὲρ
1824 2551 1880 2576 πᾶν

1095 2599 1182 2624 ἐκεῖνο
1197 2597 1285 2633 νόημά
1303 2606 1332 2624 τε
1349 2598 1395 2624 καὶ
1408 2597 1507 2632 ὄνομα,
1525 2597 1539 2623 ὃ
1563 2598 1577 2632 ἡ
1592 2596 1639 2623 τοὺ
1656 2596 1740 2623 κακοῗ
1755 2596 1880 2630 ἀπορρα-

1095 2644 1173 2676 γεῐσα
1188 2642 1260 2676 ψυχὴ
1276 2641 1323 2668 καὶ
1340 2641 1415 2676 ζητεῖ
1429 2641 1589 2672 διαπαντὸς,
1612 2640 1660 2667 καὶ
1675 2639 1824 2674 ὲνραφῆναι
1840 2638 1881 2672 τῷ

1096 2689 1232 2724 εὑρεθέντι
1247 2688 1361 2722 ἐφίεται,
1379 2687 1457 2714 τοῦτο
1471 2687 1559 2721 πάσης
1574 2685 1772 2721 ἐρμηνευτικῆς
1788 2683 1881 2718 φωνῆς

1765 2774 1785 2789 ³³
1806 2772 1879 2800 Paul.

1123 2778 1142 2793 ³³
1165 2776 1367 2812 Eplics.iv,'25.
1407 2777 1429 2792 ³³
1450 2775 1520 2804 l‘sal.
1537 2783 1650 2807 nm”,
1670 2775 1725 2802 1-3.
