1989 3070
263 117 310 142 751

902 121 932 147 S.
952 120 1118 152 GllEGQltll
1130 120 1276 148 NYSSENI

1844 123 1892 152 733

263 175 344 203 rubra
361 176 445 211 ﬁgura
458 177 485 203 in
502 176 637 204 inﬁnitam
653 183 766 205 extensa
792 179 1003 214 longitudinem,
1023 185 1049 207 et

1103 180 1148 214 γιᾷ
1164 188 1190 206 τε
1213 180 1258 206 καὶ
1279 180 1424 215 ἁμηχανεῖ,
1447 179 1494 206 καὶ
1515 180 1594 207 πάλιν
1620 181 1686 216 πρὸς
1711 181 1740 209 τὸ
1765 184 1891 216 συγγενὲς

263 229 381 256 superne
404 222 508 249 hahens
529 223 556 248 in
572 223 717 251 altitudine
736 225 802 251 illud
821 226 1050 259 promontorium,

262 266 334 301 quod
357 266 384 293 in
406 267 528 302 projecto
554 269 702 303 supercilio
722 270 748 296 in
763 277 869 297 vastatur
886 271 960 298 cadit
986 279 1051 306 pro-

262 311 436 339 funditatem.
461 313 538 346 Quod
559 322 624 349 ergo
640 321 856 343 consentaneum
881 319 923 344 e’st
942 317 1052 345 evenire

261 359 286 386 ei
297 359 342 393 qui
354 367 461 386 suuqu
475 359 544 394 pede
560 362 647 395 tangit
660 362 734 388 illam
747 363 831 389 veluti
843 363 918 390 dorsi
931 363 1050 398 spinam,

263 412 325 438 qua:
337 404 455 431 declinat
471 405 498 431 in
511 406 686 439 profundum,
701 411 727 434 et
739 415 827 442 neque
842 407 945 435 invertit
957 409 984 434 in
997 415 1052 442 quo

264 449 325 484 ligat
342 450 417 484 pedis
434 459 572 485 gressum,
598 460 686 487 neque
704 454 776 488 quod
795 461 876 480 manu
898 454 1052 488 apprehen-

262 494 325 521 dat:
345 495 396 521 hoc
412 496 538 522 usuvenit
551 496 658 528 animai,
676 505 736 531 quae
750 497 859 524 transiit
875 497 901 523 id
918 505 965 531 per
978 497 1049 531 quo]

263 540 351 567 inccdi
368 545 456 575 potest
471 542 498 569 in
513 542 546 569 iis
558 551 617 577 qua:
629 543 826 578 disjnnguntur
845 543 1050 570 intervallorum

263 587 372 620 spatiis,
389 586 416 613 in
428 587 574 621 qua‘rendo
591 592 715 614 naturam
728 596 788 623 qua:
802 594 844 615 est
860 592 923 615 ante
938 588 1049 619 smcula,

262 638 288 659 et
307 641 388 667 quam
414 634 488 660 nulla
515 635 665 661 metiuntur
693 635 846 665 intervalla.
870 639 897 661 ul
916 642 1051 669 quaecum

263 679 331 705 nihil
349 679 447 706 haheat
473 680 546 714 quod
561 680 758 715 apprehendat,
785 688 838 707 non
866 681 967 711 locum,
996 687 1050 706 non

264 731 382 760 tempus,
393 734 446 753 non
459 734 627 758 mensuram,
638 734 692 753 non
704 726 805 760 aliquid
819 725 893 752 aliud
904 725 1050 760 ejusmodi.

264 776 366 798 nostrze
391 772 567 805 cogitationis
586 781 640 799 non
668 772 784 806 suscipit
806 772 973 806 ingressum:
1002 771 1051 798 sed

264 817 385 851 titulique
402 817 525 845 dilabens
541 819 574 845 ab
598 819 629 845 iis
644 827 704 853 qua:
718 826 771 845 non
797 822 910 852 possunt
926 825 1051 851 compre-

265 863 357 892 hendi.
375 864 474 898 caligat
490 869 515 890 et
533 868 574 891 est
592 865 721 898 perplexa
740 868 766 891 et
777 864 946 897 perturbata,
975 868 1001 890 et
1023 870 1052 890 se

264 917 361 936 rursus
375 911 510 936 convertit
528 911 560 936 ad
585 910 611 936 id
627 911 699 945 quod
716 916 758 937 est
775 911 800 937 ei
822 917 920 945 genere
937 909 1053 943 conjun-

263 958 349 985 ctum,
367 955 435 980 satis
451 954 555 981 habens
570 954 593 981 si
613 954 646 981 de
665 962 698 982 eo
714 955 787 989 quod
803 959 844 981 est
861 962 944 988 super
960 954 1052 981 omnia

264 999 315 1025 hoc
334 999 421 1026 solum
442 1005 601 1034 cognoscat,
619 1001 691 1035 quod
711 1008 872 1035 persuasum
895 990 1004 1033 habeat,
1026 1001 1051 1028 id

261 1045 430 1080 essealiquid
439 1046 511 1072 aliud
525 1054 538 1072 a
551 1051 647 1073 natura
660 1054 755 1073 eorum
767 1055 827 1082 quae
838 1053 1051 1081 cognoscuntur.

262 1089 409 1124 Propterea
422 1091 533 1125 quando
549 1092 654 1119 venerit
668 1092 738 1119 ratio
750 1097 777 1119 et
793 1093 882 1119 oratio
896 1092 929 1119 ad
945 1101 976 1120 ea
992 1101 1053 1127 qua:

263 1137 397 1163 rationem
420 1141 561 1171 superant,
588 1145 639 1164 nec
654 1138 745 1165 verbis
771 1143 887 1172 poswut
911 1139 1053 1173 explicari,

263 1185 329 1208 tunc
341 1187 383 1209 est
399 1186 507 1217 tempus
521 1184 637 1216 tacendi,
652 1188 678 1210 et
694 1183 839 1211 ineffabilia
861 1185 934 1212 illius
949 1189 1055 1212 naturae

263 1227 494 1262 inexplicabilitas
521 1229 603 1256 habet
631 1229 794 1256 miraculum
819 1230 845 1256 in
862 1237 964 1256 arcano
987 1237 1054 1256 con-

263 1273 395 1303 scientiae.
414 1274 484 1308 apud
501 1282 563 1300 eum
582 1275 627 1308 qui
645 1274 707 1306 scit,
725 1274 796 1308 quod
808 1274 889 1301 etiam
903 1274 953 1301 \‘iri
965 1275 1054 1310 magni

263 1318 296 1345 de
305 1317 352 1345 Dei
362 1320 501 1353 operibus,
509 1324 536 1346 et
547 1319 641 1346 nonde
650 1319 703 1346 Ι)υο
714 1321 905 1354 loquebantur,
915 1320 1053 1347 dicentes:

266 1362 349 1396 (Quis
366 1364 493 1398 loquetur
509 1364 646 1398 potentias
665 1364 772 1391 Domini
782 1364 821 1393 '3‘?
833 1373 841 1388 ι
856 1369 893 1395 cl.
908 1374 916 1389 ι
932 1364 1055 1392 Narrabo

263 1409 354 1435 omnia
367 1417 448 1443 opera
468 1410 542 1436 tua”
558 1419 564 1436 :
583 1413 639 1439 iet.
658 1419 666 1434 ι
681 1409 824 1436 Geueratio
836 1409 955 1436 laudabit
972 1417 1054 1444 opera

264 1455 433 1482 triennii-aee
443 1456 536 1482 dicunt
551 1459 577 1482 ct
589 1455 662 1482 deiis
672 1455 859 1486 disserunt,et
872 1455 931 1482 voci
948 1456 1055 1490 permit-

265 1503 336 1532 tunt,
348 1501 420 1526 utab
428 1508 459 1526 ea
468 1499 692 1534 referanturquae
708 1500 777 1526 t'acla
794 1503 869 1526 sunt.
881 1499 932 1526 Sed
946 1501 1055 1534 quando

264 1545 298 1570 de
315 1552 346 1571 eo
358 1545 448 1578 agitur
462 1544 535 1579 quod
547 1549 658 1578 superat
670 1551 778 1570 onmem
792 1544 890 1571 mentis
902 1544 1056 1578 conceptio-

265 1597 338 1620 nem,
353 1597 400 1624 per
409 1597 441 1617 ea
454 1598 513 1625 quae
525 1590 631 1622 dicunt,
647 1589 680 1616 de
691 1589 800 1617 silentio
811 1593 904 1624 aperte
915 1589 999 1624 legem
1018 1589 1056 1616 le-

264 1639 338 1663 runt.
351 1635 450 1662 Dicunt
464 1635 774 1670 enimzblaguiﬁcentiaa,
787 1636 891 1670 gloriae,
901 1637 1055 1663 sanctitatis

264 1683 324 1718 ejus
342 1691 396 1710 non
413 1689 454 1710 est
475 1683 547 1710 linis.
564 1682 586 1710 Ο
607 1683 785 1710 miraculum!
803 1683 945 1716 Quomodo
966 1685 1056 1711 timuit

264 1730 351 1757 oratio
368 1732 496 1757 accedere
509 1729 542 1756 ad
557 1730 670 1765 gloriam
689 1730 772 1756 divini
790 1730 924 1760 miraculi.
944 1731 1011 1757 adeo
1026 1737 1055 1758 ut

265 1783 352 1809 neque
364 1775 480 1810 alicujus
488 1784 582 1803 eorum
592 1784 651 1810 qua:
663 1776 872 1803 considerantur
883 1777 1055 1804 extrinsecus

264 1822 503 1856 comprehenderit
525 1822 709 1849 miraculum?
729 1822 787 1848 Non
803 1823 876 1849 enim
895 1821 963 1849 dixit
982 1830 988 1848 :
1007 1822 1053 1849 Dei

265 1867 392 1894 essentne
405 1875 458 1894 non
473 1872 515 1895 est
527 1868 598 1900 linis;
611 1867 769 1894 nimiazesse
782 1867 902 1894 audacia:
917 1867 1053 1902 judicans,

265 1915 308 1942 vel
325 1915 358 1942 de
373 1922 406 1942 eo
420 1915 551 1952 cogitare;
569 1915 617 1942 sed
634 1922 694 1949 quae
709 1915 736 1940 in
752 1914 838 1949 gloria
850 1915 1053 1947 consideratur,

266 1959 359 1987 verbis
372 1960 488 1986 miratur
504 1959 747 1994 niaguilicentiam.
761 1957 871 1985 Rursus
886 1953 949 1986 vero
966 1967 1055 1993 neque

266 2005 356 2040 ipsius
372 2005 466 2040 gloriae
478 2003 573 2031 videre
593 2005 681 2038 potuit
695 2004 846 2031 essentiam
860 2012 868 2031 :
889 2004 937 2030 scd
959 2004 1054 2031 obstu-

267 2051 327 2085 puit
341 2058 404 2077 cum
431 2050 640 2077 considerasset
662 2050 777 2085 gloriam
799 2049 866 2084 ejus.
885 2050 1052 2078 sanctitatis.

266 2096 404 2129 Quantum
417 2095 585 2131 ergo‘abiuit
602 2100 629 2122 ut
644 2096 754 2122 curiose
770 2099 914 2130 quaereret,
929 2103 1052 2130 quaenam

267 2143 303 2169 sit
317 2146 425 2173 natura,
447 2142 493 2176 qui
514 2142 639 2168 ultimum
655 2148 749 2167 eorum
765 2148 825 2176 quae
850 2145 981 2175 apparent
998 2148 1052 2168 non

1103 226 1305 261 ἐπιστρέφεται,
1323 225 1458 259 ἀγαπῶσα
1476 226 1601 253 τοσοῦτον
1619 228 1698 261 μόνον
1711 227 1812 260 γνῶναι
1830 229 1892 264 περὶ

1101 273 1148 298 τοῦ
1161 273 1369 308 ὑπερκειμένου,
1383 274 1445 300 ὅσον
1460 273 1614 308 πεισθῆναι,
1632 275 1673 301 ὅτι
1696 275 1760 302 ἄλλο
1781 285 1804 302 τι
1819 279 1891 312 παρὰ

1101 318 1149 354 τὴν
1166 318 1219 346 τῶν
1235 319 1444 354 γινωσκομένων
1466 319 1546 354 φύσιν
1569 321 1639 347 ἐστί.
1661 321 1711 347 Διὰ
1736 321 1814 348 τοῦτο
1829 322 1890 350 ὅταν

1102 364 1166 400 ἔλθῃ
1180 366 1218 396 εἰς
1233 365 1266 391 τὰ
1283 365 1353 401 ὑπὲρ
1370 364 1447 399 λόγον
1461 366 1475 391 ὁ
1494 365 1582 400 λόγος,
1599 366 1703 400 γίνεται
1725 368 1785 394 τότε
1801 369 1890 403 καιρὸς

1101 410 1147 436 τοῦ
1166 411 1253 445 σιγᾷν,
1269 411 1314 437 καὶ
1339 410 1388 445 τῆς
1410 411 1550 445 ἁφρὰστου
1571 411 1677 446 ἐκείνης
1694 412 1834 448 δυνάμεως
1848 414 1891 440 ἀν-

1102 458 1267 491 ερμήνευτον
1280 457 1308 483 ἐν
1321 456 1359 491 τῷ
1375 457 1522 493 ἁπορῤήτῳ
1538 458 1588 492 τῆς
1604 459 1779 494 συνειδήσεως
1796 459 1851 494 ἔχει
1863 460 1891 485 τὸ

1102 501 1202 536 θαῦμα,
1217 502 1305 528 εἰδότα
1321 503 1360 528 ὅτι
1378 503 1424 528 καὶ¹
1440 503 1464 529 ot
1483 503 1593 537 μεγάλοι
1610 504 1644 530 τὰ
1670 505 1739 539 ἔργα
1763 505 1809 531 τοῦ
1826 505 1890 531 Θεοῦ

1102 548 1147 574 καὶ
1160 548 1189 574 οὐ
1204 548 1247 574 τὸν
1263 548 1328 574 Θεὸν
1344 548 1464 580 ἐλάλουν,
1479 548 1616 583 λέγοντες·
1638 561 1646 575 ι
1659 551 1706 582 Τίς
1720 551 1830 585 λαλήσει
1843 551 1890 582 τὰς

1101 592 1258 624 δυναστείας
1267 593 1313 619 τοῦ
1323 594 1424 629 Κυρίου
1436 602 1443 626 ;
1461 604 1470 620 ι
1488 595 1543 626 καὶ,
1560 604 1569 620 ε
1579 596 1747 631 Διηγήσομαι
1759 597 1846 623 πάντα
1860 598 1891 623 τὰ

1101 637 1169 673 ἔργα
1185 647 1231 664 σου
1240 647 1247 654 ·
1258 648 1266 664 ι
1278 639 1335 671 καὶ,
1347 649 1356 665 ι
1366 640 1449 666 Γενεὰ
1464 641 1601 667 ἐπαινέσει
1614 641 1648 667 τὰ
1659 642 1726 677 ἔργα
1738 650 1810 668 σου.ι
1823 642 1892 668 Λύτᾶ

1101 683 1208 710 λαλοῦσι
1226 685 1273 711 καὶ
1294 685 1359 718 περὶ
1376 685 1478 712 τούτων
1497 685 1689 721 διεξέρχονται,
1706 687 1752 714 καὶ
1770 687 1819 723 τὴν
1838 688 1903 719 τῶν,

1101 729 1250 764 γεγονότων
1290 729 1463 765 ὲξαγόρευσιν
1498 732 1530 766 τῇ
1565 732 1640 766 φωνῇ
1677 732 1868 767 ἐπιτρέπουσιν
1882 743 1888 749 ι

1101 775 1164 801 ὅταν
1178 774 1206 800 δὲ
1224 775 1287 810 περὶ
1309 775 1391 802 αὑτοῦ
1412 775 1458 801 τοῦ
1479 776 1665 812 ὑπερεπῶτος
1680 777 1769 813 πάσης
1789 778 1890 810 ἐννοίας

1101 821 1116 845 ὁ
1132 819 1219 854 λόγος,
1244 820 1350 855 σιωπὴν
1374 821 1511 856 ἄντικρυς,
1533 821 1566 848 δι’
1582 819 1620 848 ὧν
1641 822 1760 856 λέγουσι,
1783 824 1891 859 νομοθε-

1102 865 1188 892 τοῦσι.
1205 866 1321 899 Λέγουσι
1333 865 1387 902 γὰρ
1402 867 1441 893 ὅτι
1459 867 1508 902 τῆς
1531 867 1775 903 μεγαλοπρεπείας,
1789 870 1838 904 τῆς
1852 870 1892 896 δό-

1104 907 1162 943 ξης,
1177 908 1228 942 τῆς
1244 908 1399 943 ἁγιωσύνης
1417 909 1510 942 αὑτοῦ,
1534 909 1582 935 οὐκ
1603 910 1659 936 ἔστι
1680 911 1777 946 πέρας.
1793 912 1825 937 Ὢ
1847 912 1892 938 τοῦ

1103 953 1254 988 θαύματοςί
1271 954 1329 986 πῶς
1343 954 1463 990 ἐφοϐήθη
1479 955 1512 990 τῇ
1524 955 1570 981 τοῦ
1585 955 1656 982 θείου
1677 955 1814 990 θαύματος
1829 957 1890 992 δόξῃ

1103 999 1283 1034 προσεγγίσαι
1307 1000 1322 1025 ὁ
1341 998 1428 1032 λόγος,
1453 999 1523 1025 ὥστε
1547 1000 1607 1026 οὐδὲ
1627 1000 1680 1026 τῶν
1706 1000 1803 1032 ἔξωθέν
1823 1010 1892 1033 τινος

1104 1043 1297 1079 θεωρουμένων
1309 1044 1337 1070 τὸ
1351 1044 1442 1079 θαῦμα
1463 1045 1624 1078 κατέλαϐεν;
1638 1046 1675 1072 Οὺ
1694 1046 1750 1081 γὰρ
1765 1044 1841 1073 εἶπεν
1854 1048 1893 1073 ὅτι

1103 1091 1152 1125 τῆς
1165 1089 1258 1121 οὐσίας
1272 1089 1318 1116 τοῦ
1333 1090 1400 1116 θεοῦ
1422 1090 1508 1125 πέρας
1531 1091 1580 1117 οὐκ
1599 1091 1666 1121 ἐστι,
1682 1091 1817 1127 τολμηρὸν
1835 1093 1893 1128 κρί-

1104 1144 1157 1162 νων
1173 1135 1240 1166 ὃλως
1254 1135 1284 1161 τὸ
1300 1136 1340 1166 εἰς
1355 1135 1458 1162 ἔννοιαν
1472 1135 1549 1162 τοῦτο
1567 1136 1668 1168 λαϐεῖν,
1686 1134 1754 1163 ἄλλα
1774 1138 1822 1172 τὴν
1838 1138 1894 1164 ἐπι-

1105 1181 1294 1217 θεωρυυμένην
1314 1182 1347 1216 τῇ
1366 1181 1428 1216 δόξῃ
1454 1182 1689 1217 μεγαλοπρέπειαν
1711 1183 1844 1218 θαυμάζει
1858 1184 1894 1218 τῷ

1104 1227 1183 1262 λόγῳ.
1199 1227 1283 1254 Πάλιν
1296 1227 1323 1253 δὲ
1337 1227 1398 1254 οὐδὲ
1411 1228 1497 1261 αὐτῆς
1513 1229 1563 1262 τῆς
1574 1229 1653 1264 δόξης
1665 1229 1713 1264 τὴν
1724 1230 1817 1256 οὐσίαν
1832 1231 1895 1257 ἰδεῖν

1105 1273 1241 1309 ἠδυνήθη·
1261 1273 1328 1299 ἀλλὰ
1346 1273 1396 1308 τῆς
1414 1274 1569 1308 ἁγιωσύνης
1591 1275 1672 1301 αὑτοῦ
1688 1276 1737 1310 τὴν
1754 1275 1830 1307 δόξαν
1854 1277 1895 1309 ἐξ·

1105 1318 1212 1353 επλάγη
1238 1319 1418 1354 κατανοήσας.
1435 1320 1520 1346 Πόσον
1542 1320 1629 1346 τοίνυν
1653 1321 1755 1356 ἀπέσχε
1777 1322 1824 1349 τοῦ
1847 1322 1896 1358 τὴν

1106 1363 1195 1397 φύσιν,
1211 1364 1271 1398 ἥτις
1289 1365 1358 1395 ἐστὶ,
1373 1365 1616 1400 περιεργὰσασοαι,
1637 1367 1665 1398 ὃς
1679 1375 1711 1401 γε
1735 1367 1766 1393 τὸ
1784 1367 1897 1402 ἔσχατον

1105 1409 1159 1436 τῶν
1189 1411 1412 1445 προφαινομένων
1431 1406 1576 1446 ’θαυμάσαι
1603 1413 1653 1439 οὐκ
1679 1413 1802 1448 ῖσχυσεν;
1829 1413 1896 1441 Θῦτε

1105 1455 1160 1491 γὰρ
1180 1456 1229 1491 τὴν
1250 1456 1404 1492 ἁγιωσύνην
1420 1457 1502 1484 auito-3
1526 1457 1688 1493 ἐθαύμασεν,
1711 1458 1771 1485 οὔτε
1788 1460 1837 1494 τὴν
1855 1459 1897 1486 δό-

1107 1500 1154 1532 ξαν
1167 1501 1217 1535 τῆς
1233 1500 1398 1536 ἁγιωσύνης,
1414 1501 1482 1528 ἀλλὰ
1501 1502 1550 1538 τὴν
1566 1503 1800 1538 μεγαλοπρέπειαν
1815 1505 1897 1538 μόνην

1106 1544 1155 1578 τῆς
1171 1543 1250 1578 δόξης
1263 1545 1312 1580 τῆς
1329 1545 1482 1581 ἁγιωσύνης
1504 1546 1643 1581 Θαυμάσαι
1659 1548 1834 1583 προθέμενος,
1852 1551 1897 1575 καὶ

1105 1590 1169 1626 περὶ
1181 1590 1211 1616 τὸ
1226 1591 1325 1626 ταύτης
1345 1591 1437 1626 θαῦμα
1461 1593 1602 1628 ὴτόνησεν.
1623 1594 1660 1620 Οὐ
1679 1594 1733 1629 γὰρ
1744 1595 1849 1622 διέλαϐε
1863 1597 1895 1630 τῇ

1104 1634 1208 1670 διανοίᾳ
1222 1635 1268 1662 τοῦ
1284 1636 1491 1671 θαυμαζομένου
1511 1638 1542 1664 τὸ
1565 1639 1659 1674 πέρας.
1681 1640 1726 1666 Διό
1746 1648 1823 1676 φησι⁴
1841 1641 1897 1675 Τῆς

1104 1679 1191 1715 δόξης,
1217 1681 1266 1715 τῆς
1293 1682 1538 1717 μεγαλοπρεπείας,
1560 1683 1611 1718 τῆς
1637 1685 1790 1720 ἁγιωσύνης
1813 1685 1895 1712 αὐτοῦ

1104 1728 1153 1753 οὐκ
1173 1727 1246 1754 ἐστιν
1272 1728 1366 1762 πέρας.
1383 1728 1485 1755 Οὐκοῦν
1505 1730 1534 1755 ὲν
1551 1731 1607 1761 τοῖς
1627 1730 1692 1764 περὶ
1710 1731 1777 1758 Θεοῦ
1796 1732 1895 1765 λόγοις,

1104 1773 1167 1799 ὅταν
1184 1773 1232 1808 μὲν
1255 1773 1318 1808 περὶ
1345 1768 1394 1808 τῆς
1415 1774 1536 1810 οὐσίαςὴ
1552 1776 1664 1811 ζήτησις
1683 1777 1722 1815 ᾗ.
1741 1777 1836 1812 καιρὸς
1849 1778 1896 1804 τσῦ

1105 1819 1197 1854 σιγᾷν·
1215 1819 1278 1845 ὅταν
1295 1819 1322 1845 δὲ
1340 1820 1402 1855 περί
1428 1829 1499 1852 τινος
1523 1821 1628 1856 ἀγαθῆς
1651 1822 1799 1857 ¹ἐνεργείας,
1820 1821 1855 1858 ἧς
1878 1824 1894 1857 ἡ

1104 1864 1204 1898 γνῶσις
1218 1865 1265 1891 καὶ
1282 1866 1378 1901 μέχρις
1392 1866 1469 1900 ἡμῶν
1484 1867 1652 1899 καταϐαίνει,
1670 1868 1728 1895 τότε
1743 1869 1831 1895 λαλεῖν
1847 1869 1897 1901 τὰς

1104 1909 1271 1942 δυναστείας,
1285 1910 1456 1945 ἐξαγγέλλειν
1475 1914 1509 1939 τὰ
1529 1913 1671 1949 θαύματα,
1691 1915 1842 1950 διηγεῖσθαι
1862 1917 1897 1943 τὰ

1104 1955 1183 1992 ἔργα,
1198 1956 1293 1991 μέχρις
1306 1957 1401 1983 τούτου
1420 1958 1570 1993 κεχρῆσθαι
1583 1959 1622 1994 τῷ
1636 1960 1717 1996 λόγῳ.
1741 1961 1783 1988 Ἐν
1797 1962 1824 1988 δὲ
1840 1964 1896 1994 τοῖς

1104 2002 1175 2037 ὑπὲρ
1185 2002 1314 2029 ἐπέκεινα
1326 2003 1362 2037 μὴ
1377 2003 1479 2037 ἐφιέναι
1491 2005 1523 2039 τῇ
1538 2005 1626 2031 κτίσει
1642 2005 1705 2037 τοὺς
1725 2006 1805 2038 ἰδίους
1817 2007 1897 2042 ὄρους

1104 2047 1248 2079 ἐκϐαίνειν,
1264 2048 1319 2074 ἀλλ’
1337 2048 1445 2084 ἀγαπᾷν
1462 2050 1486 2075 εἰ
1500 2050 1599 2085 ἑαυτὴν
1614 2050 1681 2085 εἰδῇ.
1699 2051 1731 2078 Εἰ
1749 2051 1825 2078 οὔπω
1841 2053 1896 2088 γὰρ

1104 2093 1184 2129 ἔγνω,
1200 2094 1270 2121 κατά
1284 2103 1315 2128 γε
1335 2094 1379 2120 τὸν
1397 2095 1529 2131 ἡμέτερον
1548 2095 1636 2130 λόγον,
1655 2097 1753 2132 ἑαυτὴν
1768 2099 1783 2132 ὴ
1798 2098 1895 2130 κτίσις,

1104 2139 1162 2166 οὐδὲ
1179 2140 1326 2167 κατέλαϐεν
1338 2140 1382 2167 οἵα
1396 2141 1446 2176 τῆς
1462 2141 1550 2177 ψυχῆς
1567 2142 1583 2177 ὴ
1598 2142 1691 2174 οὐσία,
1710 2143 1757 2170 τοῦ
1773 2144 1895 2179 σώματος
1908 2136 1912 2140 ⁵

267 2188 355 2223 potuit
368 2188 499 2215 admirari
513 2187 519 2213 !
532 2186 624 2221 Neque
637 2186 710 2213 enim
733 2186 793 2221 ejus
810 2187 985 2214 sanctitatem
1009 2191 1049 2214 est

1105 2187 1121 2221 ἡ
1138 2185 1227 2220 φύσις,
1243 2186 1324 2213 πόθεν
1338 2187 1371 2213 τὰ
1388 2187 1461 2218 ὄντα,
1479 2188 1559 2214 πόθεν
1583 2188 1611 2221 ἐξ
1628 2189 1749 2224 ἀλλήλων
1763 2190 1895 2224 γενέσεις.

266 2233 428 2265 admiratus,
457 2241 545 2267 neque
572 2232 687 2267 gloriati)
717 2231 884 2264 sanctitatis,
913 2231 960 2259 sed
989 2239 1051 2259 cum

267 2279 424 2307 sanctitatis
434 2278 520 2305 solam
532 2275 583 2304 sibi
592 2278 777 2311 proposuisset
787 2276 914 2303 admirari
927 2278 1053 2313 magniﬁ-

266 2325 397 2356 centiam,
415 2324 497 2351 etiam
520 2323 553 2350 ad
571 2331 631 2350 eam
651 2323 842 2350 admirandam
856 2324 928 2352 vires
945 2324 1054 2352 luerunt

266 2370 420 2397 imbecillas.
431 2370 490 2396 Non
501 2369 572 2396 enim
582 2369 790 2404 comprehendit
799 2369 964 2404 cogitatione
973 2370 1052 2398 linem

265 2414 326 2450 ejus
338 2415 411 2450 quod
424 2415 583 2442 admiratur.
605 2414 675 2442 Dicit
694 2415 917 2450 itaquezGlorize,
930 2416 1054 2451 magniﬁ-

265 2462 374 2494 centiae,
385 2461 542 2489 sanctitatis
553 2461 612 2495 ejus
627 2469 679 2488 non
691 2465 732 2488 est
747 2461 818 2488 linis.
829 2462 857 2488 lu
872 2461 905 2488 iis
916 2469 980 2497 ergo
993 2470 1054 2496 qua:

266 2507 299 2534 de
316 2506 370 2534 Deo
386 2505 526 2538 dicuntur.
550 2506 662 2541 quando
684 2506 817 2541 qua-ritur
832 2506 942 2540 quidem
960 2507 994 2534 de
1010 2514 1054 2534 es-

266 2552 364 2585 sentia,
381 2557 424 2580 est
440 2558 546 2588 tempus
563 2553 681 2581 tacendi.
697 2553 811 2586 Quando
827 2557 918 2579 autent
932 2553 965 2580 de
982 2553 1052 2580 bona

1105 2231 1162 2263 πῶς
1181 2232 1210 2257 τὺ
1231 2232 1267 2267 μὴ
1285 2231 1314 2258 ὃν
1335 2232 1481 2263 οὑσιοῦται,
1503 2233 1562 2264 πῶς
1582 2233 1613 2260 τὸ
1636 2233 1666 2259 ὃν
1687 2235 1726 2266 εἰς
1746 2233 1777 2260 τὸ
1805 2235 1842 2269 μὴ
1865 2234 1897 2260 ὃν

1105 2277 1259 2308 ἀναλύεται,
1279 2278 1320 2309 τίς
1343 2278 1360 2312 ἡ
1385 2278 1417 2304 ὲκ
1438 2277 1491 2304 τῶν
1507 2279 1633 2305 ἐναντίων
1648 2279 1718 2305 κατὰ
1734 2279 1780 2306 τὺν
1797 2279 1898 2313 κόσμον

1104 2323 1196 2349 τοῦτον
1215 2323 1390 2358 εὐαρμοστία·
1414 2324 1438 2350 εἰ
1460 2324 1559 2359 ἑαυτὴν
1577 2326 1594 2360 ἡ
1612 2325 1699 2356 κτίσις
1713 2325 1763 2351 οὐκ
1783 2323 1847 2357 οἶδε,
1864 2326 1899 2351 τὰ

1105 2368 1173 2403 ὑπὲρ
1196 2368 1294 2403 ἑαυτὴν
1312 2367 1370 2399 πῶς
1398 2368 1576 2403 διηγήσεται;
1602 2369 1705 2396 οὐκοῦν
1733 2370 1826 2404 καιρὸς
1850 2370 1900 2396 τοῦ

1107 2414 1192 2440 ταῦτα
1205 2414 1296 2448 σιγᾷψ
1317 2414 1446 2449 κρείττων
1461 2414 1514 2449 γὰρ
1529 2414 1557 2440 ἐν
1570 2414 1673 2446 τούτοις
1686 2415 1702 2450 ἠ
1719 2415 1816 2449 σιωπή.
1830 2415 1900 2440 Και-

1109 2460 1153 2495 ρὸς
1168 2460 1195 2486 δὲ
1211 2459 1257 2485 τοῦ
1272 2459 1372 2491 λαλεῖν,
1391 2459 1424 2485 δι’
1445 2455 1482 2486 ὧν
1505 2460 1519 2486 ὁ
1543 2459 1598 2494 βίος
1615 2459 1693 2495 ἡμῶν
1715 2460 1781 2495 πρὸς
1796 2461 1901 2496 ἀρετὴν

1107 2506 1269 2538 ἐπιδίδωσιν,
1288 2506 1316 2531 ἐν
1334 2505 1443 2541 Χριστῷ
1462 2505 1548 2540 Ἰησοῦ
1565 2506 1604 2541 τῷ
1627 2506 1721 2541 Κυρίῳ
1742 2506 1830 2541 ἡμῶν,
1885 2508 1902 2540 ἡ

1105 2553 1167 2585 δόξα
1178 2553 1224 2579 καὶ
1232 2552 1261 2578 τὸ
1271 2552 1370 2586 κράτος
1380 2552 1418 2583 είς
1429 2552 1491 2583 τοὺς
1501 2552 1601 2584 αἰῶνας
1608 2552 1662 2578 τῶν
1674 2551 1787 2578 αἰώνων,
1798 2551 1902 2586 Ἀμήν.

266 2600 356 2634 aliqua
384 2599 554 2634 operatione,
575 2599 655 2634 cujus
675 2600 796 2635 cognitio
819 2598 853 2626 ad
875 2606 925 2626 nos
953 2607 1040 2634 usque
1057 2599 1210 2637 descendit,
1233 2602 1299 2624 tunc
1328 2604 1436 2632 tempus
1463 2603 1505 2625 est
1529 2598 1657 2632 loquendi
1683 2597 1830 2632 potentias.
1851 2606 1904 2623 an—

267 2644 409 2671 nuntiaudi
438 2644 585 2678 miracula,
619 2644 748 2672 narrandi
779 2651 878 2678 opera,
912 2644 1045 2672 hactenus
1066 2644 1160 2672 utendi
1183 2650 1319 2671 sermone.
1346 2641 1374 2669 lu
1410 2642 1444 2670 iis
1473 2648 1564 2670 autem
1599 2651 1660 2678 qum
1682 2643 1726 2670 illa
1754 2647 1902 2686 superant,

267 2700 321 2720 non
345 2696 388 2720 est
406 2693 615 2727 permittendum
634 2696 768 2719 creaturae
788 2695 817 2718 ut
856 2699 921 2718 suos
958 2692 1090 2720 terminos
1110 2695 1231 2726 superet,
1260 2689 1307 2717 sed
1335 2690 1359 2717 ci
1382 2689 1461 2717 debet
1487 2689 1611 2717 sullicere
1633 2690 1656 2717 si
1677 2689 1795 2724 seipsam
1812 2689 1902 2726 norit_

266 2737 333 2764 Nam
356 2737 378 2764 si
403 2737 523 2764 nomium
542 2739 672 2771 seipsam,
703 2742 733 2763 ut
758 2743 849 2764 nostra
875 2737 984 2772 quidem
1004 2737 1055 2764 [ιϊι
1076 2737 1178 2772 opinio,
1202 2735 1277 2764 norit
1308 2739 1446 2766 creatura.
1483 2742 1571 2770 neque
1586 2734 1794 2770 comprehendit
1808 2734 1903 2769 qualii

303 2829 325 2846 "
339 2828 412 2857 Psal.
429 2838 471 2862 (1r,
488 2830 515 2856 *3.
551 2831 572 2846 ³⁷
595 2829 665 2857 l‘sal.
683 2838 720 2863 ix,
738 2830 764 2856 2.
805 2831 825 2845 "“
837 2829 909 2857 l’sal.
925 2838 1012 2861 cum
1026 2829 1051 2856 4.
