1989 3070
269 138 320 165 755'

888 147 917 174 S.
930 146 1091 175 CltEGOllll
1107 146 1252 175 NYSSENI

1853 146 1904 172 736

269 195 395 226 materia,
412 195 470 222 sive
483 196 510 223 in
526 197 658 226 animatis
673 201 849 234 spectaculis.
867 201 979 229 Auditui
998 204 1054 237 pul-

1111 203 1173 240 ΰλῃ,
1189 205 1243 231 εἴτε
1259 204 1288 230 ἐν
1302 204 1357 234 τοῖς
1375 202 1506 238 ἐμψύχοις
1523 202 1652 238 θεάμασι.
1669 201 1758 229 Καλὸν
1777 203 1808 238 τῇ
1832 203 1901 238 ἀκοῇ

269 240 334 267 citra
360 249 404 268 res
423 247 464 269 est
489 242 618 270 melodia.
639 245 667 271 ln
692 247 839 281 saporibus
859 256 969 283 quoque
989 254 1016 277 et
1033 250 1060 277 in

268 286 400 313 odoribus
426 288 562 322 ejusmodi
584 290 687 317 bonum
717 299 749 318 ac
773 293 919 327 pulchrum
944 295 1060 328 delinit,

269 331 336 358 illud
353 332 463 366 quidem
485 339 592 368 gustus.
612 335 664 362 hoc
681 345 746 364 vero
769 338 911 366 odoratus.
931 339 1059 368 Omniutn

268 381 358 404 autem
377 380 585 413 gravissimum,
603 387 630 408 et
645 389 660 408 a
675 384 781 411 ratione
799 385 1000 413 alienissitnum
1017 392 1060 415 est

268 426 370 454 tactus,
389 431 434 458 per
448 432 529 459 quem
546 425 734 461 intemperans
749 429 886 463 voluptas,
901 431 928 457 in
941 439 973 458 eo
985 433 1059 466 quod

268 468 413 502 pulchrum
433 475 476 497 est
493 471 683 505 dijudicando,
711 475 814 508 primas
835 477 906 510 apud
929 482 1057 505 naturam

268 517 362 547 partes
375 519 456 541 tenet.
471 515 605 548 Queniam
618 526 682 552 ergo
695 527 794 548 s:-nsus
805 529 867 548 cum
881 523 1059 551 nascentibus

268 558 349 586 nobis
367 561 460 588 statim
483 561 622 594 oriuntur,
645 569 749 591 etcum
774 567 814 593 eis
839 567 866 594 in
891 568 979 602 printo
997 569 1059 596 vita:

268 602 347 630 ittitio
373 605 465 632 statitn
493 614 653 641 versamur;
671 610 695 636 vi
719 615 809 638 autent
835 614 970 640 sentiendi
994 623 1057 642 cum

267 648 323 674 vita
342 657 356 675 a
379 651 486 680 ratione
502 653 592 680 aliena
610 663 707 690 magna
728 661 770 683 est
788 657 964 686 familiaritas
976 670 981 685 :
994 669 1056 687 ont-

268 694 313 721 nia
337 697 410 723 enint
434 698 568 732 ejusmodi
596 706 750 728 cernuntur
770 702 852 730 etiam
881 705 908 731 in
935 705 1056 733 bestiis:

268 748 345 768 mens
365 747 455 770 autem
473 745 676 779 quodattttttodo
688 747 835 782 impeditur
853 757 868 776 a
895 757 944 777 sua
959 758 1058 785 opera-

267 786 354 816 tione.
374 793 403 814 ut
427 798 509 824 quant
525 799 578 818 non
599 793 690 827 capiat
706 793 834 826 infantia,
858 799 885 821 et
900 796 991 831 aliqua
1015 805 1056 824 ra-

270 832 345 860 tione
358 836 522 869 exprimitur
537 845 552 863 a
567 838 709 866 domittatu
727 847 827 868 sensus
842 842 888 875 qui
902 846 945 869 est
958 851 1056 878 expers

268 879 405 907 rationis:
420 886 562 916 propterea
579 883 665 911 falsus
684 890 711 912 et
723 885 855 914 aberrans
869 895 935 915 usus
946 876 1055 916 amandi
1074 876 1093 903 Β

267 923 430 955 allectionis,
458 927 623 962 principitttn
646 933 689 956 est
715 934 742 956 ct
767 930 975 959 fundamentum
997 934 1058 961 vine

267 976 328 1002 qua)
344 970 370 996 in
390 971 457 998 vitio
470 973 571 1007 agitur.
590 973 658 1001 Nam
675 977 803 1010 quoniam
829 977 928 1012 duplex
946 983 988 1006 est
1010 988 1058 1007 no-

267 1015 311 1042 bis
333 1021 442 1049 natura,
461 1026 558 1053 nempe
579 1024 606 1047 et
624 1028 657 1048 eo
670 1022 744 1056 quod
761 1023 813 1050 sub
834 1024 1057 1060 intelligentiam,

266 1063 294 1086 et
309 1067 341 1087 eo
355 1061 426 1095 quod
445 1063 496 1090 sub
512 1072 624 1092 sensum
640 1067 711 1094 cadit
722 1073 939 1104 contemperata,
957 1071 1056 1106 duplex

266 1112 469 1140 consequenter
483 1114 525 1136 est
539 1111 619 1138 ttobis
636 1112 701 1144 vita,
723 1122 784 1148 qua:
801 1115 829 1141 in
850 1119 967 1151 utraque
986 1117 1058 1145 inest

267 1153 490 1181 convenienter:
511 1158 693 1191 corporaliter
715 1160 826 1194 quidem
851 1163 920 1196 parti
948 1164 1056 1195 sensili,

267 1198 348 1224 alteri
381 1204 471 1227 autent
502 1201 723 1238 incorporaliter.
749 1205 882 1234 Similiter
909 1212 1000 1235 autem
1030 1214 1057 1237 et

266 1243 338 1276 qttod
351 1249 392 1271 est
410 1245 524 1278 bonum,
543 1252 570 1275 ct
587 1240 662 1282 quod
681 1258 735 1277 non
752 1255 794 1278 est
813 1251 982 1286 huiusmodi.
1003 1263 1056 1282 uott

266 1287 336 1316 idem
348 1296 390 1317 est
407 1292 516 1326 utrique
530 1294 591 1321 vita),
603 1299 705 1322 nostra:
717 1299 822 1330 generi,
839 1300 886 1326 sed
902 1300 927 1327 id
944 1301 1054 1335 quidem

266 1336 338 1369 quod
357 1338 509 1372 percipitur
529 1339 721 1376 intelligentia,
739 1343 763 1369 ei
778 1351 838 1378 qua:
856 1346 930 1372 cadit
943 1348 995 1374 sub
1011 1348 1054 1374 in-

266 1382 445 1416 telligentiam
461 1392 467 1410 :
484 1386 580 1412 sensili
598 1392 688 1414 autern
708 1392 734 1415 et
758 1397 899 1424 corporea:
914 1393 985 1426 parii
1002 1394 1056 1421 tale

265 1426 349 1460 quale
371 1428 428 1454 vult
449 1436 559 1457 sensus.
585 1430 719 1463 Quoniam
739 1441 805 1468 ergo
825 1442 925 1463 sensus
945 1438 1054 1471 quidem

264 1472 348 1499 simul
363 1474 486 1501 nascitur
499 1483 561 1502 cum
578 1477 667 1511 pritno
678 1483 751 1510 ortu,
766 1488 842 1508 mens
853 1486 943 1509 autem
958 1491 1055 1518 exspe-

264 1521 322 1544 ctat
335 1522 363 1544 ut
376 1525 506 1547 excurrat
519 1526 586 1549 retas
603 1523 635 1549 ad
652 1526 853 1559 symmetriam,
873 1533 902 1554 ut
918 1529 976 1563 ipsa
988 1538 1054 1564 pos-

266 1562 302 1589 sit
326 1564 459 1598 paulatim
486 1575 619 1602 apparere
643 1569 670 1596 in
697 1571 833 1604 subjecto,
855 1581 886 1600 ea
909 1574 943 1602 de
969 1584 1054 1605 causa

265 1615 366 1636 sensus
382 1609 553 1638 dominatum
570 1613 678 1642 obtinet
697 1615 723 1642 itt
741 1621 859 1645 mentem
873 1626 934 1654 quae
951 1621 1053 1648 sensim

264 1654 382 1687 accedit,
402 1660 429 1683 et
452 1665 561 1693 semper
585 1661 719 1688 assuesrit
736 1662 759 1689 ei
774 1663 848 1698 quod
865 1666 952 1700 magis
971 1667 1055 1694 abun-

264 1699 355 1727 datad
372 1702 396 1729 ei
419 1703 613 1738 obedientium,
633 1706 700 1734 illud
716 1708 816 1735 bottnnt
835 1711 877 1737 vel
896 1713 996 1739 malum
1008 1713 1053 1748 ju-

264 1745 371 1780 dicans,
386 1749 458 1782 qttod
483 1751 665 1784 expetendum
691 1754 733 1780 vel
750 1755 930 1788 rejieiendnut
953 1766 1053 1787 sensus

264 1793 406 1821 statuerit.
426 1795 485 1827 Quo
505 1797 543 1827 Ιιι,
563 1801 592 1823 ut
610 1797 646 1824 sit
662 1799 742 1826 nobis
758 1800 875 1828 ardttuttt
896 1807 923 1829 et
944 1803 1054 1831 dillicile

265 1845 358 1865 verum
390 1839 491 1867 bonum
524 1847 614 1869 tm-ute
641 1846 893 1882 comprehendere;
924 1851 1052 1884 quoniam

263 1888 447 1921 prgcoccupati
458 1896 556 1916 sumus
569 1890 709 1918 sentiendi
721 1892 911 1922 instrumentis
922 1917 928 1927 ,
938 1904 971 1923 eo
981 1897 1053 1932 qttod

262 1932 331 1959 delet
343 1936 382 1958 tat
395 1937 422 1960 et
436 1933 529 1961 laetitia
543 1935 642 1968 afticit,
656 1937 757 1964 bonurn
777 1943 804 1965 et
826 1940 971 1969 honestum
997 1942 1052 1969 cir-
1071 1964 1073 1966 ι

264 1979 495 2008 cumscribcutes.
521 1982 666 2013 Quomodo
691 1984 764 2011 enim
788 1985 844 2012 ﬁeri
870 1990 925 2013 nan
952 1993 1051 2022 potest,

264 2027 294 2050 ut
302 2024 335 2051 ad
343 2032 403 2051 eam
420 2034 481 2060 quae
496 2028 575 2055 estin
589 2029 668 2056 caelis
685 2030 919 2064 pulchritudinem
935 2035 1054 2069 aspicia-

263 2078 335 2101 mus,
349 2071 372 2098 si
391 2079 481 2099 aerem
493 2074 539 2108 qui
557 2080 606 2110 est.
621 2083 704 2111 supra
723 2081 807 2112 caput
828 2079 917 2114 caligo
935 2080 1053 2110 interce-

263 2116 356 2150 perit:
375 2117 411 2144 ita
427 2126 477 2145 nec
491 2120 589 2147 oculus
612 2121 711 2148 anima:
733 2123 767 2149 ad
788 2123 915 2151 virtutem
943 2127 1052 2161 aspicit,

262 2162 284 2189 si
305 2170 352 2196 per
367 2164 547 2198 voluptatem,
566 2167 648 2193 vrluti
670 2168 817 2202 quamdam
836 2169 981 2205 caliginem
993 2171 1052 2206 ejus

1111 250 1141 276 τὸ
1166 249 1314 285 μελῴδημα
1333 258 1340 265 ·
1367 250 1413 276 καὶ
1435 249 1464 276 ἐν
1485 250 1542 280 τοῖς
1564 250 1660 284 χυμοῖς
1682 249 1710 275 δὲ
1736 250 1783 275 καὶ
1803 250 1833 275 ἐν
1846 251 1902 280 τοῖς

1110 296 1204 332 ὀσμοίς
1231 297 1312 323 καλὸν
1337 296 1468 332 ὁρίζεται,
1486 296 1516 322 τὸ
1539 295 1593 335 μὲν,
1613 296 1629 330 ἡ
1656 294 1760 328 γεῦσις,
1782 295 1813 320 τὸ
1834 295 1863 320 δὲ
1886 295 1902 329 ἠ

1109 342 1252 378 ὄσφρησις.
1276 343 1312 369 Τὸ
1329 343 1357 369 δὲ
1374 342 1482 369 πάντων
1509 341 1661 376 ϐαρύτατόν
1683 349 1712 367 τε
1734 341 1781 366 καὶ
1798 340 1902 374 ἀλογώι

1109 372 1277 415 τατόνΙὲστιν
1295 389 1311 423 ή
1328 389 1394 423 ἁφὴ,
1417 387 1450 414 δι’
1466 384 1500 422 ἧς
1513 387 1529 422 ἡ
1546 372 1697 417 ακόλαστος
1712 386 1792 421 ἡδονὴ
1807 385 1853 412 ἐπὶ
1867 387 1900 421 τῇ

1109 434 1155 459 τοῦ
1172 434 1255 460 καλοῦ
1269 434 1352 469 ψήφῳ
1371 433 1531 469 προτερεύει
1553 433 1586 468 τῇ
1604 432 1694 467 φύσει.
1717 432 1794 458 Ἐπεὶ
1807 429 1855 458 οὖν
1873 433 1900 457 αἱ

1109 480 1249 514 αἰσθήσεις
1260 481 1324 515 ἡμῖν
1335 479 1416 511 εὐθὺς
1431 479 1584 514 γινομένοις
1597 478 1845 507 συνατεοτίκτονται,
1856 479 1899 503 καὶ

1109 524 1246 560 ταύτα[ις]
1272 525 1347 560 παρὰ
1370 525 1420 560 τὴν
1443 524 1556 560 πρώτην
1581 523 1653 559 ζωὴν
1674 523 1899 558 ωστρεφόμεθεν

1110 570 1193 605 πολλὴ
1207 570 1234 596 δέ
1247 571 1304 597 ἐστι
1322 572 1353 606 τῇ
1369 570 1514 605 αἰσθητικῇ
1529 569 1642 605 δυνάμει
1658 569 1725 604 πρὸς
1739 569 1788 604 τὴν
1804 569 1900 603 ἄλογον

1109 615 1181 650 ζωὴν
1195 616 1211 650 ἡ
1227 615 1375 647 οἰκείωσις·
1391 615 1481 642 πάντα
1497 615 1550 650 γὰρ
1567 614 1601 641 τὰ
1613 615 1725 641 τοιαῦτα
1740 614 1786 640 καὶ
1801 615 1830 640 ἐν
1844 615 1899 645 τοῖς

1108 659 1216 693 ἀλόγοις
1233 661 1344 694 ὁρᾶταιο
1358 660 1372 684 ὁ
1388 657 1415 683 δὲ
1430 659 1492 690 νοῦς
1507 659 1681 694 ὲμποδίζεταί
1697 668 1755 690 πως
1770 658 1836 694 πρὸς
1850 659 1900 693 τὴν

1108 703 1209 730 οἰκείαν
1234 704 1372 738 ἐνέργειαν
1396 703 1449 729 ὑπὸ
1474 703 1524 738 τῆς
1549 703 1710 738 νηπιότητος
1734 703 1771 739 μὴ
1794 702 1898 739 χωροὺ-

1109 757 1188 783 μενος
1202 769 1210 780 ,
1236 749 1293 775 ἀλλ’
1309 749 1462 775 ἐκθλίϐεται
1476 749 1576 785 τρόπον
1592 750 1653 776 τινὰ
1670 751 1702 785 τῇ
1720 751 1898 786 ἐπικρατήσει

1107 795 1156 829 τῆς
1173 795 1346 832 ἀλογωτέρας
1366 795 1530 831 αἰσθήσεως,
1547 796 1590 822 διὰ
1610 795 1688 822 τοῦτο
1703 796 1898 831 πεπλανημένη

1107 849 1138 866 τε
1164 842 1211 867 καὶ
1242 842 1450 877 διημαρτημένη
1479 842 1528 875 τῆς
1554 843 1728 878 ἀγαητικῆς
1753 843 1899 873 διαθέσεως

1109 887 1217 922 χρῆσις,
1235 887 1306 922 ἀρχὴ
1324 887 1371 913 καὶ
1386 887 1514 918 ὑπόθεσις
1534 887 1581 913 τοῦ
1598 887 1668 914 κατὰ
1684 888 1781 914 κακίαν
1795 888 1899 921 γίνεται

1110 933 1178 968 βίον.
1202 932 1309 967 Ἐπειδὴ
1324 932 1378 967 γὰρ
1392 932 1473 967 διπλῆ
1487 933 1528 965 τίς
1545 934 1618 959 ἐστιν
1631 934 1696 969 ἡμῖν
1717 934 1733 968 ἡ
1750 933 1841 967 φύσις,
1859 933 1898 968 τῷ

1108 978 1196 1014 νοητῷ
1207 987 1236 1004 τε
1254 978 1300 1004 καὶ
1317 978 1437 1013 αἰσθητῴ
1454 979 1674 1014 συγκεκραμένη,
1688 979 1767 1014 διπλῆ
1784 979 1854 1006 κατὰ
1868 980 1899 1005 τὺ

1108 1023 1255 1051 ἀκόλουθόν
1270 1024 1343 1049 ἐστιν
1358 1024 1424 1058 ἡμῖν
1440 1023 1486 1050 καὶ
1500 1024 1516 1058 ἡ
1530 1024 1602 1059 ζωὴ,
1626 1024 1763 1060 ἑκατέρων
1787 1026 1816 1050 ὲν
1832 1025 1899 1060 ἡμῖν

1108 1069 1282 1104 καταλλήλως
1296 1070 1468 1105 ἐγγινομένη,
1485 1070 1645 1105 σωματικῶς
1663 1071 1711 1104 μὲν
1724 1071 1763 1105 τῷ
1776 1069 1898 1106 αἰσθητῷ

1109 1115 1198 1150 μέρει,
1216 1115 1255 1150 τῷ
1275 1115 1303 1142 δὲ
1327 1116 1413 1150 ἑτέρῳ
1429 1116 1593 1151 ἁσωμάτως.
1617 1116 1752 1148 Ὡσαύτως
1766 1117 1794 1143 δὲ
1807 1117 1854 1143 καὶ
1867 1115 1898 1142 τὸ

1107 1161 1190 1187 καλόν
1204 1170 1233 1187 τε
1249 1161 1295 1187 καὶ
1317 1161 1354 1196 μὴ
1372 1160 1502 1194 τοιοῦτον,
1520 1162 1549 1188 οὺ
1565 1162 1594 1188 τὸ
1611 1162 1675 1189 αὑτό
1688 1163 1761 1189 ἐστιν
1775 1163 1897 1198 ἐκατέρῳ

1106 1207 1145 1242 τῷ
1159 1207 1207 1241 τῆς
1220 1207 1292 1241 ζωῆς
1303 1207 1382 1242 ἡμῶν
1395 1207 1470 1239 εἴδει,
1484 1208 1552 1235 ἀλλὰ
1567 1208 1662 1244 νοητὸν
1674 1209 1733 1244 μὲν,
1746 1208 1785 1244 τῷ
1797 1209 1894 1244 νοητῷ·

1107 1252 1145 1287 τῷ
1160 1252 1188 1278 δὲ
1201 1253 1321 1288 αἰσθητῷ
1341 1261 1371 1279 τε
1385 1253 1432 1279 καὶ
1448 1254 1598 1289 σωματικῷ
1613 1255 1691 1290 μέρει
1704 1255 1825 1281 τοιοῦτον
1839 1253 1898 1281 οἷον

1107 1299 1124 1333 ἡ
1141 1298 1268 1333 αἴσθησις
1284 1299 1419 1333 βούλεται.
1443 1299 1520 1326 Ἐπεὶ
1533 1298 1579 1326 οὖν
1595 1302 1610 1335 ἡ
1630 1301 1679 1335 μὲν
1701 1301 1826 1337 αἴσθησις
1839 1301 1898 1336 ἅμα

1106 1346 1140 1380 τῇ
1159 1345 1254 1381 πρώτῃ
1270 1346 1376 1379 γενέσει
1393 1347 1555 1381 συμφύεται,
1568 1349 1582 1373 ό
1592 1348 1621 1374 δὲ
1634 1348 1695 1379 νοῦς
1709 1349 1838 1383 ἀναμένει
1847 1349 1898 1384 τὴν

1106 1393 1147 1423 εἰς
1166 1393 1196 1418 τὸ
1211 1391 1366 1428 σύμμετρον
1385 1393 1435 1428 τῆς
1451 1393 1558 1428 ἡλικίας
1579 1394 1742 1430 ἀναδρομὴν,
1759 1394 1829 1421 ὥστε
1850 1395 1898 1420 διδ-ι

1106 1437 1220 1472 νηθῆναι
1240 1439 1300 1464 κατ’
1316 1438 1404 1472 ὀλίγον
1419 1439 1572 1474 ὲμφανῆναι
1585 1440 1623 1475 τῷ
1637 1440 1818 1476 ὑποκειμένῳ,
1833 1441 1896 1466 τού-

1107 1491 1153 1509 του
1170 1483 1250 1518 χάριν
1263 1483 1455 1510 δυναστεύεται
1471 1485 1524 1511 ὑπὸ
1543 1485 1592 1519 τῆς
1615 1485 1765 1520 αἰσθήσεως
1779 1486 1792 1512 ό
1809 1486 1870 1518 νοῦς
1883 1488 1898 1513 ὁ

1107 1528 1178 1555 κατὰ
1202 1530 1299 1564 μικρὺν
1314 1529 1503 1565 ἐγγινόμενος,
1522 1530 1568 1557 καὶ
1586 1531 1656 1557 κατὰ
1679 1532 1779 1566 κράτος
1801 1531 1844 1557 ἀεὶ
1858 1531 1898 1566 τῷ

1107 1574 1280 1606 πλεονάζοντι
1304 1575 1371 1610 πρὸς
1393 1575 1424 1601 τὸ
1448 1575 1595 1602 ὑπακούειν
1619 1576 1693 1610 αὐτῷ
1715 1577 1897 1609 συνεθίζεται,

1107 1620 1194 1646 ἐκεῖνο
1207 1619 1288 1646 καλὸν
1303 1621 1319 1655 ἢ
1338 1620 1438 1655 φαῦλον
1453 1621 1564 1657 κρίνων,
1581 1622 1649 1658 ὅπερ
1666 1622 1699 1649 ἂν
1713 1622 1729 1658 ἦ
1747 1623 1898 1658 προέληται

1105 1665 1122 1701 ἢ
1147 1665 1271 1701 ἀποϐάλῃ
1295 1667 1311 1701 ή
1334 1666 1469 1702 αἴσθησις.
1488 1667 1536 1693 Διὰ
1560 1667 1641 1694 τοῦτό
1668 1668 1771 1703 χαλεπή
1793 1677 1823 1695 τε
1851 1669 1898 1695 καὶ

1105 1712 1326 1748 δυσκατόρθωτος
1339 1713 1404 1747 ἡμῖν
1422 1714 1438 1748 ὴ
1455 1713 1502 1740 τοῦ
1520 1713 1627 1749 ἀληθῶς
1643 1714 1745 1748 ἀγαθοῦ
1761 1716 1897 1751 κατανόη-

1106 1767 1147 1789 σις
1162 1759 1283 1792 γίνεται·
1297 1758 1338 1785 ὅτι
1360 1759 1567 1795 προειλήμμεθα
1582 1762 1638 1792 τοῖς
1655 1760 1824 1796 αἰσθητικοῖς
1837 1771 1898 1797 κρι-

1104 1805 1219 1839 τηρίοις,
1242 1805 1271 1830 ἐν
1295 1804 1333 1840 τῷ
1355 1805 1526 1840 εὐφραίνοντί
1547 1815 1577 1832 τε
1598 1807 1644 1833 καὶ
1663 1807 1754 1842 ἣδοντι
1768 1808 1798 1834 τὸ
1816 1808 1898 1835 καλὸν

1104 1850 1266 1886 ὁριζόμενοι.
1284 1851 1389 1886 Ὥσπερ
1405 1851 1458 1886 γὰρ
1474 1851 1524 1878 οὐκ
1539 1851 1596 1878 ἔστι
1615 1852 1682 1887 πρὸς
1696 1853 1731 1879 τὰ
1745 1854 1774 1879 ἐν
1787 1854 1897 1890 οὐρανῷ

1105 1895 1189 1930 κάλλη
1206 1895 1325 1931 βλέπειν,
1343 1896 1459 1932 ὁμίχλης
1473 1896 1518 1923 τὸν
1534 1897 1604 1932 ὑπὲρ
1619 1898 1739 1933 κεφαλῆς
1753 1899 1822 1934 ἀέρα
1837 1900 1897 1926 δια-

1104 1940 1254 1976 λαδούσηςθ
1271 1941 1357 1973 οὕτως
1375 1942 1434 1968 οὐδὲ
1457 1941 1472 1967 ό
1492 1942 1541 1977 τῆς
1567 1942 1656 1977 ψυχῆς
1672 1943 1812 1978 ὀφθαλμὸς
1827 1945 1897 1978 πρὸς

1104 1987 1154 2022 τὴν
1175 1987 1275 2022 ἀρετὴν
1297 1987 1411 2022 καθορᾷ,
1432 1985 1488 2014 οἷον
1510 1987 1591 2023 ἁχλύῖ
1607 1989 1661 2015 τινὶ
1685 1989 1752 2024 πρὸς
1769 1989 1818 2025 τὴν
1835 1990 1897 2024 ὖψιν

1103 2032 1147 2058 διὰ
1160 2032 1210 2067 τῆς
1222 2033 1319 2067 ἡδονῆς
1339 2033 1549 2069 ἁναλαΰόμενος.
1575 2034 1652 2060 Ἐπεὶ
1673 2032 1719 2060 οὖν
1739 2036 1755 2070 ὴ
1783 2035 1832 2070 μὲν
1852 2034 1897 2062 αἵ-

1105 2078 1200 2113 σθησις
1221 2079 1289 2114 πρὸς
1311 2079 1362 2114 τὴν
1387 2079 1484 2114 ἡδονὴν
1507 2079 1612 2114 βλέπει,
1630 2081 1644 2107 ὁ
1658 2080 1686 2107 δὲ
1707 2081 1769 2113 νοῦς
1785 2081 1829 2108 διὰ
1847 2082 1896 2118 τῆς

1104 2124 1199 2159 ἡδονῆς
1226 2125 1293 2159 πρὸς
1316 2125 1367 2160 τὴν
1390 2125 1490 2160 ἀρετὴν
1515 2127 1581 2161 ὁρᾷν
1607 2126 1798 2161 ὲμποδίζεται,
1826 2127 1896 2162 αὕτη

1103 2169 1207 2205 γίνεται
1221 2171 1236 2205 ή
1251 2171 1301 2205 τῆς
1318 2171 1416 2202 κακίας
1428 2171 1508 2207 ἀρχὴ,
1522 2171 1589 2198 διότι
1602 2171 1651 2207 τὴν
1663 2171 1759 2206 ἄλογον
1774 2173 1838 2212 ’ῃερὶ
1849 2174 1896 2200 τοῦ

261 2208 430 2237 obtundatur
451 2211 537 2238 visus.
563 2211 699 2244 Quoniam
726 2222 791 2249 ergo
821 2223 919 2242 sensus
941 2217 1050 2250 quidem

1105 2214 1187 2241 κα,λοῦ
1202 2215 1292 2250 κρίσιν
1303 2215 1350 2241 καὶ
1362 2216 1376 2241 ό
1387 2214 1449 2247 νοῦς
1460 2216 1511 2242 ὑπὸ
1526 2216 1574 2252 τῆς
1590 2216 1742 2252 αἰσθήσεως
1753 2217 1897 2245 δυναστευ-

261 2255 360 2290 aspicit
371 2256 404 2283 ad
415 2258 589 2292 voluptatem.
615 2267 692 2287 meus
713 2265 803 2287 autent
830 2261 978 2296 impeditur
1003 2271 1050 2297 per

261 2301 426 2336 voluptatem
450 2311 484 2330 ne
495 2304 585 2331 videat
598 2305 740 2337 virtutem,
760 2306 812 2333 hoc
822 2310 864 2334 est
884 2308 1049 2342 principinttt

261 2347 331 2379 vitii,
353 2349 482 2382 quoniam
509 2357 524 2376 a
549 2350 655 2377 ratione
682 2351 802 2378 alienum
824 2353 858 2379 de
874 2353 946 2380 bono
961 2354 1050 2381 etho-

260 2393 489 2428 nestojudicium,
504 2404 581 2423 mens
596 2405 715 2432 quoque,
735 2398 762 2424 in
778 2406 859 2432 quant
876 2407 974 2426 sensus
999 2401 1048 2427 ob-

260 2438 328 2466 tittct
342 2438 524 2472 dominatum.
545 2450 596 2470 suo
624 2444 787 2478 comprobat
809 2444 952 2480 sull‘ragio.
974 2449 1001 2472 et
1025 2446 1047 2473 si

259 2484 361 2512 dixerit
379 2487 475 2514 oculus
486 2488 632 2522 pulchrum
647 2494 674 2516 et
693 2490 835 2517 honestum
855 2498 916 2518 csse
932 2491 959 2517 in
976 2491 1048 2518 bono

259 2531 352 2559 colore
362 2532 422 2567 ejus
437 2534 510 2567 quod
523 2535 659 2566 cernitur,
674 2543 707 2562 eo
724 2543 834 2570 quoque
854 2536 942 2571 vergit
966 2536 1048 2563 intel-

259 2577 381 2612 ligentia.
397 2578 429 2605 Et
444 2579 570 2608 similiter
584 2582 612 2608 in
627 2582 699 2612 aliis.
716 2581 742 2609 id
758 2582 831 2617 quod
847 2589 958 2609 sensum
973 2581 1049 2609 oble-

257 2627 323 2655 ctat,
353 2624 454 2652 bonum
483 2633 544 2653 esse
568 2631 706 2654 censetur.
726 2627 804 2660 Quod
820 2628 842 2655 si
857 2627 949 2662 aliquo
967 2627 1048 2655 modo

258 2669 315 2696 ﬁeri
329 2675 430 2704 poss--t.
451 2676 478 2698 ut
495 2673 574 2700 nobis
586 2673 620 2700 ab
638 2674 718 2700 initio
745 2675 849 2701 inesset
872 2673 905 2700 de
928 2673 1000 2700 bono
1021 2678 1048 2701 et

258 2715 529 2751 honestojudicium,
547 2724 636 2746 mente
654 2719 680 2745 in
705 2720 794 2753 seipsa
822 2719 955 2754 probante
975 2721 1046 2754 quod

258 2761 357 2788 bonum
371 2767 424 2793 est.
446 2772 499 2790 non
518 2764 632 2792 rationis
651 2765 756 2799 experti
769 2766 861 2792 sensui
876 2766 1044 2794 serviremus

259 2812 387 2842 tanquam
411 2809 506 2837 bestia:
528 2810 554 2836 itt
583 2810 743 2838 servitutem
770 2812 897 2839 redactar.
922 2811 956 2839 lJt
981 2821 1046 2848 ergo

258 2855 320 2882 talis
335 2855 461 2884 tonl‘usio
478 2856 651 2885 discernatur
670 2858 696 2886 in
711 2859 802 2892 nobis,
827 2863 854 2887 et
872 2859 898 2887 id
917 2859 989 2896 quod
1004 2865 1046 2888 est

1104 2260 1160 2291 θεὶς
1172 2260 1338 2295 ἐπεψήφισε,
1354 2260 1406 2287 κᾶν
1420 2260 1484 2296 εἴπῃ
1506 2262 1521 2287 ό
1539 2261 1678 2297 ὀφθαλμὸς
1690 2263 1719 2289 ὲν
1733 2265 1766 2299 τῇ
1784 2264 1897 2300 εὐχροῖᾳ

1101 2306 1149 2333 τοῦ
1166 2306 1329 2342 φαινομένου
1346 2307 1377 2333 τὸ
1391 2307 1473 2334 καλὸν
1495 2305 1575 2341 εἶναι,
1600 2310 1796 2345 συνεπιρρέπει
1809 2310 1896 2346 τούτῳ

1102 2353 1150 2379 καὶ
1166 2353 1182 2387 ή
1199 2352 1312 2380 διάνοια.
1331 2353 1386 2379 Καὶ
1409 2354 1455 2380 ἐπὶ
1473 2353 1527 2380 τῶν
1541 2354 1643 2381 λοιπῶν
1659 2354 1688 2381 δὲ
1707 2355 1848 2388 ὡσαύτως,
1865 2356 1897 2383 τὸ

1101 2398 1246 2433 εὐφραῖνον
1265 2399 1315 2434 τὴν
1332 2398 1457 2434 αἴσθησιν
1470 2400 1519 2434 τὴν
1539 2400 1586 2426 τοῦ
1606 2400 1689 2427 καλοῦ
1707 2401 1795 2437 ψῆφον
1811 2403 1895 2437 ἠνέγ-

1102 2452 1180 2470 κατο.
1195 2444 1226 2470 El
1239 2444 1268 2470 δέ
1282 2452 1340 2475 πως
1356 2442 1411 2470 οἶόν
1425 2452 1454 2470 τε
1467 2442 1502 2479 ἦν
1518 2445 1546 2478 ἐξ
1563 2446 1650 2481 ἀρχῆς
1666 2447 1732 2482 ἡμῖν
1742 2447 1792 2482 τὴν
1805 2447 1896 2484 ἀληθῆ

1101 2491 1166 2525 περὶ
1177 2490 1224 2516 τοῦ
1239 2490 1320 2517 καλοῦ
1336 2491 1426 2526 κρίσιν
1440 2491 1606 2525 ἐγγίνεσθαι,
1621 2492 1668 2518 τοῦ
1682 2493 1728 2518 νοῦ
1745 2493 1775 2519 τὸ
1791 2494 1897 2528 ἀγαθὸν

1100 2537 1143 2571 ἐφ’
1156 2537 1254 2563 ἑαυτοῦ
1270 2537 1472 2572 δοκιμάζοντος,
1489 2538 1540 2564 οὐκ
1562 2537 1594 2564 ἂν
1607 2539 1641 2574 τῇ
1663 2538 1752 2573 ἀλόγῳ
1766 2539 1896 2574 αἰσθήσει

1099 2583 1293 2618 δεδουλωμένοι
1316 2584 1462 2618 κτηνόιδεις
1484 2585 1621 2620 γινόμενοι
1646 2585 1894 2620 κατεδουλούμεθα.

1106 2629 1150 2661 Ὠς
1173 2630 1206 2656 ἂν
1220 2628 1267 2656 οὖν
1281 2631 1298 2665 ἠ
1321 2630 1432 2665 τοιαύτη
1451 2631 1581 2666 σύγχυσις
1603 2631 1631 2657 ὲν
1646 2632 1711 2665 ἡμῖν
1728 2631 1894 2668 διακριθείη,

1099 2676 1145 2702 καὶ
1168 2675 1198 2702 τὸ
1220 2677 1253 2710 τῇ
1278 2675 1357 2710 φύσει
1379 2676 1531 2710 ἀγαπητὸν,
1558 2676 1604 2702 καὶ
1627 2676 1661 2702 τὰ
1683 2677 1783 2713 ἑτέρως
1797 2677 1894 2712 ἔχοντα

1100 2719 1192 2751 πάλιν,
1210 2720 1546 2756 ἁπλανῶςίὲπιγνωσθείη,
1560 2721 1645 2747 ταῦτά
1659 2731 1726 2756 φησι
1739 2722 1786 2749 νῦν
1799 2724 1814 2749 ὁ
1832 2723 1893 2750 Ἐκ-

1099 2766 1265 2801 κλησιαστὴς
1278 2767 1306 2793 ἐν
1321 2766 1358 2801 τῷ
1373 2766 1455 2801 λόγῳ,
1468 2767 1508 2792 ὅτι
1517 2777 1526 2791 ι
1538 2766 1640 2802 Καιρὸς
1650 2767 1695 2793 τοῦ
1710 2767 1833 2803 φιλῆσαι,
1846 2769 1892 2795 καὶ

1100 2811 1193 2846 mpii;
1208 2812 1254 2838 τοῦ
1276 2813 1397 2847 μισῆσαι,
1414 2822 1424 2838 ι
1437 2813 1475 2838 Δι’
1489 2809 1525 2839 ὧν
1542 2812 1674 2847 διακρίνει
1687 2815 1737 2849 τὴν
1748 2813 1802 2840 τῶν
1821 2822 1892 2849 πρα-
1911 2816 1914 2818 ’

1100 2859 1212 2894 γμάτων
1238 2859 1327 2894 φύσιν,
1349 2859 1454 2891 δεικνὺς
1478 2859 1503 2886 τί
1527 2858 1556 2885 τὸ
1579 2859 1772 2895 συμφερόντως
1799 2860 1893 2895 φιλού-
