1989 3070
99 100 150 127 7Ἱῖ

607 99 638 127 IN
660 99 928 128 ECCLESIAS'I‘EN.
943 98 1086 128 IIOLIILIA
1106 99 1171 127 VIII.

1672 97 1723 123 753

100 165 191 192 μενον,
208 157 256 184 καὶ
269 157 295 184 τί
307 157 338 184 τὸ
351 156 521 192 μισούμενον.
538 157 618 191 Λέγει
630 157 684 193 γὰρ
697 159 712 193 ἡ
725 158 820 194 νεότης
830 160 880 191 τοῖς

938 163 1036 184 natura
1049 156 1230 191 diligendum.
1245 160 1272 183 et
1286 163 1346 191 qua:
1360 156 1439 183 aliter
1455 163 1484 184 se
1497 155 1608 186 habent.
1625 163 1720 183 rursus

99 205 147 240 τῆς
167 205 274 240 ἡλικίας
296 206 396 233 πάθεσι
414 206 522 238 ζέουσα,
544 206 639 241 καιρὸν
657 204 728 232 εἶναι
747 207 815 241 αὐτῇ
839 206 886 233 τοῦ

99 250 185 284 φιλεῖν
205 251 290 278 ταῦτα
302 251 320 278 ἃ
336 253 368 287 τῇ
386 252 491 287 νεότητι
506 251 570 286 φίλα.
587 252 670 278 ἐστίν.
694 252 763 278 Ἀλλ’
775 252 886 286 ἀντιῦοᾷ

98 297 112 322 ὁ
133 296 346 332 Ἐκκλησιαστὴς
373 299 405 333 τῇ
435 298 540 333 νεότητι
554 318 562 329 ,
589 298 668 324 ἄλλον
692 298 741 332 τῆς
764 298 886 333 καθαρᾶς

99 342 190 376 φιλίας
206 343 300 378 καιρὸν
315 342 482 378 ὁριζόμενος.
502 345 577 379 Μηδὲ
597 344 651 380 γὰρ
665 342 734 370 εἶναι
750 343 827 370 τοῦτο
843 353 887 378 φι-

98 388 168 418 λίαν,
180 388 230 422 τὴν
243 388 466 424 διημαρτημένην
485 390 534 424 τῆς
556 389 644 424 ψυχῆς
663 390 728 425 περὶ
743 390 776 416 τὰ
798 390 887 417 ἄτοπα

101 434 203 469 σχέσιν,
224 434 330 468 Ὥσπερ
351 435 406 470 γὰρ
421 435 600 471 εὑοδουμὲνης
622 437 651 462 ἐν
668 437 757 472 ὑγιείᾳ
771 437 822 471 τῆς
837 436 887 471 φύ-

99 488 176 511 σεως,
195 480 224 505 ὲν
236 479 324 514 καιρῷ
338 481 511 515 προσγίνεται
523 481 554 507 τὸ
567 481 642 516 δίψος
654 481 692 516 τῷ
704 481 809 516 σώματι
820 490 826 498 ”
845 479 886 514 οἷς

97 525 126 551 δὲ
146 525 176 551 τὸ
199 525 291 560 δῆγμα
308 526 358 560 τῆς
373 525 480 560 διψάδος
499 526 605 561 ἐχίδνης
627 527 675 561 τὴν
689 527 816 561 τοιαύτην
827 527 885 554 διά-

98 571 171 596 Οεσιν
186 571 354 605 ἐνεποίησεν,
372 571 421 598 οὐκ
441 571 473 597 ἄν
487 580 527 602 τις
546 572 617 598 εἴποι
637 572 707 599 κατὰ
730 572 824 607 καιρὸν
843 573 886 598 ἑν-

98 615 237 649 εργεῖσθαι
251 615 300 651 τὴν
318 615 410 650 δίψαν·
431 617 460 642 οὐ
475 617 529 652 γὰρ
546 618 648 652 φυσικὴ
663 618 752 652 ὄρεξις
765 619 811 645 ἐπὶ
825 619 886 645 τού-

97 669 161 692 των,
174 661 241 688 ἀλλὰ
254 661 338 693 πάθος
349 662 364 696 ή
375 661 438 696 δίψα
450 662 551 695 γίνεται
561 671 567 677 ·
582 663 652 689 οὕτω
664 664 711 689 καὶ
721 664 750 690 τὸ
765 665 885 699 ῥυπαρὸν

97 706 145 740 τῆς
162 706 287 742 νεότητος
303 706 423 742 φίλτρον,
444 707 475 732 οὐ
493 707 613 742 φίλτρον,
630 708 696 734 ἀλλὰ
721 709 796 740 νόσος
825 709 885 735 ἐστὶ

97 751 136 785 τῷ
154 751 262 778 διακαεῖ
284 760 312 777 τε
336 751 381 778 καὶ.
402 751 497 787 γνώμη
521 752 559 786 τῷ
575 752 624 786 τῆς
643 753 749 787 ἡλικίας
765 753 884 788 δήγματι

98 796 271 832 ἐγγινομένη.
288 797 325 822 Οὐ
340 797 416 823 πᾶσα.
431 797 522 823 τοίνυν
538 797 612 831 φιλία
625 797 655 823 τὺ
670 797 796 834 εὔκαιρον
810 798 881 833 ἔχει,

97 840 155 867 ἀλλ’
171 841 188 876 ἠ
205 841 269 875 περὶ
283 841 313 866 τὸ
331 840 411 876 μόνον
425 842 566 876 ἀγαπητὸν
581 842 720 876 γινομένη.
745 843 814 869 Ἀλλ’
832 843 882 870 οὐκ

97 885 153 912 ἔστι
179 886 251 920 σαφῆ
269 886 332 921 περὶ
348 886 449 912 τούτων
463 886 564 920 γνῶσιν
585 887 693 918 λαϐεῖν,
723 887 760 923 μὴ
784 889 883 914 οὑτωσὶ

97 931 246 966 διελόμενον
259 932 287 957 ὲν
303 933 335 967 τῇ
353 931 453 967 θεωρίᾳ.
469 932 513 958 τὸν
527 932 603 966 λόγον
612 941 618 947 ·
636 933 690 959 τῶν
703 933 813 967 ἀγαθῶν
825 934 882 960 τοί-

97 986 154 1008 νυν,
177 977 228 1004 ὅσα
249 978 324 1013 παρὰ
340 979 394 1004 τῶν
411 977 563 1012 ἀνθρώπων
581 978 770 1010 σπουδάζεται,
783 979 818 1006 τὰ
833 979 883 1014 μὲν

96 1023 180 1054 ὅντως
206 1024 317 1050 τοιαῦτά.
340 1024 429 1054 ἐστιν,
452 1021 495 1049 οἵα
516 1024 562 1050 καὶ
583 1024 766 1059 ὀνομάζεται·
794 1024 829 1051 τὰ
854 1024 882 1050 δὲ

96 1067 268 1103 ψευδώνυμον
290 1068 337 1103 τὴν
363 1068 521 1103 ἐπωνυμίαν
546 1068 612 1103 ἔχει.
648 1069 717 1095 Ὅσα
744 1068 798 1105 γὰρ
822 1069 882 1104 οὐχὶ

97 1113 261 1148 πρόσκαιρον
293 1113 384 1139 δίδωσι
415 1113 464 1148 τὴν
491 1113 657 1146 ἀπόλαυσιν,
686 1113 745 1140 οὐδὲ
769 1113 804 1140 τά
829 1122 881 1139 τινι

94 1158 222 1184 δοκοῦντα
235 1159 304 1185 nam
324 1159 428 1194 ἑτέροις
449 1159 573 1194 ἄχρηστα
587 1159 690 1192 γίνεται
706 1178 714 1190 ,
735 1159 803 1185 ἀλλὰ
816 1159 882 1186 πάν-

94 1211 155 1229 τοτε
177 1204 223 1230 καὶ
238 1204 281 1230 διὰ
296 1204 406 1231 πάντων
423 1204 469 1230 καὶ
486 1205 514 1230 ὲν
531 1205 612 1230 πᾶσιν
635 1205 706 1230 ⁷ἐστιν
725 1205 824 1238 ἀγαθὰ,
841 1202 881 1237 οἷς

95 1249 128 1275 ἂν
141 1249 295 1284 ἐγγένηται,
319 1249 406 1276 ταῦτα
426 1250 464 1280 ὡς
486 1249 594 1284 ἀληθῶς
616 1250 689 1276 ἐστιν
715 1250 814 1284 ἀγαθὰ,
837 1251 881 1277 ἀεὶ

95 1294 224 1326 ὡσαύτως
242 1294 347 1329 ἔχοντα,
373 1295 420 1321 καὶ
435 1296 484 1330 τὴν
501 1295 546 1322 τοῦ
565 1296 683 1331 χείρονος
704 1296 824 1330 ἐπίμιξιν
849 1296 880 1323 οὺ

96 1340 306 1375 προσδεχόμενα.
324 1341 414 1376 "Amp
436 1343 491 1373 τοῖς
513 1341 635 1376 ἀκριϐῶς
649 1341 802 1373 ἐξετάζουσι
818 1342 882 1377 περὶ

97 1387 180 1421 μόνην
205 1386 253 1421 τὴν
268 1387 342 1413 θείαν
359 1396 387 1413 τε
402 1387 449 1413 καὶ
462 1387 545 1413 ἀΐδιον
563 1387 704 1422 θεωρεῖται
725 1388 814 1421 φύσιν.
841 1388 881 1414 Τὰ

94 1433 122 1458 δὲ
142 1432 208 1459 ἄλλα
227 1432 314 1459 πάντα
331 1433 379 1459 ὅσα
401 1434 434 1468 τῇ
459 1432 581 1468 αἰσθήσει
596 1433 666 1459 καλά
682 1434 749 1463 ἐστι,
770 1433 813 1459 διὰ
832 1433 881 1468 τῆς

95 1478 164 1504 κατὰ
179 1478 226 1513 τὴν
244 1478 331 1512 οἴησιν
348 1479 455 1513 ἀπάτης
469 1478 539 1504 καλὰ
562 1479 719 1513 φαινόμενα.
739 1479 801 1504 οὔτε
824 1478 880 1505 ἔστι

93 1523 128 1558 τῇ
143 1523 300 1557 quasue-3:3
314 1523 551 1559 ὑψέστηκεν,ἀλλὰ
561 1522 609 1558 τῆς
623 1523 737 1558 pouse»;
752 1525 798 1550 καὶ
812 1532 882 1559 παρ-

93 1569 185 1605 ῶικῆς
198 1569 262 1596 ὄντα
278 1569 401 1604 φύσεως,
427 1569 460 1596 δι’
476 1570 582 1603 ἀπάτης
604 1569 676 1600 τινὸς
697 1569 743 1595 καὶ
763 1570 880 1604 ματαίας

94 1613 264 1648 προλήψεως,
283 1614 320 1646 ὡς
336 1614 405 1640 κατὰ
420 1614 548 1648 ἀλήθειαν
562 1613 626 1640 ὄντα
638 1615 694 1645 τοῖς
708 1613 880 1646 ἀπαιδεύτοις

94 1659 242 1693 νομίζεται.
260 1660 289 1685 Εἰ
305 1658 351 1686 οὖν
362 1659 415 1685 τῶν
428 1659 552 1686 ἀστάτων
566 1659 755 1694 περιεχόμενοι
770 1658 824 1685 τῶν
836 1659 879 1685 ἀεὶ

93 1704 217 1730 ἑστώτων
231 1705 281 1731 οὐκ
301 1705 487 1740 ἐπορέγονται,
505 1704 577 1730 ἔοικε
593 1704 646 1740 γὰρ
662 1704 750 1730 τοίνυν
762 1702 818 1731 οἷον
833 1704 878 1730 ἐπί

92 1757 164 1781 τινος
186 1751 301 1782 σκοπιᾶς
325 1749 428 1785 ὑψηλῆς
454 1750 538 1781 ἑστὼς
561 1752 575 1777 ὁ
597 1750 810 1785 Ἐκκλησιαστὴς
831 1751 880 1785 ἐμ-

91 1795 157 1830 ϐοᾷν
173 1796 370 1831 τῇάιῦρωπὶνῃ
386 1796 466 1830 φύσει
480 1795 513 1822 δι’
527 1793 564 1822 ὧν
578 1796 653 1830 λέγει
665 1804 673 1813 ·
695 1806 703 1822 ι
717 1796 819 1830 Καιρὸς
831 1795 879 1822 τοῦ

92 1840 214 1876 φιλῆσαι,
230 1841 277 1868 καὶ
294 1842 388 1877 καιρὸς
408 1841 454 1868 τοῦ
473 1842 596 1876 μισῆσαι,
609 1852 618 1866 ι
631 1843 670 1868 ὅτι
694 1841 761 1868 ἄλλα
775 1841 832 1868 ἐστὶ
845 1842 879 1868 τὰ

90 1885 176 1917 ὅντως
194 1886 295 1920 ἀγαθὰ,
317 1887 335 1913 ἃ
352 1887 398 1913 καὶ
411 1887 481 1914 αὐτά
495 1888 552 1914 ἐστι
568 1887 646 1920 καλὰ,
667 1887 714 1914 καὶ
735 1888 798 1918 τοὺς
816 1895 879 1922 μετ-

91 1931 204 1966 έχοντας
217 1932 353 1963 τοιούτους
368 1933 448 1959 ποιεῖ.

895 1492 915 1520 C

937 202 1008 229 citra
1029 209 1150 229 errorem
1166 206 1361 236 agnoscantur,
1377 202 1434 229 hzec
1450 209 1525 229 nunc
1544 201 1613 228 dicit
1629 202 1655 228 in
1669 201 1721 229 hoc

937 249 1006 275 libro
1016 248 1208 279 Ecclesiastes.
1224 257 1233 274 (
1246 247 1366 282 Tempus
1379 252 1421 275 est
1439 248 1559 279 amandi,
1576 251 1604 274 et
1615 252 1722 282 tetnpus

936 298 978 322 est
992 294 1055 321 odio
1070 293 1214 321 habendi.»
1231 293 1280 320 Per
1297 301 1358 327 qum
1368 293 1477 327 quidem
1488 293 1620 320 discernit
1631 301 1720 320 rerum

936 341 1075 370 naturam,
1095 339 1243 366 ostendens
1257 338 1322 372 quid
1343 338 1446 364 utiliter
1464 342 1581 368 ametur.
1607 341 1634 365 et
1655 338 1721 372 quid

936 385 999 411 odio
1019 384 1160 411 habeatur.
1180 384 1249 411 Dicit
1269 385 1340 411 enim
1356 383 1487 418 juventus
1501 384 1590 411 tetatis
1613 384 1721 412 fervens

936 430 1091 461 affectibus.
1108 430 1159 458 sibi
1182 435 1289 464 tempus
1305 437 1366 456 esse
1389 430 1496 456 amandi
1512 437 1543 455 ea
1561 437 1621 463 quin
1638 429 1720 455 chara

935 475 1150 509 sintjurentuti.
1174 475 1225 503 Sed
1239 475 1374 510 jurentuti
1389 481 1484 501 contra
1504 476 1605 502 clamat
1627 474 1720 501 Eccle-

937 522 1048 552 siastes,
1068 521 1202 548 deﬁniens
1219 522 1292 548 aliud
1317 529 1379 549 esse
1401 527 1509 556 tempus
1527 529 1601 556 purae
1622 521 1720 548 amici-

936 568 989 594 tia'.
1005 567 1063 594 Non
1081 567 1153 594 enim
1180 568 1230 594 hoc
1252 575 1312 594 esse
1329 567 1591 600 amicitiam,animm
1609 567 1720 594 habitu»

936 613 1028 640 dinem
1049 613 1222 640 aberrantem
1239 613 1265 640 in
1283 613 1365 640 rebus
1381 613 1507 647 turpibus
1521 617 1547 640 et
1565 612 1719 647 ﬂagitiosis.

936 658 1079 691 Quomodo
1092 659 1163 685 enim
1185 659 1207 685 si
1226 658 1252 684 in
1268 659 1387 685 sanitate
1411 662 1486 685 recto
1501 666 1584 685 cursu
1603 663 1647 685 eat
1669 667 1719 685 na-

937 709 1008 736 tura,
1025 705 1051 731 in
1068 710 1191 739 tempore
1212 705 1272 730 sitis
1291 705 1396 731 accedit
1414 705 1523 738 corpori
1539 714 1544 732 ε
1559 706 1658 739 quibus
1674 714 1720 732 :Itl-

935 756 988 777 tem
1003 759 1112 777 morsus
1124 750 1245 785 dipsadis
1259 751 1338 778 talem
1355 751 1424 777 indit
1438 750 1622 780 affectionem.
1639 759 1718 777 riclno

935 796 1070 823 dixeritin
1082 801 1202 830 tempore
1214 804 1273 823 eam
1285 796 1354 823 eilici
1372 797 1528 824 sitim2non
1547 798 1620 824 enim
1637 799 1662 824 in
1676 798 1719 825 his

938 843 1074 869 naturalis
1090 843 1237 876 appt'titus,
1259 842 1306 869 sed
1327 842 1424 870 vitiosa
1441 843 1549 870 aﬂectio
1567 847 1609 870 est
1633 844 1695 870 sitis
1710 853 1718 871 '.

935 888 970 914 ita
1004 889 1087 914 etiam
1118 889 1256 916 obscenus
1288 896 1366 915 amor
1390 889 1562 922 iuventutis,
1590 897 1644 915 non
1677 895 1720 916 est

933 941 1020 965 amor,
1037 934 1082 960 sed
1098 934 1209 961 morbus
1230 934 1275 968 qni
1289 939 1449 969 procreatur
1465 934 1569 961 ardenti
1588 939 1613 961 et
1626 935 1719 969 dipsa-

933 980 976 1007 dis
992 980 1104 1006 minime
1122 980 1241 1007 absimili
1261 987 1353 1006 morsu
1367 979 1531 1013 juventutis.
1554 979 1611 1006 Non
1628 980 1718 1007 oninis

932 1032 997 1059 ergo
1012 1032 1089 1051 amor
1104 1032 1151 1051 seu
1167 1024 1287 1050 amicitia
1306 1028 1348 1051 est
1369 1029 1532 1058 opportuna,
1554 1024 1602 1051 sed
1619 1031 1650 1050 ea
1672 1024 1719 1050 de-

934 1077 1018 1099 mum,
1031 1077 1091 1103 qua:
1108 1072 1234 1095 versatur
1259 1068 1285 1094 in
1305 1076 1337 1094 eo
1360 1068 1431 1103 quod
1448 1073 1490 1095 est
1516 1069 1604 1094 solum
1625 1076 1719 1095 antan-

932 1114 1008 1141 dum.
1026 1115 1077 1141 Sed
1096 1114 1152 1142 ﬁeri
1174 1121 1227 1140 non
1245 1118 1345 1148 potest,
1368 1118 1396 1140 ut
1412 1114 1446 1140 de
1461 1114 1503 1141 his
1520 1115 1593 1140 clara
1614 1115 1715 1141 habt-a-

933 1163 977 1186 tur
993 1159 1125 1194 cognitio.
1147 1159 1199 1186 nisi
1219 1159 1244 1185 id
1256 1159 1289 1186 de
1303 1167 1357 1194 quo
1373 1159 1464 1194 agitur
1482 1159 1516 1186 ita
1535 1160 1675 1186 dividatur
1690 1161 1716 1187 in

932 1204 1162 1238 contemplatione
1180 1214 1186 1231 :
1204 1204 1341 1231 Bonorum
1371 1212 1454 1239 ergo,
1478 1212 1594 1239 quorum
1624 1205 1718 1232 szudio

933 1254 1060 1276 tenentur
1087 1250 1231 1282 homines,
1255 1250 1308 1277 alia
1337 1251 1444 1285 quidem
1470 1259 1533 1278 vere
1564 1255 1628 1278 sunt
1653 1252 1717 1279 talia

931 1295 1020 1330 qualia
1051 1295 1256 1322 nominantur:
1279 1296 1332 1322 alia
1365 1301 1454 1323 autem
1489 1297 1585 1324 falsam
1617 1298 1717 1325 habent

932 1341 1150 1374 appellationem.
1177 1341 1242 1374 Quin
1268 1342 1340 1368 enim
1361 1346 1426 1368 sunt
1448 1342 1583 1376 ejusmodi
1608 1348 1635 1370 ιιι
1663 1352 1716 1370 non

932 1393 961 1412 se
978 1386 1009 1412 ad
1029 1391 1137 1420 tempus
1154 1386 1267 1414 fruenda
1289 1388 1444 1422 pta-beant;
1470 1396 1558 1423 neque
1583 1397 1644 1416 cum
1664 1390 1716 1416 ali-

931 1431 976 1457 cui
1001 1433 1114 1466 pulchra
1141 1432 1306 1464 videantur,
1334 1434 1395 1461 aliis
1422 1438 1486 1460 sunt
1517 1435 1637 1467 inutilia,
1668 1435 1716 1463 sed

932 1485 1039 1511 semper
1063 1482 1091 1504 et
1115 1478 1280 1512 peremnia,
1304 1482 1331 1506 et
1359 1479 1385 1506 in
1402 1480 1529 1507 omnilms
1553 1485 1618 1507 sunt
1647 1481 1716 1507 bona

931 1523 1031 1557 quibus
1047 1523 1158 1554 fuerint,
1180 1531 1211 1551 ea
1229 1532 1292 1551 vere
1312 1529 1378 1552 sunt
1395 1526 1477 1559 bona,
1496 1534 1603 1560 Semper
1618 1527 1716 1553 simili-

931 1573 972 1595 tcr
986 1573 1012 1596 et
1027 1569 1122 1596 eodem
1144 1571 1225 1597 modo
1242 1578 1272 1598 sc
1294 1571 1433 1602 habentia.
1450 1577 1476 1599 et
1498 1580 1552 1599 non
1568 1573 1715 1600 admitten-

931 1615 968 1641 tia
991 1615 1053 1641 mali
1077 1617 1307 1643 commistioncm.
1326 1617 1392 1650 Qua:
1409 1618 1518 1652 quidem
1538 1619 1572 1645 iis
1594 1619 1639 1653 qui
1659 1626 1715 1645 rem

928 1664 1056 1686 accurate
1073 1661 1241 1693 examinant,
1261 1663 1288 1689 in
1304 1664 1360 1690 sola
1373 1664 1465 1690 divina
1488 1668 1514 1690 et
1529 1668 1631 1691 aeterna
1646 1672 1714 1691 con-

930 1705 1088 1733 siderantur
1114 1711 1222 1734 natura.
1239 1708 1298 1734 Alia
1313 1713 1403 1735 autem
1429 1710 1519 1736 omnia
1538 1718 1598 1744 quae
1621 1711 1714 1738 sensui

929 1755 993 1777 sunt
1009 1751 1122 1785 pulchra
1145 1759 1177 1778 at:
1194 1752 1274 1785 bona,
1291 1753 1405 1788 pulchra
1420 1758 1509 1780 autem
1522 1754 1651 1780 ridentur
1667 1763 1716 1789 per

929 1803 1049 1822 errorem
1072 1797 1219 1830 opinionis,
1245 1806 1333 1832 neque
1353 1804 1427 1830 sunt,
1453 1806 1541 1833 neque
1560 1800 1715 1826 consistunt

932 1845 1040 1874 natura,
1063 1843 1110 1870 sed
1132 1851 1191 1870 cum
1212 1844 1266 1870 sint
1283 1844 1362 1871 illum
1376 1849 1402 1871 et
1418 1846 1584 1872 transeuntis
1599 1849 1713 1876 natura:,

932 1895 979 1922 per
993 1896 1114 1916 errorem
1131 1891 1275 1924 quemdam
1301 1895 1328 1918 et
1344 1891 1450 1918 inanem
1472 1892 1713 1924 existitmitinnem,

931 1941 994 1960 vera
1010 1942 1071 1961 esse
1086 1939 1232 1962 censentur
1247 1936 1402 1963 ineruditis.
1422 1937 1450 1963 Si
1468 1945 1532 1972 ergo
1550 1938 1716 1971 :nnp'et-ten-

902 829 920 856 Ii

93 1982 135 2004 tes
149 1986 180 2005 ea
196 1985 256 2012 qua:
273 1983 337 2005 sunt
375 1979 521 2010 instabilis.
554 1987 585 2006 ea
614 1987 667 2005 non
694 1982 827 2013 appetunt
848 1986 908 2013 qua:
927 1987 1034 2014 semper
1053 1985 1127 2012 sunt,
1154 1981 1260 2008 videtur
1282 1981 1462 2010 Ecclesiastes
1485 1983 1567 2010 veluti
1591 1984 1617 2010 in
1644 1992 1713 2018 qua-

90 2023 154 2050 dam
178 2025 232 2050 alta
257 2028 334 2052 stans
354 2025 474 2059 specula,
498 2025 530 2052 ad
551 2025 697 2052 humanam
723 2025 878 2052 exclamare

897 2029 1022 2053 naturam
1055 2034 1117 2053 cum
1152 2027 1226 2057 dicit,
1245 2036 1254 2052 ι
1273 2026 1392 2062 Tempus
1406 2033 1449 2056 est
1467 2029 1586 2060 amandi.
1602 2035 1629 2056 et
1644 2035 1712 2057 tem-

92 2077 143 2104 pus
156 2073 198 2096 est
214 2070 277 2097 odio
296 2070 423 2100 habendi,
442 2080 451 2093 ι
468 2069 540 2104 quod
557 2070 610 2096 alia
632 2074 697 2096 sunt
731 2077 794 2097 vere
809 2070 890 2104 bona,
928 2079 988 2106 qua:
1004 2072 1085 2100 etiam
1101 2073 1159 2107 ipsa
1182 2077 1244 2100 sunt
1266 2073 1380 2107 pulchra
1405 2079 1432 2101 et
1456 2075 1581 2107 honesta,
1599 2079 1625 2102 et
1646 2077 1714 2104 tales

92 2114 196 2141 faciunt
215 2122 263 2142 eos
279 2115 325 2148 qui
344 2119 409 2142 sunt
422 2115 577 2149 participes.

125 2159 189 2188 οἷον
202 2161 255 2196 γὰρ
278 2160 345 2197 ἃνῇ
372 2163 404 2196 τῇ
434 2161 512 2194 φύσει
538 2161 568 2187 τὸ
596 2161 784 2196 μετεχόμενον.
809 2161 877 2197 πρὸς

964 2161 1048 2194 Quale
1060 2161 1132 2188 cnim
1146 2164 1188 2187 est
1201 2165 1296 2187 natura
1311 2160 1336 2187 id
1351 2161 1423 2195 quod
1441 2161 1627 2196 participalnr.
1641 2163 1667 2189 in
1685 2163 1711 2190 id

89 2207 169 2234 τοῦτο
197 2207 302 2243 ἀνάγκη
335 2208 382 2234 καὶ
410 2207 439 2233 τὸ
471 2208 582 2242 μετέχον
612 2207 876 2243 συμμετατίοεσϐαι·

89 2251 146 2279 οἷον
177 2252 292 2279 εὔπνουν
320 2254 422 2287 γίνεται
451 2253 482 2280 τὸ
512 2254 598 2288 στόμα
625 2253 671 2279 τοῦ
701 2253 827 2285 λαϐόντος
852 2262 878 2280 τι

89 2298 144 2324 τῶν
160 2299 344 2325 εὑπνοούντων
371 2299 524 2334 ἀρωμάτων
545 2298 589 2325 διὰ
602 2298 648 2324 τοῦ
674 2298 815 2332 στόματος,
832 2299 877 2324 καὶ

88 2344 207 2376 δυσῶδες
232 2345 312 2371 πάλιν
333 2345 379 2371 τοῦ
405 2345 530 2380 σκόροδον
550 2344 740 2380 ἐντρώγοντος,
765 2345 782 2380 ἦ
805 2352 876 2375 τινος

88 2390 171 2416 ἄλλον
208 2389 262 2416 τῶν
295 2390 510 2425 δυσωδεστὲρων,
545 2390 648 2416 Οὐκοῦν
684 2390 776 2425 ἐπειδὴ
812 2390 874 2416 δυσ-

87 2435 161 2470 ώδης
183 2436 231 2470 μὲν
249 2437 302 2466 τεᾶς
324 2436 407 2470 ῥύπος
424 2437 471 2470 τῆς
493 2437 639 2471 ἁμαρτίας,
660 2437 691 2462 ὲκ
707 2436 735 2462 δὲ
757 2435 803 2462 τοῦ
830 2436 873 2462 ἐν-

87 2481 214 2515 αντίουή
236 2480 320 2515 ἁρετὴ
343 2481 459 2515 Χριστοῦ
483 2482 557 2507 ἐστιν
580 2481 694 2511 εὐωδία.
718 2481 734 2514 ἠ
757 2480 785 2506 δὲ
807 2481 875 2515 ἀγα-

87 2525 192 2560 πητικὴ
213 2527 302 2560 σχέσις
317 2526 366 2560 τὴν
387 2525 453 2560 πρὸς
472 2526 501 2552 rb
522 2526 701 2561 ἀγαπώμενον
724 2526 874 2560 ἀνάκρασιν

86 2572 210 2606 φυσικῶς
230 2573 427 2606 κατεργάζεται
441 2580 447 2586 ⁸
474 2573 542 2607 ὅπερ
564 2572 596 2599 ἂν
618 2571 665 2599 οὗν
688 2572 733 2598 διὰ
757 2572 807 2606 τῆς
829 2581 874 2606 φι-

86 2617 148 2648 λίας
175 2617 320 2652 ἐρώμεθα,
343 2619 428 2644 ἐκεῖνο
461 2617 610 2652 γινόμεοιι.¹
633 2618 649 2652 ἢ
684 2617 783 2644 εὐωδία
806 2617 872 2652 Χριη

87 2662 151 2689 σνιοῦ
183 2663 200 2697 ἢ
234 2662 358 2689 ὃνσωόία.
394 2663 423 2688 ὐ
451 2663 505 2697 γὰρ
530 2663 560 2688 τὺ
590 2663 671 2689 καλὸν
706 2663 870 2698 ἀγαπήσας,

86 2708 169 2740 καλὸς
183 2707 230 2734 καὶ
251 2708 330 2739 αὐτὸς
347 2708 433 2740 ἔσται,
449 2709 498 2743 τῆς
517 2707 682 2742 timo/nigro;
696 2708 742 2734 τοῦ
757 2709 785 2735 ἐν
798 2707 872 2742 αὐτῷ

127 2796 147 2809 ³’“
165 2797 184 2825 II
210 2797 273 2825 Cor.
292 2805 321 2828 ιι,
348 2796 387 2823 ιδ.

927 2208 1009 2237 etiam
1024 2213 1136 2234 necesse
1150 2210 1191 2233 est
1204 2206 1285 2232 simul
1312 2210 1510 2234 transmutctur
1523 2207 1548 2232 id
1565 2208 1635 2241 quod
1652 2216 1711 2241 par-

926 2252 1036 2287 ticipat.
1060 2255 1089 2278 ιιι
1110 2251 1178 2278 bene
1201 2251 1277 2279 olens
1296 2253 1324 2278 tit
1338 2260 1369 2278 os
1384 2252 1445 2286 ejus
1459 2252 1504 2286 qui
1534 2259 1581 2278 ore
1606 2254 1711 2287 accepit

925 2302 1064 2327 armnata.
1089 2301 1116 2324 et
1139 2305 1236 2325 rursus
1259 2298 1329 2325 male
1350 2299 1427 2325 olens
1449 2298 1508 2331 ejus
1529 2298 1575 2334 qni
1591 2299 1710 2325 comedit

925 2343 1033 2374 allium,
1061 2346 1108 2368 aut
1123 2342 1225 2376 aliquid
1244 2342 1316 2368 aliud
1337 2343 1408 2377 quod
1427 2348 1469 2369 est
1489 2344 1620 2370 tu-tnlius.
1637 2344 1711 2377 Quo-

925 2389 996 2415 niam
1009 2395 1074 2422 ergo
1089 2387 1182 2414 fwtida
1197 2388 1306 2421 quidem
1331 2392 1373 2415 est
1391 2389 1481 2415 onmis
1502 2388 1598 2415 Sordes
1616 2397 1711 2423 pecta-

924 2435 959 2465 ti;
981 2438 1075 2461 contra
1099 2437 1189 2460 autem
1209 2433 1295 2460 virlus
1310 2438 1352 2460 est
1371 2434 1458 2461 bonus
1473 2435 1541 2461 odor
1557 2435 1658 2461 Christi
1676 2435 1708 2466 ”,

923 2478 1031 2504 amandi
1052 2483 1142 2505 autem
1159 2478 1290 2505 habitudo
1307 2479 1468 2506 naturaliter
1487 2480 1567 2505 cllitrit
1587 2484 1709 2506 contem-

924 2524 1089 2558 perationem
1105 2531 1167 2550 cum
1190 2532 1223 2551 c0
1244 2526 1317 2558 quod
1334 2529 1462 2551 amatur:
1480 2524 1552 2559 quod
1570 2531 1635 2558 ergo
1648 2524 1710 2552 dili-

922 2571 1010 2604 ginius
1023 2578 1070 2604 per
1082 2578 1202 2597 amorem
1214 2590 1222 2601 ,
1238 2578 1286 2604 per
1301 2571 1366 2597 illud
1381 2570 1531 2598 elliciamnr
1545 2571 1645 2598 Christi
1663 2571 1709 2598 bo-

923 2624 975 2643 nus
990 2617 1032 2643 vel
1050 2617 1136 2642 malus
1153 2617 1231 2643 odor.
1253 2616 1304 2649 Qui
1320 2616 1393 2643 enim
1416 2616 1487 2650 quod
1503 2617 1602 2642 bonum
1625 2619 1667 2642 cst
1681 2620 1708 2643 et

923 2661 1067 2688 honestmn
1089 2663 1206 2693 amavit,
1232 2662 1289 2696 ipse
1310 2669 1419 2696 quoque
1438 2662 1491 2688 erit
1512 2661 1598 2688 bonus
1616 2666 1642 2688 et
1658 2661 1707 2687 ho-

926 2706 1230 2740 nestus,lmnitatcejus
1241 2706 1312 2740 quod
1323 2706 1348 2732 in
1360 2707 1478 2740 ipsnest,
1492 2715 1552 2734 eum
1568 2706 1615 2741 qui
1632 2713 1706 2733 acce-
