1989 3070
92 131 140 158 7M

601 123 633 150 IN
656 119 921 150 ECCLI‘SIASTEN.
944 118 1085 145 IIOMILIA
1103 117 1167 143 VIII.

1661 113 1712 140 7i!

92 185 235 221 καταφυγή
248 193 309 220 μου⁷
321 185 367 211 καὶ
378 183 478 219 ρύστης
490 190 565 218 μου.ι
579 182 643 217 [ιερλ
655 181 682 207 δὲ
697 180 743 207 τοῦ
757 179 876 206 ἐναντίου

929 176 999 203 enim
1016 175 1081 202 dicit
1104 174 1243 208 prophetia
1259 184 1264 200 :
1279 183 1289 200 ί
1305 172 1420 208 Diligam
1442 176 1469 200 te
1484 194 1491 205 ,
1513 171 1644 206 Domine,
1661 172 1714 199 Ior-

91 232 184 268 φησὶν,
199 240 208 256 ι
220 231 249 257 '0
266 230 293 256 δὲ
307 229 422 262 ἀγαπῶν
444 229 493 265 τὴν
505 227 621 260 ἀδικίαν,
637 228 710 262 μισεῖ
720 226 768 261 τὴν
778 225 875 254 ἑαυτοῦ

91 279 190 313 ψυχήν.
207 275 359 311 Ἐπιὸρέξει
375 273 609 313 ἐπὶνὰμαρτωλοῦς
624 272 732 306 παγίδα.
749 281 758 297 ι
774 271 876 304 Καιρὺς

91 321 137 350 οὖν
152 322 200 350 τοῦ
217 321 285 357 πρδς
295 322 362 348 Θεὸν
380 321 490 356 φίλτρου
503 322 519 355 ἡ
536 320 592 356 ζωὴ
610 320 693 350 πᾶσα,
710 319 756 345 καὶ
769 318 816 352 τῆς
830 316 876 343 τοῦ

91 368 279 403 ἀντικειμένου
294 366 495 402 ἀλλοτριώσεως
508 367 522 392 ὁ
538 366 595 401 βίος
609 365 677 397 ὅλος.
694 366 723 391 '0
735 365 762 391 δὲ
779 364 877 399 μικρὸν

92 423 117 440 τι
126 413 176 447 τῆς
188 411 262 446 ζωῆς
278 411 330 443 ἔξω
341 410 388 437 τοῦ
403 410 489 444 φιλεῖν
505 409 551 436 τὸν
568 409 634 435 Θεὸν
653 407 809 442 γενόμενος,
824 406 876 438 ἔξω

92 459 197 494 γίνεται
218 457 325 488 πάντως
343 454 373 483 οὗ
388 457 436 492 τῆς
452 456 561 490 ἀγάπης
584 454 759 490 κεχώρισται.
779 453 831 480 Τὸν
848 453 877 479 δὲ

92 503 144 536 ἔξω
157 502 203 529 τοῦ
216 501 283 528 Θεοῦ
290 501 445 535 γενόμενον,
455 499 507 532 ἔξω
520 497 590 526 εἶναι
598 498 644 526 τοῦ
654 497 740 533 φωτὸς
752 497 859 533 ἀνάγκη
867 505 874 512 ·

97 548 159 574 διότι
184 546 243 581 φῶς
268 547 282 573 ὸ
304 545 386 577 em;-
411 545 462 578 ἔξω
478 545 506 572 δὲ
523 545 568 571 καὶ
592 545 641 579 τῆς
665 543 738 578 ζωῆς
759 543 804 569 καὶ
827 542 877 577 τῆς

93 593 259 628 ἀφθαρσίας,
272 592 319 619 καὶ
330 591 428 623 παντὸς
443 591 490 617 τοῦ
506 591 572 626 πρὸς
586 590 615 617 τὸ
626 591 747 625 κρεῖττον
761 589 878 624 θεωρου-

95 639 175 674 μένου
195 638 330 673 νοὴματός
355 646 385 664 τε
401 637 448 664 καὶ
464 637 640 672 πράγματοςο
663 635 735 670 ἅπερ
760 635 848 662 πάντα
863 634 877 660 ὸ

92 684 158 716 Θεός
174 685 260 711 ἐστιν.
284 683 313 710 Ὀ
327 683 381 719 γὰρ
396 684 425 710 ὲν
446 682 549 714 τούτοις
571 682 608 717 μὴ
627 681 676 713 ὢν,
691 682 720 708 ὲν
733 682 788 712 τοῖς
805 681 877 706 ἐναν-

93 730 159 761 τίοις
181 730 288 761 πάντως
308 729 391 755 ἐστίν.
413 727 516 754 Οὐκοῦν
532 727 670 762 ἐκδέχεται
692 727 736 753 τὸν
756 724 875 752 τοιοῦτον

94 775 188 808 σκότος
213 776 260 802 καὶ
275 774 416 810 διαφθορὰ,
440 773 487 801 καὶ
500 771 674 811 πανωλεθρία
688 772 735 801 καὶ
751 771 875 802 θάνατος.

125 950 218 978 Ταῦτα
244 951 272 977 ἐν
299 949 410 985 βραχείᾳ
437 951 511 984 φωνῇ
544 950 557 975 ὁ
588 949 633 975 τοῦ
663 945 875 981 Ἐκκλησιαστοῦ

91 996 168 1030 λόγος
184 995 289 1027 διελὼν,
308 994 472 1020 ἐπιδείκνυσι
490 995 522 1028 τῇ
544 993 663 1028 εὐκαίρῳ
675 992 760 1027 φιλίᾳ,
778 992 823 1018 καὶ
838 991 876 1026 τῷ

91 1042 161 1068 κατὰ
177 1040 272 1076 καιρὸν
295 1040 480 1076 ὲνεργουμὲνῳ
501 1040 584 1074 μίσει,
606 1039 654 1074 τὴν
675 1038 805 1074 ἑκατέρου
823 1038 877 1064 τῶν

91 1087 162 1114 κατὰ
188 1087 218 1113 τὸ
249 1086 370 1113 ἐναντίον
405 1085 557 1120 νοουμένων
585 1084 664 1119 φύσιν
690 1083 875 1118 ἀποκαλύψας.

91 1131 202 1168 Καιρος,
216 1131 308 1165 φησὶν.
322 1130 368 1156 τοῦ
390 1129 501 1164 φιλῆσαι
530 1129 560 1155 τὸ
583 1128 683 1162 ἀγαθὸν
695 1148 703 1158 ,
721 1129 766 1154 καὶ
784 1128 878 1162 καιρὸς

91 1178 171 1205 πάλιν
194 1177 240 1204 τοῦ
265 1177 377 1212 μισῆσαι
394 1176 424 1202 τὸ
446 1175 574 1202 ἐναντίον.
590 1175 668 1209 Λέγει
682 1175 720 1207 δὲ,
734 1176 774 1202 ὅτι
792 1176 839 1208 Σὺ,
855 1173 878 1202 ὦ

91 1223 230 1258 ἄνθρωπε,
245 1223 312 1258 προς
329 1222 358 1248 τὸ
377 1221 458 1248 καλὸν
481 1221 537 1247 οἴου
556 1220 661 1255 βλέπειν
678 1221 724 1247 τὸν
740 1221 828 1255 λόγον,
846 1222 877 1247 Ἡ

92 1270 145 1305 γὰρ
157 1268 341 1304 ὲνηλλαγμένη
357 1277 385 1294 τε
399 1267 445 1294 καὶ
459 1266 654 1301 πεπλανημένη
668 1266 734 1301 πρὸς
747 1267 877 1302 ἑκάτερον

91 1314 194 1340 τούτων
206 1315 255 1350 τῆς
265 1314 354 1348 ψυχῆς
367 1313 444 1348 ἡμῶν
456 1313 587 1344 διάθεσις,
608 1312 667 1347 ῥίζα
685 1312 730 1338 καὶ
747 1312 817 1347 ἀρχὴ
830 1313 878 1346 τῆς

93 1359 228 1395 ἁμαρτίας
237 1359 448 1389 sociato-3631;)
457 1358 510 1393 γὰρ
522 1367 530 1383 ι
541 1358 661 1386 δύναται,
674 1367 681 1382 ι
694 1358 784 1392 φησιν,
798 1367 806 1382 ι
819 1358 879 1384 δυσὶ

93 1405 198 1440 κυρίοις
211 1404 383 1438 δουλεύειν·ἢ
396 1404 449 1439 γὰρ
460 1403 503 1429 τὸν
517 1403 563 1430 ἕνα
577 1403 685 1438 μισήσει
701 1403 747 1429 καὶ
762 1403 807 1429 τὸν
821 1403 879 1428 ἓτε-

95 1460 140 1486 ρον
154 1451 302 1485 ἀγαπήσει.
316 1460 325 1476 ι
336 1450 468 1482 Ἑδίδαξεν
482 1450 498 1484 ἡ
509 1449 703 1484 ἁντιδιαστολὴ.
715 1450 755 1480 τίς
764 1451 778 1476 ὁ
788 1449 879 1480 κακῶς

93 1497 238 1531 κυριεύων,
253 1493 282 1522 οὗ
298 1495 349 1531 χρὴ
367 1494 410 1521 διὰ
427 1494 474 1521 τοῦ
492 1495 586 1529 μίσους
606 1493 820 1530 ἀλλοτριοῦσοαι,
833 1493 880 1519 καὶ

93 1544 134 1575 τίς
149 1545 162 1570 ὁ
178 1544 219 1569 ἐπ’
232 1543 326 1578 ἀγαθῷ
345 1541 392 1569 τοῦ
408 1541 558 1577 ἀρχομένου
581 1541 699 1577 κρατῶν,
713 1538 735 1574 ᾧ
749 1541 880 1576 προσήκει

93 1590 127 1616 δι’
146 1590 256 1625 ἀγάπης
279 1588 472 1616 συνάπτεσθαι.
493 1589 524 1614 Ei
543 1588 570 1614 δέ
585 1597 626 1620 τις
641 1588 687 1614 τοῦ
702 1587 814 1623 μισητοῦ
833 1587 880 1621 μὲν

95 1637 244 1671 ἁντέχοιτο,
256 1637 302 1662 τοῦ
313 1636 341 1662 δὲ
354 1635 495 1670 ἀγαπητοῦ
506 1634 699 1669 καταφρονοίη.
712 1631 788 1664 οὗτος
808 1634 881 1659 ἐστιν

94 1683 108 1708 ὀ
121 1682 300 1709 ὖπαλλάσσων
313 1682 362 1717 τῆς
386 1682 476 1717 φιλίας
500 1682 543 1708 καὶ
559 1680 605 1707 τοῦ
618 1681 713 1716 μίσους
728 1680 776 1715 τὴν
792 1679 881 1705 εὐκαι-

97 1728 157 1762 ρίαν
182 1727 238 1762 ίδίῳ
261 1727 348 1763 κακῷ.
376 1727 404 1754 '0
422 1726 477 1761 γὰρ
502 1725 678 1760 καταφρονῶν
703 1726 879 1760 πράγματος,

95 1773 336 1808 καταφθαρήσεται
355 1772 399 1798 ὑπ’
424 1771 523 1798 αὐτοῦ·
548 1772 562 1797 ὁ
585 1771 613 1797 δὲ
638 1770 814 1804 ἀντεχόμενος
833 1770 882 1804 τῆς

95 1818 241 1849 ἀπωλείας.
260 1818 467 1853 περι-ποιήσεται
487 1817 564 1843 τοῦτο
586 1816 674 1850 ἐαυτῷ
688 1814 718 1842 οὗ
734 1816 879 1850 ἀντείχετο.

95 1865 255 1896 Διαστείλας
279 1865 368 1891 τοίνυν
392 1864 430 1899 τῷ
453 1865 524 1898 λόγῳ
540 1864 573 1889 τὰ
596 1864 655 1889 κατ’
671 1863 771 1898 ἀρετήν
785 1871 813 1888 τε
835 1862 882 1888 καὶ

97 1910 196 1937 κακίαν
213 1910 355 1945 νοούμενα.
371 1909 515 1943 ἐπιγνώσει
529 1909 578 1944 τὴν
592 1908 744 1943 εὐκαιρίαν,
763 1908 808 1934 τοῦ
825 1907 881 1939 πῶς

97 1955 150 1990 χρὴ
174 1955 242 1990 πρὸς
268 1955 396 1990 ἑκάτερον
422 1955 524 1981 τούτων
546 1954 628 1988 ἔχειν.
656 1954 816 1988 Ἑγκράτεια
836 1954 881 1978 καὶ

96 1999 188 2034 ἡδονὴ.
214 1999 373 2034 σωφροσύνη
396 1999 443 2026 καὶ
459 1998 599 2030 ἀκολασία,
619 1997 761 2033 μετριότης
774 1998 820 2023 καὶ
836 1996 883 2023 τῦ-

97 2053 157 2080 ῳος,
176 2044 266 2072 εὖνοια
283 2046 329 2072 καὶ
353 2045 490 2077 κακόνοια,
501 2045 547 2071 καὶ
561 2044 648 2071 πάντα
664 2044 696 2071 τὰ
714 2043 743 2076 ἐξ
760 2043 881 2070 ἐναντίου

96 2091 240 2126 νοούμενα,
265 2088 389 2126 φανερῶς
406 2091 458 2117 ὑπὸ
481 2090 528 2117 τοῦ
548 2089 759 2126 Ἐκκλησιαστοῦ
774 2089 881 2116 ὑποδεί-

96 2137 192 2164 κνυταί
208 2146 248 2163 σοι
263 2137 337 2168 ὅπως
347 2139 378 2172 τῇ
392 2137 463 2172 ψυχῇ
473 2137 536 2172 περὶ
546 2137 630 2163 ταῦτα
640 2134 669 2163 εὖ
685 2135 879 2171 διατιθέμενος,

926 221 1013 248 ιίιιιιΙο
1027 228 1085 247 mea
1099 229 1104 246 :
1120 219 1251 245 Dominus
1267 217 1467 245 ﬁrmamentum
1482 225 1571 244 meum
1584 238 1592 248 ,
1603 224 1631 246 et
1643 217 1714 245 refu-

927 267 999 302 gium
1023 273 1128 296 meum,
1151 269 1177 291 et
1203 264 1331 290 liberator
1352 271 1429 290 meus
1450 263 1483 290 “.
1497 273 1505 289 ι
1520 263 1556 289 De
1573 264 1714 290 contrario

927 316 1016 339 autem
1032 310 1099 337 dicit
1113 322 1118 337 :
1131 319 1139 334 ι
1152 309 1202 342 Qui
1223 314 1313 336 autem
1336 309 1424 342 diligit
1443 309 1614 343 iniquitatem
1627 328 1635 340 ,
1656 308 1712 336 odit

927 357 1045 383 animam
1058 355 1232 383 suam.Pluet
1246 362 1328 388 super
1344 358 1503 388 peccatores
1517 355 1640 388 laqueum
1654 354 1688 380 ⁸⁸.
1702 363 1711 379 ι

927 401 1046 436 Tempus
1060 408 1125 435 ergo
1140 400 1268 434 diligendi
1284 399 1368 426 Deum
1382 404 1422 426 est
1445 403 1499 426 tota
1513 400 1583 429 vita,
1599 403 1623 426 et
1644 404 1714 427 tetu-

927 455 977 482 pus
991 446 1199 474 abalienationis
1215 446 1249 472 ab
1264 445 1422 472 adversario
1441 449 1482 471 est
1496 449 1580 470 totum
1605 449 1712 478 tempu;

927 493 998 519 vine.
1015 493 1065 524 Qui
1088 496 1178 519 autern
1199 499 1283 526 parvo
1304 491 1396 526 aliquo
1417 491 1479 517 vita:
1501 498 1556 517 sua:
1571 490 1659 524 spatio
1673 495 1715 516 est

927 543 1049 566 remotus
1072 546 1086 565 a
1110 538 1156 565 Dei
1171 538 1318 565 dilectione
1335 558 1340 569 ,
1358 538 1437 572 plane
1457 537 1513 563 exit
1526 537 1619 568 abeo,
1635 537 1714 571 cujus

927 591 941 610 a
965 584 1099 611 eltaritale
1114 584 1256 618 sejunctus
1269 588 1320 610 est.
1336 583 1403 609 Eum
1421 588 1508 609 autem
1522 582 1567 617 qui
1581 586 1623 609 est
1637 587 1713 609 extra

929 629 1030 660 Deum,
1057 633 1133 656 extra
1160 629 1247 655 lucem
1273 636 1337 655 esse
1363 635 1475 654 necesse
1497 632 1556 658 est,
1583 628 1713 662 quoniam

928 674 998 702 Deus
1013 678 1055 702 est
1073 675 1139 701 lux:
1162 674 1311 709 quinetiam
1338 677 1414 700 extra
1438 673 1520 699 vitam
1545 677 1571 700 et
1591 674 1714 701 incorru—

927 723 1046 754 ptionem
1058 741 1064 752 ,
1082 725 1106 747 et
1120 726 1311 754 quamcunque
1326 718 1425 744 mentis
1439 718 1647 752 conceptionem
1659 738 1666 750 ,
1687 722 1714 744 et

928 775 984 793 rem
1000 786 1007 797 ,
1026 775 1085 801 qure
1101 766 1209 800 quidem
1226 765 1316 792 omnia
1333 769 1374 791 est
1390 764 1471 791 Deus.
1490 764 1540 797 Qui
1564 765 1636 791 enim
1659 771 1713 791 non

926 813 1006 839 estin
1020 812 1073 843 his,
1092 816 1133 839 est
1149 811 1262 837 omnino
1277 810 1303 836 in
1317 810 1474 837 contrariis.
1487 809 1552 836 Eum
1566 810 1656 844 itaque
1667 810 1713 845 qui

925 861 967 884 est
988 857 1143 891 ejusmodi,
1167 856 1307 890 excipiunt
1330 856 1449 882 tenebrae
1471 860 1498 882 ct
1518 855 1664 887 interitus,
1687 859 1714 883 et.

925 903 1037 930 exiliunt
1055 906 1082 928 et
1098 910 1182 929 mors.

962 959 1023 986 Haec
1039 967 1099 985 eum
1115 958 1235 984 breviter
1247 957 1518 984 distiuxissetsermo
1532 956 1714 986 Ecclesiaste,

927 1005 1086 1039 tempestiva
1110 1003 1247 1033 amicitia,
1278 1008 1303 1029 ct
1336 1002 1398 1029 odio
1421 1002 1493 1036 quod
1520 1006 1663 1029 exercetur
1687 1002 1714 1028 in

929 1054 1070 1084 tempore,
1092 1049 1212 1076 ostendit.
1235 1049 1376 1082 aperitque
1401 1052 1526 1074 naturam
1546 1055 1639 1074 eortun
1655 1055 1716 1082 qua:

928 1096 980 1122 sibi
1004 1095 1144 1122 adxersari
1174 1094 1370 1128 intelliguntur.
1403 1093 1523 1127 Temptts
1547 1096 1600 1123 est,
1614 1092 1713 1127 inquit.

929 1143 1038 1169 amandi
1054 1142 1153 1168 bonurn
1167 1150 1173 1166 :
1186 1144 1212 1167 ct
1230 1143 1338 1174 tempus
1355 1143 1397 1166 est
1411 1146 1507 1165 rursus
1519 1138 1583 1165 odio
1597 1138 1714 1164 habendi

927 1187 1108 1214 contrarium.
1131 1186 1200 1213 Dicit
1220 1189 1321 1215 autem,
1337 1183 1388 1215 Tu,
1405 1191 1422 1210 ο
1437 1184 1528 1210 homo.
1545 1183 1669 1211 existima
1688 1183 1714 1209 id

927 1234 1000 1268 quod
1015 1233 1116 1259 dicitur
1132 1232 1254 1266 aspicere
1270 1231 1301 1257 ad
1321 1231 1346 1257 id
1362 1230 1433 1265 quod
1449 1235 1489 1257 est
1505 1230 1605 1256 bonum
1623 1234 1650 1256 et
1665 1229 1716 1255 lto-

927 1283 1045 1305 nestum.
1058 1278 1124 1304 Nam
1138 1286 1198 1312 qua:
1209 1278 1234 1303 in
1248 1282 1362 1310 utroque
1376 1277 1472 1302 horum
1488 1279 1531 1302 est
1546 1282 1674 1311 perversa
1688 1279 1716 1306 et

928 1325 1058 1351 aberrans
1076 1325 1172 1350 aniu'a:
1187 1323 1304 1352 affectio,
1321 1331 1352 1349 ea
1364 1327 1405 1349 est
1419 1322 1495 1348 radix
1510 1326 1537 1347 ct
1552 1321 1714 1356 principium

929 1370 1042 1404 peccati.
1054 1380 1062 1393 σ
1075 1369 1159 1396 Nemo
1168 1370 1238 1396 enim
1252 1373 1350 1403 potest,
1363 1378 1372 1393 ι
1384 1368 1472 1403 inquit
1482 1367 1637 1399 Dominus”
1649 1368 1717 1394 duo-

930 1415 979 1441 bus
995 1415 1113 1441 dominis
1130 1415 1231 1441 servire
1246 1423 1252 1445 ς
1273 1419 1317 1440 aut
1332 1414 1403 1440 enim
1420 1421 1503 1440 unum
1519 1413 1581 1438 odio
1595 1412 1714 1443 habebit,

929 1463 955 1486 et
978 1459 1092 1490 alterum
1117 1459 1210 1493 diliget
1226 1459 1258 1485 ε’.
1278 1469 1286 1484 ι
1308 1458 1390 1485 Docet.
1408 1459 1463 1484 lucc
1481 1457 1635 1488 distinctio,
1654 1458 1717 1491 quis

894 1513 914 1541 ο
932 1505 967 1532 sit
982 1505 1026 1539 qui
1043 1505 1112 1532 male
1128 1505 1296 1535 dominetur,
1315 1511 1328 1530 a
1345 1512 1399 1538 quo
1422 1507 1527 1538 oportet
1541 1503 1652 1529 alienari
1670 1510 1717 1537 per

931 1551 1034 1580 odium,
1051 1554 1078 1577 et
1097 1551 1159 1585 quis
1178 1551 1336 1577 dominetur
1352 1550 1412 1584 ejus
1433 1550 1505 1576 bono
1522 1550 1565 1575 cui
1589 1549 1716 1582 imperat,

931 1596 973 1622 cui
990 1601 1098 1630 oportet
1109 1597 1237 1630 conjungi
1251 1603 1298 1630 per
1308 1596 1481 1622 cbaritatem.
1502 1596 1530 1622 Si
1550 1595 1612 1629 quis
1626 1599 1716 1621 autem

932 1641 957 1667 id
985 1641 1093 1675 quidem
1116 1642 1187 1675 quod
1205 1645 1246 1667 est
1262 1641 1324 1667 odio
1341 1641 1492 1668 habendum
1510 1641 1716 1675 complectatur,

931 1690 1089 1713 contemnat
1107 1692 1196 1713 autent
1216 1687 1242 1713 id
1271 1687 1342 1720 quod
1369 1691 1410 1713 est
1434 1686 1612 1720 diligendum,
1632 1687 1655 1712 is
1676 1691 1718 1713 est

931 1731 978 1765 qui
993 1739 1043 1757 suo
1058 1731 1129 1756 malo
1144 1735 1230 1757 mutat
1243 1731 1474 1765 opportunitatem
1491 1731 1589 1757 amoris
1605 1736 1632 1757 et.
1649 1731 1715 1758 odii.

931 1776 983 1809 Qui
1008 1777 1079 1804 enim
1102 1784 1158 1803 rem
1183 1776 1343 1806 contemnit,
1370 1777 1392 1802 is
1410 1777 1444 1802 ab
1463 1784 1493 1802 ea
1515 1775 1644 1802 interibit.
1665 1776 1716 1808 Qui

932 1826 1019 1848 autem
1044 1821 1236 1856 complectitur
1263 1821 1452 1855 perditionem.
1477 1820 1600 1854 acquirct
1617 1821 1668 1847 sibi
1690 1820 1716 1847 id

931 1867 1003 1901 quod
1022 1867 1244 1902 amplectebatur.
1261 1866 1311 1899 Qui
1327 1874 1392 1900 ergo
1409 1866 1499 1893 verbis
1514 1866 1670 1892 distinxerit
1685 1874 1716 1893 ea

932 1921 992 1947 qua:
1020 1920 1052 1939 ex
1083 1913 1185 1939 virtute
1208 1917 1235 1939 et
1258 1912 1324 1939 vitio
1351 1912 1547 1946 intelliguntur,
1571 1915 1718 1945 cognoscet

933 1957 1178 1992 opportunitatem,
1196 1956 1423 1992 quemadmodum
1448 1964 1477 1983 se
1490 1963 1583 1991 gert-re
1594 1960 1717 1990 oporteat

933 2003 959 2030 in
985 2004 1116 2038 utrisque.
1143 2003 1318 2029 Cuntinentia
1333 2006 1360 2029 et
1373 2002 1496 2036 voluptas
1512 2022 1519 2033 ,
1538 2001 1716 2035 temperantia

931 2053 958 2075 et
974 2048 1195 2082 intemperantia,
1210 2047 1343 2074 modestia
1365 2051 1391 2074 et
1416 2047 1581 2082 arrogantia,
1599 2047 1717 2074 benevo-

932 2095 1014 2122 lentia
1037 2097 1064 2120 et
1092 2094 1290 2124 malevolentia.
1312 2097 1339 2120 et
1363 2100 1533 2127 qumcunque
1555 2100 1586 2120 ex
1603 2093 1718 2120 adverso

932 2141 1132 2175 intelliguntur,
1154 2139 1202 2166 tibi
1219 2139 1252 2166 ab
1273 2139 1438 2166 Ecclesiaste
1459 2143 1553 2172 aperte
1569 2139 1717 2166 ostendun-

97 2183 242 2214 λυσιτελῶς
257 2182 399 2218 βουλεύσῃ.
417 2183 518 2218 Καιρὺς
534 2181 580 2209 οὖν
593 2183 639 2209 τοῦ
653 2182 763 2217 φιλῆσαι
777 2181 826 2217 τὴν
837 2182 879 2215 ἐγ-

934 2191 989 2217 tur,
1009 2190 1039 2212 ut.
1063 2187 1089 2212 in
1114 2185 1157 2212 his
1185 2189 1258 2212 recte
1281 2184 1421 2211 consulas.
1451 2183 1570 2218 Tempus
1584 2188 1626 2211 est
1652 2191 1718 2219 ergo

98 2229 238 2263 κράτειαν,
259 2229 304 2255 καὶ
324 2229 371 2254 τοῦ
388 2229 501 2263 μισῆσαι
518 2229 566 2264 τὴν
582 2229 687 2264 ἡδονὴν,
704 2229 746 2254 ἵνα
761 2227 797 2263 μὴ
814 2228 880 2263 γένῃ

98 2273 248 2307 φιλήδονος,
273 2274 372 2308 μᾶλλον
395 2273 422 2300 δὲ
442 2274 573 2308 φιλόθεος,
591 2274 636 2300 καὶ
653 2273 685 2300 τὰ
706 2273 773 2301 ἄλλα
791 2273 880 2300 πάντα

96 2319 236 2350 (ἷισαύτως.
247 2319 276 2346 τὸ
290 2319 447 2353 φιλόνεικον,
462 2320 491 2347 τὸ
509 2320 663 2355 φιλοκερδές
675 2328 703 2345 τε
719 2320 765 2346 καὶ
777 2319 881 2354 φιλόδο-

97 2364 153 2396 ξον.
171 2364 216 2390 καὶ
227 2365 314 2391 πάντα
329 2366 361 2399 τῇ
377 2365 422 2391 ἐπὶ
438 2366 471 2392 τὰ
489 2366 526 2400 μὴ
543 2365 635 2391 δέοντα
646 2365 694 2399 τῆς
708 2364 796 2398 φιλίας
815 2365 881 2399 χρή-

98 2417 150 2439 σει,
167 2410 214 2443 τῆς
229 2409 297 2444 πρὸς
325 2410 355 2436 τὸ
382 2410 482 2444 ἀγαθὸν
496 2400 613 2444 σίέσεως
633 2410 795 2444 ἀφορίζοντα
805 2417 812 2424 ·
826 2409 881 2435 οἷον

97 2455 131 2481 ἐκ
142 2455 257 2490 παρόδου
272 2455 359 2489 δόγμα
373 2455 520 2490 ἐμάθομεν,
533 2455 574 2481 ὅτι
593 2456 666 2481 πᾶσα
678 2455 726 2489 τῆς
740 2454 829 2489 ψυχῆς
842 2454 883 2480 κί-

96 2509 175 2536 νησις
184 2501 228 2526 ἐπ’
240 2500 335 2535 ἁγαθῴ
348 2501 421 2535 παρὰ
431 2501 478 2527 τοῦ
487 2501 736 2536 δημιουργήσαντος
744 2500 793 2535 τὴν
803 2500 884 2534 φύσιν

95 2546 176 2582 ἡμῶν
196 2547 398 2581 κατεσκευάσθη
410 2555 416 2561 ·
453 2547 509 2573 ἀλλ’
527 2546 550 2572 εἰ
568 2547 600 2579 δὴ
619 2547 799 2582 ἡμαρτημένη
830 2546 884 2573 τῶν

96 2592 225 2618 τοιούτων
238 2592 395 2627 κινημάτων
406 2591 500 2626 χρῆσις
512 2592 560 2622 τ’ὰς
571 2593 609 2623 εἰς
621 2592 719 2618 κακίαν
739 2592 883 2627 ἐγέννησεν

96 2638 226 2673 ἀφορμάς
236 2645 243 2652 ⁸
255 2638 335 2664 καλόν
346 2646 370 2664 τι
387 2635 453 2664 οὖσα
466 2638 481 2671 ἠ
494 2637 664 2669 αύτεξούσιος
673 2638 785 2673 δύναμις
793 2638 882 2673 ἡμῶν,

97 2685 163 2710 ὅταν
184 2684 250 2717 πρὸς
266 2683 295 2709 τὺ
305 2683 388 2709 κακὸν
401 2683 554 2718 ὲνεργῆται,
572 2684 665 2710 κακῶν
681 2683 792 2718 ἔσχατον
809 2684 882 2718 γίνε-

95 2738 152 2756 ται.
176 2729 229 2755 Καὶ
247 2729 276 2755 τὸ
300 2728 427 2763 ἔμπαλιν,
446 2728 562 2764 ὄργανον
581 2729 682 2764 ἀρετῆς
702 2729 775 2756 ἐστιν
795 2730 811 2764 ἡ
831 2730 883 2756 ἁπ-

134 2817 156 2831 ⁸²
174 2816 244 2842 Psal.
266 2823 332 2846 xvu,
350 2815 376 2842 2.
416 2816 437 2831 "
458 2815 531 2842 Psal.
550 2823 576 2847 x,
593 2815 620 2847 ϐ,
638 2816 664 2842 7.

933 2231 1042 2259 amandi
1058 2230 1267 2261 continentiam,
1283 2233 1310 2257 et
1324 2229 1388 2256 odio
1408 2229 1524 2256 trahendi
1540 2229 1718 2263 voluptatem,

933 2286 966 2306 ne
991 2278 1091 2304 evadas
1111 2276 1286 2306 libidinosus,
1309 2275 1355 2302 sed
1380 2275 1505 2309 protinus
1526 2274 1670 2309 religiosus
1691 2280 1718 2302 et

935 2321 980 2348 Dei
998 2321 1113 2351 amicus,
1131 2324 1157 2347 et
1179 2319 1232 2346 alia
1254 2319 1345 2346 omnia
1361 2319 1496 2350 similiter.
1520 2319 1716 2351 contentionis,

935 2366 1003 2394 lucri
1021 2369 1047 2392 et
1062 2366 1155 2401 gloriae
1173 2372 1307 2397 amorem,
1327 2368 1354 2391 et
1367 2365 1458 2391 omnia
1473 2372 1534 2398 quae
1547 2372 1596 2392 usu
1617 2365 1718 2392 amoris

931 2414 964 2440 ad
988 2420 1018 2440 ea
1047 2420 1107 2446 quae
1135 2420 1186 2439 non
1217 2417 1332 2446 oportet,
1353 2415 1480 2446 separant
1506 2411 1539 2438 ab
1563 2419 1593 2438 ea
1610 2419 1671 2446 qua:
1685 2413 1718 2439 ad

931 2459 1032 2485 bontun
1055 2463 1096 2484 est
1121 2457 1293 2489 habitudine,
1311 2463 1339 2484 ut
1362 2458 1435 2485 verbi
1452 2465 1534 2485 causa
1556 2457 1582 2484 in
1600 2457 1717 2485 transitur

934 2503 985 2530 hoc
1009 2502 1078 2537 dogu
1092 2510 1106 2528 a
1123 2502 1283 2532 didicimus.
1305 2503 1376 2538 quod
1399 2503 1489 2530 omnis
1514 2503 1612 2529 anima:
1630 2507 1720 2530 motul

933 2547 967 2574 ad
991 2547 1092 2574 bonum
1113 2551 1155 2575 est
1179 2547 1307 2574 conditus
1325 2547 1358 2574 ab
1373 2554 1406 2574 eo
1428 2547 1473 2581 qui
1492 2551 1614 2573 nostram
1632 2546 1717 2573 fabri-

932 2595 1012 2619 catus
1031 2596 1074 2620 est
1093 2597 1238 2625 naturam;
1264 2593 1311 2619 sed
1326 2593 1348 2619 si
1369 2593 1521 2628 peccaverit
1545 2591 1642 2618 borum
1660 2599 1716 2618 mo-

932 2643 1008 2665 tuum
1025 2647 1103 2668 usus.
1131 2640 1155 2666 is
1179 2639 1212 2665 ad
1237 2639 1332 2665 vitium
1358 2642 1483 2673 procreat
1511 2638 1670 2664 occasiones
1692 2642 1718 2664 et

933 2684 1099 2712 adminicula
1119 2694 1125 2712 :
1143 2685 1223 2712 liberi
1250 2685 1358 2712 arbitrii
1387 2684 1502 2711 facultas
1527 2691 1588 2710 cum
1613 2684 1648 2710 sit
1674 2690 1718 2710 rce

932 2728 1012 2761 bona,
1039 2729 1149 2764 quando
1178 2736 1209 2756 ea
1232 2729 1265 2756 ad
1285 2730 1386 2756 malum
1403 2732 1556 2758 exercetur,
1572 2731 1615 2753 est
1647 2732 1716 2751 nta—

706 2816 726 2830 "
751 2814 844 2841 Matth.
863 2823 899 2847 Vl,
913 2815 958 2842 οτι.
