1989 3070
121 100 174 131 Ἷιὸ

646 98 678 126 ΙΝ
695 96 960 127 ECCLESIASTEN.
981 95 1121 125 IIOMILIA
1144 96 1207 124 VIII.

1685 100 1736 127 7M}

116 163 188 190 μιος,
203 155 258 182 stes
274 154 372 192 ἰσχυρὰ
394 163 436 188 τις
450 155 497 182 καὶ
514 155 718 190 εὐπαρὰσκευός
737 154 821 188 ἐστιν,
847 154 902 181 εἴτε

954 151 1115 188 copiarum;
1140 157 1170 181 ut
1191 153 1308 189 exempli
1337 159 1431 186 causa,
1465 155 1560 182 incidit
1592 157 1734 184 oculorum

116 200 209 231 ἄτονος
227 201 274 228 καὶ
288 201 431 233 εὐάλωτος.
447 203 478 228 Et
499 202 552 238 γὰρ
568 201 618 228 οὐκ
635 201 762 233 ὥκλασας
777 200 815 237 τῷ
834 200 900 237 σχήτ

117 253 193 282 ματι,
207 245 268 272 οὐδὲ
286 255 326 273 σοι
344 247 412 282 πρὸς
423 247 454 273 τὸ
470 246 552 281 φανὲν
568 245 675 282 διελύθη
689 247 737 281 τῆς
750 245 868 277 διανοίας
878 245 900 285 ’ὁ

114 291 202 325 τόνος,
218 291 275 318 ἀλλ’
291 291 403 323 ἀπαθῶς
419 287 601 328 παρέπεμψας
616 293 665 327 τὴν
688 289 842 330 συντυχίαν,
857 291 900 317 εὑ-

115 336 164 368 θὺς
187 337 325 372 ἐπτόησας
344 337 390 363 τὸν
419 338 600 370 κατάσκοπον,
628 335 683 364 οἷον
705 337 822 364 ὁπλιτῶν
840 345 900 364 τινα

117 382 244 417 φάλαγγα
256 384 313 422 τοῖς
326 383 419 417 δόρασι
438 383 616 418 φρίσσουσαν,
629 382 678 418 τὴν
692 380 753 422 τῶν.
762 382 900 418 λογισμῶν

115 428 186 460 λέγω
199 420 374 465 παρασκευὴν
384 429 424 464 τῷ
438 429 603 466 κατασκόπῳ
613 428 712 460 δείξας.
727 420 758 454 Et
772 427 799 454 δὲ
814 427 900 464 μαλα-

115 473 191 509 χθείη
216 474 250 500 δι’
263 465 360 509 ἡδονῆς
386 468 454 509 πρὸς
478 466 528 509 τὴν
545 474 609 509 θέαν
626 475 643 509 ἡ
657 473 794 508 αἴσθησις,
810 473 857 500 καὶ
870 473 900 500 τὸ

114 519 161 546 τοῦ
177 520 353 555 χαρακτῆρος
372 513 482 546 εἴδωλον
497 519 572 552 ἐντὸς
589 519 638 555 τῆς
653 520 772 551 διανοίας
784 519 828 546 διὰ
845 519 900 546 τῶν

114 565 259 600 ὀςςθαλμῶν
274 565 381 601 εἰσδύῃ,
396 566 456 591 τότε
469 566 698 601 καταπολεμεῖται
713 566 762 601 μὲν
780 566 794 592 ὁ
817 574 899 602 στρα-

114 609 197 645 τηγὸς
217 609 270 636 τῶν
287 609 360 636 ἔνδον
377 610 391 636 ὁ
406 609 478 642 νοῦς,
495 609 532 642 ὠς
547 610 622 637 οὐδὲν
638 610 771 646 ἀνδρῶδες
787 610 804 646 ἦ
817 619 901 637 νεανι-

114 655 161 680 κὸν
178 654 256 689 ἔχων,
277 654 345 681 ἀλλὰ
363 654 504 690 βλακώδης
526 663 569 687 τις
590 655 637 682 καὶ
653 654 762 688 ἔκλυτος
779 654 827 687 ὢν,
851 655 900 682 καὶ

114 700 216 736 πλῆθος
231 700 367 735 προδοτῶν
387 701 420 727 ἐκ
435 700 482 727 τοῦ
497 701 583 737 δήμου
607 702 662 728 τῶν
678 702 815 737 λογισμῶν
836 702 901 738 περὶ

113 744 158 772 τὸν
173 746 346 772 κατάσκοπον
363 747 570 782 συγκροτεῖται.)
583 744 661 774 Οὗτοι
673 747 701 773 δέ
714 747 782 774 εἰσιν
796 748 819 774 οἱ
835 755 900 782 προ-

113 791 198 824 δόται,
214 792 278 827 περὶ
293 788 331 818 ὢν
345 801 427 828 φησιν
441 793 455 819 ὁ
470 792 581 828 Κύριος,
597 793 638 819 ὅτι
662 802 671 819 ‹
683 794 714 820 Oi
738 792 830 828 ἐχθροὶ
852 791 898 818 τοῦ

952 193 1138 241 spectaculum
1167 200 1240 235 quod
1269 204 1402 228 renovare
1429 205 1518 236 potest
1547 203 1732 237 cupiditatem.

950 245 1003 274 Per
1018 246 1069 274 hoc
1080 254 1144 282 ergo
1167 247 1289 282 explorat
1320 242 1406 276 hostis
1422 252 1468 276 eas
1485 248 1546 284 qum
1573 250 1600 276 in
1626 254 1652 278 te
1672 255 1735 278 sunt

952 290 1057 325 copias,
1071 291 1162 319 sintne
1181 291 1278 319 valida:
1299 295 1326 318 et
1345 292 1413 320 bene
1431 290 1584 326 instructae,
1600 301 1633 320 an
1650 294 1735 321 imbe-

951 336 1021 364 cilla:
1040 341 1068 364 et
1094 341 1251 372 cxpugnatu
1276 336 1381 365 faciles.
1399 337 1427 364 Si
1445 337 1518 365 enim
1545 345 1599 365 non
1612 343 1638 366 te
1655 339 1736 373 fregit

951 383 1044 419 ﬁgura!
1060 388 1198 418 aspectus.
1211 390 1261 410 nec
1274 387 1367 418 aperte
1381 383 1498 411 solutum
1525 383 1576 411 fuit
1589 385 1671 411 robur
1681 388 1735 412 tum

951 429 1135 465 cogitationis,
1151 428 1199 456 sed
1215 430 1284 456 citra
1303 429 1385 456 ullam
1403 429 1486 456 animi
1503 429 1734 464 perturbationem

951 474 1128 502 transmisisti
1146 474 1172 501 id
1194 474 1266 509 quod
1290 474 1340 501 tibi
1362 474 1496 505 occurrit,
1523 474 1735 509 perterrel‘ecisti

951 520 1076 555 protinus
1093 519 1303 554 exploratorem,
1324 519 1407 546 veluti
1424 519 1541 554 quadam
1568 522 1734 545 armatorum

951 566 1084 601 phalange
1115 565 1202 594 hastis
1229 565 1375 598 horrente,
1403 566 1517 600 paratis,
1547 565 1679 600 inquam,
1708 569 1736 591 et

950 611 1092 638 instructis
1121 605 1274 638 rationibus
1293 606 1414 638 ostensis
1440 609 1616 646 exploratori.
1643 610 1695 638 Sed
1711 611 1734 638 si

951 654 985 681 ad
1002 650 1188 689 spectaculum
1204 662 1252 689 pcr
1269 655 1434 689 voluptatem
1451 654 1589 682 emollitus
1607 654 1657 681 fuit
1672 657 1736 682 Scu-

951 706 1010 732 sus,
1024 705 1052 727 et
1068 699 1159 735 ﬁgurae
1179 700 1359 728 simulacrqu
1377 696 1569 735 cogitationem
1585 699 1670 728 subiit
1688 708 1736 736 per

951 746 1057 778 oculos,
1072 740 1141 773 tunc
1155 751 1329 782 expugnatur
1337 746 1446 782 quidem
1461 755 1550 779 mens,
1566 755 1661 774 eorum
1674 751 1736 782 Quae

951 796 1016 820 sum
1031 792 1105 821 intus
1123 793 1293 828 imperatrix,
1309 797 1340 820 ut
1365 801 1425 828 quae
1439 793 1507 820 nihil
1533 794 1633 822 habeat
1657 794 1736 821 virilc

113 836 257 872 ἀνθρώπου
269 837 294 864 οί
307 839 438 865 οἰκειακοὶ
452 838 534 865 αὐτοῦ
545 846 551 854 ·
568 848 577 864 ι
593 839 617 865 οῑ
632 839 682 873 τῆς
692 829 803 876 καρδίας
817 839 900 865 ὲκπο-

952 842 999 865 aut
1014 838 1145 873 juvenile.
1175 838 1222 866 scd
1240 839 1275 866 sit
1292 838 1447 866 ell'eminata
1474 842 1501 866 et
1531 839 1676 872 dissoluta,
1709 843 1736 867 et

115 882 264 918 ρευὸμενοι,
281 883 329 910 καὶ
345 883 498 916 κοινοῦντες
513 884 557 919 τὸν
573 883 726 919 ἄνθρωπον,
742 880 778 910 ὦν
793 883 828 909 τὰ
842 882 900 910 ὀνό-

115 937 184 964 ματα
200 930 293 964 σαφῶς
309 930 380 956 ἐστιν
400 930 433 957 ὲκ
446 929 493 956 τοῦ
515 930 681 964 Εὑαγγελίου
700 929 805 965 μαθεῖν.
822 929 858 955 Τὸ
871 929 899 956 δὲ

114 974 167 1001 ἀπὸ
181 973 288 1006 τούτου,
304 975 393 1001 οὐκέτι
410 975 442 1001 ἄν
457 983 499 1009 σοι
513 975 624 1010 γένηται
637 974 776 1010 δυσχερὲς,
789 974 822 1000 δι’
836 974 900 1000 ἀκο-

113 1017 207 1046 λούθου
223 1019 257 1046 τὰ
274 1019 335 1046 καθ’
351 1019 464 1046 ἕκαστον
479 1021 529 1055 τῆς
548 1020 699 1055 πολεμικῆς
720 1019 827 1054 ἐκείνης
840 1019 898 1045 δια-

114 1066 214 1100 σκευῆς
232 1066 397 1100 κατανοῆσαι
415 1066 462 1101 τῆς
476 1057 507 1092 ἐκ
521 1065 567 1092 τοῦ
586 1066 706 1100 ἀφανοῦς
725 1064 901 1100 προλοχεύον-

114 1121 174 1144 τος,
190 1109 231 1143 οἷς
247 1112 458 1147 περιπίπτουσιν
480 1113 504 1139 ot
520 1106 682 1147 ἀπροόπτως
704 1111 773 1149 κατὰ
789 1111 837 1147 τὴν
853 1111 899 1138 τοῦ

115 1157 173 1192 βίου
194 1157 253 1184 ὀδδν
278 1158 464 1193 πορευόμενοι.
490 1158 521 1185 Οί
541 1157 594 1194 γὰρ
617 1158 646 1184 ἐν
668 1157 787 1193 σχήματι
810 1156 901 1192 φιλίας

114 1202 161 1229 καὶ
178 1202 284 1233 εὐνοίας
302 1203 369 1238 πρὸς
385 1203 430 1229 τὸν
452 1203 501 1238 τῆς
516 1203 653 1238 ἁμαρτίας
674 1202 783 1238 ὄλεθρον
804 1201 901 1228 καθέλ-

114 1255 208 1278 κοντος
222 1247 268 1273 τὸν
282 1247 452 1282 πειθόμενον,
468 1244 540 1274 οὗτοί
557 1249 624 1274 εἰσιν
635 1248 659 1274 οί
677 1247 747 1274 κατὰ
761 1247 810 1279 τὰς
825 1246 902 1279 ὀδοὺς

114 1292 300 1327 ἐνεδρεύοντες
312 1312 318 1324 ,
335 1293 360 1319 οἱ
381 1293 430 1328 τῆς
453 1293 548 1327 ἡδονῆς
562 1292 702 1319 ἐπαινέται
714 1313 721 1325 ,
739 1293 762 1319 ot
779 1292 846 1328 πρὸς
867 1291 901 1318 τὰ

114 1337 216 1373 θέατρα
230 1338 474 1374 χειραγωγοῦντες.
493 1339 517 1364 σί
535 1338 580 1364 τοῦ
601 1337 686 1364 κακοῦ
711 1337 759 1373 τὴν
775 1337 902 1365 εὐκολίαν

114 1382 352 1414 ἀποδεικνύοντες,
373 1383 419 1408 καὶ
437 1382 470 1408 δι’
494 1378 530 1408 ὧν
557 1382 662 1409 ποιοῦσι
690 1383 757 1417 πρὸς
780 1382 829 1418 τὴν
848 1382 903 1409 τῶν

113 1427 214 1462 ὁμοίων
242 1428 357 1463 μίμησιν
388 1427 609 1463 ἐκκαλούμενοι,
637 1428 767 1462 ἀδελφοὺς
791 1428 903 1460 ἑαυτοὺς

115 1474 163 1500 καὶ
177 1473 270 1507 φίλους
289 1474 332 1499 ἐπ’
347 1473 449 1510 ὀλέθρῳ
467 1473 521 1500 τῶν
540 1473 733 1509 ἀπολλυμένων
755 1468 903 1507 κατονομά-

950 891 1048 919 magna
1065 891 1163 911 manus
1178 883 1347 919 proditorum
1364 891 1396 912 ex
1413 885 1515 919 populo
1535 885 1733 920 cogitationum

950 929 1058 964 cogitur
1073 929 1148 956 circa
1165 930 1377 965 exploratorem.
1394 929 1440 957 Isti
1461 935 1552 958 autem
1568 935 1633 958 sunt
1645 924 1736 966 prodi-

950 979 1024 1003 torcs
1040 975 1073 1002 dc
1090 975 1191 1011 quibus
1207 975 1275 1003 dicit
1292 975 1424 1004 Dominus
1440 985 1446 1003 ι
1466 985 1475 1002 ε
1492 972 1597 1011 Inimici
1616 969 1736 1004 hominis

950 1019 1093 1061 domestici
1105 1021 1164 1055 ejus
1174 1021 1208 1053 δ’,
1223 1030 1232 1046 ι
1243 1021 1289 1056 qui
1303 1028 1336 1048 ex
1348 1015 1429 1049 corde
1440 1026 1550 1054 exeunt,
1561 1026 1587 1049 et
1597 1021 1734 1049 hominem

951 1064 1098 1100 inquinant
1110 1065 1143 1098 '°,
1159 1063 1277 1100 quorum
1297 1065 1406 1092 nomina
1423 1069 1515 1100 aperte
1533 1064 1602 1092 disci
1621 1068 1737 1100 possunt

951 1117 983 1137 ex
1001 1109 1157 1146 Evangelia.
1176 1105 1245 1137 IIinc
1266 1109 1316 1137 tibi
1332 1110 1445 1137 minime
1466 1110 1548 1137 fuerit
1569 1109 1687 1142 dillieile,
1702 1118 1734 1137 ex

951 1156 1131 1191 consequenti
1146 1152 1300 1191 intelligere
1328 1156 1436 1191 singula
1461 1164 1520 1191 qua)
1549 1156 1685 1191 pertinent
1700 1155 1734 1183 ad

952 1201 1080 1230 bellicum
1096 1198 1172 1229 illum
1188 1206 1360 1237 apparatum,
1379 1205 1406 1228 et
1419 1202 1463 1236 qui
1492 1205 1557 1229 sunt
1572 1201 1589 1228 ii
1606 1202 1651 1236 qui
1665 1201 1734 1228 clant

951 1247 1089 1274 collocant
1104 1246 1230 1279 insidias,
1246 1246 1291 1280 qui
1308 1246 1492 1273 incursionem
1510 1244 1614 1272 faciunt
1630 1246 1657 1272 in
1677 1248 1735 1278 eos,

952 1292 999 1327 qui
1014 1300 1047 1320 ex
1062 1290 1212 1326 impr0vi50
1229 1291 1256 1318 in
1271 1291 1341 1317 viam
1370 1287 1431 1318 vita:
1458 1291 1657 1326 ingrediuntur.
1682 1289 1735 1323 Qui
1779 1308 1781 1310 -

953 1339 1025 1366 cnlm
1043 1341 1175 1373 praetextu
1191 1336 1317 1364 amicitiae
1333 1340 1359 1363 et
1380 1336 1586 1368 benevolentiae,
1613 1345 1675 1364 eum
1691 1336 1736 1364 cui

954 1378 1134 1418 persuadetur
1150 1378 1292 1408 attrahunt
1311 1380 1343 1407 ad
1365 1379 1468 1414 peccati
1484 1380 1608 1411 exitium,
1627 1380 1645 1406 ii
1670 1383 1736 1406 sunt

953 1428 999 1463 qui
1018 1428 1044 1454 in
1061 1427 1104 1454 via
1120 1426 1296 1458 insidiantur,
1328 1425 1482 1453 laudatores
1506 1425 1664 1460 voluptatis,
1688 1426 1735 1459 qui

954 1467 1095 1500 deducunt
1111 1471 1143 1499 ad
1158 1472 1275 1504 theatra,
1287 1471 1333 1506 qui
1348 1471 1410 1498 mali
1426 1471 1548 1498 indicant
1564 1471 1734 1502 facilitatem,

114 1518 217 1551 ζοντες.
228 1519 296 1555 Περὶ
306 1515 343 1545 ὧν
357 1519 520 1554 γέγραπται,
530 1519 570 1546 ὅτι
588 1529 596 1551 g
610 1519 666 1551 Πᾶς
676 1519 789 1554 ἀδελφὸς
805 1519 905 1556 πτέρνῃ

956 1521 983 1545 et
997 1525 1043 1552 per
1055 1525 1086 1545 ea
1100 1525 1160 1552 qua?
1175 1517 1290 1550 faciunt,
1317 1522 1463 1552 provocant
1484 1517 1517 1545 ad
1544 1518 1734 1549 imitationem,

116 1565 258 1600 πτερνιεϊι
282 1565 328 1592 καὶ
354 1566 407 1596 πᾶς
430 1565 505 1600 φίλος
526 1565 594 1601 δόλῳ
611 1564 783 1601 πορεύσεται.
801 1563 810 1588 i
829 1566 860 1592 Et
873 1566 901 1592 δὲ

115 1611 283 1645 νενοήκαμεν
302 1611 349 1642 τὰς
367 1611 487 1647 ἐνέδρας,
506 1611 590 1645 σαφὲς
611 1611 643 1638 ἂν
666 1611 707 1647 εἴη
731 1611 777 1638 καὶ
796 1611 826 1638 τὸ
849 1611 903 1638 τῶν

116 1655 301 1692 σφενδονητῶν
309 1665 337 1682 τε
356 1656 403 1691 καὶ
422 1657 538 1689 τοξοτῶν
559 1657 607 1684 καὶ
624 1657 789 1684 ἀκοντιστῶν
810 1657 903 1691 στίφος

114 1701 351 1736 διερευνήσασθαι,
360 1702 391 1728 0t
407 1701 461 1736 γὰρ
473 1701 599 1737 ὑϐρισταί
610 1709 640 1728 τε
651 1701 699 1728 καῖ
711 1701 843 1736 θυμώδεις
856 1701 903 1728 καὶ¹

115 1745 229 1781 λοίδοροι
249 1746 288 1782 τῷ
306 1747 506 1783 προκατάρχειν
534 1747 587 1773 τῶν
605 1745 718 1783 ὕϐρεων,
741 1741 801 1773 ἀντὶ
819 1746 903 1781 βελῶν

115 1792 132 1827 ἢ
147 1792 239 1824 λίθων,
254 1793 316 1824 τοὺς
340 1784 552 1828 παροξυντικοίδς
567 1792 662 1826 λόγους
682 1788 901 1825 ἀποτοξεύοντες,

116 1837 165 1864 καὶ
182 1838 397 1872 σφενδονοῦντες,
422 1838 468 1864 καὶ
489 1833 692 1872 ἀκοντίζοντες,
707 1838 792 1874 μέσην
807 1836 903 1873 τιτρώ-

117 1892 213 1910 σκουσι
237 1883 287 1918 τὴν
313 1875 432 1921 καρδίαν
449 1884 502 1910 τῶν
524 1882 717 1918 ἀθωρακίστους
737 1883 784 1923 καὶ
801 1876 903 1918 ἀφυλᾶ-

116 1936 191 1959 κτως
210 1924 389 1955 διοδευόντων.
405 1929 442 1955 Τὸ
461 1928 489 1955 δὲ
503 1927 550 1955 τοῦ
564 1928 648 1962 τύφου
667 1928 714 1954 καὶ
735 1928 783 1962 τῆς
800 1929 903 1964 ὑπερη-

118 1972 217 2007 φανίας
229 1973 323 2006 πάθος,
341 1975 380 2006 εἰς
396 1974 425 2001 τὸ
438 1975 579 2010 γαυρίαμα
595 1974 649 2000 τῶν
663 1974 754 2000 ἵππων
769 1983 900 2009 μετενεγ-

118 2018 213 2049 κόντες
247 2018 297 2045 οὐκ
326 2019 359 2046 ἂν
381 2020 646 2056 ἀμάρτοιεν.”1πποι
675 2020 729 2056 γάρ
757 2021 809 2047 εἰσί
832 2029 904 2053 τινες

117 2063 237 2098 ἀτεχνῶς
255 2064 446 2100 ὑψαυχενισταὶ
462 2066 508 2092 καὶ
523 2065 721 2102 ὑψηλοκάρηνοι
731 2085 739 2097 ,
751 2067 805 2098 τοῖς
820 2066 903 2102 ὑπερ-

117 2109 208 2143 όγκοις
224 2110 269 2137 τοῦ
282 2111 366 2146 τύφου
382 2112 501 2147 ῥήμασιν
524 2109 579 2138 οἷόν
598 2121 669 2138 τισιν
687 2112 783 2145 ὁπλαῖς
799 2113 902 2145 κοίλαις

117 2156 180 2187 τοὺς
206 2156 332 2191 μετρίους
355 2157 624 2193 κατακραδαίνοντες.
647 2157 713 2193 Περὶ
730 2154 768 2184 ὧν
789 2159 902 2194 φησινή

118 2200 225 2237 Γραφὴ,
240 2201 281 2228 ὃτι
299 2211 307 2227 ι
322 2201 368 2237 Μὴ
380 2202 480 2229 ἐλθέτω
492 2211 536 2238 μοι
551 2202 617 2233 ποῦς
634 2202 849 2238 ὑπερηφανίας.)
864 2204 904 2231 Τὰ

118 2247 147 2274 δὲ
165 2249 348 2284 μηχανήματα
370 2248 402 2275 δι’
416 2245 453 2275 ὧν
475 2248 567 2276 λύεται
584 2249 700 2285 ἁρμονία
715 2249 762 2275 τοῦ
788 2249 904 2285 τείχους,

119 2292 210 2327 καλῶς
222 2293 254 2320 ἄν
266 2301 307 2325 τις
320 2293 369 2329 τὴν
380 2293 597 2329 φιλοχρηματίαν
611 2294 814 2328 κατανοήσειεν.
824 2286 906 2320 Οὐδὲν

118 2337 173 2371 γὰρ
187 2336 272 2368 οὕτως
292 2338 349 2363 ἐστὶ
365 2337 433 2373 βαρὺ
448 2337 495 2364 καὶ
511 2338 675 2376 δυσόιντητον
689 2338 718 2364 ἐν
736 2339 769 2373 τῇ
785 2338 839 2364 τῶν
855 2334 906 2365 πο-

119 2382 221 2417 λεμίων
246 2385 407 2418 παρασκευῇ
418 2403 425 2414 ,
452 2383 490 2415 ὡς
504 2383 534 2410 τι
553 2384 603 2421 τῆς
621 2383 801 2419 φιλαργυρίας
817 2385 904 2419 μηχά-

119 2435 202 2462 νημα.
220 2427 278 2454 Κᾶν
297 2428 337 2454 ὅτι
365 2427 481 2462 μάλιστα
496 2427 545 2459 τὰς
568 2428 650 2460 ἄλλας
671 2429 772 2464 ἀρετὰς
791 2429 835 2457 διὰ
856 2427 906 2465 τῆς

118 2473 278 2508 ἐναρμονίου
295 2472 444 2511 συνθέσεως
464 2473 524 2505 ταῖς
539 2474 638 2509 ψυχαῖς
660 2476 903 2511 περιοικοδομηθῶ-

119 2527 172 2550 σιν,
185 2519 261 2545 οὐδὲν
276 2516 356 2554 ἦττον
369 2519 416 2545 καὶ
429 2518 472 2545 διὰ
487 2519 540 2545 τῶν
554 2518 682 2546 τοιούτων
705 2520 833 2551 πολλάκις
850 2522 906 2548 εἰσ-

117 2563 208 2590 δύεται
230 2564 260 2590 τὺ
283 2563 440 2599 μηχάνημα.
464 2563 542 2590 Ἔστι
556 2565 610 2600 γὰρ
636 2565 700 2592 [δεῖν
715 2566 762 2592 καὶ
784 2566 827 2593 διὰ
853 2576 906 2593 σω-

120 2608 257 2644 φροσύνης
276 2608 325 2644 τὴν
342 2608 558 2643 φιλοχρηματίαν
577 2610 784 2642 είσπίπτουσαν,
799 2612 844 2638 καὶ
861 2612 906 2638 πί-

120 2661 218 2685 στεως,
234 2654 281 2680 καὶ
297 2654 454 2689 μυστηρίων
466 2654 618 2689 ὰκριῦείας,
637 2656 798 2691 ἐγκρατείας
813 2665 843 2683 τε
860 2658 906 2684 κα)⁹

119 2697 377 2734 ταπεινοφροσύνης,
388 2698 434 2724 καί
443 2697 496 2724 τῶν
514 2698 640 2726 τοιούτων
655 2698 762 2728 πάντων
778 2701 852 2732 ἐντος
867 2710 906 2736 γι-

157 2785 180 2801 ⁸⁹
201 2785 296 2812 Matth.
316 2793 342 2818 Ξ,
359 2785 404 2813 36.

263 2831 397 2862 Ρλτιιοι..
420 2831 443 2861 G
450 2841 466 2861 ιι
473 2854 479 2861 .
500 2833 528 2862 Χ
535 2832 567 2861 LI
574 2833 609 2862 Υ.

954 1571 984 1591 se
997 1563 1096 1591 fratres
1122 1567 1148 1590 et
1174 1563 1276 1590 amicos
1317 1562 1501 1594 nominantes,
1526 1563 1559 1590 ad
1588 1562 1735 1599 perniciem

954 1616 1048 1636 eorum
1065 1603 1111 1643 qui
1132 1607 1279 1635 intereunt.
1298 1608 1335 1635 De
1358 1608 1457 1643 quibus
1476 1609 1607 1644 scriptum
1634 1612 1675 1636 est
1689 1609 1710 1624 "
1729 1619 1735 1636 :

956 1653 1066 1683 «Omnis
1079 1653 1163 1680 l‘rater
1189 1654 1321 1681 calcaueo
1353 1654 1558 1689 Sttpplantabit:
1591 1660 1618 1682 et
1647 1655 1737 1682 omnis

953 1700 1058 1727 anticus
1083 1698 1110 1726 in
1135 1699 1197 1726 dolo
1226 1698 1387 1726 ambulabit.
1408 1710 1416 1725 1
1445 1696 1472 1726 Si
1504 1697 1594 1728 autem
1622 1701 1738 1728 insidias

953 1745 1182 1778 intellexerimus,
1199 1744 1350 1780 poterimus
1367 1744 1449 1772 etiam
1473 1739 1593 1773 dilucide
1609 1746 1736 1780 perscru-

953 1791 1005 1818 tari
1023 1786 1138 1817 titrinam
1155 1790 1332 1822 funditorum,
1350 1790 1553 1824 sagittariorum
1584 1794 1612 1817 et
1631 1791 1738 1825 jacula-

953 1836 1055 1862 toi‘um.
1076 1827 1128 1868 Qui
1141 1835 1212 1862 enim
1227 1836 1291 1861 sunt
1305 1833 1496 1862 c'ontumelio'si
1515 1839 1541 1862 et
1565 1835 1688 1862 iracundi
1710 1837 1737 1863 e‘t

953 1879 1089 1912 maledici,
1104 1887 1136 1907 eo
1149 1879 1221 1914 quod
1233 1879 1337 1914 priores
1354 1879 1492 1907 lacessunt
1509 1878 1618 1915 probris
1633 1888 1665 1908 ac
1679 1884 1736 1908 ma-

953 1926 1073 1958 ledictis,
1089 1933 1138 1960 pro
1153 1926 1214 1953 telis
1232 1929 1280 1952 aut
1305 1925 1450 1960 lapidibus,
1462 1926 1543 1953 verba
1553 1933 1613 1961 qum
1628 1926 1737 1954 irritant

955 1975 1085 2007 tanquam
1096 1979 1128 1999 ex
1141 1978 1204 1999 arcu
1220 1975 1247 1998 ct
1259 1970 1352 2002 funda.
1366 1976 1392 1998 et
1403 1971 1737 2006 instarjaculijacientes,

954 2018 1074 2045 medium
1091 2025 1140 2045 cor
1154 2017 1279 2045 sauciant
1296 2025 1390 2044 eorum
1409 2017 1455 2052 qui
1471 2018 1574 2053 absque
1598 2009 1694 2049 lo'rica.
1710 2023 1738 2045 et

955 2064 1007 2091 sibi
1025 2072 1079 2091 non
1099 2068 1226 2091 caventes
1253 2064 1405 2091 transeunt.
1433 2062 1571 2099 Superbia
1597 2064 1686 2092 autem
1711 2069 1738 2092 et

955 2106 1109 2137 insolentia:
1120 2105 1215 2136 vitium
1226 2109 1272 2144 qui
1286 2109 1319 2136 ad
1333 2109 1464 2144 equorum
1477 2109 1668 2138 transtulerint
1682 2110 1738 2137 ela-

958 2155 1070 2186 tionem,
1083 2154 1194 2192 minirnc
1208 2155 1405 2182 aberra\'erittt.
1420 2154 1487 2182 sum
1498 2154 1570 2182 enim
1585 2155 1664 2190 plane
1674 2156 1736 2189 equi
1751 2154 1753 2158 ’

921 2194 1059 2228 οςοίίιιηῖ
1083 2206 1108 2227 et
1141 2206 1222 2235 caput
1252 2200 1278 2227 iu
1319 2201 1404 2228 altum
1433 2197 1608 2232 attollentes,
1637 2200 1737 2228 inﬂatis

955 2245 1108 2274 insolentia:
1126 2247 1228 2278 verbis,
1244 2246 1326 2274 veluti
1356 2246 1519 2281 quibusdam
1545 2246 1666 2280 ungulis,
1690 2254 1737 2273 eos

954 2292 1001 2326 qui
1029 2296 1093 2319 sunt
1119 2291 1253 2319 moderati
1288 2292 1438 2327 pulsantes.
1472 2291 1509 2319 De
1538 2292 1640 2327 quibus
1669 2292 1737 2319 dicit

956 2337 1114 2372 Scriptura:
1138 2346 1147 2363 ι
1173 2337 1235 2364 Non
1260 2338 1352 2365 veniat
1375 2338 1441 2365 mihi
1454 2343 1502 2373 pes
1519 2338 1654 2373 superbia!
1671 2339 1704 2364 δ’.
1726 2349 1735 2364 ι

956 2382 1096 2410 Machiuas
1112 2386 1203 2410 autem
1219 2382 1319 2419 quibus
1342 2378 1457 2411 solvitur
1471 2384 1541 2410 muri
1563 2387 1740 2418 coagmenta~

955 2429 1006 2459 tio,
1032 2429 1176 2455 avaritiam
1201 2432 1247 2455 aut
1273 2430 1397 2464 pecunia:
1410 2429 1588 2464 cupiditatem
1603 2433 1677 2456 recte
1690 2437 1740 2456 no-

956 2469 1115 2501 minavet-is.
1132 2472 1205 2501 Nihil
1221 2474 1293 2501 enim
1302 2479 1343 2501 est
1358 2475 1412 2500 tam
1429 2481 1510 2508 grave
1529 2478 1554 2500 et
1572 2474 1616 2500 cui
1639 2474 1739 2501 difﬁci-

955 2520 1009 2547 lius
1024 2520 1132 2547 oecurri
1145 2514 1233 2555 possit
1247 2520 1273 2547 in
1285 2524 1417 2555 apparatu
1433 2520 1566 2551 hostium,
1585 2527 1666 2556 quam
1682 2522 1739 2546 mti-

955 2565 1036 2592 china
1053 2563 1186 2593 avaritim.
1202 2564 1269 2593 Nam
1282 2567 1389 2594 etiamsi
1408 2566 1467 2593 alia:
1482 2567 1597 2594 virtutes
1613 2568 1660 2601 per
1674 2568 1740 2593 emi-

955 2611 1064 2637 cinnam
1081 2608 1344 2645 coagmentationem
1363 2610 1417 2638 sint
1436 2610 1574 2637 zdilicatte
1593 2610 1621 2636 in’
1643 2610 1737 2636 eorum

955 2654 1064 2686 animis,
1084 2655 1264 2682 nihilominus
1279 2655 1360 2682 etiam
1379 2663 1427 2690 per
1438 2663 1485 2683 eas
1502 2657 1573 2690 saepe
1587 2655 1671 2681 intrat
1684 2661 1740 2682 ma-

954 2701 1046 2728 china.
1065 2701 1164 2728 Videre
1183 2701 1254 2728 enim
1280 2702 1343 2728 lieet
1359 2702 1439 2728 etiam
1465 2709 1513 2736 per
1533 2701 1738 2736 temperantiam

442 2786 466 2801 '°
487 2785 582 2813 Matth.
601 2795 645 2819 xv,
664 2787 704 2814 IS.
744 2787 763 2803 "
785 2787 841 2815 Jcr.
869 2796 905 2821 ις,
928 2789 952 2816 ιί.
992 2789 1013 2804 ¹¹
1034 2787 1105 2815 I‘sal.
1122 2788 1255 2822 Πυκνὶ.

1518 2832 1555 2862 2'4
