1989 3070
247 97 299 128 ’147

880 96 916 123 Β.
931 94 1100 123 'GREGORII
1119 95 1264 125 NYSSICNI

1252 39 1256 42 -
1274 38 1291 46 .4

1821 97 1868 123 ἸΝ

249 161 354 187 irruere
374 157 528 189 avaritiam,
553 160 579 184 et
601 160 649 191 per
678 150 771 187 ﬁdem,
788 160 814 182 "et
839 154 1033 191 mysteriorum

1087 155 1201 191 νομένην
1216 156 1265 192 τὴν
1288 155 1398 191 βαρεῖαν
1418 156 1518 190 ταύτην
1541 154 1587 181 καὶ
1601 154 1705 189 ἄμαχον
1720 152 1767 180 τοῦ
1787 153 1869 180 κακοῦ

248 210 403 232 accuratam
424 208 450 231 et
468 203 626 239 diligentem
654 201 872 238 perceptionem,
889 201 1035 228 continen-

248 253 369 286 tiamque
393 255 420 278 et
439 249 634 281 humilitatem,
652 254 679 277 et
696 256 868 284 quaecunque
883 248 1035 284 suntejus-

248 296 332 326 modi,
344 296 415 321 intro
427 294 579 329 irrumpere
594 293 646 320 hoc
662 293 762 320 malum
780 300 863 328 grave
874 297 901 320 et
917 293 1035 328 inexpu-

247 342 364 376 gnabile.
392 341 451 374 Quo
472 340 518 372 ﬁt,
543 343 573 366 ut
600 339 725 366 nonnulli
745 339 919 367 continentes
935 342 962 366 et
978 346 1034 365 mo-

248 389 316 414 desli
343 391 370 414 et
394 386 444 413 ﬁde
474 385 614 417 ardentes,
644 385 823 419 moribusque
842 384 990 421 compositi
1008 388 1035 412 et

248 431 392 464 moderati,
411 430 477 458 huic
496 430 545 457 soli
564 429 660 456 morbo
680 437 734 456 non
763 429 869 464 possint
893 429 1033 456 resistere.

248 477 276 504 Si
299 484 364 512 ergo
397 476 534 503 intellecta
560 479 602 503 est
622 483 637 501 a
657 474 738 502 nobis
763 479 874 502 caterva
902 474 1033 506 hostium,

248 526 356 556 tempus
369 521 421 549 erit
443 521 634 556 belligerandi.
661 520 747 548 Nemo
762 524 852 548 autem
867 520 987 547 conﬁdat
1006 527 1035 548 se

248 568 367 595 hostium
401 569 486 595 aciem
517 575 598 602 posse
623 566 719 602 fugare
741 571 767 594 et
791 567 957 602 proﬂigare,
980 567 1035 593 nisi

247 611 369 647 Apostoli
393 612 594 639 armaturam”
608 611 766 646 arripuerit.
796 610 914 638 Omnino
943 615 1033 638 autem

248 664 327 683 nemo
343 657 450 691 ignorat
461 656 616 691 cujusmodi
630 656 685 683 sint
700 663 776 683 arma
790 656 849 688 illa,
862 663 910 691 per
920 663 980 691 quae
993 655 1035 683 ef-

249 701 304 727 licit
328 705 357 728 ut
377 701 501 728 adversis
531 701 593 728 telis
608 701 723 728 minime
734 701 770 729 sit
780 700 971 734 vulnerabilis,
988 701 1034 735 qui

249 747 367 774 hostium
380 747 482 774 resistit
498 747 637 782 plnlangi.
654 746 722 774 Nam
736 753 799 774 cum
818 746 967 782 Apostolus
980 746 1036 773 vir-

247 795 320 818 tutes
344 791 483 818 divisisset
508 791 534 817 in
560 799 678 827 genera,
698 792 922 827 unumquodque
949 798 1035 827 genus

249 838 358 866 virtutis
374 837 483 872 propria
493 845 569 864 arma
580 837 679 869 effecit,
697 838 850 873 unicuique
865 845 960 866 eorum
974 845 1036 872 qua:

246 885 276 911 in
305 884 383 911 nobis
405 888 469 911 sunt
495 881 650 918 opportuna
666 887 694 910 et
717 883 866 918 prtecipua.
881 882 950 910 Cum
963 883 1035 910 enim

249 939 310 958 rum
331 930 382 957 ﬁde
408 930 603 957 connexuisse‘t
627 933 654 957 et
675 930 865 956 contexuisset
885 928 1034 964 justitiam,

249 985 297 1013 per
317 985 348 1004 ea
372 982 479 1004 armato
498 976 588 1004 munit
609 976 762 1008 thoracem,
787 980 863 1003 recte
877 979 904 1003 et
916 978 974 1003 tute
987 982 1036 1010 per

250 1029 395 1058 utrumque
412 1024 508 1050 militis
519 1026 614 1058 pectus
631 1023 768 1049 muniens.
786 1021 847 1049 Non
862 1024 952 1057 potest
963 1021 1035 1049 enim

241 1060 318 1101 'ﬁeri,
336 1073 365 1095 ut
376 1069 493 1095 alterum
510 1068 545 1095 ab
559 1068 647 1095 altero
665 1067 849 1102 disjunctum,
873 1075 906 1095 ex
924 1075 954 1095 se
976 1071 1036 1094 tuta

248 1116 368 1151 prmbeat
384 1122 460 1141 arma
476 1115 501 1141 ei
514 1114 561 1149 qui
580 1114 639 1148 ipsa
653 1117 763 1141 tractat.
782 1112 878 1148 Neque
905 1113 980 1141 enim
1006 1113 1037 1139 ﬁ-

249 1162 298 1189 des
315 1161 419 1196 absque
435 1160 565 1194 operibus
576 1159 690 1195 justitiat
699 1159 800 1186 sufﬁcit
817 1158 850 1186 ad
859 1158 1034 1187 servandum.

251 1206 342 1242 Neque
361 1212 459 1232 rursus
473 1205 535 1232 vitae
554 1203 660 1239 iustitia
678 1211 727 1238 per
743 1211 772 1231 se
790 1207 848 1230 tuta
862 1206 904 1230 est
917 1203 950 1230 ad
963 1204 1037 1230 salu-

249 1257 316 1285 tem,
347 1251 371 1279 si
399 1251 525 1285 sejuncta
560 1249 596 1277 sit
623 1249 700 1276 ﬁdes.
724 1248 756 1275 Et
781 1248 843 1276 ideo
872 1256 934 1275 cum
952 1248 1036 1275 veluti

249 1297 396 1332 quamdam
410 1296 553 1323 materiam
577 1294 656 1322 ﬁdem
680 1299 706 1321 et
727 1294 862 1329 justitiam
885 1293 930 1321 his
951 1293 1037 1321 armis

250 1342 446 1374 contexuisset,
462 1340 562 1368 armati
585 1340 681 1367 militis
706 1339 796 1366 munit
821 1338 982 1374 przecordia.
1008 1337 1036 1365 In

251 1393 361 1423 pectore
387 1387 460 1415 enim
485 1393 533 1418 eor
558 1385 731 1420 intelligitur.
756 1383 848 1412 Fortis
872 1389 962 1411 autent
985 1384 1036 1411 viri

250 1439 333 1469 caput
348 1442 399 1469 spe
418 1433 517 1464 munit,
536 1431 695 1466 signiﬁcans
717 1430 789 1465 quod
813 1430 944 1457 convenit
965 1430 1037 1457 bono

1087 199 1337 235 προσδολήνῙΟΘεν
1361 199 1433 231 τινὲς
1447 199 1591 234 ἐγκρατεῖς
1609 205 1639 224 τε
1660 197 1707 224 καὶ
1724 197 1868 233 σώφρονες,

1086 246 1133 272 καὶ
1149 246 1213 282 περὶ
1227 246 1276 282 τὴν
1288 246 1378 272 πίστιν
1387 245 1529 280 διάπυροι,
1542 244 1590 271 καὶ
1601 242 1814 278 κατεσταλμένος.
1827 242 1869 268 τὸν

1085 292 1196 328 τρόπον,
1211 292 1258 319 καὶ
1267 291 1312 320 διὰ
1326 292 1380 318 τῶν
1387 290 1461 326 ἠθῶν
1475 289 1677 326 μετριάζοντες,
1691 288 1758 324 πρὸς
1770 287 1869 322 ταύτην

1087 339 1167 374 μόνον
1190 339 1324 374 ἀντισχεῖν
1347 338 1397 373 τὴν
1413 338 1490 364 νόσον
1510 335 1696 364 ἀδυνατοῦσιν.
1717 335 1749 362 Et
1763 332 1810 361 οὖν
1829 341 1870 359 νε-

1086 385 1179 420 νόηται
1195 385 1260 421 ἡμῖν
1275 384 1329 411 τῶν
1340 384 1476 419 πολεμίων
1489 383 1520 410 τὺ
1537 383 1647 417 στῖφος,
1662 381 1758 416 καιρὸς
1778 380 1810 407 ἂν
1826 379 1867 414 εἴη

1085 431 1131 457 τοῦ
1145 430 1282 466 πολεμεῖν.
1301 430 1359 456 Οὐκ
1373 430 1406 456 ἂν
1418 429 1445 456 δέ
1464 437 1506 460 τις
1521 428 1668 464 Θαῤῥὴσειε
1681 426 1731 462 τὴν
1746 425 1869 453 ἐναντίαν

1085 475 1237 512 παράταξιν
1263 475 1478 512 τῳπὼσασθαι,
1504 474 1541 510 μὴ
1570 474 1620 509 τῆς
1647 471 1797 504 πανοπλίας
1823 470 1869 498 τοῦ

1091 521 1252 548 Ἀποστόλου
1274 520 1452 557 δραξάμενοςε
1475 521 1588 550 Πάντως
1618 518 1647 545 δὲ
1671 517 1758 549 οὐδεὶς
1780 517 1873 550 ἀγνοεῑ

1085 567 1130 594 τὸν
1142 567 1241 603 τρόπον
1255 568 1305 602 τῆς
1321 567 1396 598 θείας
1407 565 1513 600 ἐκείνης
1527 565 1670 596 ὁπλίσεως,
1686 563 1720 590 δι’
1734 561 1768 599 ἧς
1783 563 1868 598 ἄτρω‹

1085 622 1130 640 τον
1143 613 1215 639 ποιεῖ
1227 613 1285 645 τοῖς
1297 611 1428 644 ἐναντίοις
1443 611 1531 646 βέλεσι
1545 611 1591 637 τὸν
1602 607 1670 646 πρὸς
1682 609 1731 644 τὴν
1744 608 1868 644 φάλαγγα

1084 657 1139 684 τῶν
1156 656 1293 692 πολεμίων
1314 656 1468 691 ἱστάμενον.
1490 654 1589 681 Διελὼν
1604 655 1659 690 γὰρ
1680 655 1719 685 εἰς
1741 653 1799 688 εἴδη
1820 652 1868 684 τὰς

1085 702 1185 738 ἀρετὰς
1208 703 1222 729 ὁ
1244 701 1412 734 ’Δπόστολος,
1439 701 1504 728 ῐδιον
1527 700 1609 727 ὅπλον
1629 699 1738 733 ἑκάστῳ
1765 698 1820 724 τῶν
1841 698 1869 723 ὲν

1086 749 1152 783 ἡμῖν
1172 747 1288 783 καιρίων
1310 747 1425 774 ἕκαστον
1445 746 1545 782 ἀρετῆς
1565 743 1632 776 εἶδος
1650 744 1805 779 πεποίηται.
1829 743 1867 777 Τῇ

1087 794 1176 821 πίστει
1192 793 1247 829 γὰρ
1259 793 1308 828 τὴν
1322 792 1494 827 δικαιοσύνην
1513 790 1671 827 συμπλέξας
1687 790 1735 816 καὶ
1752 789 1868 823 συνυφὰ-

1087 848 1144 871 νας,
1161 839 1205 866 διὰ
1227 838 1330 866 τούτων
1351 837 1551 869 κατασκευάζει
1566 836 1606 872 τῷ
1629 835 1727 870 ὁπλίτῃ
1746 834 1793 861 τὸν
1815 833 1868 860 θώ-

1087 894 1168 921 ρακα,
1184 885 1274 917 καλῶς
1283 884 1331 912 καὶ
1341 883 1468 918 ἀσφαλῶς
1479 883 1513 909 δι’
1527 881 1691 918 ἀμφοτέρων
1707 879 1870 915 θωρακίζων

1085 931 1130 957 τὸν
1155 929 1333 966 στρατιώτην.
1355 931 1392 957 οὐ
1412 930 1465 966 γὰρ
1486 929 1568 959 ἐστιν,
1583 927 1678 963 ἕτερον
1703 926 1750 953 τοῦ
1773 925 1869 961 ἐτέρου

1085 976 1283 1011 διεζευγμένον,
1299 975 1418 1010 ἀσφαλὲς
1431 974 1511 1001 ὅπλον
1525 973 1568 1009 ἐφ’
1578 972 1675 1000 ἑαυτοῦ
1689 971 1728 1007 τῷ
1747 978 1869 1006 μεταχει-

1089 1021 1222 1057 ριζομένῳ
1246 1021 1383 1056 γενέσθαι,
1405 1019 1474 1047 Οὔτε
1498 1019 1552 1054 γὰρ
1568 1019 1585 1054 ἡ
1600 1018 1692 1049 πίστις
1716 1016 1800 1052 χωρὶς
1816 1015 1870 1042 τῶν

1086 1067 1174 1102 ἔργων
1187 1067 1236 1102 τῆς
1250 1067 1423 1102 δικαιοσύνης
1436 1065 1515 1101 ἱκανὴ
1529 1062 1734 1100 περισώσασθαι
1744 1070 1752 1078 ο
1769 1061 1824 1088 οὐδ’
1836 1058 1870 1087 αὖ

1087 1114 1167 1141 πάλιν
1181 1114 1197 1150 ὴ
1211 1113 1258 1140 τοῦ
1272 1113 1330 1149 βίου
1354 1112 1512 1147 δικαιοσύνη
1531 1109 1656 1145 ἀσφαλής
1668 1110 1742 1136 ἐστιν
1758 1108 1798 1139 εἰς
1820 1115 1871 1134 σω-

1086 1159 1184 1194 τηρίαν
1198 1158 1259 1186 καθ’
1273 1157 1382 1193 ἑαυτὴν,
1406 1156 1599 1191 διεζευγμένης
1615 1154 1665 1189 τῆς
1676 1153 1802 1184 πίστεως.
1822 1151 1871 1178 Διὰ

1086 1204 1164 1231 τοῦτο
1178 1204 1302 1240 καθάπερ
1316 1204 1382 1235 ὕλας
1392 1202 1467 1234 τινας
1476 1202 1515 1238 τῷ
1526 1201 1601 1236 ὅπλῳ
1614 1200 1701 1234 τούτῳ
1714 1198 1764 1234 τὴν
1781 1197 1870 1224 πίστιν

1087 1250 1133 1276 καὶ
1147 1250 1196 1285 τὴν
1210 1249 1382 1284 δικαιοσύνην
1400 1247 1567 1284 συμπλέξας,
1582 1246 1614 1273 τδ
1632 1244 1806 1280 περικάρδιον
1823 1241 1872 1269 τοῦ

1086 1295 1195 1321 ὁπλίτου
1208 1295 1448 1329 κατασφαλίζεται.
1471 1294 1515 1320 Ἐν
1525 1293 1584 1328 ,γὰρ
1594 1292 1633 1328 τῷ
1647 1291 1761 1326 Θώρακι,
1775 1290 1790 1324 ὴ
1803 1297 1872 1322 καρο

1087 1340 1131 1367 δία
1148 1341 1257 1367 νοεῖται.
1274 1340 1329 1376 Τὴν
1345 1340 1372 1366 δὲ
1390 1339 1511 1375 κεφαλὴν
1524 1338 1572 1366 τοῦ
1585 1337 1718 1374 ἀριστέως
1731 1337 1764 1370 τῇ
1784 1333 1873 1360 ἐλπίδι

1088 1386 1332 1420 κατασφαλίζεται,
1351 1386 1491 1420 σημαίνων
1510 1385 1550 1411 ὅτι
1578 1383 1712 1418 προσήκει
1733 1379 1773 1416 τῷ
1794 1378 1872 1413 καλῷ

1090 1432 1251 1469 στρατιώτῃ,
1269 1431 1318 1467 τὴν
1329 1431 1422 1458 ἐλπίδα
1436 1431 1490 1457 τῶν
1505 1429 1624 1464 ὑψηλῶν,
1639 1425 1694 1454 οἷόν
1703 1435 1763 1453 τινα
1776 1425 1873 1459 λοφίαν
1899 1459 1906 1464 ν

251 1479 330 1506 militi
352 1478 510 1505 sublimium
535 1483 626 1503 rerum
657 1481 750 1509 spent,
776 1475 859 1502 veluti
888 1475 1032 1510 quamdam

1090 1480 1128 1510 εἰς
1152 1478 1181 1505 τὸ
1205 1478 1260 1505 ἄνω
1282 1478 1363 1512 ἔχειν.
1394 1476 1423 1503 'U
1448 1476 1477 1503 δὲ
1498 1474 1593 1510 θυρεὸς
1619 1472 1649 1500 τδ
1672 1471 1874 1505 σκεπαστήριον

251 1524 374 1555 cristam,
395 1523 496 1550 haltere
521 1529 649 1556 superne.
671 1520 790 1555 Clypeus
813 1525 904 1547 autem
924 1520 969 1555 qui
994 1524 1037 1547 est

252 1576 327 1596 arma
344 1569 445 1604 quibus
463 1568 589 1602 tegimur,
605 1572 648 1594 est
666 1567 733 1594 ﬁdes
748 1574 809 1602 quae
825 1567 912 1602 frangi
923 1575 977 1594 non
990 1574 1036 1602 po-

251 1619 316 1645 test.
333 1622 415 1649 quam
427 1614 585 1640 aculeorttm
597 1613 690 1648 cuspis
703 1620 757 1640 non
772 1617 861 1648 potest
876 1612 1041 1647 pervadere;

252 1660 370 1688 Aculeos
381 1665 472 1687 autem
482 1660 529 1694 qui
539 1659 724 1686 immittuntur
733 1659 767 1686 ab
775 1659 911 1692 hostibus,
923 1659 1037 1686 omnino

253 1705 433 1740 intelligimus
450 1705 540 1731 varios
555 1704 684 1731 vitiorum
702 1709 729 1732 et
743 1704 827 1731 animi
850 1704 1038 1740 perturbatio-

253 1758 316 1777 num
332 1750 462 1785 impetus.
475 1749 612 1777 Salutaria
629 1753 719 1777 autem
731 1757 808 1777 arma
826 1757 887 1785 quae
909 1750 1038 1777 muniunt

251 1799 385 1827 adversus
397 1799 491 1827 hostes
502 1798 640 1826 dexteram
653 1805 759 1830 eorum,
770 1797 816 1832 qui
832 1804 861 1824 se
876 1796 982 1823 fortiter
993 1803 1038 1831 ge-

251 1849 325 1877 runt,
339 1849 381 1872 est
392 1849 505 1872 sanctus
522 1843 652 1878 Spiritus,
667 1841 713 1878 qui
727 1846 768 1870 est
784 1841 915 1869 terribilis
928 1840 1037 1876 quidem

251 1890 318 1917 sisit
332 1887 642 1922 contrarius,salutaris
654 1892 744 1915 autem
758 1887 779 1915 si
798 1891 963 1914 assumatur.
973 1884 1039 1912 Otu—

252 1931 295 1959 uis
313 1936 404 1960 autem
415 1932 540 1959 doctrina
555 1932 718 1967 Erangelica
733 1931 852 1966 pedibus
861 1931 938 1959 aﬁ‘ert
955 1939 1037 1960 secu-

251 1977 369 2010 ritatem,
400 1977 467 2004 adeo
493 1982 522 2003 ut
547 1977 621 2004 nulla
649 1985 711 2012 pars
729 1977 853 2012 corporis
882 1977 1037 2005 inveniatur

252 2023 324 2048 nuda
343 2026 370 2049 et
389 2027 452 2058 apta
469 2023 502 2050 ad
520 2024 590 2051 ictus
606 2023 794 2058 accipiendos.

290 2069 317 2095 Si
333 2069 414 2104 igitur
431 2069 577 2096 didicimus
592 2077 655 2096 cum
678 2069 779 2104 quibus
805 2069 842 2097 sit
869 2069 1035 2102 bellandum,

196 2110 209 2116 “
251 2120 332 2150 atque
350 2115 387 2142 ita
402 2122 490 2150 pugna
506 2115 684 2150 capessenda,
699 2116 784 2143 altera
800 2123 908 2151 quoque
921 2123 983 2151 pars
995 2121 1037 2144 est

251 2159 382 2188 discenda
392 2181 400 2194 ,
412 2168 509 2195 nempe
529 2168 590 2187 cum
603 2160 703 2195 quibus
718 2159 807 2188 fmdus
821 2160 892 2188 inire
905 2164 932 2188 et
941 2168 1034 2196 pacem

252 2215 331 2242 agere
342 2210 459 2242 oportet,
471 2206 630 2233 testiﬁcetur
643 2206 687 2233 hic
697 2206 773 2233 liber.
781 2205 848 2239 Quis
857 2209 899 2234 est
910 2213 975 2241 ergo
986 2206 1037 2234 bo-

251 2259 303 2279 nus
317 2252 474 2287 imperator,
491 2251 535 2278 cui
551 2257 600 2285 per
616 2257 710 2285 pacem
728 2258 771 2277 me
786 2250 898 2278 reddam
909 2250 1036 2285 junctum

252 2297 453 2325 f.uuiliaritate?
466 2297 533 2330 Quis
548 2301 589 2324 est
603 2300 694 2324 autem
706 2296 761 2323 dux
777 2296 859 2332 hujus
874 2297 1037 2325 exercitus?

250 2343 319 2370 Num
340 2349 381 2371 est
397 2343 570 2378 perspicuum
588 2343 660 2378 quod
678 2346 824 2377 utrumque
839 2343 995 2370 audivimus
1019 2349 1035 2369 a

251 2389 396 2424 Scriptura
411 2389 541 2416 divinitus
555 2389 701 2424 inspirata,
718 2389 793 2423 quod
818 2389 938 2417 euelestis
954 2396 1034 2416 exer-

251 2436 321 2463 citus
338 2436 374 2462 sit
388 2435 461 2462 acies
477 2434 659 2470 angelorum?
676 2445 685 2461 ι
703 2433 786 2462 Facta
797 2439 839 2463 est
855 2436 938 2468 enim,
963 2445 972 2462 ι
993 2436 1034 2462 iu-

250 2482 326 2516 quit,
358 2491 367 2506 ι
401 2480 548 2508 multitudo
580 2481 682 2508 militia:
711 2481 831 2508 cmlestis
863 2481 1033 2508 laudantium

250 2524 335 2554 Deum
345 2527 379 2554 “.
397 2535 406 2552 ι
420 2525 453 2554 Et
464 2525 557 2554 Daniel
566 2527 638 2554 videt
653 2526 742 2554 decies
755 2527 829 2554 mille
842 2527 925 2554 millia
940 2534 1034 2554 eorum

249 2573 296 2608 qui
314 2573 459 2606 assistunt,
470 2573 600 2600 etmillies
613 2572 687 2599 mille
703 2572 786 2599 millia
801 2572 977 2607 aspicitinter
986 2580 1034 2600 eos

250 2619 296 2653 qui
316 2619 472 2647 ministrant
484 2619 520 2646 ⁸⁵.
537 2618 670 2653 Propheta
697 2625 806 2653 quoque
823 2617 848 2644 id
867 2618 1015 2645 testificaris
1026 2639 1033 2651 ,

250 2663 395 2692 Dominum
412 2664 581 2691 exercituum
596 2668 622 2690 et
636 2662 779 2689 Dominum
799 2663 938 2697 copiarum
956 2668 1034 2690 vocat

254 2708 398 2739 Dominum
414 2708 601 2736 universitatis
611 2707 645 2734 ".
660 2707 692 2734 Et
702 2707 736 2734 ad
751 2706 843 2735 .fcsum
858 2707 930 2736 Nave
942 2707 963 2724 ⁸⁷
987 2717 1035 2744 po-

285 2795 306 2811 "
327 2795 528 2833 Ephes.vt,ll.
567 2795 589 2810 “
612 2794 675 2821 Luc.
691 2802 720 2827 tt,
757 2795 797 2822 l5.
837 2796 858 2812 ⁵³
880 2791 946 2822 Dan.
964 2798 1052 2830 “1,2.

1087 1524 1178 1557 ὅπλον,
1200 1525 1216 1559 ἡ
1234 1523 1358 1559 ἁρῤαγὴς
1381 1522 1472 1554 πίστις
1491 1521 1581 1553 ἐστὶν,
1604 1517 1638 1556 ἦς
1657 1519 1674 1554 ἠ
1699 1518 1753 1544 τῶν
1771 1516 1873 1544 ἁκίδων

1088 1570 1164 1606 ἀκμὴ
1191 1569 1329 1604 διαδυῆναι
1364 1569 1395 1595 οὐ
1424 1568 1546 1595 δύναται.
1567 1565 1675 1596 Ἀκίδας
1703 1563 1731 1590 δὲ
1762 1562 1872 1593 πάντως

1089 1616 1163 1651 παρὰ
1186 1615 1240 1642 τῶν
1262 1614 1398 1650 πολεμίων
1418 1611 1628 1647 ὲκτοξευομένας
1641 1630 1648 1644 ,
1673 1610 1721 1640 τὰς
1746 1606 1873 1637 ποικίλας

1088 1661 1239 1698 προσϐολὰς
1259 1659 1314 1687 τῶν
1329 1659 1500 1695 παθημάτων
1518 1657 1670 1692 νοήσωμεν,
1691 1653 1826 1698 Σωτήριον
1838 1651 1873 1698 δὲ

1087 1695 1167 1734 ὅπλον
1189 1705 1203 1733 δ
1221 1707 1271 1742 τὴν
1292 1705 1381 1739 δεξιὰν
1405 1704 1509 1736 ὁπλίζει
1527 1703 1580 1729 τῶν
1596 1700 1667 1728 κατὰ
1686 1699 1740 1726 τῶν
1765 1695 1872 1733 ἐχθρῶν

1087 1753 1293 1789 ἁριστευόντων,
1303 1752 1334 1779 τὸ
1352 1752 1429 1786 ἆγιον
1439 1749 1552 1785 Πνεῦμά
1566 1749 1634 1780 ἐστι,
1645 1745 1758 1781 φοϐερὸν
1777 1743 1826 1779 μὲν
1841 1742 1875 1768 τδ

1088 1798 1257 1830 ὑπεναντίον,
1271 1798 1301 1825 τὸ
1313 1798 1341 1825 δὲ
1364 1794 1620 1833 μεταχειριζόμενον
1633 1792 1776 1826 σωτήριον.
1793 1789 1874 1815 Πᾶσα

1089 1844 1146 1879 δὲὴ
1174 1843 1337 1879 εὐαγγελικὴ
1357 1842 1536 1874 διδασκαλία,
1557 1841 1614 1871 τοῖς
1637 1838 1702 1864 ποσὶ
1727 1835 1799 1862 ποιεῖ
1823 1834 1877 1870 τὴν

1087 1890 1246 1925 ἀσφάλειαν,
1263 1889 1301 1921 ὡς
1321 1889 1404 1924 μηδὲν
1413 1888 1458 1915 τοῦ
1474 1887 1597 1922 σώματος
1615 1883 1756 1920 εὑρεθῆναι
1769 1879 1875 1916 γυμνὸν

1088 1935 1134 1962 καὶ
1151 1936 1217 1969 πρὸς
1230 1935 1335 1970 πληγὴν
1348 1934 1507 1968 ἐπιτήδειον.

1124 2071 1154 2097 Εἰ
1169 2067 1214 2097 οὖν
1231 2069 1431 2105 μεμαθήκαμεν
1442 2066 1482 2101 οἷς
1496 2068 1623 2103 πολεμεῖν
1636 2067 1700 2103 χρὴ,
1721 2066 1768 2092 καὶ
1787 2065 1878 2097 οὕτως

1088 2117 1136 2151 τῆς
1152 2117 1240 2152 μάχης
1255 2116 1512 2151 ἀντιλαμῆάνεσθαι,
1525 2114 1621 2149 μαθεῖν
1635 2113 1767 2149 προσήκει
1785 2111 1830 2139 καὶ
1843 2111 1877 2138 τὸ

1088 2162 1179 2197 ἕτερον
1203 2162 1300 2198 μέρος,
1322 2159 1363 2193 οἷς
1384 2160 1525 2188 ἔνσπονδον
1544 2157 1614 2186 εἶναι
1633 2159 1680 2185 καὶ
1701 2157 1837 2194 εἰρηνικὸν
1861 2158 1878 2184 ὁ

1088 2208 1165 2242 λόγος
1179 2206 1401 2243 διαμαρτύρεται.
1419 2207 1467 2238 Τίς
1480 2203 1526 2233 οὖν
1541 2206 1554 2231 ό
1577 2204 1678 2239 ἀγαθὸς
1703 2203 1876 2239 στρατηγὸς,

1087 2251 1109 2288 ᾧ
1127 2253 1170 2280 διὰ
1189 2253 1236 2288 τῆς
1256 2254 1366 2289 είρήνης
1382 2252 1498 2288 ἐμαυτὸν
1519 2250 1670 2282 οἰκειὼσω;
1692 2250 1740 2282 Τίς
1755 2249 1783 2276 δὲ
1797 2250 1812 2276 δ
1825 2247 1877 2275 τοῦ

1088 2300 1209 2326 τοιούτου
1232 2299 1348 2335 στρατοῦ
1373 2298 1514 2334 βασιλεύς;
1535 2289 1574 2323 Ἦ
1593 2296 1673 2332 δῆλόν
1693 2297 1776 2324 ἔστιν,
1791 2295 1879 2330 ἄμφω

1090 2344 1164 2380 παρὰ
1178 2346 1227 2380 τῆς
1240 2344 1417 2372 θεοπνεύστου
1428 2342 1539 2379 Γραφῆς
1554 2342 1721 2378 ἀκηκόαμεν,
1737 2341 1777 2368 ὅτι
1792 2349 1879 2375 στρα-

1089 2390 1134 2422 τὸς
1148 2391 1281 2426 οὐράνιος,
1290 2391 1307 2426 ἡ
1316 2390 1465 2425 παράταξις
1478 2389 1532 2416 τῶν
1543 2387 1764 2423 ἀγγέλωνέστίν;
1778 2396 1787 2412 ι
1799 2386 1879 2420 Ἐγέο

1089 2444 1150 2462 νετο
1165 2436 1228 2472 γὰρ,
1243 2446 1251 2462 ι
1265 2437 1342 2472 φησὶ,
1355 2445 1364 2462 ‹
1379 2435 1479 2471 πλῆθος
1489 2435 1613 2472 οὐρανίου
1629 2433 1756 2469 στρατιᾶς
1769 2431 1880 2458 αἰνούν-

1088 2490 1142 2509 των
1156 2482 1201 2510 τὸν
1218 2482 1292 2508 Θεόν.
1307 2492 1316 2508 ι
1336 2482 1390 2509 Καὶ
1404 2483 1417 2509 ό
1428 2481 1525 2516 Δανιὴλ
1543 2481 1641 2516 μυρίας
1661 2479 1791 2516 μυριάδας
1803 2486 1880 2514 παρ-

1089 2529 1213 2555 εστώτων
1235 2529 1295 2564 δρᾷ,
1316 2529 1362 2554 καὶ
1375 2527 1500 2562 χιλιάδων
1512 2518 1633 2562 χιλιάδας
1647 2527 1674 2552 ὲν
1685 2525 1741 2556 τοῖς
1752 2524 1880 2558 λειτουρ-

1086 2573 1164 2607 γοῦσι
1179 2573 1282 2608 βλέπει.
1295 2572 1347 2599 Καὶ
1359 2574 1523 2609 ὁΠροφήτης
1535 2572 1565 2599 τδ
1580 2571 1699 2598 τοιοῦτον
1716 2569 1880 2605 μαρτυρῶν.

1086 2618 1187 2654 Κύριον
1199 2618 1342 2654 στρατιῶν,
1357 2619 1403 2644 καὶ
1418 2618 1519 2653 Κύριον
1531 2617 1672 2653 δυνάμεων
1681 2617 1726 2643 τὸν
1739 2615 1787 2642 τοῦ
1802 2621 1880 2642 παν-

1086 2665 1130 2696 τὸς
1144 2662 1303 2699 ὀνομάζεται
1311 2664 1422 2699 Κύριον.
1433 2664 1488 2690 Καὶ
1500 2663 1567 2699 πρὸς
1577 2663 1622 2690 τὸν
1634 2662 1713 2696 Ναυῆ
1737 2662 1752 2688 δ
1761 2660 1881 2690 δυνατός

1087 2719 1168 2746 φησιν
1194 2711 1222 2737 ἐν
1237 2710 1345 2745 πολέμῳ
1356 2718 1362 2724 ·
1384 2719 1392 2735 ι
1405 2710 1485 2744 Ἐγὼ,
1499 2719 1508 2735 ι
1526 2709 1618 2745 φησὶν,
1637 2718 1646 2735 ι
1659 2710 1672 2736 δ
1689 2707 1880 2744 ἀρχιστράτη-

1092 2798 1113 2814 ⁸⁴
1134 2797 1353 2831 Psai.xm|,10.
1385 2799 1405 2815 ⁸⁷
1423 2798 1479 2825 Jos.
1494 2806 1520 2828 γ.
1542 2798 1583 2825 Η.
