  <div class='ocr_page' id='page_1' title='image "/cluster/home/n/w/nwhite01/storage/ocr_20150623/44/njp.32101009003169/381.png"; bbox 0 0 1989 3070; ppageno 0'>
   <div class='ocr_carea' id='block_1_1' title="bbox 251 101 297 129">
    <p class='ocr_par' dir='ltr' id='par_1_1' title="bbox 251 101 297 129">
     <span class='ocr_line' id='line_1_1' title="bbox 251 101 297 129; baseline 0.022 -1"><span class='ocrx_word' id='word_1_1' title='bbox 251 101 297 129; x_wconf 80' lang='grc'><strong>751</strong></span> 
     </span>
    </p>
   </div>
   <div class='ocr_carea' id='block_1_2' title="bbox 879 104 1252 136">
    <p class='ocr_par' dir='ltr' id='par_1_2' title="bbox 879 104 1252 136">
     <span class='ocr_line' id='line_1_2' title="bbox 879 104 1252 136; baseline 0.011 -4"><span class='ocrx_word' id='word_1_2' title='bbox 879 105 906 133; x_wconf 93' lang='lat' dir='ltr'><strong>S.</strong></span> <span class='ocrx_word' id='word_1_3' title='bbox 922 104 1090 134; x_wconf 81' lang='lat' dir='ltr'><strong>GREGORII</strong></span> <span class='ocrx_word' id='word_1_4' title='bbox 1104 106 1252 136; x_wconf 81' lang='lat' dir='ltr'><strong>NYSSENI</strong></span> 
     </span>
    </p>
   </div>
   <div class='ocr_carea' id='block_1_3' title="bbox 1827 113 1880 142">
    <p class='ocr_par' dir='ltr' id='par_1_3' title="bbox 1827 113 1880 142">
     <span class='ocr_line' id='line_1_3' title="bbox 1827 113 1880 142; baseline -0.019 0"><span class='ocrx_word' id='word_1_5' title='bbox 1827 113 1880 142; x_wconf 63' lang='grc' dir='ltr'><strong>Ἰξιῖ</strong></span> 
     </span>
    </p>
   </div>
   <div class='ocr_carea' id='block_1_4' title="bbox 247 158 1033 205">
    <p class='ocr_par' dir='ltr' id='par_1_4' title="bbox 247 158 1033 196">
     <span class='ocr_line' id='line_1_4' title="bbox 247 158 1033 196; baseline 0.005 -10"><span class='ocrx_word' id='word_1_6' title='bbox 247 162 275 187; x_wconf 82' lang='lat' dir='ltr'><strong>et</strong></span> <span class='ocrx_word' id='word_1_7' title='bbox 289 158 404 196; x_wconf 72' lang='lat' dir='ltr'><strong>ﬂagella,</strong></span> <span class='ocrx_word' id='word_1_8' title='bbox 418 164 444 187; x_wconf 89' lang='lat' dir='ltr'><strong>et</strong></span> <span class='ocrx_word' id='word_1_9' title='bbox 457 160 591 196; x_wconf 83' lang='lat' dir='ltr'><strong>judicium</strong></span> <span class='ocrx_word' id='word_1_10' title='bbox 609 160 682 196; x_wconf 87' lang='lat' dir='ltr'><strong>quod</strong></span> <span class='ocrx_word' id='word_1_11' title='bbox 695 168 783 196; x_wconf 85' lang='lat' dir='ltr'><strong>neque</strong></span> <span class='ocrx_word' id='word_1_12' title='bbox 795 162 968 195; x_wconf 81' lang='lat' dir='ltr'><strong>muneribus,</strong></span> <span class='ocrx_word' id='word_1_13' title='bbox 986 169 1033 190; x_wconf 85' lang='lat' dir='ltr'><strong>nec</strong></span> 
     </span>
    </p>
   </div>
   <div class='ocr_carea' id='block_1_5' title="bbox 1086 158 1879 205">
    <p class='ocr_par' dir='ltr' id='par_1_5' title="bbox 1087 164 1879 205">
     <span class='ocr_line' id='line_1_5' title="bbox 1087 164 1879 205; baseline 0.008 -14"><span class='ocrx_word' id='word_1_14' title='bbox 1087 164 1234 198; x_wconf 77' lang='grc' dir='ltr'><strong>ἀδέκαστος</strong></span> <span class='ocrx_word' id='word_1_15' title='bbox 1244 165 1343 202; x_wconf 83' lang='grc' dir='ltr'>κρίσις,</span> <span class='ocrx_word' id='word_1_16' title='bbox 1363 166 1408 192; x_wconf 79' lang='grc' dir='ltr'>καὶ</span> <span class='ocrx_word' id='word_1_17' title='bbox 1421 167 1437 202; x_wconf 82' lang='grc' dir='ltr'>ἡ</span> <span class='ocrx_word' id='word_1_18' title='bbox 1455 167 1674 203; x_wconf 74' lang='grc' dir='ltr'>ἀπαραλόγιστος</span> <span class='ocrx_word' id='word_1_19' title='bbox 1681 168 1736 196; x_wconf 89' lang='grc' dir='ltr'><strong>τῶν</strong></span> <span class='ocrx_word' id='word_1_20' title='bbox 1745 168 1879 205; x_wconf 69' lang='grc' dir='ltr'>βεϐιωμέ-</span> 
     </span>
    </p>
   </div>
   <div class='ocr_carea' id='block_1_6' title="bbox 248 206 1037 243">
    <p class='ocr_par' dir='ltr' id='par_1_6' title="bbox 248 206 1037 243">
     <span class='ocr_line' id='line_1_6' title="bbox 248 206 1037 243; baseline 0.005 -11"><span class='ocrx_word' id='word_1_21' title='bbox 248 206 335 241; x_wconf 71' lang='lat' dir='ltr'><strong>gratia</strong></span> <span class='ocrx_word' id='word_1_22' title='bbox 353 207 553 242; x_wconf 79' lang='lat' dir='ltr'><strong>corrumpitur,</strong></span> <span class='ocrx_word' id='word_1_23' title='bbox 573 211 601 235; x_wconf 92' lang='lat' dir='ltr'><strong>et</strong></span> <span class='ocrx_word' id='word_1_24' title='bbox 615 215 676 242; x_wconf 62' lang='lat' dir='ltr'><strong>quae</strong></span> <span class='ocrx_word' id='word_1_25' title='bbox 700 207 756 234; x_wconf 79' lang='lat' dir='ltr'><strong>falli</strong></span> <span class='ocrx_word' id='word_1_26' title='bbox 776 215 831 235; x_wconf 89' lang='lat' dir='ltr'><strong>non</strong></span> <span class='ocrx_word' id='word_1_27' title='bbox 847 213 939 243; x_wconf 88' lang='lat' dir='ltr'><strong>potest</strong></span> <span class='ocrx_word' id='word_1_28' title='bbox 961 213 1037 236; x_wconf 83' lang='lat' dir='ltr'><strong>ante-</strong></span> 
     </span>
    </p>
   </div>
   <div class='ocr_carea' id='block_1_7' title="bbox 247 251 1038 288">
    <p class='ocr_par' dir='ltr' id='par_1_7' title="bbox 247 251 1038 288">
     <span class='ocr_line' id='line_1_7' title="bbox 247 251 1038 288; baseline 0.005 -10"><span class='ocrx_word' id='word_1_29' title='bbox 247 256 315 278; x_wconf 69' lang='lat' dir='ltr'><strong>actae</strong></span> <span class='ocrx_word' id='word_1_30' title='bbox 331 252 392 278; x_wconf 70' lang='lat' dir='ltr'><strong>vitm</strong></span> <span class='ocrx_word' id='word_1_31' title='bbox 407 253 587 279; x_wconf 75' lang='lat' dir='ltr'><strong>examinatio.</strong></span> <span class='ocrx_word' id='word_1_32' title='bbox 601 251 672 286; x_wconf 62' lang='lat' dir='ltr'><strong>Quae</strong></span> <span class='ocrx_word' id='word_1_33' title='bbox 694 253 736 281; x_wconf 81' lang='lat' dir='ltr'><strong>est</strong></span> <span class='ocrx_word' id='word_1_34' title='bbox 751 253 818 288; x_wconf 74' lang='lat' dir='ltr'><strong>ergo</strong></span> <span class='ocrx_word' id='word_1_35' title='bbox 840 254 930 288; x_wconf 80' lang='lat' dir='ltr'><strong>major</strong></span> <span class='ocrx_word' id='word_1_36' title='bbox 951 255 1038 282; x_wconf 64' lang='lat' dir='ltr'><strong>abun-</strong></span> 
     </span>
    </p>
   </div>
   <div class='ocr_carea' id='block_1_8' title="bbox 247 297 1038 335">
    <p class='ocr_par' dir='ltr' id='par_1_8' title="bbox 247 297 1038 335">
     <span class='ocr_line' id='line_1_8' title="bbox 247 297 1038 335; baseline 0.006 -12"><span class='ocrx_word' id='word_1_37' title='bbox 247 297 340 323; x_wconf 88' lang='lat' dir='ltr'><strong>dantia</strong></span> <span class='ocrx_word' id='word_1_38' title='bbox 359 297 421 332; x_wconf 88' lang='lat' dir='ltr'><strong>ejus</strong></span> <span class='ocrx_word' id='word_1_39' title='bbox 440 298 486 333; x_wconf 89' lang='lat' dir='ltr'><strong>qui</strong></span> <span class='ocrx_word' id='word_1_40' title='bbox 504 298 569 326; x_wconf 79' lang='lat' dir='ltr'><strong>facit</strong></span> <span class='ocrx_word' id='word_1_41' title='bbox 584 299 611 326; x_wconf 93' lang='lat' dir='ltr'><strong>in</strong></span> <span class='ocrx_word' id='word_1_42' title='bbox 628 299 661 327; x_wconf 86' lang='lat' dir='ltr'><strong>iis</strong></span> <span class='ocrx_word' id='word_1_43' title='bbox 681 307 742 334; x_wconf 71' lang='lat' dir='ltr'><strong>qua:</strong></span> <span class='ocrx_word' id='word_1_44' title='bbox 769 300 828 335; x_wconf 89' lang='lat' dir='ltr'><strong>ipse</strong></span> <span class='ocrx_word' id='word_1_45' title='bbox 857 300 984 328; x_wconf 78' lang='lat' dir='ltr'><strong>laborat?</strong></span> <span class='ocrx_word' id='word_1_46' title='bbox 1005 300 1038 328; x_wconf 86' lang='lat' dir='ltr'><strong>Et</strong></span> 
     </span>
    </p>
   </div>
   <div class='ocr_carea' id='block_1_9' title="bbox 247 343 1039 381">
    <p class='ocr_par' dir='ltr' id='par_1_9' title="bbox 247 343 1039 381">
     <span class='ocr_line' id='line_1_9' title="bbox 247 343 1039 381; baseline 0.008 -13"><span class='ocrx_word' id='word_1_47' title='bbox 247 347 370 377; x_wconf 78' lang='lat' dir='ltr'><strong>postea.t</strong></span> <span class='ocrx_word' id='word_1_48' title='bbox 381 343 456 377; x_wconf 82' lang='lat' dir='ltr'><strong>Vidi,</strong></span> <span class='ocrx_word' id='word_1_49' title='bbox 485 344 585 380; x_wconf 80' lang='lat' dir='ltr'><strong>inquit.</strong></span> <span class='ocrx_word' id='word_1_50' title='bbox 614 345 824 373; x_wconf 88' lang='lat' dir='ltr'><strong>distractionem</strong></span> <span class='ocrx_word' id='word_1_51' title='bbox 852 353 933 381; x_wconf 86' lang='lat' dir='ltr'><strong>quam</strong></span> <span class='ocrx_word' id='word_1_52' title='bbox 962 346 1039 374; x_wconf 80' lang='lat' dir='ltr'><strong>dedit</strong></span> 
     </span>
    </p>
   </div>
   <div class='ocr_carea' id='block_1_10' title="bbox 247 388 1038 427">
    <p class='ocr_par' dir='ltr' id='par_1_10' title="bbox 247 388 1038 427">
     <span class='ocr_line' id='line_1_10' title="bbox 247 388 1038 427; baseline 0.005 -12"><span class='ocrx_word' id='word_1_53' title='bbox 247 388 320 415; x_wconf 79' lang='lat' dir='ltr'><strong>Deus</strong></span> <span class='ocrx_word' id='word_1_54' title='bbox 333 388 396 417; x_wconf 77' lang='lat' dir='ltr'><strong>ﬁliis</strong></span> <span class='ocrx_word' id='word_1_55' title='bbox 411 389 567 422; x_wconf 83' lang='lat' dir='ltr'><strong>hominum,</strong></span> <span class='ocrx_word' id='word_1_56' title='bbox 586 394 617 417; x_wconf 92' lang='lat' dir='ltr'><strong>ut</strong></span> <span class='ocrx_word' id='word_1_57' title='bbox 642 391 670 418; x_wconf 93' lang='lat' dir='ltr'><strong>in</strong></span> <span class='ocrx_word' id='word_1_58' title='bbox 699 391 791 427; x_wconf 81' lang='lat' dir='ltr'><strong>seipse</strong></span> <span class='ocrx_word' id='word_1_59' title='bbox 814 391 1038 420; x_wconf 88' lang='lat' dir='ltr'><strong>distraherentur</strong></span> 
     </span>
    </p>
   </div>
   <div class='ocr_carea' id='block_1_11' title="bbox 247 435 1036 473">
    <p class='ocr_par' dir='ltr' id='par_1_11' title="bbox 247 435 1036 473">
     <span class='ocr_line' id='line_1_11' title="bbox 247 435 1036 473; baseline 0.005 -11"><span class='ocrx_word' id='word_1_60' title='bbox 247 435 339 462; x_wconf 84' lang='lat' dir='ltr'><strong>omnia</strong></span> <span class='ocrx_word' id='word_1_61' title='bbox 357 443 418 471; x_wconf 85' lang='lat' dir='ltr'><strong>quae</strong></span> <span class='ocrx_word' id='word_1_62' title='bbox 432 436 496 464; x_wconf 76' lang='lat' dir='ltr'><strong>fecit</strong></span> <span class='ocrx_word' id='word_1_63' title='bbox 516 437 587 465; x_wconf 86' lang='lat' dir='ltr'><strong>bona</strong></span> <span class='ocrx_word' id='word_1_64' title='bbox 604 437 632 465; x_wconf 93' lang='lat' dir='ltr'><strong>in</strong></span> <span class='ocrx_word' id='word_1_65' title='bbox 662 441 784 473; x_wconf 90' lang='lat' dir='ltr'><strong>tempore</strong></span> <span class='ocrx_word' id='word_1_66' title='bbox 800 446 862 467; x_wconf 88' lang='lat' dir='ltr'><strong>suo.</strong></span> <span class='ocrx_word' id='word_1_67' title='bbox 878 437 1036 471; x_wconf 83' lang='lat' dir='ltr'><strong>Quinetiam</strong></span> 
     </span>
    </p>
   </div>
   <div class='ocr_carea' id='block_1_12' title="bbox 247 482 1038 519">
    <p class='ocr_par' dir='ltr' id='par_1_12' title="bbox 247 482 1038 519">
     <span class='ocr_line' id='line_1_12' title="bbox 247 482 1038 519; baseline 0.006 -11"><span class='ocrx_word' id='word_1_68' title='bbox 247 489 334 508; x_wconf 64' lang='lat' dir='ltr'><strong>aevum</strong></span> <span class='ocrx_word' id='word_1_69' title='bbox 352 482 428 510; x_wconf 84' lang='lat' dir='ltr'><strong>dedit</strong></span> <span class='ocrx_word' id='word_1_70' title='bbox 448 483 475 510; x_wconf 92' lang='lat' dir='ltr'><strong>in</strong></span> <span class='ocrx_word' id='word_1_71' title='bbox 500 484 583 512; x_wconf 86' lang='lat' dir='ltr'><strong>corde</strong></span> <span class='ocrx_word' id='word_1_72' title='bbox 601 485 735 519; x_wconf 88' lang='lat' dir='ltr'><strong>ipsorum,</strong></span> <span class='ocrx_word' id='word_1_73' title='bbox 753 492 787 512; x_wconf 91' lang='lat' dir='ltr'><strong>ne</strong></span> <span class='ocrx_word' id='word_1_74' title='bbox 806 485 928 513; x_wconf 84' lang='lat' dir='ltr'><strong>inveniat</strong></span> <span class='ocrx_word' id='word_1_75' title='bbox 954 485 1038 513; x_wconf 90' lang='lat' dir='ltr'><strong>homo</strong></span> 
     </span>
    </p>
   </div>
   <div class='ocr_carea' id='block_1_13' title="bbox 249 526 1038 564">
    <p class='ocr_par' dir='ltr' id='par_1_13' title="bbox 249 526 1038 564">
     <span class='ocr_line' id='line_1_13' title="bbox 249 526 1038 564; baseline 0.001 -12"><span class='ocrx_word' id='word_1_76' title='bbox 249 534 316 562; x_wconf 77' lang='lat' dir='ltr'><strong>rpns</strong></span> <span class='ocrx_word' id='word_1_77' title='bbox 328 529 401 563; x_wconf 90' lang='lat' dir='ltr'><strong>quod</strong></span> <span class='ocrx_word' id='word_1_78' title='bbox 418 528 482 556; x_wconf 76' lang='lat' dir='ltr'><strong>fecit</strong></span> <span class='ocrx_word' id='word_1_79' title='bbox 501 526 572 556; x_wconf 88' lang='lat' dir='ltr'><strong>Deus</strong></span> <span class='ocrx_word' id='word_1_80' title='bbox 583 529 617 556; x_wconf 86' lang='lat' dir='ltr'><strong>ab</strong></span> <span class='ocrx_word' id='word_1_81' title='bbox 627 529 704 557; x_wconf 91' lang='lat' dir='ltr'><strong>initio</strong></span> <span class='ocrx_word' id='word_1_82' title='bbox 715 536 801 564; x_wconf 87' lang='lat' dir='ltr'><strong>usque</strong></span> <span class='ocrx_word' id='word_1_83' title='bbox 811 528 844 556; x_wconf 82' lang='lat' dir='ltr'><strong>ad</strong></span> <span class='ocrx_word' id='word_1_84' title='bbox 858 527 966 555; x_wconf 66' lang='lat' dir='ltr'><strong>linem.»</strong></span> <span class='ocrx_word' id='word_1_85' title='bbox 981 529 1038 558; x_wconf 65' lang='lat' dir='ltr'><strong>cur</strong></span> 
     </span>
    </p>
   </div>
   <div class='ocr_carea' id='block_1_14' title="bbox 248 573 1038 610">
    <p class='ocr_par' dir='ltr' id='par_1_14' title="bbox 248 573 1038 610">
     <span class='ocr_line' id='line_1_14' title="bbox 248 573 1038 610; baseline 0.003 -10"><span class='ocrx_word' id='word_1_86' title='bbox 248 579 305 601; x_wconf 65' lang='lat' dir='ltr'><strong>haec</strong></span> <span class='ocrx_word' id='word_1_87' title='bbox 321 573 412 600; x_wconf 80' lang='lat' dir='ltr'><strong>dicit?</strong></span> <span class='ocrx_word' id='word_1_88' title='bbox 427 574 545 610; x_wconf 80' lang='lat' dir='ltr'><strong>Agnavi,</strong></span> <span class='ocrx_word' id='word_1_89' title='bbox 560 575 662 610; x_wconf 74' lang='lat' dir='ltr'><strong>inquit.</strong></span> <span class='ocrx_word' id='word_1_90' title='bbox 676 575 817 603; x_wconf 82' lang='lat' dir='ltr'><strong>nndenam</strong></span> <span class='ocrx_word' id='word_1_91' title='bbox 835 582 849 602; x_wconf 86' lang='lat' dir='ltr'><strong>a</strong></span> <span class='ocrx_word' id='word_1_92' title='bbox 866 575 920 602; x_wconf 89' lang='lat' dir='ltr'><strong>vita</strong></span> <span class='ocrx_word' id='word_1_93' title='bbox 938 575 1038 603; x_wconf 90' lang='lat' dir='ltr'><strong>distra-</strong></span> 
     </span>
    </p>
   </div>
   <div class='ocr_carea' id='block_1_15' title="bbox 247 619 1037 656">
    <p class='ocr_par' dir='ltr' id='par_1_15' title="bbox 247 619 1037 656">
     <span class='ocr_line' id='line_1_15' title="bbox 247 619 1037 656; baseline 0.004 -11"><span class='ocrx_word' id='word_1_94' title='bbox 247 623 291 646; x_wconf 89' lang='lat' dir='ltr'><strong>eta</strong></span> <span class='ocrx_word' id='word_1_95' title='bbox 312 619 348 646; x_wconf 85' lang='lat' dir='ltr'><strong>sit</strong></span> <span class='ocrx_word' id='word_1_96' title='bbox 367 619 487 647; x_wconf 81' lang='lat' dir='ltr'><strong>humana</strong></span> <span class='ocrx_word' id='word_1_97' title='bbox 503 624 614 652; x_wconf 84' lang='lat' dir='ltr'><strong>natura,</strong></span> <span class='ocrx_word' id='word_1_98' title='bbox 628 621 774 648; x_wconf 86' lang='lat' dir='ltr'><strong>occasione</strong></span> <span class='ocrx_word' id='word_1_99' title='bbox 782 624 902 656; x_wconf 87' lang='lat' dir='ltr'><strong>&#39;aceepta</strong></span> <span class='ocrx_word' id='word_1_100' title='bbox 917 629 950 648; x_wconf 74' lang='lat' dir='ltr'><strong>ex</strong></span> <span class='ocrx_word' id='word_1_101' title='bbox 967 621 1037 648; x_wconf 85' lang='lat' dir='ltr'><strong>divi-</strong></span> 
     </span>
    </p>
   </div>
   <div class='ocr_carea' id='block_1_16' title="bbox 246 663 1037 701">
    <p class='ocr_par' dir='ltr' id='par_1_16' title="bbox 246 663 1037 701">
     <span class='ocr_line' id='line_1_16' title="bbox 246 663 1037 701; baseline 0.003 -10"><span class='ocrx_word' id='word_1_102' title='bbox 246 664 290 691; x_wconf 88' lang='lat' dir='ltr'><strong>nis</strong></span> <span class='ocrx_word' id='word_1_103' title='bbox 310 663 461 692; x_wconf 73' lang='lat' dir='ltr'><strong>bene&#39;ilciis.</strong></span> <span class='ocrx_word' id='word_1_104' title='bbox 477 665 545 692; x_wconf 88' lang='lat' dir='ltr'><strong>Nam</strong></span> <span class='ocrx_word' id='word_1_105' title='bbox 563 665 634 693; x_wconf 87' lang='lat' dir='ltr'><strong>Deus</strong></span> <span class='ocrx_word' id='word_1_106' title='bbox 655 666 766 701; x_wconf 83' lang='lat' dir='ltr'><strong>quidem</strong></span> <span class='ocrx_word' id='word_1_107' title='bbox 785 665 819 693; x_wconf 89' lang='lat' dir='ltr'><strong>ad</strong></span> <span class='ocrx_word' id='word_1_108' title='bbox 846 666 948 693; x_wconf 91' lang='lat' dir='ltr'><strong>bonum</strong></span> <span class='ocrx_word' id='word_1_109' title='bbox 972 666 1037 693; x_wconf 83' lang='lat' dir='ltr'><strong>fecit</strong></span> 
     </span>
    </p>
   </div>
   <div class='ocr_carea' id='block_1_17' title="bbox 246 712 1035 748">
    <p class='ocr_par' dir='ltr' id='par_1_17' title="bbox 246 712 1035 748">
     <span class='ocr_line' id='line_1_17' title="bbox 246 712 1035 748; baseline 0.004 -11"><span class='ocrx_word' id='word_1_110' title='bbox 246 712 351 744; x_wconf 80' lang='lat' dir='ltr'><strong>omnia,</strong></span> <span class='ocrx_word' id='word_1_111' title='bbox 366 712 440 739; x_wconf 87' lang='lat' dir='ltr'><strong>etiis</strong></span> <span class='ocrx_word' id='word_1_112' title='bbox 455 712 501 747; x_wconf 90' lang='lat' dir='ltr'><strong>qui</strong></span> <span class='ocrx_word' id='word_1_113' title='bbox 517 719 613 739; x_wconf 90' lang='lat' dir='ltr'><strong>eorum</strong></span> <span class='ocrx_word' id='word_1_114' title='bbox 630 720 691 748; x_wconf 62' lang='lat' dir='ltr'><strong>quae</strong></span> <span class='ocrx_word' id='word_1_115' title='bbox 704 717 769 740; x_wconf 86' lang='lat' dir='ltr'><strong>sunt</strong></span> <span class='ocrx_word' id='word_1_116' title='bbox 786 713 936 748; x_wconf 81' lang='lat' dir='ltr'><strong>participes</strong></span> <span class='ocrx_word' id='word_1_117' title='bbox 959 716 1035 745; x_wconf 82' lang='lat' dir='ltr'><strong>sunt,</strong></span> 
     </span>
    </p>
   </div>
   <div class='ocr_carea' id='block_1_18' title="bbox 246 757 1034 794">
    <p class='ocr_par' dir='ltr' id='par_1_18' title="bbox 246 757 1034 794">
     <span class='ocr_line' id='line_1_18' title="bbox 246 757 1034 794; baseline 0.003 -10"><span class='ocrx_word' id='word_1_118' title='bbox 246 757 320 785; x_wconf 86' lang='lat' dir='ltr'><strong>dedit</strong></span> <span class='ocrx_word' id='word_1_119' title='bbox 337 758 472 785; x_wconf 86' lang='lat' dir='ltr'><strong>rationem</strong></span> <span class='ocrx_word' id='word_1_120' title='bbox 493 766 547 793; x_wconf 86' lang='lat' dir='ltr'><strong>qua</strong></span> <span class='ocrx_word' id='word_1_121' title='bbox 565 759 727 786; x_wconf 77' lang='lat' dir='ltr'><strong>discernunt</strong></span> <span class='ocrx_word' id='word_1_122' title='bbox 741 758 767 786; x_wconf 90' lang='lat' dir='ltr'><strong>id</strong></span> <span class='ocrx_word' id='word_1_123' title='bbox 782 759 855 794; x_wconf 84' lang='lat' dir='ltr'><strong>quod</strong></span> <span class='ocrx_word' id='word_1_124' title='bbox 868 763 910 786; x_wconf 84' lang='lat' dir='ltr'><strong>est</strong></span> <span class='ocrx_word' id='word_1_125' title='bbox 925 759 1034 791; x_wconf 89' lang='lat' dir='ltr'><strong>melius,</strong></span> 
     </span>
    </p>
   </div>
   <div class='ocr_carea' id='block_1_19' title="bbox 246 804 1036 840">
    <p class='ocr_par' dir='ltr' id='par_1_19' title="bbox 246 804 1036 840">
     <span class='ocr_line' id='line_1_19' title="bbox 246 804 1036 840; baseline 0.003 -10"><span class='ocrx_word' id='word_1_126' title='bbox 246 810 294 837; x_wconf 87' lang='lat' dir='ltr'><strong>per</strong></span> <span class='ocrx_word' id='word_1_127' title='bbox 313 811 394 838; x_wconf 86' lang='lat' dir='ltr'><strong>quam</strong></span> <span class='ocrx_word' id='word_1_128' title='bbox 409 804 502 838; x_wconf 62' lang='lat' dir='ltr'><strong>agnita</strong></span> <span class='ocrx_word' id='word_1_129' title='bbox 519 805 714 839; x_wconf 87' lang='lat' dir='ltr'><strong>opportunitas</strong></span> <span class='ocrx_word' id='word_1_130' title='bbox 735 804 832 839; x_wconf 89' lang='lat' dir='ltr'><strong>judicii</strong></span> <span class='ocrx_word' id='word_1_131' title='bbox 855 804 1036 840; x_wconf 77' lang='lat' dir='ltr'><strong>uniuscujus-</strong></span> 
     </span>
    </p>
   </div>
   <div class='ocr_carea' id='block_1_20' title="bbox 245 843 1073 885">
    <p class='ocr_par' dir='ltr' id='par_1_20' title="bbox 245 843 1073 885">
     <span class='ocr_line' id='line_1_20' title="bbox 245 843 1073 885; baseline 0.002 -10"><span class='ocrx_word' id='word_1_132' title='bbox 245 856 307 883; x_wconf 79' lang='lat' dir='ltr'><strong>que,</strong></span> <span class='ocrx_word' id='word_1_133' title='bbox 325 849 389 876; x_wconf 91' lang='lat' dir='ltr'><strong>boni</strong></span> <span class='ocrx_word' id='word_1_134' title='bbox 413 852 440 877; x_wconf 88' lang='lat' dir='ltr'><strong>et</strong></span> <span class='ocrx_word' id='word_1_135' title='bbox 460 851 568 877; x_wconf 80' lang='lat' dir='ltr'><strong>honesti</strong></span> <span class='ocrx_word' id='word_1_136' title='bbox 590 858 702 878; x_wconf 88' lang='lat' dir='ltr'><strong>sensum</strong></span> <span class='ocrx_word' id='word_1_137' title='bbox 722 850 824 885; x_wconf 64' lang='lat' dir='ltr'><strong>praebet</strong></span> <span class='ocrx_word' id='word_1_138' title='bbox 841 850 876 878; x_wconf 90' lang='lat' dir='ltr'><strong>iis</strong></span> <span class='ocrx_word' id='word_1_139' title='bbox 891 851 938 885; x_wconf 88' lang='lat' dir='ltr'><strong>qui</strong></span> <span class='ocrx_word' id='word_1_140' title='bbox 956 855 1034 877; x_wconf 86' lang='lat' dir='ltr'><strong>utun-</strong></span> <span class='ocrx_word' id='word_1_141' title='bbox 1052 843 1073 870; x_wconf 74' lang='grc' dir='ltr'><strong>Β</strong></span> 
     </span>
    </p>
   </div>
   <div class='ocr_carea' id='block_1_21' title="bbox 245 895 1034 931">
    <p class='ocr_par' dir='ltr' id='par_1_21' title="bbox 245 895 1034 931">
     <span class='ocr_line' id='line_1_21' title="bbox 245 895 1034 931; baseline 0.003 -9"><span class='ocrx_word' id='word_1_142' title='bbox 245 901 298 922; x_wconf 83' lang='lat' dir='ltr'><strong>tur.</strong></span> <span class='ocrx_word' id='word_1_143' title='bbox 318 896 452 928; x_wconf 82' lang='lat' dir='ltr'><strong>Quoniam</strong></span> <span class='ocrx_word' id='word_1_144' title='bbox 472 901 563 923; x_wconf 84' lang='lat' dir='ltr'><strong>autem</strong></span> <span class='ocrx_word' id='word_1_145' title='bbox 587 897 681 931; x_wconf 84' lang='lat' dir='ltr'><strong>lapsus</strong></span> <span class='ocrx_word' id='word_1_146' title='bbox 695 901 737 924; x_wconf 86' lang='lat' dir='ltr'><strong>est</strong></span> <span class='ocrx_word' id='word_1_147' title='bbox 750 904 764 923; x_wconf 88' lang='lat' dir='ltr'><strong>a</strong></span> <span class='ocrx_word' id='word_1_148' title='bbox 780 900 855 924; x_wconf 84' lang='lat' dir='ltr'><strong>recto</strong></span> <span class='ocrx_word' id='word_1_149' title='bbox 868 896 902 923; x_wconf 85' lang='lat' dir='ltr'><strong>de</strong></span> <span class='ocrx_word' id='word_1_150' title='bbox 917 895 950 924; x_wconf 88' lang='lat' dir='ltr'><strong>iis</strong></span> <span class='ocrx_word' id='word_1_151' title='bbox 973 904 1034 931; x_wconf 74' lang='lat' dir='ltr'><strong>qua:</strong></span> 
     </span>
    </p>
   </div>
   <div class='ocr_carea' id='block_1_22' title="bbox 244 942 1035 977">
    <p class='ocr_par' dir='ltr' id='par_1_22' title="bbox 244 942 1035 977">
     <span class='ocr_line' id='line_1_22' title="bbox 244 942 1035 977; baseline 0.003 -9"><span class='ocrx_word' id='word_1_152' title='bbox 244 946 318 974; x_wconf 88' lang='lat' dir='ltr'><strong>sunt,</strong></span> <span class='ocrx_word' id='word_1_153' title='bbox 334 942 447 977; x_wconf 78' lang='lat' dir='ltr'><strong>judicio,</strong></span> <span class='ocrx_word' id='word_1_154' title='bbox 462 949 511 977; x_wconf 78' lang='lat' dir='ltr'><strong>per</strong></span> <span class='ocrx_word' id='word_1_155' title='bbox 528 943 630 969; x_wconf 86' lang='lat' dir='ltr'><strong>malum</strong></span> <span class='ocrx_word' id='word_1_156' title='bbox 646 943 792 970; x_wconf 88' lang='lat' dir='ltr'><strong>consilium</strong></span> <span class='ocrx_word' id='word_1_157' title='bbox 811 949 925 970; x_wconf 86' lang='lat' dir='ltr'><strong>aversus</strong></span> <span class='ocrx_word' id='word_1_158' title='bbox 940 950 955 970; x_wconf 90' lang='lat' dir='ltr'><strong>a</strong></span> <span class='ocrx_word' id='word_1_159' title='bbox 969 949 1035 970; x_wconf 34' lang='lat' dir='ltr'><strong>cons</strong></span> 
     </span>
    </p>
   </div>
   <div class='ocr_carea' id='block_1_23' title="bbox 242 988 1033 1024">
    <p class='ocr_par' dir='ltr' id='par_1_23' title="bbox 242 988 1033 1024">
     <span class='ocr_line' id='line_1_23' title="bbox 242 988 1033 1024; baseline 0 -8"><span class='ocrx_word' id='word_1_160' title='bbox 242 989 327 1016; x_wconf 72' lang='lat' dir='ltr'><strong>stanti</strong></span> <span class='ocrx_word' id='word_1_161' title='bbox 344 989 459 1020; x_wconf 84' lang='lat' dir='ltr'><strong>ratione,</strong></span> <span class='ocrx_word' id='word_1_162' title='bbox 478 997 604 1017; x_wconf 84' lang='lat' dir='ltr'><strong>recessus</strong></span> <span class='ocrx_word' id='word_1_163' title='bbox 620 996 635 1016; x_wconf 70' lang='grc' dir='ltr'><strong>α</strong></span> <span class='ocrx_word' id='word_1_164' title='bbox 651 993 784 1024; x_wconf 83' lang='lat' dir='ltr'><strong>tempore,</strong></span> <span class='ocrx_word' id='word_1_165' title='bbox 799 988 826 1016; x_wconf 92' lang='lat' dir='ltr'><strong>id</strong></span> <span class='ocrx_word' id='word_1_166' title='bbox 839 989 913 1024; x_wconf 84' lang='lat' dir='ltr'><strong>quod</strong></span> <span class='ocrx_word' id='word_1_167' title='bbox 935 993 976 1017; x_wconf 92' lang='lat' dir='ltr'><strong>cst</strong></span> <span class='ocrx_word' id='word_1_168' title='bbox 1005 989 1033 1016; x_wconf 90' lang='lat' dir='ltr'><strong>in</strong></span> 
     </span>
    </p>
   </div>
   <div class='ocr_carea' id='block_1_24' title="bbox 244 1034 1034 1070">
    <p class='ocr_par' dir='ltr' id='par_1_24' title="bbox 244 1034 1034 1070">
     <span class='ocr_line' id='line_1_24' title="bbox 244 1034 1034 1070; baseline 0.004 -9"><span class='ocrx_word' id='word_1_169' title='bbox 244 1043 408 1070; x_wconf 85' lang='lat' dir='ltr'><strong>unoquoque</strong></span> <span class='ocrx_word' id='word_1_170' title='bbox 431 1035 509 1066; x_wconf 89' lang='lat' dir='ltr'><strong>utile,</strong></span> <span class='ocrx_word' id='word_1_171' title='bbox 529 1036 610 1063; x_wconf 83' lang='lat' dir='ltr'><strong>vertit</strong></span> <span class='ocrx_word' id='word_1_172' title='bbox 625 1035 652 1062; x_wconf 93' lang='lat' dir='ltr'><strong>in</strong></span> <span class='ocrx_word' id='word_1_173' title='bbox 675 1035 858 1062; x_wconf 82' lang='lat' dir='ltr'><strong>contrarium.</strong></span> <span class='ocrx_word' id='word_1_174' title='bbox 884 1034 917 1062; x_wconf 87' lang='lat' dir='ltr'><strong>Ut</strong></span> <span class='ocrx_word' id='word_1_175' title='bbox 932 1035 955 1062; x_wconf 89' lang='lat' dir='ltr'><strong>si</strong></span> <span class='ocrx_word' id='word_1_176' title='bbox 971 1036 1034 1070; x_wconf 79' lang='lat' dir='ltr'><strong>quis</strong></span> 
     </span>
    </p>
   </div>
   <div class='ocr_carea' id='block_1_25' title="bbox 243 1080 1035 1116">
    <p class='ocr_par' dir='ltr' id='par_1_25' title="bbox 243 1080 1035 1116">
     <span class='ocr_line' id='line_1_25' title="bbox 243 1080 1035 1116; baseline 0.001 -9"><span class='ocrx_word' id='word_1_177' title='bbox 243 1082 271 1108; x_wconf 90' lang='lat' dir='ltr'><strong>in</strong></span> <span class='ocrx_word' id='word_1_178' title='bbox 286 1089 377 1109; x_wconf 72' lang='lat' dir='ltr'><strong>nzensa</strong></span> <span class='ocrx_word' id='word_1_179' title='bbox 394 1081 536 1116; x_wconf 88' lang='lat' dir='ltr'><strong>proposito</strong></span> <span class='ocrx_word' id='word_1_180' title='bbox 549 1081 622 1107; x_wconf 84' lang='lat' dir='ltr'><strong>utnni</strong></span> <span class='ocrx_word' id='word_1_181' title='bbox 635 1084 767 1115; x_wconf 86' lang='lat' dir='ltr'><strong>apparatu</strong></span> <span class='ocrx_word' id='word_1_182' title='bbox 780 1080 909 1113; x_wconf 77' lang='lat' dir='ltr'><strong>convivii,</strong></span> <span class='ocrx_word' id='word_1_183' title='bbox 921 1084 947 1108; x_wconf 76' lang='lat' dir='ltr'><strong>et</strong></span> <span class='ocrx_word' id='word_1_184' title='bbox 961 1080 1035 1108; x_wconf 80' lang='lat' dir='ltr'><strong>vasis</strong></span> 
     </span>
    </p>
   </div>
   <div class='ocr_carea' id='block_1_26' title="bbox 242 1126 1034 1162">
    <p class='ocr_par' dir='ltr' id='par_1_26' title="bbox 242 1126 1034 1162">
     <span class='ocr_line' id='line_1_26' title="bbox 242 1126 1034 1162; baseline 0.001 -10"><span class='ocrx_word' id='word_1_185' title='bbox 242 1128 406 1162; x_wconf 76' lang='lat' dir='ltr'><strong>quibusdam</strong></span> <span class='ocrx_word' id='word_1_186' title='bbox 435 1127 506 1162; x_wconf 85' lang='lat' dir='ltr'><strong>aptis</strong></span> <span class='ocrx_word' id='word_1_187' title='bbox 536 1126 569 1153; x_wconf 88' lang='lat' dir='ltr'><strong>ad</strong></span> <span class='ocrx_word' id='word_1_188' title='bbox 590 1126 748 1162; x_wconf 86' lang='lat' dir='ltr'><strong>apparanda</strong></span> <span class='ocrx_word' id='word_1_189' title='bbox 777 1127 926 1158; x_wconf 84' lang='lat' dir='ltr'><strong>alimenta,</strong></span> <span class='ocrx_word' id='word_1_190' title='bbox 953 1127 1034 1154; x_wconf 88' lang='lat' dir='ltr'><strong>simul</strong></span> 
     </span>
    </p>
   </div>
   <div class='ocr_carea' id='block_1_27' title="bbox 241 1171 1033 1207">
    <p class='ocr_par' dir='ltr' id='par_1_27' title="bbox 241 1171 1033 1207">
     <span class='ocr_line' id='line_1_27' title="bbox 241 1171 1033 1207; baseline 0 -8"><span class='ocrx_word' id='word_1_191' title='bbox 241 1173 324 1199; x_wconf 67' lang='lat' dir='ltr'><strong>(tiam</strong></span> <span class='ocrx_word' id='word_1_192' title='bbox 343 1180 373 1199; x_wconf 86' lang='lat' dir='ltr'><strong>ca</strong></span> <span class='ocrx_word' id='word_1_193' title='bbox 390 1172 549 1207; x_wconf 73' lang='lat' dir='ltr'><strong>apposuerit</strong></span> <span class='ocrx_word' id='word_1_194' title='bbox 562 1180 622 1207; x_wconf 76' lang='lat' dir='ltr'><strong>qua:</strong></span> <span class='ocrx_word' id='word_1_195' title='bbox 640 1172 675 1199; x_wconf 89' lang='lat' dir='ltr'><strong>ab</strong></span> <span class='ocrx_word' id='word_1_196' title='bbox 691 1172 724 1199; x_wconf 88' lang='lat' dir='ltr'><strong>iis</strong></span> <span class='ocrx_word' id='word_1_197' title='bbox 740 1177 874 1207; x_wconf 86' lang='lat' dir='ltr'><strong>parantur</strong></span> <span class='ocrx_word' id='word_1_198' title='bbox 893 1171 941 1207; x_wconf 91' lang='lat' dir='ltr'><strong>qui</strong></span> <span class='ocrx_word' id='word_1_199' title='bbox 958 1171 1033 1199; x_wconf 81' lang='lat' dir='ltr'><strong>dele-</strong></span> 
     </span>
    </p>
   </div>
   <div class='ocr_carea' id='block_1_28' title="bbox 242 1216 1033 1252">
    <p class='ocr_par' dir='ltr' id='par_1_28' title="bbox 242 1216 1033 1252">
     <span class='ocr_line' id='line_1_28' title="bbox 242 1216 1033 1252; baseline -0.001 -7"><span class='ocrx_word' id='word_1_200' title='bbox 242 1222 353 1245; x_wconf 84' lang='lat' dir='ltr'><strong>ctantur</strong></span> <span class='ocrx_word' id='word_1_201' title='bbox 371 1217 529 1252; x_wconf 83' lang='lat' dir='ltr'><strong>hujusmodi</strong></span> <span class='ocrx_word' id='word_1_202' title='bbox 560 1217 690 1249; x_wconf 77' lang='lat' dir='ltr'><strong>artiﬁcio,</strong></span> <span class='ocrx_word' id='word_1_203' title='bbox 718 1221 765 1244; x_wconf 89' lang='lat' dir='ltr'><strong>aut</strong></span> <span class='ocrx_word' id='word_1_204' title='bbox 784 1217 901 1245; x_wconf 82' lang='lat' dir='ltr'><strong>subtiles</strong></span> <span class='ocrx_word' id='word_1_205' title='bbox 917 1216 1033 1252; x_wconf 71' lang='lat' dir='ltr'><strong>gladios,</strong></span> 
     </span>
    </p>
   </div>
   <div class='ocr_carea' id='block_1_29' title="bbox 242 1263 1035 1300">
    <p class='ocr_par' dir='ltr' id='par_1_29' title="bbox 242 1263 1035 1300">
     <span class='ocr_line' id='line_1_29' title="bbox 242 1263 1035 1300; baseline 0 -9"><span class='ocrx_word' id='word_1_206' title='bbox 242 1273 290 1299; x_wconf 86' lang='lat' dir='ltr'><strong>per</strong></span> <span class='ocrx_word' id='word_1_207' title='bbox 307 1272 376 1300; x_wconf 80' lang='lat' dir='ltr'><strong>quos</strong></span> <span class='ocrx_word' id='word_1_208' title='bbox 393 1265 515 1291; x_wconf 72' lang='lat' dir='ltr'><strong>conviva:</strong></span> <span class='ocrx_word' id='word_1_209' title='bbox 532 1264 585 1291; x_wconf 88' lang='lat' dir='ltr'><strong>sibi</strong></span> <span class='ocrx_word' id='word_1_210' title='bbox 601 1264 728 1291; x_wconf 91' lang='lat' dir='ltr'><strong>dividunt</strong></span> <span class='ocrx_word' id='word_1_211' title='bbox 741 1264 846 1300; x_wconf 90' lang='lat' dir='ltr'><strong>aliquid</strong></span> <span class='ocrx_word' id='word_1_212' title='bbox 866 1271 898 1291; x_wconf 82' lang='lat' dir='ltr'><strong>ex</strong></span> <span class='ocrx_word' id='word_1_213' title='bbox 925 1263 959 1291; x_wconf 87' lang='lat' dir='ltr'><strong>iis</strong></span> <span class='ocrx_word' id='word_1_214' title='bbox 973 1271 1035 1298; x_wconf 75' lang='lat' dir='ltr'><strong>quae</strong></span> 
     </span>
    </p>
   </div>
   <div class='ocr_carea' id='block_1_30' title="bbox 242 1309 1035 1345">
    <p class='ocr_par' dir='ltr' id='par_1_30' title="bbox 242 1309 1035 1345">
     <span class='ocr_line' id='line_1_30' title="bbox 242 1309 1035 1345; baseline -0.001 -8"><span class='ocrx_word' id='word_1_215' title='bbox 242 1314 307 1337; x_wconf 90' lang='lat' dir='ltr'><strong>sunt</strong></span> <span class='ocrx_word' id='word_1_216' title='bbox 322 1310 456 1345; x_wconf 71' lang='lat' dir='ltr'><strong>apposna,</strong></span> <span class='ocrx_word' id='word_1_217' title='bbox 477 1313 524 1336; x_wconf 84' lang='lat' dir='ltr'><strong>aut</strong></span> <span class='ocrx_word' id='word_1_218' title='bbox 540 1315 669 1345; x_wconf 78' lang='lat' dir='ltr'><strong>argentea</strong></span> <span class='ocrx_word' id='word_1_219' title='bbox 681 1310 848 1342; x_wconf 77' lang='lat' dir='ltr'><strong>cochlearia,</strong></span> <span class='ocrx_word' id='word_1_220' title='bbox 862 1309 963 1344; x_wconf 86' lang='lat' dir='ltr'><strong>quibus</strong></span> <span class='ocrx_word' id='word_1_221' title='bbox 974 1316 1035 1344; x_wconf 68' lang='lat' dir='ltr'><strong>qua:</strong></span> 
     </span>
    </p>
   </div>
   <div class='ocr_carea' id='block_1_31' title="bbox 242 1356 1035 1392">
    <p class='ocr_par' dir='ltr' id='par_1_31' title="bbox 242 1356 1035 1392">
     <span class='ocr_line' id='line_1_31' title="bbox 242 1356 1035 1392; baseline 0 -7"><span class='ocrx_word' id='word_1_222' title='bbox 242 1358 269 1385; x_wconf 91' lang='lat' dir='ltr'><strong>in</strong></span> <span class='ocrx_word' id='word_1_223' title='bbox 284 1358 370 1385; x_wconf 73' lang='lat' dir='ltr'><strong>altera</strong></span> <span class='ocrx_word' id='word_1_224' title='bbox 385 1357 445 1392; x_wconf 78' lang='lat' dir='ltr'><strong>ejus</strong></span> <span class='ocrx_word' id='word_1_225' title='bbox 462 1360 541 1392; x_wconf 88' lang='lat' dir='ltr'><strong>parte</strong></span> <span class='ocrx_word' id='word_1_226' title='bbox 559 1362 599 1385; x_wconf 81' lang='lat' dir='ltr'><strong>cst</strong></span> <span class='ocrx_word' id='word_1_227' title='bbox 625 1356 744 1390; x_wconf 84' lang='lat' dir='ltr'><strong>cavitas,</strong></span> <span class='ocrx_word' id='word_1_228' title='bbox 763 1356 836 1384; x_wconf 78' lang='lat' dir='ltr'><strong>facta</strong></span> <span class='ocrx_word' id='word_1_229' title='bbox 856 1361 899 1384; x_wconf 85' lang='lat' dir='ltr'><strong>est</strong></span> <span class='ocrx_word' id='word_1_230' title='bbox 927 1361 957 1384; x_wconf 90' lang='lat' dir='ltr'><strong>ut</strong></span> <span class='ocrx_word' id='word_1_231' title='bbox 973 1361 1035 1392; x_wconf 86' lang='lat' dir='ltr'><strong>apte</strong></span> 
     </span>
    </p>
   </div>
   <div class='ocr_carea' id='block_1_32' title="bbox 241 1401 1031 1438">
    <p class='ocr_par' dir='ltr' id='par_1_32' title="bbox 241 1401 1031 1438">
     <span class='ocr_line' id='line_1_32' title="bbox 241 1401 1031 1438; baseline -0.001 -7"><span class='ocrx_word' id='word_1_232' title='bbox 241 1408 268 1431; x_wconf 90' lang='lat' dir='ltr'><strong>et</strong></span> <span class='ocrx_word' id='word_1_233' title='bbox 287 1402 410 1438; x_wconf 74' lang='lat' dir='ltr'><strong>apposite</strong></span> <span class='ocrx_word' id='word_1_234' title='bbox 430 1410 459 1430; x_wconf 86' lang='lat' dir='ltr'><strong>se</strong></span> <span class='ocrx_word' id='word_1_235' title='bbox 475 1402 588 1429; x_wconf 72' lang='lat' dir='ltr'><strong>haberet</strong></span> <span class='ocrx_word' id='word_1_236' title='bbox 600 1402 632 1429; x_wconf 90' lang='lat' dir='ltr'><strong>ad</strong></span> <span class='ocrx_word' id='word_1_237' title='bbox 648 1402 811 1437; x_wconf 79' lang='lat' dir='ltr'><strong>pollentam.</strong></span> <span class='ocrx_word' id='word_1_238' title='bbox 837 1401 940 1430; x_wconf 86' lang='lat' dir='ltr'><strong>Deinde</strong></span> <span class='ocrx_word' id='word_1_239' title='bbox 959 1403 1031 1437; x_wconf 84' lang='lat' dir='ltr'><strong>quis-</strong></span> 
     </span>
    </p>
   </div>
   <div class='ocr_carea' id='block_1_33' title="bbox 242 1448 1035 1485">
    <p class='ocr_par' dir='ltr' id='par_1_33' title="bbox 242 1448 1035 1485">
     <span class='ocr_line' id='line_1_33' title="bbox 242 1448 1035 1485; baseline -0.001 -9"><span class='ocrx_word' id='word_1_240' title='bbox 242 1451 315 1485; x_wconf 91' lang='lat' dir='ltr'><strong>piam</strong></span> <span class='ocrx_word' id='word_1_241' title='bbox 333 1457 364 1477; x_wconf 80' lang='lat' dir='ltr'><strong>ex</strong></span> <span class='ocrx_word' id='word_1_242' title='bbox 385 1449 418 1476; x_wconf 88' lang='lat' dir='ltr'><strong>iis</strong></span> <span class='ocrx_word' id='word_1_243' title='bbox 435 1449 480 1484; x_wconf 90' lang='lat' dir='ltr'><strong>qui</strong></span> <span class='ocrx_word' id='word_1_244' title='bbox 498 1453 562 1476; x_wconf 90' lang='lat' dir='ltr'><strong>sunt</strong></span> <span class='ocrx_word' id='word_1_245' title='bbox 577 1448 720 1475; x_wconf 79' lang='lat' dir='ltr'><strong>convocati</strong></span> <span class='ocrx_word' id='word_1_246' title='bbox 735 1448 768 1476; x_wconf 90' lang='lat' dir='ltr'><strong>ad</strong></span> <span class='ocrx_word' id='word_1_247' title='bbox 780 1448 949 1481; x_wconf 82' lang='lat' dir='ltr'><strong>convivium,</strong></span> <span class='ocrx_word' id='word_1_248' title='bbox 973 1457 1035 1476; x_wconf 92' lang='lat' dir='ltr'><strong>mu-</strong></span> 
     </span>
    </p>
   </div>
   <div class='ocr_carea' id='block_1_34' title="bbox 242 1494 1034 1530">
    <p class='ocr_par' dir='ltr' id='par_1_34' title="bbox 242 1494 1034 1530">
     <span class='ocr_line' id='line_1_34' title="bbox 242 1494 1034 1530; baseline 0 -8"><span class='ocrx_word' id='word_1_249' title='bbox 242 1500 300 1523; x_wconf 86' lang='lat' dir='ltr'><strong>tato</strong></span> <span class='ocrx_word' id='word_1_250' title='bbox 319 1503 370 1523; x_wconf 80' lang='lat' dir='ltr'><strong>usu</strong></span> <span class='ocrx_word' id='word_1_251' title='bbox 389 1496 450 1530; x_wconf 78' lang='lat' dir='ltr'><strong>ejus</strong></span> <span class='ocrx_word' id='word_1_252' title='bbox 466 1494 539 1530; x_wconf 82' lang='lat' dir='ltr'><strong>quod</strong></span> <span class='ocrx_word' id='word_1_253' title='bbox 553 1498 595 1522; x_wconf 83' lang='lat' dir='ltr'><strong>est</strong></span> <span class='ocrx_word' id='word_1_254' title='bbox 610 1495 794 1530; x_wconf 88' lang='lat' dir='ltr'><strong>propositum,</strong></span> <span class='ocrx_word' id='word_1_255' title='bbox 808 1499 943 1522; x_wconf 66' lang='lat' dir='ltr'><strong>&#39;uteretur</strong></span> <span class='ocrx_word' id='word_1_256' title='bbox 966 1502 1034 1522; x_wconf 90' lang='lat' dir='ltr'><strong>uno-</strong></span> 
     </span>
    </p>
   </div>
   <div class='ocr_carea' id='block_1_35' title="bbox 242 1541 1031 1576">
    <p class='ocr_par' dir='ltr' id='par_1_35' title="bbox 242 1541 1031 1576">
     <span class='ocr_line' id='line_1_35' title="bbox 242 1541 1031 1576; baseline 0.001 -9"><span class='ocrx_word' id='word_1_257' title='bbox 242 1549 352 1576; x_wconf 68' lang='lat' dir='ltr'><strong>quolue</strong></span> <span class='ocrx_word' id='word_1_258' title='bbox 367 1541 399 1567; x_wconf 88' lang='lat' dir='ltr'><strong>ad</strong></span> <span class='ocrx_word' id='word_1_259' title='bbox 413 1549 444 1568; x_wconf 87' lang='lat' dir='ltr'><strong>ea</strong></span> <span class='ocrx_word' id='word_1_260' title='bbox 460 1549 521 1576; x_wconf 70' lang='lat' dir='ltr'><strong>qua:</strong></span> <span class='ocrx_word' id='word_1_261' title='bbox 544 1548 598 1568; x_wconf 90' lang='lat' dir='ltr'><strong>non</strong></span> <span class='ocrx_word' id='word_1_262' title='bbox 615 1541 722 1573; x_wconf 84' lang='lat' dir='ltr'><strong>decent,</strong></span> <span class='ocrx_word' id='word_1_263' title='bbox 739 1545 766 1567; x_wconf 92' lang='lat' dir='ltr'><strong>et</strong></span> <span class='ocrx_word' id='word_1_264' title='bbox 794 1541 885 1576; x_wconf 75' lang='lat' dir='ltr'><strong>gladio</strong></span> <span class='ocrx_word' id='word_1_265' title='bbox 910 1541 1031 1576; x_wconf 86' lang='lat' dir='ltr'><strong>quidem,</strong></span> 
     </span>
    </p>
   </div>
   <div class='ocr_carea' id='block_1_36' title="bbox 243 1587 1034 1622">
    <p class='ocr_par' dir='ltr' id='par_1_36' title="bbox 243 1587 1034 1622">
     <span class='ocr_line' id='line_1_36' title="bbox 243 1587 1034 1622; baseline -0.001 -7"><span class='ocrx_word' id='word_1_266' title='bbox 243 1588 284 1615; x_wconf 82' lang='lat' dir='ltr'><strong>vel</strong></span> <span class='ocrx_word' id='word_1_267' title='bbox 297 1588 429 1622; x_wconf 87' lang='lat' dir='ltr'><strong>seipsum,</strong></span> <span class='ocrx_word' id='word_1_268' title='bbox 447 1587 488 1614; x_wconf 83' lang='lat' dir='ltr'><strong>vel</strong></span> <span class='ocrx_word' id='word_1_269' title='bbox 507 1587 626 1621; x_wconf 89' lang='lat' dir='ltr'><strong>aliquem</strong></span> <span class='ocrx_word' id='word_1_270' title='bbox 644 1594 676 1614; x_wconf 83' lang='lat' dir='ltr'><strong>ex</strong></span> <span class='ocrx_word' id='word_1_271' title='bbox 696 1587 729 1614; x_wconf 88' lang='lat' dir='ltr'><strong>iis</strong></span> <span class='ocrx_word' id='word_1_272' title='bbox 756 1587 802 1621; x_wconf 89' lang='lat' dir='ltr'><strong>qui</strong></span> <span class='ocrx_word' id='word_1_273' title='bbox 816 1594 904 1622; x_wconf 85' lang='lat' dir='ltr'><strong>prope</strong></span> <span class='ocrx_word' id='word_1_274' title='bbox 921 1594 1034 1614; x_wconf 87' lang='lat' dir='ltr'><strong>accum-</strong></span> 
     </span>
    </p>
   </div>
   <div class='ocr_carea' id='block_1_37' title="bbox 244 1632 1033 1668">
    <p class='ocr_par' dir='ltr' id='par_1_37' title="bbox 244 1632 1033 1668">
     <span class='ocr_line' id='line_1_37' title="bbox 244 1632 1033 1668; baseline 0 -8"><span class='ocrx_word' id='word_1_275' title='bbox 244 1635 321 1664; x_wconf 68' lang='lat' dir='ltr'><strong>luunt.</strong></span> <span class='ocrx_word' id='word_1_276' title='bbox 340 1636 466 1660; x_wconf 87' lang='lat' dir='ltr'><strong>secaret:</strong></span> <span class='ocrx_word' id='word_1_277' title='bbox 490 1632 630 1660; x_wconf 83' lang='lat' dir='ltr'><strong>cochleari</strong></span> <span class='ocrx_word' id='word_1_278' title='bbox 650 1636 742 1659; x_wconf 88' lang='lat' dir='ltr'><strong>autem</strong></span> <span class='ocrx_word' id='word_1_279' title='bbox 763 1633 804 1659; x_wconf 92' lang='lat' dir='ltr'><strong>vel</strong></span> <span class='ocrx_word' id='word_1_280' title='bbox 832 1633 965 1668; x_wconf 81' lang='lat' dir='ltr'><strong>proximi,</strong></span> <span class='ocrx_word' id='word_1_281' title='bbox 990 1633 1033 1660; x_wconf 84' lang='lat' dir='ltr'><strong>vel</strong></span> 
     </span>
    </p>
   </div>
   <div class='ocr_carea' id='block_1_38' title="bbox 242 1677 1032 1714">
    <p class='ocr_par' dir='ltr' id='par_1_38' title="bbox 242 1677 1032 1714">
     <span class='ocr_line' id='line_1_38' title="bbox 242 1677 1032 1714; baseline 0 -8"><span class='ocrx_word' id='word_1_282' title='bbox 242 1686 322 1707; x_wconf 78' lang='lat' dir='ltr'><strong>suum</strong></span> <span class='ocrx_word' id='word_1_283' title='bbox 337 1678 450 1706; x_wconf 86' lang='lat' dir='ltr'><strong>oculum</strong></span> <span class='ocrx_word' id='word_1_284' title='bbox 463 1677 792 1713; x_wconf 75' lang='lat' dir='ltr'><strong>expungeret2diceretur</strong></span> <span class='ocrx_word' id='word_1_285' title='bbox 807 1678 881 1713; x_wconf 90' lang='lat' dir='ltr'><strong>quod</strong></span> <span class='ocrx_word' id='word_1_286' title='bbox 900 1682 1032 1714; x_wconf 87' lang='lat' dir='ltr'><strong>apparatu</strong></span> 
     </span>
    </p>
   </div>
   <div class='ocr_carea' id='block_1_39' title="bbox 240 1723 1033 1759">
    <p class='ocr_par' dir='ltr' id='par_1_39' title="bbox 240 1723 1033 1759">
     <span class='ocr_line' id='line_1_39' title="bbox 240 1723 1033 1759; baseline -0.001 -7"><span class='ocrx_word' id='word_1_287' title='bbox 240 1725 428 1752; x_wconf 63' lang='lat' dir='ltr'><strong>ronvivatoris</strong></span> <span class='ocrx_word' id='word_1_288' title='bbox 446 1724 504 1759; x_wconf 87' lang='lat' dir='ltr'><strong>ipse</strong></span> <span class='ocrx_word' id='word_1_289' title='bbox 516 1723 550 1750; x_wconf 89' lang='lat' dir='ltr'><strong>ad</strong></span> <span class='ocrx_word' id='word_1_290' title='bbox 569 1723 670 1750; x_wconf 87' lang='lat' dir='ltr'><strong>malum</strong></span> <span class='ocrx_word' id='word_1_291' title='bbox 687 1723 791 1751; x_wconf 84' lang='lat' dir='ltr'><strong>abusus</strong></span> <span class='ocrx_word' id='word_1_292' title='bbox 806 1728 858 1757; x_wconf 87' lang='lat' dir='ltr'><strong>est,</strong></span> <span class='ocrx_word' id='word_1_293' title='bbox 885 1732 947 1751; x_wconf 90' lang='lat' dir='ltr'><strong>cum</strong></span> <span class='ocrx_word' id='word_1_294' title='bbox 974 1724 1033 1758; x_wconf 83' lang='lat' dir='ltr'><strong>ipse</strong></span> 
     </span>
    </p>
   </div>
   <div class='ocr_carea' id='block_1_40' title="bbox 242 1770 1032 1806">
    <p class='ocr_par' dir='ltr' id='par_1_40' title="bbox 242 1770 1032 1806">
     <span class='ocr_line' id='line_1_40' title="bbox 242 1770 1032 1806; baseline -0.001 -8"><span class='ocrx_word' id='word_1_295' title='bbox 242 1771 351 1806; x_wconf 73' lang='lat' dir='ltr'><strong>quidem</strong></span> <span class='ocrx_word' id='word_1_296' title='bbox 365 1770 411 1805; x_wconf 88' lang='lat' dir='ltr'><strong>qui</strong></span> <span class='ocrx_word' id='word_1_297' title='bbox 428 1773 607 1804; x_wconf 86' lang='lat' dir='ltr'><strong>apparaverat</strong></span> <span class='ocrx_word' id='word_1_298' title='bbox 621 1777 733 1796; x_wconf 84' lang='lat' dir='ltr'><strong>causam</strong></span> <span class='ocrx_word' id='word_1_299' title='bbox 749 1777 845 1797; x_wconf 89' lang='lat' dir='ltr'><strong>eorum</strong></span> <span class='ocrx_word' id='word_1_300' title='bbox 870 1777 930 1805; x_wconf 62' lang='lat' dir='ltr'><strong>qum</strong></span> <span class='ocrx_word' id='word_1_301' title='bbox 947 1777 1032 1797; x_wconf 86' lang='lat' dir='ltr'><strong>even-</strong></span> 
     </span>
    </p>
   </div>
   <div class='ocr_carea' id='block_1_41' title="bbox 243 1815 1032 1850">
    <p class='ocr_par' dir='ltr' id='par_1_41' title="bbox 243 1815 1032 1850">
     <span class='ocr_line' id='line_1_41' title="bbox 243 1815 1032 1850; baseline 0 -6"><span class='ocrx_word' id='word_1_302' title='bbox 243 1823 304 1844; x_wconf 87' lang='lat' dir='ltr'><strong>tura</strong></span> <span class='ocrx_word' id='word_1_303' title='bbox 320 1820 400 1844; x_wconf 88' lang='lat' dir='ltr'><strong>erant</strong></span> <span class='ocrx_word' id='word_1_304' title='bbox 417 1823 472 1843; x_wconf 91' lang='lat' dir='ltr'><strong>non</strong></span> <span class='ocrx_word' id='word_1_305' title='bbox 498 1815 692 1850; x_wconf 77' lang='lat' dir='ltr'><strong>disposuisset,</strong></span> <span class='ocrx_word' id='word_1_306' title='bbox 726 1823 818 1843; x_wconf 84' lang='lat' dir='ltr'><strong>verum</strong></span> <span class='ocrx_word' id='word_1_307' title='bbox 846 1816 939 1849; x_wconf 78' lang='lat' dir='ltr'><strong>malus</strong></span> <span class='ocrx_word' id='word_1_308' title='bbox 964 1823 1032 1844; x_wconf 84' lang='lat' dir='ltr'><strong>usus</strong></span> 
     </span>
    </p>
   </div>
   <div class='ocr_carea' id='block_1_42' title="bbox 237 1861 1032 1897">
    <p class='ocr_par' dir='ltr' id='par_1_42' title="bbox 237 1861 1032 1897">
     <span class='ocr_line' id='line_1_42' title="bbox 237 1861 1032 1897; baseline -0.003 -7"><span class='ocrx_word' id='word_1_309' title='bbox 237 1870 337 1890; x_wconf 66' lang='lat' dir='ltr'><strong>eorum</strong></span> <span class='ocrx_word' id='word_1_310' title='bbox 355 1870 415 1897; x_wconf 74' lang='lat' dir='ltr'><strong>quze</strong></span> <span class='ocrx_word' id='word_1_311' title='bbox 430 1866 509 1888; x_wconf 85' lang='lat' dir='ltr'><strong>erant</strong></span> <span class='ocrx_word' id='word_1_312' title='bbox 522 1861 658 1896; x_wconf 82' lang='lat' dir='ltr'><strong>apposita,</strong></span> <span class='ocrx_word' id='word_1_313' title='bbox 679 1861 713 1888; x_wconf 89' lang='lat' dir='ltr'><strong>ad</strong></span> <span class='ocrx_word' id='word_1_314' title='bbox 728 1861 781 1888; x_wconf 85' lang='lat' dir='ltr'><strong>huc</strong></span> <span class='ocrx_word' id='word_1_315' title='bbox 795 1861 896 1888; x_wconf 90' lang='lat' dir='ltr'><strong>malum</strong></span> <span class='ocrx_word' id='word_1_316' title='bbox 909 1861 1032 1889; x_wconf 77' lang='lat' dir='ltr'><strong>deduxe-</strong></span> 
     </span>
    </p>
   </div>
   <div class='ocr_carea' id='block_1_43' title="bbox 238 1907 1032 1944">
    <p class='ocr_par' dir='ltr' id='par_1_43' title="bbox 238 1907 1032 1944">
     <span class='ocr_line' id='line_1_43' title="bbox 238 1907 1032 1944; baseline -0.001 -8"><span class='ocrx_word' id='word_1_317' title='bbox 238 1910 278 1936; x_wconf 64' lang='lat' dir='ltr'><strong>rit</strong></span> <span class='ocrx_word' id='word_1_318' title='bbox 289 1917 350 1936; x_wconf 86' lang='lat' dir='ltr'><strong>eum</strong></span> <span class='ocrx_word' id='word_1_319' title='bbox 364 1909 409 1944; x_wconf 89' lang='lat' dir='ltr'><strong>qui</strong></span> <span class='ocrx_word' id='word_1_320' title='bbox 420 1908 577 1935; x_wconf 77' lang='lat' dir='ltr'><strong>incousulte</strong></span> <span class='ocrx_word' id='word_1_321' title='bbox 593 1915 659 1935; x_wconf 91' lang='lat' dir='ltr'><strong>usus</strong></span> <span class='ocrx_word' id='word_1_322' title='bbox 668 1911 709 1934; x_wconf 87' lang='lat' dir='ltr'><strong>est</strong></span> <span class='ocrx_word' id='word_1_323' title='bbox 717 1907 751 1935; x_wconf 89' lang='lat' dir='ltr'><strong>iis</strong></span> <span class='ocrx_word' id='word_1_324' title='bbox 766 1915 826 1942; x_wconf 75' lang='lat' dir='ltr'><strong>quae</strong></span> <span class='ocrx_word' id='word_1_325' title='bbox 840 1911 918 1935; x_wconf 81' lang='lat' dir='ltr'><strong>erant</strong></span> <span class='ocrx_word' id='word_1_326' title='bbox 934 1915 1032 1942; x_wconf 89' lang='lat' dir='ltr'><strong>propo-</strong></span> 
     </span>
    </p>
   </div>
   <div class='ocr_carea' id='block_1_44' title="bbox 244 1953 1032 1990">
    <p class='ocr_par' dir='ltr' id='par_1_44' title="bbox 244 1953 1032 1990">
     <span class='ocr_line' id='line_1_44' title="bbox 244 1953 1032 1990; baseline -0.004 -8"><span class='ocrx_word' id='word_1_327' title='bbox 244 1956 306 1982; x_wconf 86' lang='lat' dir='ltr'><strong>sita.</strong></span> <span class='ocrx_word' id='word_1_328' title='bbox 324 1954 372 1986; x_wconf 79' lang='lat' dir='ltr'><strong>ita,</strong></span> <span class='ocrx_word' id='word_1_329' title='bbox 391 1955 491 1990; x_wconf 88' lang='lat' dir='ltr'><strong>inquit,</strong></span> <span class='ocrx_word' id='word_1_330' title='bbox 508 1962 558 1989; x_wconf 83' lang='lat' dir='ltr'><strong>ego</strong></span> <span class='ocrx_word' id='word_1_331' title='bbox 573 1958 683 1988; x_wconf 78' lang='lat' dir='ltr'><strong>quoque</strong></span> <span class='ocrx_word' id='word_1_332' title='bbox 698 1953 771 1985; x_wconf 89' lang='lat' dir='ltr'><strong>novi,</strong></span> <span class='ocrx_word' id='word_1_333' title='bbox 786 1954 860 1988; x_wconf 91' lang='lat' dir='ltr'><strong>quod</strong></span> <span class='ocrx_word' id='word_1_334' title='bbox 875 1961 890 1980; x_wconf 87' lang='lat' dir='ltr'><strong>a</strong></span> <span class='ocrx_word' id='word_1_335' title='bbox 902 1953 956 1981; x_wconf 87' lang='lat' dir='ltr'><strong>Deo</strong></span> <span class='ocrx_word' id='word_1_336' title='bbox 971 1954 1032 1989; x_wconf 88' lang='lat' dir='ltr'><strong>qui-</strong></span> 
     </span>
    </p>
   </div>
   <div class='ocr_carea' id='block_1_45' title="bbox 243 1998 1031 2033">
    <p class='ocr_par' dir='ltr' id='par_1_45' title="bbox 243 1998 1031 2033">
     <span class='ocr_line' id='line_1_45' title="bbox 243 1998 1031 2033; baseline 0 -8"><span class='ocrx_word' id='word_1_337' title='bbox 243 2000 304 2026; x_wconf 79' lang='lat' dir='ltr'><strong>dem</strong></span> <span class='ocrx_word' id='word_1_338' title='bbox 322 1998 422 2025; x_wconf 75' lang='lat' dir='ltr'><strong>factum</strong></span> <span class='ocrx_word' id='word_1_339' title='bbox 438 2004 478 2026; x_wconf 88' lang='lat' dir='ltr'><strong>est</strong></span> <span class='ocrx_word' id='word_1_340' title='bbox 494 1998 707 2033; x_wconf 79' lang='lat' dir='ltr'><strong>nmnmptodque</strong></span> <span class='ocrx_word' id='word_1_341' title='bbox 727 1998 760 2024; x_wconf 87' lang='lat' dir='ltr'><strong>ad</strong></span> <span class='ocrx_word' id='word_1_342' title='bbox 781 2006 862 2026; x_wconf 85' lang='lat' dir='ltr'><strong>omne</strong></span> <span class='ocrx_word' id='word_1_343' title='bbox 877 1999 990 2030; x_wconf 91' lang='lat' dir='ltr'><strong>bonum,</strong></span> <span class='ocrx_word' id='word_1_344' title='bbox 1008 1999 1031 2026; x_wconf 91' lang='lat' dir='ltr'><strong>si</strong></span> 
     </span>
    </p>
   </div>
   <div class='ocr_carea' id='block_1_46' title="bbox 238 2043 1030 2079">
    <p class='ocr_par' dir='ltr' id='par_1_46' title="bbox 238 2043 1030 2079">
     <span class='ocr_line' id='line_1_46' title="bbox 238 2043 1030 2079; baseline 0 -9"><span class='ocrx_word' id='word_1_345' title='bbox 238 2045 271 2071; x_wconf 85' lang='lat' dir='ltr'><strong>in</strong></span> <span class='ocrx_word' id='word_1_346' title='bbox 288 2048 420 2079; x_wconf 81' lang='lat' dir='ltr'><strong>tempore.</strong></span> <span class='ocrx_word' id='word_1_347' title='bbox 437 2049 465 2071; x_wconf 88' lang='lat' dir='ltr'><strong>ut</strong></span> <span class='ocrx_word' id='word_1_348' title='bbox 478 2044 615 2076; x_wconf 80' lang='lat' dir='ltr'><strong>convenit,</strong></span> <span class='ocrx_word' id='word_1_349' title='bbox 631 2051 664 2070; x_wconf 88' lang='lat' dir='ltr'><strong>eo</strong></span> <span class='ocrx_word' id='word_1_350' title='bbox 678 2047 787 2069; x_wconf 81' lang='lat' dir='ltr'><strong>utamur</strong></span> <span class='ocrx_word' id='word_1_351' title='bbox 799 2052 806 2070; x_wconf 89' lang='lat'><strong>:</strong></span> <span class='ocrx_word' id='word_1_352' title='bbox 817 2043 925 2070; x_wconf 85' lang='lat' dir='ltr'><strong>aversio</strong></span> <span class='ocrx_word' id='word_1_353' title='bbox 940 2048 1030 2071; x_wconf 89' lang='lat' dir='ltr'><strong>autem</strong></span> 
     </span>
    </p>
   </div>
   <div class='ocr_carea' id='block_1_47' title="bbox 243 2087 1031 2125">
    <p class='ocr_par' dir='ltr' id='par_1_47' title="bbox 243 2087 1031 2125">
     <span class='ocr_line' id='line_1_47' title="bbox 243 2087 1031 2125; baseline -0.001 -8"><span class='ocrx_word' id='word_1_354' title='bbox 243 2098 258 2117; x_wconf 86' lang='lat' dir='ltr'><strong>a</strong></span> <span class='ocrx_word' id='word_1_355' title='bbox 272 2093 347 2116; x_wconf 88' lang='lat' dir='ltr'><strong>recto</strong></span> <span class='ocrx_word' id='word_1_356' title='bbox 361 2089 395 2117; x_wconf 88' lang='lat' dir='ltr'><strong>de</strong></span> <span class='ocrx_word' id='word_1_357' title='bbox 409 2089 442 2117; x_wconf 83' lang='lat' dir='ltr'><strong>iis</strong></span> <span class='ocrx_word' id='word_1_358' title='bbox 453 2097 514 2125; x_wconf 74' lang='lat' dir='ltr'><strong>qua:</strong></span> <span class='ocrx_word' id='word_1_359' title='bbox 530 2093 603 2121; x_wconf 84' lang='lat' dir='ltr'><strong>sunt,</strong></span> <span class='ocrx_word' id='word_1_360' title='bbox 623 2088 740 2124; x_wconf 84' lang='lat' dir='ltr'><strong>judicio,</strong></span> <span class='ocrx_word' id='word_1_361' title='bbox 766 2087 880 2115; x_wconf 82' lang='lat' dir='ltr'><strong>deduxit</strong></span> <span class='ocrx_word' id='word_1_362' title='bbox 896 2089 966 2116; x_wconf 84' lang='lat' dir='ltr'><strong>bona</strong></span> <span class='ocrx_word' id='word_1_363' title='bbox 997 2088 1031 2116; x_wconf 88' lang='lat' dir='ltr'><strong>ad</strong></span> 
     </span>
    </p>
   </div>
   <div class='ocr_carea' id='block_1_48' title="bbox 243 2134 1031 2170">
    <p class='ocr_par' dir='ltr' id='par_1_48' title="bbox 243 2134 1031 2170">
     <span class='ocr_line' id='line_1_48' title="bbox 243 2134 1031 2170; baseline 0.001 -8"><span class='ocrx_word' id='word_1_364' title='bbox 243 2135 416 2163; x_wconf 72' lang='lat' dir='ltr'><strong>occasionem</strong></span> <span class='ocrx_word' id='word_1_365' title='bbox 433 2135 577 2167; x_wconf 88' lang='lat' dir='ltr'><strong>malorum,</strong></span> <span class='ocrx_word' id='word_1_366' title='bbox 594 2139 623 2161; x_wconf 89' lang='lat' dir='ltr'><strong>ut</strong></span> <span class='ocrx_word' id='word_1_367' title='bbox 637 2134 755 2168; x_wconf 82' lang='lat' dir='ltr'><strong>exempli</strong></span> <span class='ocrx_word' id='word_1_368' title='bbox 767 2141 850 2161; x_wconf 83' lang='lat' dir='ltr'><strong>causa</strong></span> <span class='ocrx_word' id='word_1_369' title='bbox 863 2135 935 2166; x_wconf 87' lang='lat' dir='ltr'><strong>dico,</strong></span> <span class='ocrx_word' id='word_1_370' title='bbox 952 2135 1031 2170; x_wconf 88' lang='lat' dir='ltr'><strong>quid-</strong></span> 
     </span>
    </p>
   </div>
   <div class='ocr_carea' id='block_1_49' title="bbox 1089 210 1880 249">
    <p class='ocr_par' dir='ltr' id='par_1_49' title="bbox 1089 210 1880 249">
     <span class='ocr_line' id='line_1_49' title="bbox 1089 210 1880 249; baseline 0.006 -12"><span class='ocrx_word' id='word_1_371' title='bbox 1089 219 1142 238; x_wconf 88' lang='grc' dir='ltr'><strong>νων</strong></span> <span class='ocrx_word' id='word_1_372' title='bbox 1154 211 1285 244; x_wconf 77' lang='grc' dir='ltr'>ἐξέτασις.</span> <span class='ocrx_word' id='word_1_373' title='bbox 1300 212 1347 244; x_wconf 89' lang='grc' dir='ltr'>Τίς</span> <span class='ocrx_word' id='word_1_374' title='bbox 1363 210 1410 239; x_wconf 78' lang='grc' dir='ltr'><strong>οὖν</strong></span> <span class='ocrx_word' id='word_1_375' title='bbox 1427 214 1572 249; x_wconf 78' lang='grc' dir='ltr'><strong>περισσεία</strong></span> <span class='ocrx_word' id='word_1_376' title='bbox 1584 213 1632 241; x_wconf 89' lang='grc' dir='ltr'><strong>τοῦ</strong></span> <span class='ocrx_word' id='word_1_377' title='bbox 1643 214 1782 246; x_wconf 83' lang='grc' dir='ltr'>ποιοῦντος</span> <span class='ocrx_word' id='word_1_378' title='bbox 1798 216 1827 242; x_wconf 82' lang='grc' dir='ltr'>ὲν</span> <span class='ocrx_word' id='word_1_379' title='bbox 1837 213 1880 247; x_wconf 76' lang='grc' dir='ltr'>οἷς</span> 
     </span>
    </p>
   </div>
   <div class='ocr_carea' id='block_1_50' title="bbox 1089 257 1879 296">
    <p class='ocr_par' dir='ltr' id='par_1_50' title="bbox 1089 257 1879 296">
     <span class='ocr_line' id='line_1_50' title="bbox 1089 257 1879 296; baseline 0.006 -13"><span class='ocrx_word' id='word_1_380' title='bbox 1089 257 1176 290; x_wconf 73' lang='grc' dir='ltr'>αὐτὸς</span> <span class='ocrx_word' id='word_1_381' title='bbox 1184 257 1293 293; x_wconf 76' lang='grc' dir='ltr'>μοχθεῖς</span> <span class='ocrx_word' id='word_1_382' title='bbox 1308 258 1363 285; x_wconf 77' lang='grc' dir='ltr'><strong>Καὶ</strong></span> <span class='ocrx_word' id='word_1_383' title='bbox 1381 259 1450 294; x_wconf 72' lang='grc' dir='ltr'>μετὰ</span> <span class='ocrx_word' id='word_1_384' title='bbox 1460 259 1558 292; x_wconf 73' lang='grc' dir='ltr'>ταῦτα,</span> <span class='ocrx_word' id='word_1_385' title='bbox 1570 270 1579 286; x_wconf 86' lang='grc'><strong><em>‹</em></strong></span> <span class='ocrx_word' id='word_1_386' title='bbox 1589 258 1675 292; x_wconf 75' lang='grc' dir='ltr'>Εἶδον,</span> <span class='ocrx_word' id='word_1_387' title='bbox 1689 269 1699 287; x_wconf 72' lang='grc' dir='ltr'><strong>ι</strong></span> <span class='ocrx_word' id='word_1_388' title='bbox 1716 261 1796 296; x_wconf 73' lang='grc' dir='ltr'>φησὶ,</span> <span class='ocrx_word' id='word_1_389' title='bbox 1814 261 1879 288; x_wconf 73' lang='grc' dir='ltr'>(τὸν</span> 
     </span>
    </p>
   </div>
   <div class='ocr_carea' id='block_1_51' title="bbox 1089 304 1878 342">
    <p class='ocr_par' dir='ltr' id='par_1_51' title="bbox 1089 304 1878 342">
     <span class='ocr_line' id='line_1_51' title="bbox 1089 304 1878 342; baseline 0.005 -12"><span class='ocrx_word' id='word_1_390' title='bbox 1089 305 1279 340; x_wconf 82' lang='grc' dir='ltr'>περισπασμὺν</span> <span class='ocrx_word' id='word_1_391' title='bbox 1292 305 1322 333; x_wconf 84' lang='grc' dir='ltr'>ὃν</span> <span class='ocrx_word' id='word_1_392' title='bbox 1342 304 1426 333; x_wconf 73' lang='grc' dir='ltr'>ἔδωκε</span> <span class='ocrx_word' id='word_1_393' title='bbox 1442 307 1498 338; x_wconf 79' lang='grc' dir='ltr'>τοῖς</span> <span class='ocrx_word' id='word_1_394' title='bbox 1513 307 1581 338; x_wconf 71' lang='lat' dir='ltr'><strong>uidi;</strong></span> <span class='ocrx_word' id='word_1_395' title='bbox 1595 307 1649 333; x_wconf 87' lang='grc' dir='ltr'><strong>τῶν</strong></span> <span class='ocrx_word' id='word_1_396' title='bbox 1665 306 1816 342; x_wconf 83' lang='grc' dir='ltr'>ἀνθρώπων</span> <span class='ocrx_word' id='word_1_397' title='bbox 1830 306 1878 334; x_wconf 89' lang='grc' dir='ltr'><strong>τοῦ</strong></span> 
     </span>
    </p>
   </div>
   <div class='ocr_carea' id='block_1_52' title="bbox 1089 351 1878 388">
    <p class='ocr_par' dir='ltr' id='par_1_52' title="bbox 1089 351 1878 388">
     <span class='ocr_line' id='line_1_52' title="bbox 1089 351 1878 388; baseline 0.005 -12"><span class='ocrx_word' id='word_1_398' title='bbox 1089 351 1275 386; x_wconf 81' lang='grc' dir='ltr'><strong>περισπᾶσθαι</strong></span> <span class='ocrx_word' id='word_1_399' title='bbox 1288 352 1318 378; x_wconf 83' lang='grc' dir='ltr'>ὲν</span> <span class='ocrx_word' id='word_1_400' title='bbox 1329 351 1418 387; x_wconf 81' lang='grc' dir='ltr'>ἑαυτῷ</span> <span class='ocrx_word' id='word_1_401' title='bbox 1433 351 1468 379; x_wconf 81' lang='grc' dir='ltr'>τὰ</span> <span class='ocrx_word' id='word_1_402' title='bbox 1482 351 1637 388; x_wconf 87' lang='grc' dir='ltr'>σύμπαντα,</span> <span class='ocrx_word' id='word_1_403' title='bbox 1652 352 1670 380; x_wconf 73' lang='grc' dir='ltr'>ἃ</span> <span class='ocrx_word' id='word_1_404' title='bbox 1681 353 1793 388; x_wconf 73' lang='grc' dir='ltr'>ἐποίησε</span> <span class='ocrx_word' id='word_1_405' title='bbox 1808 352 1878 379; x_wconf 75' lang='grc' dir='ltr'>καλὰ</span> 
     </span>
    </p>
   </div>
   <div class='ocr_carea' id='block_1_53' title="bbox 1089 397 1879 434">
    <p class='ocr_par' dir='ltr' id='par_1_53' title="bbox 1089 397 1879 434">
     <span class='ocr_line' id='line_1_53' title="bbox 1089 397 1879 434; baseline 0.001 -11"><span class='ocrx_word' id='word_1_406' title='bbox 1089 397 1117 423; x_wconf 81' lang='grc' dir='ltr'>ὲν</span> <span class='ocrx_word' id='word_1_407' title='bbox 1130 397 1219 433; x_wconf 82' lang='grc' dir='ltr'><strong>καιρῷ</strong></span> <span class='ocrx_word' id='word_1_408' title='bbox 1233 398 1326 425; x_wconf 71' lang='grc' dir='ltr'>αὐτοῦ.</span> <span class='ocrx_word' id='word_1_409' title='bbox 1344 399 1399 425; x_wconf 85' lang='grc' dir='ltr'><strong>Καί</strong></span> <span class='ocrx_word' id='word_1_410' title='bbox 1414 407 1446 432; x_wconf 88' lang='grc' dir='ltr'><strong>γε</strong></span> <span class='ocrx_word' id='word_1_411' title='bbox 1463 399 1509 426; x_wconf 78' lang='grc' dir='ltr'>τὸν</span> <span class='ocrx_word' id='word_1_412' title='bbox 1527 398 1612 425; x_wconf 79' lang='grc' dir='ltr'>αίῶνα</span> <span class='ocrx_word' id='word_1_413' title='bbox 1626 398 1725 425; x_wconf 77' lang='grc' dir='ltr'>ἔδωκεν</span> <span class='ocrx_word' id='word_1_414' title='bbox 1736 399 1766 425; x_wconf 81' lang='grc' dir='ltr'>ὲν</span> <span class='ocrx_word' id='word_1_415' title='bbox 1780 398 1879 434; x_wconf 72' lang='grc' dir='ltr'>καρδία</span> 
     </span>
    </p>
   </div>
   <div class='ocr_carea' id='block_1_54' title="bbox 1088 443 1880 481">
    <p class='ocr_par' dir='ltr' id='par_1_54' title="bbox 1088 443 1880 481">
     <span class='ocr_line' id='line_1_54' title="bbox 1088 443 1880 481; baseline 0.001 -12"><span class='ocrx_word' id='word_1_416' title='bbox 1088 443 1188 475; x_wconf 79' lang='grc' dir='ltr'>αὐτῶν,</span> <span class='ocrx_word' id='word_1_417' title='bbox 1202 444 1275 476; x_wconf 79' lang='grc' dir='ltr'>ὅπως</span> <span class='ocrx_word' id='word_1_418' title='bbox 1294 444 1331 481; x_wconf 84' lang='grc' dir='ltr'>μὴ</span> <span class='ocrx_word' id='word_1_419' title='bbox 1348 445 1415 480; x_wconf 83' lang='grc' dir='ltr'>ε’ύρῃ</span> <span class='ocrx_word' id='word_1_420' title='bbox 1430 444 1572 480; x_wconf 80' lang='grc' dir='ltr'>ἄνθρωπος</span> <span class='ocrx_word' id='word_1_421' title='bbox 1589 445 1619 472; x_wconf 77' lang='grc' dir='ltr'>τὸ</span> <span class='ocrx_word' id='word_1_422' title='bbox 1633 445 1738 480; x_wconf 86' lang='grc' dir='ltr'>ποίημα</span> <span class='ocrx_word' id='word_1_423' title='bbox 1752 444 1768 471; x_wconf 77' lang='grc' dir='ltr'><strong>ὃ</strong></span> <span class='ocrx_word' id='word_1_424' title='bbox 1785 445 1880 479; x_wconf 75' lang='grc' dir='ltr'>εποίη-</span> 
     </span>
    </p>
   </div>
   <div class='ocr_carea' id='block_1_55' title="bbox 1089 489 1876 526">
    <p class='ocr_par' dir='ltr' id='par_1_55' title="bbox 1089 489 1876 526">
     <span class='ocr_line' id='line_1_55' title="bbox 1089 489 1876 526; baseline 0 -10"><span class='ocrx_word' id='word_1_425' title='bbox 1089 497 1135 516; x_wconf 88' lang='grc' dir='ltr'><strong>σεν</strong></span> <span class='ocrx_word' id='word_1_426' title='bbox 1145 491 1159 516; x_wconf 84' lang='grc' dir='ltr'>ὁ</span> <span class='ocrx_word' id='word_1_427' title='bbox 1172 489 1237 522; x_wconf 83' lang='grc' dir='ltr'><strong>Θεὸς</strong></span> <span class='ocrx_word' id='word_1_428' title='bbox 1251 491 1297 517; x_wconf 74' lang='grc' dir='ltr'><strong>ἀπ’</strong></span> <span class='ocrx_word' id='word_1_429' title='bbox 1309 491 1395 526; x_wconf 77' lang='grc' dir='ltr'>ἀρχῆς</span> <span class='ocrx_word' id='word_1_430' title='bbox 1412 490 1492 526; x_wconf 82' lang='grc' dir='ltr'>μέχρι</span> <span class='ocrx_word' id='word_1_431' title='bbox 1505 490 1607 522; x_wconf 82' lang='grc' dir='ltr'>τέλους.</span> <span class='ocrx_word' id='word_1_432' title='bbox 1621 500 1630 517; x_wconf 69' lang='grc' dir='ltr'><strong>ι</strong></span> <span class='ocrx_word' id='word_1_433' title='bbox 1639 490 1673 517; x_wconf 87' lang='grc' dir='ltr'>Τί</span> <span class='ocrx_word' id='word_1_434' title='bbox 1688 490 1774 518; x_wconf 84' lang='grc' dir='ltr'>ταῦτα</span> <span class='ocrx_word' id='word_1_435' title='bbox 1784 490 1876 524; x_wconf 73' lang='grc' dir='ltr'>λέγεις</span> 
     </span>
    </p>
   </div>
   <div class='ocr_carea' id='block_1_56' title="bbox 1094 535 1875 572">
    <p class='ocr_par' dir='ltr' id='par_1_56' title="bbox 1094 535 1875 572">
     <span class='ocr_line' id='line_1_56' title="bbox 1094 535 1875 572; baseline 0 -10"><span class='ocrx_word' id='word_1_436' title='bbox 1094 535 1241 570; x_wconf 80' lang='grc' dir='ltr'>Ἐπέγνων,</span> <span class='ocrx_word' id='word_1_437' title='bbox 1259 536 1352 572; x_wconf 68' lang='grc' dir='ltr'>φησὶν,</span> <span class='ocrx_word' id='word_1_438' title='bbox 1367 536 1428 562; x_wconf 87' lang='grc' dir='ltr'>ὅθεν</span> <span class='ocrx_word' id='word_1_439' title='bbox 1441 536 1630 572; x_wconf 86' lang='grc' dir='ltr'>περιεσπάσθη</span> <span class='ocrx_word' id='word_1_440' title='bbox 1646 536 1696 572; x_wconf 86' lang='grc' dir='ltr'>τῆς</span> <span class='ocrx_word' id='word_1_441' title='bbox 1707 536 1780 572; x_wconf 78' lang='grc' dir='ltr'>ζωῆς</span> <span class='ocrx_word' id='word_1_442' title='bbox 1794 537 1811 571; x_wconf 82' lang='grc' dir='ltr'>ἡ</span> <span class='ocrx_word' id='word_1_443' title='bbox 1827 537 1875 563; x_wconf 80' lang='grc' dir='ltr'>άν-</span> 
     </span>
    </p>
   </div>
   <div class='ocr_carea' id='block_1_57' title="bbox 1088 580 1877 617">
    <p class='ocr_par' dir='ltr' id='par_1_57' title="bbox 1088 580 1877 617">
     <span class='ocr_line' id='line_1_57' title="bbox 1088 580 1877 617; baseline 0.003 -11"><span class='ocrx_word' id='word_1_444' title='bbox 1088 580 1210 616; x_wconf 85' lang='grc' dir='ltr'>θρωπίνη</span> <span class='ocrx_word' id='word_1_445' title='bbox 1230 581 1320 616; x_wconf 80' lang='grc' dir='ltr'>φύσις,</span> <span class='ocrx_word' id='word_1_446' title='bbox 1337 583 1370 608; x_wconf 82' lang='grc' dir='ltr'>ὲκ</span> <span class='ocrx_word' id='word_1_447' title='bbox 1388 581 1441 609; x_wconf 85' lang='grc' dir='ltr'><strong>τῶν</strong></span> <span class='ocrx_word' id='word_1_448' title='bbox 1455 581 1534 609; x_wconf 87' lang='grc' dir='ltr'>θείων</span> <span class='ocrx_word' id='word_1_449' title='bbox 1548 581 1712 617; x_wconf 81' lang='grc' dir='ltr'><strong>εὐεργεσιῶν</strong></span> <span class='ocrx_word' id='word_1_450' title='bbox 1727 581 1777 613; x_wconf 80' lang='grc' dir='ltr'>τὰς</span> <span class='ocrx_word' id='word_1_451' title='bbox 1791 582 1877 617; x_wconf 76' lang='grc' dir='ltr'>ἀφορο</span> 
     </span>
    </p>
   </div>
   <div class='ocr_carea' id='block_1_58' title="bbox 1089 626 1875 663">
    <p class='ocr_par' dir='ltr' id='par_1_58' title="bbox 1089 626 1875 663">
     <span class='ocr_line' id='line_1_58' title="bbox 1089 626 1875 663; baseline 0.003 -11"><span class='ocrx_word' id='word_1_452' title='bbox 1089 626 1143 660; x_wconf 85' lang='grc' dir='ltr'><strong>μὰς</strong></span> <span class='ocrx_word' id='word_1_453' title='bbox 1151 626 1282 654; x_wconf 80' lang='grc' dir='ltr'>λαὸοῦσα.</span> <span class='ocrx_word' id='word_1_454' title='bbox 1292 627 1321 654; x_wconf 95' lang='grc' dir='ltr'>ὀ</span> <span class='ocrx_word' id='word_1_455' title='bbox 1330 628 1378 662; x_wconf 83' lang='grc' dir='ltr'>μὲν</span> <span class='ocrx_word' id='word_1_456' title='bbox 1388 627 1443 663; x_wconf 82' lang='grc' dir='ltr'>γὰρ</span> <span class='ocrx_word' id='word_1_457' title='bbox 1456 627 1499 654; x_wconf 77' lang='grc' dir='ltr'><strong>ἐπ’</strong></span> <span class='ocrx_word' id='word_1_458' title='bbox 1510 627 1605 663; x_wconf 84' lang='grc' dir='ltr'>ἀγαθῷ</span> <span class='ocrx_word' id='word_1_459' title='bbox 1613 627 1647 654; x_wconf 85' lang='grc' dir='ltr'><strong>τὰ</strong></span> <span class='ocrx_word' id='word_1_460' title='bbox 1657 628 1745 655; x_wconf 80' lang='grc' dir='ltr'>πάντα</span> <span class='ocrx_word' id='word_1_461' title='bbox 1753 627 1875 663; x_wconf 66' lang='grc' dir='ltr'>ἐποίησε,</span> 
     </span>
    </p>
   </div>
   <div class='ocr_carea' id='block_1_59' title="bbox 1087 672 1879 708">
    <p class='ocr_par' dir='ltr' id='par_1_59' title="bbox 1087 672 1879 708">
     <span class='ocr_line' id='line_1_59' title="bbox 1087 672 1879 708; baseline 0.003 -10"><span class='ocrx_word' id='word_1_462' title='bbox 1087 672 1134 698; x_wconf 79' lang='grc' dir='ltr'>καὶ</span> <span class='ocrx_word' id='word_1_463' title='bbox 1151 672 1278 708; x_wconf 76' lang='grc' dir='ltr'>λογισμὸν</span> <span class='ocrx_word' id='word_1_464' title='bbox 1295 672 1378 699; x_wconf 75' lang='grc' dir='ltr'>ἔδωκε</span> <span class='ocrx_word' id='word_1_465' title='bbox 1396 674 1451 704; x_wconf 83' lang='grc' dir='ltr'>τοῖς</span> <span class='ocrx_word' id='word_1_466' title='bbox 1469 672 1524 699; x_wconf 87' lang='grc' dir='ltr'><strong>τῶν</strong></span> <span class='ocrx_word' id='word_1_467' title='bbox 1539 672 1625 700; x_wconf 74' lang='grc' dir='ltr'>ὅντων</span> <span class='ocrx_word' id='word_1_468' title='bbox 1650 673 1794 708; x_wconf 83' lang='grc' dir='ltr'><strong>μετέχουσι</strong></span> <span class='ocrx_word' id='word_1_469' title='bbox 1820 673 1879 701; x_wconf 81' lang='grc' dir='ltr'>δια-</span> 
     </span>
    </p>
   </div>
   <div class='ocr_carea' id='block_1_60' title="bbox 1087 713 1877 754">
    <p class='ocr_par' dir='ltr' id='par_1_60' title="bbox 1087 713 1877 754">
     <span class='ocr_line' id='line_1_60' title="bbox 1087 713 1877 754; baseline 0 -10"><span class='ocrx_word' id='word_1_470' title='bbox 1087 718 1208 754; x_wconf 79' lang='grc' dir='ltr'>κριτικὸν</span> <span class='ocrx_word' id='word_1_471' title='bbox 1218 717 1265 744; x_wconf 86' lang='grc' dir='ltr'><strong>τοῦ</strong></span> <span class='ocrx_word' id='word_1_472' title='bbox 1276 717 1422 753; x_wconf 80' lang='grc' dir='ltr'>βελτίονος,</span> <span class='ocrx_word' id='word_1_473' title='bbox 1435 717 1469 744; x_wconf 78' lang='grc' dir='ltr'>δι’</span> <span class='ocrx_word' id='word_1_474' title='bbox 1483 713 1514 744; x_wconf 82' lang='grc' dir='ltr'><strong>οῦ</strong></span> <span class='ocrx_word' id='word_1_475' title='bbox 1524 719 1541 753; x_wconf 83' lang='grc' dir='ltr'>ἡ</span> <span class='ocrx_word' id='word_1_476' title='bbox 1554 717 1680 754; x_wconf 78' lang='grc' dir='ltr'>εὐκαίρια</span> <span class='ocrx_word' id='word_1_477' title='bbox 1693 718 1743 753; x_wconf 87' lang='grc' dir='ltr'>τῆς</span> <span class='ocrx_word' id='word_1_478' title='bbox 1759 718 1877 745; x_wconf 67' lang='grc' dir='ltr'>ἑκάστου</span> 
     </span>
    </p>
   </div>
   <div class='ocr_carea' id='block_1_61' title="bbox 1087 763 1878 799">
    <p class='ocr_par' dir='ltr' id='par_1_61' title="bbox 1087 763 1878 799">
     <span class='ocr_line' id='line_1_61' title="bbox 1087 763 1878 799; baseline 0.001 -10"><span class='ocrx_word' id='word_1_479' title='bbox 1087 763 1212 799; x_wconf 87' lang='grc' dir='ltr'>χρήσεως</span> <span class='ocrx_word' id='word_1_480' title='bbox 1227 763 1427 798; x_wconf 79' lang='grc' dir='ltr'>ὲπιγνωσθείσα</span> <span class='ocrx_word' id='word_1_481' title='bbox 1446 763 1496 799; x_wconf 82' lang='grc' dir='ltr'>τὴν</span> <span class='ocrx_word' id='word_1_482' title='bbox 1511 763 1559 790; x_wconf 78' lang='grc' dir='ltr'><strong>τοῦ</strong></span> <span class='ocrx_word' id='word_1_483' title='bbox 1579 763 1663 790; x_wconf 89' lang='grc' dir='ltr'>καλοῦ</span> <span class='ocrx_word' id='word_1_484' title='bbox 1681 763 1806 798; x_wconf 66' lang='grc' dir='ltr'>αἴσθησιν</span> <span class='ocrx_word' id='word_1_485' title='bbox 1822 764 1878 796; x_wconf 83' lang='grc' dir='ltr'>τοῖς</span> 
     </span>
    </p>
   </div>
   <div class='ocr_carea' id='block_1_62' title="bbox 1087 809 1878 845">
    <p class='ocr_par' dir='ltr' id='par_1_62' title="bbox 1087 809 1878 845">
     <span class='ocr_line' id='line_1_62' title="bbox 1087 809 1878 845; baseline 0 -9"><span class='ocrx_word' id='word_1_486' title='bbox 1087 809 1268 845; x_wconf 77' lang='grc' dir='ltr'><strong>κεχρημένοις</strong></span> <span class='ocrx_word' id='word_1_487' title='bbox 1291 810 1443 845; x_wconf 73' lang='grc' dir='ltr'>χαρίζεται.</span> <span class='ocrx_word' id='word_1_488' title='bbox 1476 809 1584 845; x_wconf 84' lang='grc' dir='ltr'>Ἐπειδὴ</span> <span class='ocrx_word' id='word_1_489' title='bbox 1607 809 1635 836; x_wconf 86' lang='grc' dir='ltr'>δὲ</span> <span class='ocrx_word' id='word_1_490' title='bbox 1660 809 1805 844; x_wconf 75' lang='grc' dir='ltr'><strong>ἀπεσφάλη</strong></span> <span class='ocrx_word' id='word_1_491' title='bbox 1827 809 1878 844; x_wconf 80' lang='grc' dir='ltr'>τῆς</span> 
     </span>
    </p>
   </div>
   <div class='ocr_carea' id='block_1_63' title="bbox 1085 855 1878 893">
    <p class='ocr_par' dir='ltr' id='par_1_63' title="bbox 1085 855 1878 893">
     <span class='ocr_line' id='line_1_63' title="bbox 1085 855 1878 893; baseline -0.001 -10"><span class='ocrx_word' id='word_1_492' title='bbox 1085 856 1167 892; x_wconf 81' lang='grc' dir='ltr'>ὀρθῆς</span> <span class='ocrx_word' id='word_1_493' title='bbox 1191 857 1256 893; x_wconf 78' lang='grc' dir='ltr'>περὶ</span> <span class='ocrx_word' id='word_1_494' title='bbox 1281 856 1336 883; x_wconf 79' lang='grc' dir='ltr'><strong>¹τῶν</strong></span> <span class='ocrx_word' id='word_1_495' title='bbox 1358 856 1442 883; x_wconf 69' lang='grc' dir='ltr'>ὅντων</span> <span class='ocrx_word' id='word_1_496' title='bbox 1461 856 1596 892; x_wconf 79' lang='grc' dir='ltr'>κρίσεως,</span> <span class='ocrx_word' id='word_1_497' title='bbox 1612 855 1656 882; x_wconf 77' lang='grc' dir='ltr'><strong>διὰ</strong></span> <span class='ocrx_word' id='word_1_498' title='bbox 1671 857 1791 892; x_wconf 77' lang='grc' dir='ltr'>πονηρᾶς</span> <span class='ocrx_word' id='word_1_499' title='bbox 1808 864 1878 890; x_wconf 86' lang='grc' dir='ltr'>συμ-</span> 
     </span>
    </p>
   </div>
   <div class='ocr_carea' id='block_1_64' title="bbox 1086 902 1875 939">
    <p class='ocr_par' dir='ltr' id='par_1_64' title="bbox 1086 902 1875 939">
     <span class='ocr_line' id='line_1_64' title="bbox 1086 902 1875 939; baseline -0.001 -9"><span class='ocrx_word' id='word_1_500' title='bbox 1086 903 1184 938; x_wconf 76' lang='grc' dir='ltr'>ϐουλῆς</span> <span class='ocrx_word' id='word_1_501' title='bbox 1211 902 1403 939; x_wconf 76' lang='grc' dir='ltr'>παρατραπεὶς</span> <span class='ocrx_word' id='word_1_502' title='bbox 1427 902 1475 929; x_wconf 86' lang='grc' dir='ltr'><strong>τοῦ</strong></span> <span class='ocrx_word' id='word_1_503' title='bbox 1497 902 1669 935; x_wconf 79' lang='grc' dir='ltr'><strong>καθεστῶτος</strong></span> <span class='ocrx_word' id='word_1_504' title='bbox 1691 902 1843 938; x_wconf 77' lang='grc' dir='ltr'><strong>λογισμοῦ,</strong></span> <span class='ocrx_word' id='word_1_505' title='bbox 1858 903 1875 936; x_wconf 80' lang='grc' dir='ltr'><strong>ἡ</strong></span> 
     </span>
    </p>
   </div>
   <div class='ocr_carea' id='block_1_65' title="bbox 1086 949 1877 985">
    <p class='ocr_par' dir='ltr' id='par_1_65' title="bbox 1086 949 1877 985">
     <span class='ocr_line' id='line_1_65' title="bbox 1086 949 1877 985; baseline -0.001 -9"><span class='ocrx_word' id='word_1_506' title='bbox 1086 949 1228 985; x_wconf 79' lang='grc' dir='ltr'>ὑπαλλαγὴ</span> <span class='ocrx_word' id='word_1_507' title='bbox 1249 949 1297 976; x_wconf 85' lang='grc' dir='ltr'><strong>τοῦ</strong></span> <span class='ocrx_word' id='word_1_508' title='bbox 1320 949 1418 984; x_wconf 81' lang='grc' dir='ltr'>καιροῦ</span> <span class='ocrx_word' id='word_1_509' title='bbox 1436 949 1467 976; x_wconf 70' lang='grc' dir='ltr'>τὸ</span> <span class='ocrx_word' id='word_1_510' title='bbox 1487 949 1528 983; x_wconf 75' lang='grc' dir='ltr'><strong>ἐφ’</strong></span> <span class='ocrx_word' id='word_1_511' title='bbox 1544 950 1660 976; x_wconf 79' lang='grc' dir='ltr'><strong>ἑκάστου</strong></span> <span class='ocrx_word' id='word_1_512' title='bbox 1686 949 1821 985; x_wconf 84' lang='grc' dir='ltr'>χρήσιμον</span> <span class='ocrx_word' id='word_1_513' title='bbox 1837 949 1877 982; x_wconf 75' lang='grc' dir='ltr'><strong>εἰς</strong></span> 
     </span>
    </p>
   </div>
   <div class='ocr_carea' id='block_1_66' title="bbox 1086 994 1878 1032">
    <p class='ocr_par' dir='ltr' id='par_1_66' title="bbox 1086 994 1878 1032">
     <span class='ocr_line' id='line_1_66' title="bbox 1086 994 1878 1032; baseline -0.004 -9"><span class='ocrx_word' id='word_1_514' title='bbox 1086 997 1212 1024; x_wconf 72' lang='grc' dir='ltr'><strong>ἐναντίαν</strong></span> <span class='ocrx_word' id='word_1_515' title='bbox 1225 995 1322 1032; x_wconf 68' lang='grc' dir='ltr'>ἔτρεψε</span> <span class='ocrx_word' id='word_1_516' title='bbox 1336 996 1444 1031; x_wconf 85' lang='grc' dir='ltr'>πεῖραν.</span> <span class='ocrx_word' id='word_1_517' title='bbox 1461 995 1567 1031; x_wconf 84' lang='grc' dir='ltr'>Ὥσπερ</span> <span class='ocrx_word' id='word_1_518' title='bbox 1582 995 1608 1021; x_wconf 84' lang='grc' dir='ltr'>εῐ</span> <span class='ocrx_word' id='word_1_519' title='bbox 1622 1003 1665 1027; x_wconf 91' lang='grc' dir='ltr'><strong>τις</strong></span> <span class='ocrx_word' id='word_1_520' title='bbox 1677 995 1723 1021; x_wconf 73' lang='grc' dir='ltr'><strong>ἐπὶ</strong></span> <span class='ocrx_word' id='word_1_521' title='bbox 1739 994 1878 1030; x_wconf 78' lang='grc' dir='ltr'><strong>τραπέζης</strong></span> 
     </span>
    </p>
   </div>
   <div class='ocr_carea' id='block_1_67' title="bbox 1085 1038 1878 1076">
    <p class='ocr_par' dir='ltr' id='par_1_67' title="bbox 1085 1038 1878 1076">
     <span class='ocr_line' id='line_1_67' title="bbox 1085 1038 1878 1076; baseline -0.003 -9"><span class='ocrx_word' id='word_1_522' title='bbox 1085 1042 1176 1068; x_wconf 80' lang='grc' dir='ltr'>πᾶσαν</span> <span class='ocrx_word' id='word_1_523' title='bbox 1192 1040 1304 1076; x_wconf 81' lang='grc' dir='ltr'>προθεὶς</span> <span class='ocrx_word' id='word_1_524' title='bbox 1318 1039 1495 1076; x_wconf 86' lang='grc' dir='ltr'>παρασκευὴν</span> <span class='ocrx_word' id='word_1_525' title='bbox 1510 1039 1637 1074; x_wconf 80' lang='grc' dir='ltr'><strong>εὐωχίας,</strong></span> <span class='ocrx_word' id='word_1_526' title='bbox 1655 1039 1702 1066; x_wconf 74' lang='grc' dir='ltr'>καὶ</span> <span class='ocrx_word' id='word_1_527' title='bbox 1719 1038 1878 1074; x_wconf 83' lang='grc' dir='ltr'>σκεύη”τινὰ</span> 
     </span>
    </p>
   </div>
   <div class='ocr_carea' id='block_1_68' title="bbox 1086 1084 1878 1123">
    <p class='ocr_par' dir='ltr' id='par_1_68' title="bbox 1086 1084 1878 1123">
     <span class='ocr_line' id='line_1_68' title="bbox 1086 1084 1878 1123; baseline -0.005 -9"><span class='ocrx_word' id='word_1_528' title='bbox 1086 1087 1154 1123; x_wconf 70' lang='grc' dir='ltr'>προς</span> <span class='ocrx_word' id='word_1_529' title='bbox 1176 1087 1226 1123; x_wconf 78' lang='grc' dir='ltr'>τὴν</span> <span class='ocrx_word' id='word_1_530' title='bbox 1247 1087 1298 1122; x_wconf 85' lang='grc' dir='ltr'>τῆς</span> <span class='ocrx_word' id='word_1_531' title='bbox 1314 1086 1418 1122; x_wconf 77' lang='grc' dir='ltr'><strong>τροφῆς</strong></span> <span class='ocrx_word' id='word_1_532' title='bbox 1440 1086 1585 1121; x_wconf 78' lang='grc' dir='ltr'>συνεργίαν</span> <span class='ocrx_word' id='word_1_533' title='bbox 1606 1085 1767 1121; x_wconf 77' lang='grc' dir='ltr'>ἐπιτηδείως</span> <span class='ocrx_word' id='word_1_534' title='bbox 1781 1084 1878 1119; x_wconf 73' lang='grc' dir='ltr'>ἔχοντα</span> 
     </span>
    </p>
   </div>
   <div class='ocr_carea' id='block_1_69' title="bbox 1086 1130 1877 1168">
    <p class='ocr_par' dir='ltr' id='par_1_69' title="bbox 1086 1130 1877 1168">
     <span class='ocr_line' id='line_1_69' title="bbox 1086 1130 1877 1168; baseline -0.006 -8"><span class='ocrx_word' id='word_1_535' title='bbox 1086 1132 1281 1168; x_wconf 79' lang='grc' dir='ltr'>συμπαραθείη</span> <span class='ocrx_word' id='word_1_536' title='bbox 1291 1152 1299 1164; x_wconf 90' lang='grc'><em>,</em></span> <span class='ocrx_word' id='word_1_537' title='bbox 1316 1130 1360 1159; x_wconf 69' lang='grc' dir='ltr'>οἷα</span> <span class='ocrx_word' id='word_1_538' title='bbox 1373 1131 1405 1167; x_wconf 83' lang='grc' dir='ltr'>δὴ</span> <span class='ocrx_word' id='word_1_539' title='bbox 1426 1130 1502 1167; x_wconf 71' lang='grc' dir='ltr'>παρὰ</span> <span class='ocrx_word' id='word_1_540' title='bbox 1518 1131 1573 1158; x_wconf 86' lang='grc' dir='ltr'><strong>τῶν</strong></span> <span class='ocrx_word' id='word_1_541' title='bbox 1590 1131 1624 1157; x_wconf 79' lang='grc' dir='ltr'>τὰ</span> <span class='ocrx_word' id='word_1_542' title='bbox 1639 1130 1752 1157; x_wconf 82' lang='grc' dir='ltr'>τοιαῦτα</span> <span class='ocrx_word' id='word_1_543' title='bbox 1768 1130 1877 1164; x_wconf 83' lang='grc' dir='ltr'>φιλοτε-</span> 
     </span>
    </p>
   </div>
   <div class='ocr_carea' id='block_1_70' title="bbox 1085 1173 1878 1214">
    <p class='ocr_par' dir='ltr' id='par_1_70' title="bbox 1085 1173 1878 1214">
     <span class='ocr_line' id='line_1_70' title="bbox 1085 1173 1878 1214; baseline -0.006 -8"><span class='ocrx_word' id='word_1_544' title='bbox 1085 1178 1220 1214; x_wconf 86' lang='grc' dir='ltr'>χνούντων</span> <span class='ocrx_word' id='word_1_545' title='bbox 1242 1176 1511 1209; x_wconf 74' lang='grc' dir='ltr'><strong>κατασκευάζονται,</strong></span> <span class='ocrx_word' id='word_1_546' title='bbox 1527 1177 1543 1211; x_wconf 85' lang='grc' dir='ltr'>ἤ</span> <span class='ocrx_word' id='word_1_547' title='bbox 1559 1175 1661 1208; x_wconf 80' lang='grc' dir='ltr'>λεπτὰς</span> <span class='ocrx_word' id='word_1_548' title='bbox 1686 1175 1824 1211; x_wconf 80' lang='grc' dir='ltr'>μαχαίρας</span> <span class='ocrx_word' id='word_1_549' title='bbox 1843 1173 1878 1201; x_wconf 71' lang='grc' dir='ltr'>δι’</span> 
     </span>
    </p>
   </div>
   <div class='ocr_carea' id='block_1_71' title="bbox 1086 1221 1879 1259">
    <p class='ocr_par' dir='ltr' id='par_1_71' title="bbox 1086 1221 1879 1259">
     <span class='ocr_line' id='line_1_71' title="bbox 1086 1221 1879 1259; baseline -0.005 -8"><span class='ocrx_word' id='word_1_550' title='bbox 1086 1221 1123 1251; x_wconf 83' lang='grc' dir='ltr'>ὧν</span> <span class='ocrx_word' id='word_1_551' title='bbox 1145 1225 1168 1250; x_wconf 85' lang='grc' dir='ltr'>οἱ</span> <span class='ocrx_word' id='word_1_552' title='bbox 1183 1223 1342 1259; x_wconf 80' lang='grc' dir='ltr'>δαιτυμόνες</span> <span class='ocrx_word' id='word_1_553' title='bbox 1361 1223 1467 1254; x_wconf 76' lang='grc' dir='ltr'>ἑαυτοῖς</span> <span class='ocrx_word' id='word_1_554' title='bbox 1481 1231 1508 1249; x_wconf 88' lang='grc' dir='ltr'><strong>τι</strong></span> <span class='ocrx_word' id='word_1_555' title='bbox 1524 1221 1693 1259; x_wconf 74' lang='grc' dir='ltr'>διαιροῦνται</span> <span class='ocrx_word' id='word_1_556' title='bbox 1710 1221 1765 1248; x_wconf 90' lang='grc' dir='ltr'><strong>τῶν</strong></span> <span class='ocrx_word' id='word_1_557' title='bbox 1780 1228 1879 1256; x_wconf 72' lang='grc' dir='ltr'>προτε-</span> 
     </span>
    </p>
   </div>
   <div class='ocr_carea' id='block_1_72' title="bbox 1086 1266 1880 1305">
    <p class='ocr_par' dir='ltr' id='par_1_72' title="bbox 1086 1266 1880 1305">
     <span class='ocr_line' id='line_1_72' title="bbox 1086 1266 1880 1305; baseline -0.005 -8"><span class='ocrx_word' id='word_1_558' title='bbox 1086 1269 1197 1302; x_wconf 84' lang='grc' dir='ltr'>θέντων,</span> <span class='ocrx_word' id='word_1_559' title='bbox 1214 1269 1230 1305; x_wconf 79' lang='grc' dir='ltr'>ἢ</span> <span class='ocrx_word' id='word_1_560' title='bbox 1247 1269 1296 1301; x_wconf 76' lang='grc' dir='ltr'><strong>τὰς</strong></span> <span class='ocrx_word' id='word_1_561' title='bbox 1309 1269 1435 1305; x_wconf 77' lang='grc' dir='ltr'>ἀργυρᾶς</span> <span class='ocrx_word' id='word_1_562' title='bbox 1445 1268 1572 1304; x_wconf 82' lang='grc' dir='ltr'>περόνας,</span> <span class='ocrx_word' id='word_1_563' title='bbox 1592 1266 1636 1299; x_wconf 78' lang='grc' dir='ltr'>αἷς</span> <span class='ocrx_word' id='word_1_564' title='bbox 1652 1269 1669 1303; x_wconf 84' lang='grc' dir='ltr'>ἡ</span> <span class='ocrx_word' id='word_1_565' title='bbox 1685 1267 1880 1303; x_wconf 74' lang='grc' dir='ltr'>συμπεφυκυῖα</span> 
     </span>
    </p>
   </div>
   <div class='ocr_carea' id='block_1_73' title="bbox 1086 1312 1880 1349">
    <p class='ocr_par' dir='ltr' id='par_1_73' title="bbox 1086 1312 1880 1349">
     <span class='ocr_line' id='line_1_73' title="bbox 1086 1312 1880 1349; baseline -0.001 -9"><span class='ocrx_word' id='word_1_566' title='bbox 1086 1313 1156 1340; x_wconf 80' lang='grc' dir='ltr'>κατὰ</span> <span class='ocrx_word' id='word_1_567' title='bbox 1176 1313 1206 1340; x_wconf 71' lang='grc' dir='ltr'><strong>τδ</strong></span> <span class='ocrx_word' id='word_1_568' title='bbox 1225 1313 1317 1349; x_wconf 73' lang='grc' dir='ltr'>ἕτερον</span> <span class='ocrx_word' id='word_1_569' title='bbox 1336 1313 1418 1349; x_wconf 83' lang='grc' dir='ltr'>μέρος</span> <span class='ocrx_word' id='word_1_570' title='bbox 1434 1313 1570 1348; x_wconf 79' lang='grc' dir='ltr'>κοιλότης,</span> <span class='ocrx_word' id='word_1_571' title='bbox 1590 1312 1657 1347; x_wconf 81' lang='grc' dir='ltr'>πρὸς</span> <span class='ocrx_word' id='word_1_572' title='bbox 1671 1312 1701 1339; x_wconf 85' lang='grc' dir='ltr'><strong>τδ</strong></span> <span class='ocrx_word' id='word_1_573' title='bbox 1724 1312 1799 1344; x_wconf 73' lang='grc' dir='ltr'>ἔθνος</span> <span class='ocrx_word' id='word_1_574' title='bbox 1817 1313 1880 1339; x_wconf 75' lang='grc' dir='ltr'>ἑπι-</span> 
     </span>
    </p>
   </div>
   <div class='ocr_carea' id='block_1_74' title="bbox 1086 1356 1880 1394">
    <p class='ocr_par' dir='ltr' id='par_1_74' title="bbox 1086 1356 1880 1394">
     <span class='ocr_line' id='line_1_74' title="bbox 1086 1356 1880 1394; baseline -0.003 -9"><span class='ocrx_word' id='word_1_575' title='bbox 1086 1359 1198 1394; x_wconf 85' lang='grc' dir='ltr'>τηδείως</span> <span class='ocrx_word' id='word_1_576' title='bbox 1211 1358 1281 1394; x_wconf 80' lang='grc' dir='ltr'>ἔχειν</span> <span class='ocrx_word' id='word_1_577' title='bbox 1296 1359 1443 1393; x_wconf 82' lang='grc' dir='ltr'>πεποίηται</span> <span class='ocrx_word' id='word_1_578' title='bbox 1455 1366 1462 1372; x_wconf 92' lang='grc'><strong>·</strong></span> <span class='ocrx_word' id='word_1_579' title='bbox 1486 1357 1581 1384; x_wconf 75' lang='grc' dir='ltr'>ἔπειτά</span> <span class='ocrx_word' id='word_1_580' title='bbox 1599 1365 1640 1389; x_wconf 89' lang='grc' dir='ltr'><strong>τις</strong></span> <span class='ocrx_word' id='word_1_581' title='bbox 1653 1356 1707 1384; x_wconf 85' lang='grc' dir='ltr'><strong>τῶν</strong></span> <span class='ocrx_word' id='word_1_582' title='bbox 1720 1357 1763 1383; x_wconf 72' lang='grc' dir='ltr'><strong>ἐπ’</strong></span> <span class='ocrx_word' id='word_1_583' title='bbox 1775 1356 1880 1392; x_wconf 74' lang='grc' dir='ltr'>εὐωχίᾳ.</span> 
     </span>
    </p>
   </div>
   <div class='ocr_carea' id='block_1_75' title="bbox 1087 1402 1874 1440">
    <p class='ocr_par' dir='ltr' id='par_1_75' title="bbox 1087 1402 1874 1440">
     <span class='ocr_line' id='line_1_75' title="bbox 1087 1402 1874 1440; baseline -0.003 -9"><span class='ocrx_word' id='word_1_584' title='bbox 1087 1404 1316 1440; x_wconf 80' lang='grc' dir='ltr'>συγκεκλημένων</span> <span class='ocrx_word' id='word_1_585' title='bbox 1348 1403 1505 1437; x_wconf 78' lang='grc' dir='ltr'>ὑπαλλάξας</span> <span class='ocrx_word' id='word_1_586' title='bbox 1532 1403 1587 1430; x_wconf 86' lang='grc' dir='ltr'><strong>τῶν</strong></span> <span class='ocrx_word' id='word_1_587' title='bbox 1610 1403 1798 1438; x_wconf 81' lang='grc' dir='ltr'>προκειμένων</span> <span class='ocrx_word' id='word_1_588' title='bbox 1822 1402 1874 1438; x_wconf 83' lang='grc' dir='ltr'>τὴν</span> 
     </span>
    </p>
   </div>
   <div class='ocr_carea' id='block_1_76' title="bbox 1086 1449 1874 1486">
    <p class='ocr_par' dir='ltr' id='par_1_76' title="bbox 1086 1449 1874 1486">
     <span class='ocr_line' id='line_1_76' title="bbox 1086 1449 1874 1486; baseline -0.001 -10"><span class='ocrx_word' id='word_1_589' title='bbox 1086 1451 1195 1486; x_wconf 78' lang='grc' dir='ltr'>χρῆσιν,</span> <span class='ocrx_word' id='word_1_590' title='bbox 1217 1451 1323 1486; x_wconf 82' lang='grc' dir='ltr'>ἑκάστῳ</span> <span class='ocrx_word' id='word_1_591' title='bbox 1348 1450 1416 1486; x_wconf 80' lang='grc' dir='ltr'>πρὸς</span> <span class='ocrx_word' id='word_1_592' title='bbox 1431 1450 1465 1476; x_wconf 81' lang='grc' dir='ltr'><strong>τὰ</strong></span> <span class='ocrx_word' id='word_1_593' title='bbox 1484 1450 1520 1486; x_wconf 85' lang='grc' dir='ltr'>μὴ</span> <span class='ocrx_word' id='word_1_594' title='bbox 1543 1450 1638 1477; x_wconf 79' lang='grc' dir='ltr'>δέοντα</span> <span class='ocrx_word' id='word_1_595' title='bbox 1652 1449 1749 1486; x_wconf 82' lang='grc' dir='ltr'>χρῷτο,</span> <span class='ocrx_word' id='word_1_596' title='bbox 1775 1449 1822 1476; x_wconf 76' lang='grc' dir='ltr'>καὶ</span> <span class='ocrx_word' id='word_1_597' title='bbox 1839 1450 1874 1484; x_wconf 79' lang='grc' dir='ltr'>τῇ</span> 
     </span>
    </p>
   </div>
   <div class='ocr_carea' id='block_1_77' title="bbox 1088 1495 1878 1532">
    <p class='ocr_par' dir='ltr' id='par_1_77' title="bbox 1088 1495 1878 1532">
     <span class='ocr_line' id='line_1_77' title="bbox 1088 1495 1878 1532; baseline -0.001 -10"><span class='ocrx_word' id='word_1_598' title='bbox 1088 1497 1210 1532; x_wconf 84' lang='grc' dir='ltr'>μαχαίρᾳ</span> <span class='ocrx_word' id='word_1_599' title='bbox 1227 1496 1287 1532; x_wconf 80' lang='grc' dir='ltr'>μὲν,</span> <span class='ocrx_word' id='word_1_600' title='bbox 1306 1496 1323 1531; x_wconf 81' lang='grc' dir='ltr'>ἢ</span> <span class='ocrx_word' id='word_1_601' title='bbox 1349 1495 1445 1523; x_wconf 75' lang='grc' dir='ltr'>ἑαυτὸν</span> <span class='ocrx_word' id='word_1_602' title='bbox 1469 1497 1487 1532; x_wconf 76' lang='grc' dir='ltr'>ἦ</span> <span class='ocrx_word' id='word_1_603' title='bbox 1507 1505 1567 1523; x_wconf 86' lang='grc' dir='ltr'>τινα</span> <span class='ocrx_word' id='word_1_604' title='bbox 1585 1496 1638 1523; x_wconf 87' lang='grc' dir='ltr'><strong>τῶν</strong></span> <span class='ocrx_word' id='word_1_605' title='bbox 1664 1495 1878 1531; x_wconf 84' lang='grc' dir='ltr'>παρακειμένων</span> 
     </span>
    </p>
   </div>
   <div class='ocr_carea' id='block_1_78' title="bbox 1085 1540 1877 1578">
    <p class='ocr_par' dir='ltr' id='par_1_78' title="bbox 1085 1540 1877 1578">
     <span class='ocr_line' id='line_1_78' title="bbox 1085 1540 1877 1578; baseline -0.003 -10"><span class='ocrx_word' id='word_1_606' title='bbox 1085 1541 1180 1577; x_wconf 78' lang='grc' dir='ltr'>τέμοι,</span> <span class='ocrx_word' id='word_1_607' title='bbox 1202 1544 1234 1578; x_wconf 83' lang='grc' dir='ltr'>τῇ</span> <span class='ocrx_word' id='word_1_608' title='bbox 1258 1541 1286 1568; x_wconf 76' lang='grc' dir='ltr'>δὲ</span> <span class='ocrx_word' id='word_1_609' title='bbox 1311 1542 1412 1578; x_wconf 82' lang='grc' dir='ltr'>περόνῃ</span> <span class='ocrx_word' id='word_1_610' title='bbox 1428 1542 1473 1569; x_wconf 79' lang='grc' dir='ltr'>τὸν</span> <span class='ocrx_word' id='word_1_611' title='bbox 1493 1541 1662 1577; x_wconf 80' lang='grc' dir='ltr'>ὸφθαλμὸνῆ</span> <span class='ocrx_word' id='word_1_612' title='bbox 1689 1541 1735 1568; x_wconf 81' lang='grc' dir='ltr'><strong>τοῦ</strong></span> <span class='ocrx_word' id='word_1_613' title='bbox 1752 1540 1836 1572; x_wconf 83' lang='grc' dir='ltr'>πέλας</span> <span class='ocrx_word' id='word_1_614' title='bbox 1859 1540 1877 1576; x_wconf 74' lang='grc' dir='ltr'>ἦ</span> 
     </span>
    </p>
   </div>
   <div class='ocr_carea' id='block_1_79' title="bbox 1086 1587 1879 1623">
    <p class='ocr_par' dir='ltr' id='par_1_79' title="bbox 1086 1587 1879 1623">
     <span class='ocr_line' id='line_1_79' title="bbox 1086 1587 1879 1623; baseline -0.001 -9"><span class='ocrx_word' id='word_1_615' title='bbox 1086 1588 1132 1614; x_wconf 70' lang='grc' dir='ltr'>τὸν</span> <span class='ocrx_word' id='word_1_616' title='bbox 1149 1587 1246 1614; x_wconf 71' lang='grc' dir='ltr'>ἑαυτοῦ</span> <span class='ocrx_word' id='word_1_617' title='bbox 1257 1588 1462 1623; x_wconf 75' lang='grc' dir='ltr'>ὲκκεντήσειεν·</span> <span class='ocrx_word' id='word_1_618' title='bbox 1479 1588 1550 1614; x_wconf 74' lang='grc' dir='ltr'>εἴποι</span> <span class='ocrx_word' id='word_1_619' title='bbox 1570 1597 1611 1619; x_wconf 86' lang='grc' dir='ltr'><strong>τις</strong></span> <span class='ocrx_word' id='word_1_620' title='bbox 1627 1587 1670 1621; x_wconf 81' lang='grc' dir='ltr'><strong>ἂν,</strong></span> <span class='ocrx_word' id='word_1_621' title='bbox 1683 1588 1770 1622; x_wconf 76' lang='grc' dir='ltr'>ὅτιτῇ</span> <span class='ocrx_word' id='word_1_622' title='bbox 1787 1595 1879 1622; x_wconf 85' lang='grc' dir='ltr'>παρα-</span> 
     </span>
    </p>
   </div>
   <div class='ocr_carea' id='block_1_80' title="bbox 1088 1632 1877 1669">
    <p class='ocr_par' dir='ltr' id='par_1_80' title="bbox 1088 1632 1877 1669">
     <span class='ocr_line' id='line_1_80' title="bbox 1088 1632 1877 1669; baseline -0.001 -10"><span class='ocrx_word' id='word_1_623' title='bbox 1088 1634 1170 1668; x_wconf 87' lang='grc' dir='ltr'>σκευῇ</span> <span class='ocrx_word' id='word_1_624' title='bbox 1187 1632 1233 1659; x_wconf 82' lang='grc' dir='ltr'><strong>τοῦ</strong></span> <span class='ocrx_word' id='word_1_625' title='bbox 1249 1633 1403 1669; x_wconf 78' lang='grc' dir='ltr'>ἑστιάτορος</span> <span class='ocrx_word' id='word_1_626' title='bbox 1416 1633 1432 1659; x_wconf 75' lang='grc' dir='ltr'><em>ὁ</em></span> <span class='ocrx_word' id='word_1_627' title='bbox 1445 1633 1520 1660; x_wconf 86' lang='grc' dir='ltr'>δεῖνα</span> <span class='ocrx_word' id='word_1_628' title='bbox 1537 1633 1577 1664; x_wconf 78' lang='grc' dir='ltr'><strong>είς</strong></span> <span class='ocrx_word' id='word_1_629' title='bbox 1593 1632 1676 1659; x_wconf 77' lang='grc' dir='ltr'>κακὸν</span> <span class='ocrx_word' id='word_1_630' title='bbox 1689 1632 1877 1667; x_wconf 80' lang='grc' dir='ltr'>ἀπεχρήσατο,</span> 
     </span>
    </p>
   </div>
   <div class='ocr_carea' id='block_1_81' title="bbox 1086 1678 1880 1715">
    <p class='ocr_par' dir='ltr' id='par_1_81' title="bbox 1086 1678 1880 1715">
     <span class='ocr_line' id='line_1_81' title="bbox 1086 1678 1880 1715; baseline -0.003 -9"><span class='ocrx_word' id='word_1_631' title='bbox 1086 1679 1167 1706; x_wconf 82' lang='grc' dir='ltr'>αὑτοῦ</span> <span class='ocrx_word' id='word_1_632' title='bbox 1179 1679 1438 1715; x_wconf 82' lang='grc' dir='ltr'>παρασκευάσαντος</span> <span class='ocrx_word' id='word_1_633' title='bbox 1450 1680 1500 1715; x_wconf 86' lang='grc' dir='ltr'><strong>τὴν</strong></span> <span class='ocrx_word' id='word_1_634' title='bbox 1516 1680 1605 1706; x_wconf 86' lang='grc' dir='ltr'>αἰτίαν</span> <span class='ocrx_word' id='word_1_635' title='bbox 1617 1679 1670 1706; x_wconf 86' lang='grc' dir='ltr'><strong>τῶν</strong></span> <span class='ocrx_word' id='word_1_636' title='bbox 1684 1678 1880 1714; x_wconf 69' lang='grc' dir='ltr'>ἐκϐησομένων</span> 
     </span>
    </p>
   </div>
   <div class='ocr_carea' id='block_1_82' title="bbox 1087 1723 1879 1759">
    <p class='ocr_par' dir='ltr' id='par_1_82' title="bbox 1087 1723 1879 1759">
     <span class='ocr_line' id='line_1_82' title="bbox 1087 1723 1879 1759; baseline 0.001 -10"><span class='ocrx_word' id='word_1_637' title='bbox 1087 1723 1346 1759; x_wconf 79' lang='grc' dir='ltr'>προετοιμάσαντος,</span> <span class='ocrx_word' id='word_1_638' title='bbox 1360 1724 1427 1751; x_wconf 77' lang='grc' dir='ltr'>ἀλλὰ</span> <span class='ocrx_word' id='word_1_639' title='bbox 1443 1724 1493 1759; x_wconf 83' lang='grc' dir='ltr'>τῆς</span> <span class='ocrx_word' id='word_1_640' title='bbox 1509 1724 1599 1758; x_wconf 85' lang='grc' dir='ltr'>κακῆς</span> <span class='ocrx_word' id='word_1_641' title='bbox 1615 1723 1670 1750; x_wconf 83' lang='grc' dir='ltr'><strong>τῶν</strong></span> <span class='ocrx_word' id='word_1_642' title='bbox 1690 1723 1879 1759; x_wconf 68' lang='grc' dir='ltr'>προτεθέντων</span> 
     </span>
    </p>
   </div>
   <div class='ocr_carea' id='block_1_83' title="bbox 1086 1769 1879 1805">
    <p class='ocr_par' dir='ltr' id='par_1_83' title="bbox 1086 1769 1879 1805">
     <span class='ocr_line' id='line_1_83' title="bbox 1086 1769 1879 1805; baseline 0.001 -11"><span class='ocrx_word' id='word_1_643' title='bbox 1086 1769 1210 1804; x_wconf 85' lang='grc' dir='ltr'>χρήσεως</span> <span class='ocrx_word' id='word_1_644' title='bbox 1227 1770 1266 1801; x_wconf 83' lang='grc' dir='ltr'>εἰς</span> <span class='ocrx_word' id='word_1_645' title='bbox 1279 1769 1359 1796; x_wconf 84' lang='grc' dir='ltr'>τοῦτο</span> <span class='ocrx_word' id='word_1_646' title='bbox 1372 1769 1402 1796; x_wconf 78' lang='grc' dir='ltr'>τὸ</span> <span class='ocrx_word' id='word_1_647' title='bbox 1414 1769 1500 1802; x_wconf 83' lang='grc' dir='ltr'>πάθος</span> <span class='ocrx_word' id='word_1_648' title='bbox 1514 1769 1726 1805; x_wconf 79' lang='grc' dir='ltr'>προαγαγούσης</span> <span class='ocrx_word' id='word_1_649' title='bbox 1737 1769 1782 1795; x_wconf 72' lang='grc' dir='ltr'><strong>τὸν</strong></span> <span class='ocrx_word' id='word_1_650' title='bbox 1795 1769 1879 1795; x_wconf 78' lang='grc' dir='ltr'><strong>ἀδού-</strong></span> 
     </span>
    </p>
   </div>
   <div class='ocr_carea' id='block_1_84' title="bbox 1085 1814 1877 1851">
    <p class='ocr_par' dir='ltr' id='par_1_84' title="bbox 1085 1814 1877 1851">
     <span class='ocr_line' id='line_1_84' title="bbox 1085 1814 1877 1851; baseline 0.003 -11"><span class='ocrx_word' id='word_1_651' title='bbox 1085 1814 1139 1847; x_wconf 87' lang='grc' dir='ltr'><strong>λως</strong></span> <span class='ocrx_word' id='word_1_652' title='bbox 1154 1816 1210 1847; x_wconf 87' lang='grc' dir='ltr'>τοῖς</span> <span class='ocrx_word' id='word_1_653' title='bbox 1233 1815 1422 1851; x_wconf 85' lang='grc' dir='ltr'>προκειμένοις</span> <span class='ocrx_word' id='word_1_654' title='bbox 1443 1817 1631 1851; x_wconf 79' lang='grc' dir='ltr'>χρησάμενον·</span> <span class='ocrx_word' id='word_1_655' title='bbox 1657 1815 1757 1847; x_wconf 81' lang='grc' dir='ltr'>οὕτως,</span> <span class='ocrx_word' id='word_1_656' title='bbox 1782 1815 1877 1850; x_wconf 78' lang='grc' dir='ltr'>φησὶν,</span> 
     </span>
    </p>
   </div>
   <div class='ocr_carea' id='block_1_85' title="bbox 1086 1858 1879 1894">
    <p class='ocr_par' dir='ltr' id='par_1_85' title="bbox 1086 1858 1879 1894">
     <span class='ocr_line' id='line_1_85' title="bbox 1086 1858 1879 1894; baseline 0.001 -10"><span class='ocrx_word' id='word_1_657' title='bbox 1086 1858 1172 1893; x_wconf 68' lang='grc' dir='ltr'>ἔγνων</span> <span class='ocrx_word' id='word_1_658' title='bbox 1184 1859 1231 1886; x_wconf 83' lang='grc' dir='ltr'>καὶ</span> <span class='ocrx_word' id='word_1_659' title='bbox 1250 1859 1316 1893; x_wconf 77' lang='grc' dir='ltr'>ἐγὼ,</span> <span class='ocrx_word' id='word_1_660' title='bbox 1333 1859 1374 1885; x_wconf 83' lang='grc' dir='ltr'>ὅτι</span> <span class='ocrx_word' id='word_1_661' title='bbox 1392 1860 1468 1894; x_wconf 77' lang='grc' dir='ltr'>παρὰ</span> <span class='ocrx_word' id='word_1_662' title='bbox 1481 1859 1528 1886; x_wconf 81' lang='grc' dir='ltr'><strong>τοῦ</strong></span> <span class='ocrx_word' id='word_1_663' title='bbox 1548 1858 1615 1886; x_wconf 85' lang='grc' dir='ltr'>Θεοῦ</span> <span class='ocrx_word' id='word_1_664' title='bbox 1632 1859 1729 1893; x_wconf 80' lang='grc' dir='ltr'>γέγονε</span> <span class='ocrx_word' id='word_1_665' title='bbox 1745 1859 1794 1894; x_wconf 83' lang='grc' dir='ltr'>μὲν</span> <span class='ocrx_word' id='word_1_666' title='bbox 1811 1859 1879 1885; x_wconf 77' lang='grc' dir='ltr'>ἕκα-</span> 
     </span>
    </p>
   </div>
   <div class='ocr_carea' id='block_1_86' title="bbox 1087 1904 1879 1941">
    <p class='ocr_par' dir='ltr' id='par_1_86' title="bbox 1087 1904 1879 1941">
     <span class='ocr_line' id='line_1_86' title="bbox 1087 1904 1879 1941; baseline 0 -10"><span class='ocrx_word' id='word_1_667' title='bbox 1087 1913 1149 1931; x_wconf 88' lang='grc' dir='ltr'>στον</span> <span class='ocrx_word' id='word_1_668' title='bbox 1166 1904 1212 1931; x_wconf 72' lang='grc' dir='ltr'><strong>ἐπὶ</strong></span> <span class='ocrx_word' id='word_1_669' title='bbox 1227 1905 1308 1931; x_wconf 76' lang='grc' dir='ltr'>παντὶ</span> <span class='ocrx_word' id='word_1_670' title='bbox 1320 1904 1359 1940; x_wconf 79' lang='grc' dir='ltr'><strong>τῷ</strong></span> <span class='ocrx_word' id='word_1_671' title='bbox 1374 1905 1504 1940; x_wconf 75' lang='grc' dir='ltr'>βελτίονι,</span> <span class='ocrx_word' id='word_1_672' title='bbox 1522 1905 1600 1940; x_wconf 78' lang='grc' dir='ltr'>εἴπερ</span> <span class='ocrx_word' id='word_1_673' title='bbox 1613 1906 1642 1931; x_wconf 81' lang='grc' dir='ltr'>ὲν</span> <span class='ocrx_word' id='word_1_674' title='bbox 1656 1904 1744 1941; x_wconf 85' lang='grc' dir='ltr'>καιρῷ</span> <span class='ocrx_word' id='word_1_675' title='bbox 1762 1904 1833 1931; x_wconf 70' lang='grc' dir='ltr'>κατὰ</span> <span class='ocrx_word' id='word_1_676' title='bbox 1846 1905 1879 1932; x_wconf 79' lang='grc' dir='ltr'>τὸ</span> 
     </span>
    </p>
   </div>
   <div class='ocr_carea' id='block_1_87' title="bbox 1086 1950 1878 1988">
    <p class='ocr_par' dir='ltr' id='par_1_87' title="bbox 1086 1950 1878 1988">
     <span class='ocr_line' id='line_1_87' title="bbox 1086 1950 1878 1988; baseline 0.001 -11"><span class='ocrx_word' id='word_1_677' title='bbox 1086 1951 1223 1986; x_wconf 79' lang='grc' dir='ltr'>προσῆκον</span> <span class='ocrx_word' id='word_1_678' title='bbox 1247 1951 1363 1978; x_wconf 82' lang='grc' dir='ltr'>ἑκάστου</span> <span class='ocrx_word' id='word_1_679' title='bbox 1378 1950 1482 1985; x_wconf 87' lang='grc' dir='ltr'>γένοιτο</span> <span class='ocrx_word' id='word_1_680' title='bbox 1497 1951 1604 1986; x_wconf 80' lang='grc' dir='ltr'>χρῆσις·</span> <span class='ocrx_word' id='word_1_681' title='bbox 1626 1952 1643 1986; x_wconf 84' lang='grc' dir='ltr'><strong>ἡ</strong></span> <span class='ocrx_word' id='word_1_682' title='bbox 1666 1951 1694 1978; x_wconf 75' lang='grc' dir='ltr'>δὲ</span> <span class='ocrx_word' id='word_1_683' title='bbox 1713 1951 1878 1988; x_wconf 82' lang='grc' dir='ltr'>παρατροπὴ</span> 
     </span>
    </p>
   </div>
   <div class='ocr_carea' id='block_1_88' title="bbox 1086 1996 1879 2032">
    <p class='ocr_par' dir='ltr' id='par_1_88' title="bbox 1086 1996 1879 2032">
     <span class='ocr_line' id='line_1_88' title="bbox 1086 1996 1879 2032; baseline 0.003 -10"><span class='ocrx_word' id='word_1_684' title='bbox 1086 1997 1135 2032; x_wconf 78' lang='grc' dir='ltr'>τῆς</span> <span class='ocrx_word' id='word_1_685' title='bbox 1145 1996 1228 2032; x_wconf 83' lang='grc' dir='ltr'>ὀρθῆς</span> <span class='ocrx_word' id='word_1_686' title='bbox 1243 1996 1307 2032; x_wconf 84' lang='grc' dir='ltr'>περὶ</span> <span class='ocrx_word' id='word_1_687' title='bbox 1320 1996 1375 2023; x_wconf 85' lang='grc' dir='ltr'><strong>τῶν</strong></span> <span class='ocrx_word' id='word_1_688' title='bbox 1391 1997 1475 2023; x_wconf 72' lang='grc' dir='ltr'>ὅντων</span> <span class='ocrx_word' id='word_1_689' title='bbox 1498 1997 1616 2032; x_wconf 80' lang='grc' dir='ltr'>κρίσεως</span> <span class='ocrx_word' id='word_1_690' title='bbox 1631 1998 1671 2029; x_wconf 88' lang='grc' dir='ltr'><strong>εἰς</strong></span> <span class='ocrx_word' id='word_1_691' title='bbox 1685 1997 1813 2032; x_wconf 69' lang='grc' dir='ltr'>ἀφορμὴν</span> <span class='ocrx_word' id='word_1_692' title='bbox 1829 2006 1879 2024; x_wconf 89' lang='grc' dir='ltr'>κα-</span> 
     </span>
    </p>
   </div>
   <div class='ocr_carea' id='block_1_89' title="bbox 1087 2039 1879 2078">
    <p class='ocr_par' dir='ltr' id='par_1_89' title="bbox 1087 2039 1879 2078">
     <span class='ocr_line' id='line_1_89' title="bbox 1087 2039 1879 2078; baseline 0 -10"><span class='ocrx_word' id='word_1_693' title='bbox 1087 2043 1143 2069; x_wconf 85' lang='grc' dir='ltr'>κῶν</span> <span class='ocrx_word' id='word_1_694' title='bbox 1157 2042 1191 2069; x_wconf 77' lang='grc' dir='ltr'><strong>τὰ</strong></span> <span class='ocrx_word' id='word_1_695' title='bbox 1206 2042 1296 2076; x_wconf 83' lang='grc' dir='ltr'>ἀγαθὰ</span> <span class='ocrx_word' id='word_1_696' title='bbox 1316 2042 1483 2078; x_wconf 83' lang='grc' dir='ltr'>περιήγαγεν</span> <span class='ocrx_word' id='word_1_697' title='bbox 1493 2050 1500 2057; x_wconf 89' lang='grc'><strong>·</strong></span> <span class='ocrx_word' id='word_1_698' title='bbox 1517 2039 1572 2068; x_wconf 78' lang='grc' dir='ltr'>οἶόν</span> <span class='ocrx_word' id='word_1_699' title='bbox 1587 2051 1613 2068; x_wconf 88' lang='grc' dir='ltr'><strong>τι</strong></span> <span class='ocrx_word' id='word_1_700' title='bbox 1629 2041 1714 2076; x_wconf 85' lang='grc' dir='ltr'>λέγω·</span> <span class='ocrx_word' id='word_1_701' title='bbox 1730 2042 1762 2068; x_wconf 88' lang='grc' dir='ltr'>Τί</span> <span class='ocrx_word' id='word_1_702' title='bbox 1776 2042 1879 2076; x_wconf 79' lang='grc' dir='ltr'>γλυκύ-</span> 
     </span>
    </p>
   </div>
   <div class='ocr_carea' id='block_1_90' title="bbox 1085 2086 1878 2122">
    <p class='ocr_par' dir='ltr' id='par_1_90' title="bbox 1085 2086 1878 2122">
     <span class='ocr_line' id='line_1_90' title="bbox 1085 2086 1878 2122; baseline 0 -9"><span class='ocrx_word' id='word_1_703' title='bbox 1085 2095 1164 2122; x_wconf 85' lang='grc' dir='ltr'>τερον</span> <span class='ocrx_word' id='word_1_704' title='bbox 1177 2087 1226 2121; x_wconf 78' lang='grc' dir='ltr'>τῆς</span> <span class='ocrx_word' id='word_1_705' title='bbox 1240 2086 1294 2113; x_wconf 88' lang='grc' dir='ltr'><strong>τῶν</strong></span> <span class='ocrx_word' id='word_1_706' title='bbox 1308 2086 1455 2122; x_wconf 78' lang='grc' dir='ltr'>ὀφθαλμῶν</span> <span class='ocrx_word' id='word_1_707' title='bbox 1470 2086 1626 2122; x_wconf 84' lang='grc' dir='ltr'>ἐνεργείας;</span> <span class='ocrx_word' id='word_1_708' title='bbox 1649 2086 1718 2113; x_wconf 83' lang='grc' dir='ltr'>’Λλλ’</span> <span class='ocrx_word' id='word_1_709' title='bbox 1738 2087 1801 2113; x_wconf 81' lang='grc' dir='ltr'>ὅταν</span> <span class='ocrx_word' id='word_1_710' title='bbox 1815 2087 1878 2122; x_wconf 61' lang='grc' dir='ltr'>ὄψις</span> 
     </span>
    </p>
   </div>
   <div class='ocr_carea' id='block_1_91' title="bbox 1086 2133 1879 2170">
    <p class='ocr_par' dir='ltr' id='par_1_91' title="bbox 1086 2133 1879 2170">
     <span class='ocr_line' id='line_1_91' title="bbox 1086 2133 1879 2170; baseline 0 -10"><span class='ocrx_word' id='word_1_711' title='bbox 1086 2133 1208 2160; x_wconf 77' lang='grc' dir='ltr'>παθοῦσα</span> <span class='ocrx_word' id='word_1_712' title='bbox 1217 2133 1357 2169; x_wconf 81' lang='grc' dir='ltr'>ὑπηρέτης</span> <span class='ocrx_word' id='word_1_713' title='bbox 1367 2133 1473 2167; x_wconf 86' lang='grc' dir='ltr'>γίνηται</span> <span class='ocrx_word' id='word_1_714' title='bbox 1483 2134 1538 2164; x_wconf 87' lang='grc' dir='ltr'>τοῖς</span> <span class='ocrx_word' id='word_1_715' title='bbox 1548 2133 1689 2164; x_wconf 80' lang='grc' dir='ltr'>τοιούτοις,</span> <span class='ocrx_word' id='word_1_716' title='bbox 1700 2133 1731 2159; x_wconf 80' lang='grc' dir='ltr'><strong>τὺ</strong></span> <span class='ocrx_word' id='word_1_717' title='bbox 1746 2134 1788 2160; x_wconf 76' lang='grc' dir='ltr'><strong>ἐπ’</strong></span> <span class='ocrx_word' id='word_1_718' title='bbox 1802 2134 1879 2170; x_wconf 68' lang='grc' dir='ltr'>εὐερ-</span> 
     </span>
    </p>
   </div>
   <div class='ocr_carea' id='block_1_92' title="bbox 243 2179 1033 2219">
    <p class='ocr_par' dir='ltr' id='par_1_92' title="bbox 243 2181 1030 2216">
     <span class='ocr_line' id='line_1_92' title="bbox 243 2181 1030 2216; baseline 0.001 -8"><span class='ocrx_word' id='word_1_719' title='bbox 243 2189 306 2209; x_wconf 85' lang='lat' dir='ltr'><strong>nam</strong></span> <span class='ocrx_word' id='word_1_720' title='bbox 341 2185 383 2209; x_wconf 87' lang='lat' dir='ltr'><strong>est</strong></span> <span class='ocrx_word' id='word_1_721' title='bbox 410 2181 561 2216; x_wconf 88' lang='lat' dir='ltr'><strong>jucundius</strong></span> <span class='ocrx_word' id='word_1_722' title='bbox 594 2181 736 2208; x_wconf 88' lang='lat' dir='ltr'><strong>oculorum</strong></span> <span class='ocrx_word' id='word_1_723' title='bbox 769 2181 949 2215; x_wconf 76' lang='lat' dir='ltr'><strong>operatione?</strong></span> <span class='ocrx_word' id='word_1_724' title='bbox 978 2181 1030 2209; x_wconf 87' lang='lat' dir='ltr'><strong>Sed</strong></span> 
     </span>
    </p>
   </div>
   <div class='ocr_carea' id='block_1_93' title="bbox 1086 2179 1876 2219">
    <p class='ocr_par' dir='ltr' id='par_1_93' title="bbox 1086 2179 1876 2215">
     <span class='ocr_line' id='line_1_93' title="bbox 1086 2179 1876 2215; baseline 0.001 -9"><span class='ocrx_word' id='word_1_725' title='bbox 1086 2179 1165 2215; x_wconf 81' lang='grc' dir='ltr'>γεσίᾳ</span> <span class='ocrx_word' id='word_1_726' title='bbox 1178 2179 1323 2214; x_wconf 85' lang='grc' dir='ltr'>γενόμενον</span> <span class='ocrx_word' id='word_1_727' title='bbox 1331 2180 1415 2206; x_wconf 76' lang='grc' dir='ltr'>αἴτιον</span> <span class='ocrx_word' id='word_1_728' title='bbox 1429 2179 1521 2206; x_wconf 82' lang='grc' dir='ltr'>κακῶν</span> <span class='ocrx_word' id='word_1_729' title='bbox 1534 2179 1697 2214; x_wconf 81' lang='grc' dir='ltr'>γεγενῆσθαι</span> <span class='ocrx_word' id='word_1_730' title='bbox 1709 2179 1793 2214; x_wconf 81' lang='grc' dir='ltr'>λέγει·</span> <span class='ocrx_word' id='word_1_731' title='bbox 1806 2180 1876 2215; x_wconf 77' lang='grc' dir='ltr'>ὅπερ</span> 
     </span>
    </p>
   </div>
   <div class='ocr_carea' id='block_1_94' title="bbox 237 2227 1037 2263">
    <p class='ocr_par' dir='ltr' id='par_1_94' title="bbox 237 2227 1037 2263">
     <span class='ocr_line' id='line_1_94' title="bbox 237 2227 1037 2263; baseline 0 -8"><span class='ocrx_word' id='word_1_732' title='bbox 237 2228 354 2263; x_wconf 71' lang='lat' dir='ltr'><strong>quando</strong></span> <span class='ocrx_word' id='word_1_733' title='bbox 370 2229 439 2256; x_wconf 88' lang='lat' dir='ltr'><strong>male</strong></span> <span class='ocrx_word' id='word_1_734' title='bbox 456 2227 569 2255; x_wconf 66' lang='lat' dir='ltr'><strong>allectus</strong></span> <span class='ocrx_word' id='word_1_735' title='bbox 588 2228 662 2255; x_wconf 82' lang='lat' dir='ltr'><strong>visus</strong></span> <span class='ocrx_word' id='word_1_736' title='bbox 680 2231 723 2254; x_wconf 85' lang='lat' dir='ltr'><strong>est</strong></span> <span class='ocrx_word' id='word_1_737' title='bbox 755 2227 919 2255; x_wconf 80' lang='lat' dir='ltr'><strong>administer</strong></span> <span class='ocrx_word' id='word_1_738' title='bbox 936 2235 1037 2256; x_wconf 79' lang='lat' dir='ltr'><strong>eorum</strong></span> 
     </span>
    </p>
   </div>
   <div class='ocr_carea' id='block_1_95' title="bbox 238 2272 1033 2308">
    <p class='ocr_par' dir='ltr' id='par_1_95' title="bbox 238 2272 1033 2308">
     <span class='ocr_line' id='line_1_95' title="bbox 238 2272 1033 2308; baseline 0.003 -8"><span class='ocrx_word' id='word_1_739' title='bbox 238 2281 303 2308; x_wconf 77' lang='lat' dir='ltr'><strong>quae</strong></span> <span class='ocrx_word' id='word_1_740' title='bbox 319 2276 384 2300; x_wconf 89' lang='lat' dir='ltr'><strong>sunt</strong></span> <span class='ocrx_word' id='word_1_741' title='bbox 407 2272 552 2307; x_wconf 85' lang='lat' dir='ltr'><strong>ejusmodi.</strong></span> <span class='ocrx_word' id='word_1_742' title='bbox 575 2273 639 2300; x_wconf 88' lang='lat' dir='ltr'><strong>dicit</strong></span> <span class='ocrx_word' id='word_1_743' title='bbox 654 2273 681 2300; x_wconf 90' lang='lat' dir='ltr'><strong>id</strong></span> <span class='ocrx_word' id='word_1_744' title='bbox 702 2272 776 2308; x_wconf 91' lang='lat' dir='ltr'><strong>quod</strong></span> <span class='ocrx_word' id='word_1_745' title='bbox 802 2273 904 2300; x_wconf 82' lang='lat' dir='ltr'><strong>factum</strong></span> <span class='ocrx_word' id='word_1_746' title='bbox 923 2273 975 2302; x_wconf 84' lang='lat' dir='ltr'><strong>fuit</strong></span> <span class='ocrx_word' id='word_1_747' title='bbox 998 2275 1033 2302; x_wconf 87' lang='lat' dir='ltr'><strong>ad</strong></span> 
     </span>
    </p>
   </div>
   <div class='ocr_carea' id='block_1_96' title="bbox 242 2318 1032 2355">
    <p class='ocr_par' dir='ltr' id='par_1_96' title="bbox 242 2318 1032 2355">
     <span class='ocr_line' id='line_1_96' title="bbox 242 2318 1032 2355; baseline 0.001 -9"><span class='ocrx_word' id='word_1_748' title='bbox 242 2318 417 2350; x_wconf 78' lang='lat' dir='ltr'><strong>beneficium.</strong></span> <span class='ocrx_word' id='word_1_749' title='bbox 435 2318 520 2345; x_wconf 79' lang='lat' dir='ltr'><strong>fuisse</strong></span> <span class='ocrx_word' id='word_1_750' title='bbox 536 2326 647 2345; x_wconf 82' lang='lat' dir='ltr'><strong>causam</strong></span> <span class='ocrx_word' id='word_1_751' title='bbox 666 2319 818 2346; x_wconf 86' lang='lat' dir='ltr'><strong>malorum:</strong></span> <span class='ocrx_word' id='word_1_752' title='bbox 833 2320 904 2354; x_wconf 87' lang='lat' dir='ltr'><strong>quod</strong></span> <span class='ocrx_word' id='word_1_753' title='bbox 922 2319 1032 2355; x_wconf 88' lang='lat' dir='ltr'><strong>quidem</strong></span> 
     </span>
    </p>
   </div>
   <div class='ocr_carea' id='block_1_97' title="bbox 243 2364 1033 2400">
    <p class='ocr_par' dir='ltr' id='par_1_97' title="bbox 243 2364 1033 2400">
     <span class='ocr_line' id='line_1_97' title="bbox 243 2364 1033 2400; baseline 0.004 -9"><span class='ocrx_word' id='word_1_754' title='bbox 243 2364 309 2392; x_wconf 88' lang='lat' dir='ltr'><strong>nihil</strong></span> <span class='ocrx_word' id='word_1_755' title='bbox 322 2368 364 2392; x_wconf 90' lang='lat' dir='ltr'><strong>cst</strong></span> <span class='ocrx_word' id='word_1_756' title='bbox 377 2364 461 2395; x_wconf 84' lang='lat' dir='ltr'><strong>aliud,</strong></span> <span class='ocrx_word' id='word_1_757' title='bbox 478 2372 559 2399; x_wconf 88' lang='lat' dir='ltr'><strong>quam</strong></span> <span class='ocrx_word' id='word_1_758' title='bbox 576 2365 648 2399; x_wconf 87' lang='lat' dir='ltr'><strong>quod</strong></span> <span class='ocrx_word' id='word_1_759' title='bbox 677 2366 748 2393; x_wconf 87' lang='lat' dir='ltr'><strong>bono</strong></span> <span class='ocrx_word' id='word_1_760' title='bbox 766 2365 836 2393; x_wconf 84' lang='lat' dir='ltr'><strong>male</strong></span> <span class='ocrx_word' id='word_1_761' title='bbox 860 2370 939 2394; x_wconf 87' lang='lat' dir='ltr'><strong>utens</strong></span> <span class='ocrx_word' id='word_1_762' title='bbox 956 2366 1033 2400; x_wconf 89' lang='lat' dir='ltr'><strong>quis-</strong></span> 
     </span>
    </p>
   </div>
   <div class='ocr_carea' id='block_1_98' title="bbox 243 2409 1032 2445">
    <p class='ocr_par' dir='ltr' id='par_1_98' title="bbox 243 2409 1032 2445">
     <span class='ocr_line' id='line_1_98' title="bbox 243 2409 1032 2445; baseline 0.003 -9"><span class='ocrx_word' id='word_1_763' title='bbox 243 2411 326 2445; x_wconf 84' lang='lat' dir='ltr'><strong>piam,</strong></span> <span class='ocrx_word' id='word_1_764' title='bbox 344 2409 434 2438; x_wconf 76' lang='lat' dir='ltr'><strong>ell‘ecit</strong></span> <span class='ocrx_word' id='word_1_765' title='bbox 451 2414 480 2437; x_wconf 88' lang='lat' dir='ltr'><strong>ut</strong></span> <span class='ocrx_word' id='word_1_766' title='bbox 502 2418 567 2438; x_wconf 86' lang='lat' dir='ltr'><strong>usus</strong></span> <span class='ocrx_word' id='word_1_767' title='bbox 593 2415 667 2438; x_wconf 88' lang='lat' dir='ltr'><strong>esset</strong></span> <span class='ocrx_word' id='word_1_768' title='bbox 683 2412 790 2438; x_wconf 87' lang='lat' dir='ltr'><strong>vitium.</strong></span> <span class='ocrx_word' id='word_1_769' title='bbox 821 2411 858 2438; x_wconf 93' lang='lat' dir='ltr'><strong>lta</strong></span> <span class='ocrx_word' id='word_1_770' title='bbox 879 2412 960 2439; x_wconf 82' lang='lat' dir='ltr'><strong>etiam</strong></span> <span class='ocrx_word' id='word_1_771' title='bbox 979 2412 1032 2438; x_wconf 85' lang='lat' dir='ltr'><strong>alia</strong></span> 
     </span>
    </p>
   </div>
   <div class='ocr_carea' id='block_1_99' title="bbox 243 2454 1031 2490">
    <p class='ocr_par' dir='ltr' id='par_1_99' title="bbox 243 2454 1031 2490">
     <span class='ocr_line' id='line_1_99' title="bbox 243 2454 1031 2490; baseline 0.004 -10"><span class='ocrx_word' id='word_1_772' title='bbox 243 2455 335 2482; x_wconf 77' lang='lat' dir='ltr'><strong>omnia</strong></span> <span class='ocrx_word' id='word_1_773' title='bbox 349 2463 410 2490; x_wconf 73' lang='lat' dir='ltr'><strong>qua:</strong></span> <span class='ocrx_word' id='word_1_774' title='bbox 424 2462 439 2481; x_wconf 85' lang='lat' dir='ltr'><strong>a</strong></span> <span class='ocrx_word' id='word_1_775' title='bbox 457 2454 511 2482; x_wconf 76' lang='grc' dir='ltr'><strong>1)υο</strong></span> <span class='ocrx_word' id='word_1_776' title='bbox 525 2455 605 2482; x_wconf 84' lang='lat' dir='ltr'><strong>habet</strong></span> <span class='ocrx_word' id='word_1_777' title='bbox 623 2461 731 2487; x_wconf 86' lang='lat' dir='ltr'><strong>natura,</strong></span> <span class='ocrx_word' id='word_1_778' title='bbox 750 2456 801 2483; x_wconf 85' lang='lat' dir='ltr'><strong>sita</strong></span> <span class='ocrx_word' id='word_1_779' title='bbox 819 2462 883 2484; x_wconf 87' lang='lat' dir='ltr'><strong>sunt</strong></span> <span class='ocrx_word' id='word_1_780' title='bbox 898 2457 924 2483; x_wconf 87' lang='lat' dir='ltr'><strong>in</strong></span> <span class='ocrx_word' id='word_1_781' title='bbox 948 2457 1031 2484; x_wconf 87' lang='lat' dir='ltr'><strong>libera</strong></span> 
     </span>
    </p>
   </div>
   <div class='ocr_carea' id='block_1_100' title="bbox 243 2500 1031 2534">
    <p class='ocr_par' dir='ltr' id='par_1_100' title="bbox 243 2500 1031 2534">
     <span class='ocr_line' id='line_1_100' title="bbox 243 2500 1031 2534; baseline 0.003 -8"><span class='ocrx_word' id='word_1_782' title='bbox 243 2500 379 2527; x_wconf 87' lang='lat' dir='ltr'><strong>electione</strong></span> <span class='ocrx_word' id='word_1_783' title='bbox 402 2508 497 2527; x_wconf 81' lang='lat' dir='ltr'><strong>eorum</strong></span> <span class='ocrx_word' id='word_1_784' title='bbox 520 2501 566 2534; x_wconf 80' lang='lat' dir='ltr'><strong>qui</strong></span> <span class='ocrx_word' id='word_1_785' title='bbox 591 2505 715 2534; x_wconf 86' lang='lat' dir='ltr'><strong>utuntur,</strong></span> <span class='ocrx_word' id='word_1_786' title='bbox 735 2506 763 2529; x_wconf 93' lang='lat' dir='ltr'><strong>ut</strong></span> <span class='ocrx_word' id='word_1_787' title='bbox 784 2502 831 2529; x_wconf 80' lang='lat' dir='ltr'><strong>liat</strong></span> <span class='ocrx_word' id='word_1_788' title='bbox 861 2503 975 2530; x_wconf 83' lang='lat' dir='ltr'><strong>materia</strong></span> <span class='ocrx_word' id='word_1_789' title='bbox 991 2503 1031 2529; x_wconf 87' lang='lat' dir='ltr'><strong>vel</strong></span> 
     </span>
    </p>
   </div>
   <div class='ocr_carea' id='block_1_101' title="bbox 245 2546 1031 2580">
    <p class='ocr_par' dir='ltr' id='par_1_101' title="bbox 245 2546 1031 2580">
     <span class='ocr_line' id='line_1_101' title="bbox 245 2546 1031 2580; baseline 0.004 -8"><span class='ocrx_word' id='word_1_790' title='bbox 245 2546 377 2573; x_wconf 83' lang='lat' dir='ltr'><strong>bonorum</strong></span> <span class='ocrx_word' id='word_1_791' title='bbox 392 2547 434 2574; x_wconf 89' lang='lat' dir='ltr'><strong>vel</strong></span> <span class='ocrx_word' id='word_1_792' title='bbox 456 2547 602 2575; x_wconf 88' lang='lat' dir='ltr'><strong>malorum.</strong></span> <span class='ocrx_word' id='word_1_793' title='bbox 628 2547 814 2580; x_wconf 76' lang='lat' dir='ltr'><strong>Quamobrem</strong></span> <span class='ocrx_word' id='word_1_794' title='bbox 837 2549 1031 2579; x_wconf 64' lang='lat' dir='ltr'><strong>dicittOmnia</strong></span> 
     </span>
    </p>
   </div>
   <div class='ocr_carea' id='block_1_102' title="bbox 244 2592 1031 2629">
    <p class='ocr_par' dir='ltr' id='par_1_102' title="bbox 244 2592 1031 2629">
     <span class='ocr_line' id='line_1_102' title="bbox 244 2592 1031 2629; baseline 0.004 -11"><span class='ocrx_word' id='word_1_795' title='bbox 244 2600 305 2626; x_wconf 63' lang='lat' dir='ltr'><strong>qut:</strong></span> <span class='ocrx_word' id='word_1_796' title='bbox 318 2592 382 2620; x_wconf 79' lang='lat' dir='ltr'><strong>fecit</strong></span> <span class='ocrx_word' id='word_1_797' title='bbox 395 2593 466 2620; x_wconf 89' lang='lat' dir='ltr'><strong>bona</strong></span> <span class='ocrx_word' id='word_1_798' title='bbox 485 2593 512 2620; x_wconf 93' lang='lat' dir='ltr'><strong>in</strong></span> <span class='ocrx_word' id='word_1_799' title='bbox 529 2597 652 2629; x_wconf 86' lang='lat' dir='ltr'><strong>tempore</strong></span> <span class='ocrx_word' id='word_1_800' title='bbox 682 2602 744 2622; x_wconf 89' lang='lat' dir='ltr'><strong>suo.</strong></span> <span class='ocrx_word' id='word_1_801' title='bbox 757 2593 927 2627; x_wconf 67' lang='lat' dir='ltr'><strong>tQuinetiam</strong></span> <span class='ocrx_word' id='word_1_802' title='bbox 945 2603 1031 2622; x_wconf 79' lang='lat' dir='ltr'><strong>:evum</strong></span> 
     </span>
    </p>
   </div>
   <div class='ocr_carea' id='block_1_103' title="bbox 245 2637 1033 2675">
    <p class='ocr_par' dir='ltr' id='par_1_103' title="bbox 245 2637 1033 2675">
     <span class='ocr_line' id='line_1_103' title="bbox 245 2637 1033 2675; baseline 0.003 -9"><span class='ocrx_word' id='word_1_803' title='bbox 245 2640 319 2667; x_wconf 82' lang='lat' dir='ltr'><strong>dedit</strong></span> <span class='ocrx_word' id='word_1_804' title='bbox 333 2640 360 2666; x_wconf 93' lang='lat' dir='ltr'><strong>in</strong></span> <span class='ocrx_word' id='word_1_805' title='bbox 389 2640 472 2668; x_wconf 88' lang='lat' dir='ltr'><strong>corde</strong></span> <span class='ocrx_word' id='word_1_806' title='bbox 499 2637 632 2675; x_wconf 79' lang='lat' dir='ltr'><strong>ipsorum.</strong></span> <span class='ocrx_word' id='word_1_807' title='bbox 653 2639 753 2667; x_wconf 60' lang='lat' dir='ltr'><strong>(Evam</strong></span> <span class='ocrx_word' id='word_1_808' title='bbox 783 2645 873 2667; x_wconf 89' lang='lat' dir='ltr'><strong>autem</strong></span> <span class='ocrx_word' id='word_1_809' title='bbox 903 2649 964 2667; x_wconf 87' lang='lat' dir='ltr'><strong>cum</strong></span> <span class='ocrx_word' id='word_1_810' title='bbox 997 2642 1033 2668; x_wconf 86' lang='lat' dir='ltr'><strong>sit</strong></span> 
     </span>
    </p>
   </div>
   <div class='ocr_carea' id='block_1_104' title="bbox 245 2684 1034 2720">
    <p class='ocr_par' dir='ltr' id='par_1_104' title="bbox 245 2684 1034 2720">
     <span class='ocr_line' id='line_1_104' title="bbox 245 2684 1034 2720; baseline 0 -8"><span class='ocrx_word' id='word_1_811' title='bbox 245 2684 380 2719; x_wconf 81' lang='lat' dir='ltr'><strong>quoddam</strong></span> <span class='ocrx_word' id='word_1_812' title='bbox 396 2693 438 2713; x_wconf 88' lang='lat' dir='ltr'><strong>me</strong></span> <span class='ocrx_word' id='word_1_813' title='bbox 445 2685 498 2712; x_wconf 88' lang='lat' dir='ltr'><strong>ntis</strong></span> <span class='ocrx_word' id='word_1_814' title='bbox 510 2685 664 2720; x_wconf 78' lang='lat' dir='ltr'><strong>&#39;cogitatum</strong></span> <span class='ocrx_word' id='word_1_815' title='bbox 678 2685 774 2719; x_wconf 85' lang='lat' dir='ltr'><strong>spatiis</strong></span> <span class='ocrx_word' id='word_1_816' title='bbox 787 2689 814 2712; x_wconf 88' lang='lat' dir='ltr'><strong>et</strong></span> <span class='ocrx_word' id='word_1_817' title='bbox 829 2685 980 2712; x_wconf 81' lang='lat' dir='ltr'><strong>intervallis</strong></span> <span class='ocrx_word' id='word_1_818' title='bbox 995 2686 1034 2712; x_wconf 91' lang='lat' dir='ltr'><strong>di-</strong></span> 
     </span>
    </p>
   </div>
   <div class='ocr_carea' id='block_1_105' title="bbox 244 2727 1032 2767">
    <p class='ocr_par' dir='ltr' id='par_1_105' title="bbox 244 2727 1032 2767">
     <span class='ocr_line' id='line_1_105' title="bbox 244 2727 1032 2767; baseline -0.001 -8"><span class='ocrx_word' id='word_1_819' title='bbox 244 2739 380 2763; x_wconf 82' lang='lat' dir='ltr'><strong>mensum,</strong></span> <span class='ocrx_word' id='word_1_820' title='bbox 397 2731 533 2767; x_wconf 76' lang='lat' dir='ltr'><strong>signiﬁcat</strong></span> <span class='ocrx_word' id='word_1_821' title='bbox 547 2738 656 2758; x_wconf 89' lang='lat' dir='ltr'><strong>omnem</strong></span> <span class='ocrx_word' id='word_1_822' title='bbox 671 2727 732 2764; x_wconf 85' lang='lat' dir='ltr'><strong>ejus</strong></span> <span class='ocrx_word' id='word_1_823' title='bbox 749 2735 905 2757; x_wconf 82' lang='lat' dir='ltr'><strong>creaturam</strong></span> <span class='ocrx_word' id='word_1_824' title='bbox 921 2739 981 2766; x_wconf 72' lang='lat' dir='ltr'><strong>qua‘</strong></span> <span class='ocrx_word' id='word_1_825' title='bbox 1006 2732 1032 2758; x_wconf 87' lang='lat' dir='ltr'><strong>in</strong></span> 
     </span>
    </p>
   </div>
   <div class='ocr_carea' id='block_1_106' title="bbox 244 2776 1032 2812">
    <p class='ocr_par' dir='ltr' id='par_1_106' title="bbox 244 2776 1032 2812">
     <span class='ocr_line' id='line_1_106' title="bbox 244 2776 1032 2812; baseline -0.001 -8"><span class='ocrx_word' id='word_1_826' title='bbox 244 2778 304 2812; x_wconf 84' lang='lat' dir='ltr'><strong>ipso</strong></span> <span class='ocrx_word' id='word_1_827' title='bbox 321 2777 411 2805; x_wconf 81' lang='lat' dir='ltr'><strong>fuerit.</strong></span> <span class='ocrx_word' id='word_1_828' title='bbox 430 2776 466 2804; x_wconf 75' lang='lat' dir='ltr'><strong>Ex</strong></span> <span class='ocrx_word' id='word_1_829' title='bbox 488 2785 520 2804; x_wconf 92' lang='lat' dir='ltr'><strong>eo</strong></span> <span class='ocrx_word' id='word_1_830' title='bbox 537 2785 601 2812; x_wconf 80' lang='lat' dir='ltr'><strong>ergo</strong></span> <span class='ocrx_word' id='word_1_831' title='bbox 624 2777 695 2812; x_wconf 86' lang='lat' dir='ltr'><strong>quod</strong></span> <span class='ocrx_word' id='word_1_832' title='bbox 722 2777 855 2808; x_wconf 83' lang='lat' dir='ltr'><strong>continet,</strong></span> <span class='ocrx_word' id='word_1_833' title='bbox 873 2778 1032 2805; x_wconf 86' lang='lat' dir='ltr'><strong>universum</strong></span> 
     </span>
    </p>
   </div>
   <div class='ocr_carea' id='block_1_107' title="bbox 242 2822 1030 2863">
    <p class='ocr_par' dir='ltr' id='par_1_107' title="bbox 242 2822 1030 2863">
     <span class='ocr_line' id='line_1_107' title="bbox 242 2822 1030 2863; baseline -0.003 -14"><span class='ocrx_word' id='word_1_834' title='bbox 242 2823 315 2858; x_wconf 86' lang='lat' dir='ltr'><strong>quod</strong></span> <span class='ocrx_word' id='word_1_835' title='bbox 334 2823 406 2851; x_wconf 79' lang='lat' dir='ltr'><strong>ineo</strong></span> <span class='ocrx_word' id='word_1_836' title='bbox 420 2823 584 2855; x_wconf 77' lang='lat' dir='ltr'><strong>continetur,</strong></span> <span class='ocrx_word' id='word_1_837' title='bbox 599 2822 716 2863; x_wconf 54' lang='lat' dir='ltr'><strong>ostendit</strong></span> <span class='ocrx_word' id='word_1_838' title='bbox 732 2822 828 2849; x_wconf 87' lang='lat' dir='ltr'><strong>oratio.</strong></span> <span class='ocrx_word' id='word_1_839' title='bbox 843 2822 940 2849; x_wconf 87' lang='lat' dir='ltr'><strong>Omnia</strong></span> <span class='ocrx_word' id='word_1_840' title='bbox 955 2831 1030 2858; x_wconf 70' lang='lat' dir='ltr'><strong>ergo,</strong></span> 
     </span>
    </p>
   </div>
   <div class='ocr_carea' id='block_1_108' title="bbox 1084 2225 1877 2262">
    <p class='ocr_par' dir='ltr' id='par_1_108' title="bbox 1084 2225 1877 2262">
     <span class='ocr_line' id='line_1_108' title="bbox 1084 2225 1877 2262; baseline 0.001 -9"><span class='ocrx_word' id='word_1_841' title='bbox 1084 2226 1147 2254; x_wconf 83' lang='grc' dir='ltr'>ἄλλο</span> <span class='ocrx_word' id='word_1_842' title='bbox 1160 2225 1237 2252; x_wconf 80' lang='grc' dir='ltr'>οὐδέν</span> <span class='ocrx_word' id='word_1_843' title='bbox 1251 2227 1336 2257; x_wconf 79' lang='grc' dir='ltr'>ἐστιν,</span> <span class='ocrx_word' id='word_1_844' title='bbox 1357 2225 1374 2261; x_wconf 82' lang='grc' dir='ltr'>ἦ</span> <span class='ocrx_word' id='word_1_845' title='bbox 1398 2226 1438 2252; x_wconf 78' lang='grc' dir='ltr'>ὅτι</span> <span class='ocrx_word' id='word_1_846' title='bbox 1455 2225 1548 2257; x_wconf 84' lang='grc' dir='ltr'>κακῶς</span> <span class='ocrx_word' id='word_1_847' title='bbox 1566 2225 1606 2261; x_wconf 81' lang='grc' dir='ltr'>τῷ</span> <span class='ocrx_word' id='word_1_848' title='bbox 1623 2225 1697 2261; x_wconf 86' lang='grc' dir='ltr'>καλῷ</span> <span class='ocrx_word' id='word_1_849' title='bbox 1714 2235 1756 2258; x_wconf 88' lang='grc' dir='ltr'><strong>τις</strong></span> <span class='ocrx_word' id='word_1_850' title='bbox 1771 2227 1877 2262; x_wconf 79' lang='grc' dir='ltr'>χρησά-</span> 
     </span>
    </p>
   </div>
   <div class='ocr_carea' id='block_1_109' title="bbox 1086 2273 1877 2309">
    <p class='ocr_par' dir='ltr' id='par_1_109' title="bbox 1086 2273 1877 2309">
     <span class='ocr_line' id='line_1_109' title="bbox 1086 2273 1877 2309; baseline 0 -9"><span class='ocrx_word' id='word_1_851' title='bbox 1086 2282 1182 2309; x_wconf 82' lang='grc' dir='ltr'>μενος,</span> <span class='ocrx_word' id='word_1_852' title='bbox 1207 2273 1294 2305; x_wconf 80' lang='grc' dir='ltr'>πάθος</span> <span class='ocrx_word' id='word_1_853' title='bbox 1309 2273 1358 2309; x_wconf 83' lang='grc' dir='ltr'>τὴν</span> <span class='ocrx_word' id='word_1_854' title='bbox 1385 2273 1482 2309; x_wconf 81' lang='grc' dir='ltr'>χρῆσιν</span> <span class='ocrx_word' id='word_1_855' title='bbox 1507 2273 1644 2309; x_wconf 76' lang='grc' dir='ltr'>ἐποίησεν.</span> <span class='ocrx_word' id='word_1_856' title='bbox 1668 2273 1746 2299; x_wconf 77' lang='grc' dir='ltr'>Οὕτω</span> <span class='ocrx_word' id='word_1_857' title='bbox 1770 2273 1817 2300; x_wconf 71' lang='grc' dir='ltr'>καὶ</span> <span class='ocrx_word' id='word_1_858' title='bbox 1842 2274 1877 2300; x_wconf 77' lang='grc' dir='ltr'><strong>τὰ</strong></span> 
     </span>
    </p>
   </div>
   <div class='ocr_carea' id='block_1_110' title="bbox 1083 2318 1876 2354">
    <p class='ocr_par' dir='ltr' id='par_1_110' title="bbox 1083 2318 1876 2354">
     <span class='ocr_line' id='line_1_110' title="bbox 1083 2318 1876 2354; baseline -0.001 -9"><span class='ocrx_word' id='word_1_859' title='bbox 1083 2318 1151 2346; x_wconf 72' lang='grc' dir='ltr'>ἄλλα</span> <span class='ocrx_word' id='word_1_860' title='bbox 1164 2319 1253 2345; x_wconf 79' lang='grc' dir='ltr'>πάντα</span> <span class='ocrx_word' id='word_1_861' title='bbox 1265 2319 1316 2345; x_wconf 77' lang='grc' dir='ltr'>ὅσα</span> <span class='ocrx_word' id='word_1_862' title='bbox 1335 2318 1411 2354; x_wconf 82' lang='grc' dir='ltr'>παρὰ</span> <span class='ocrx_word' id='word_1_863' title='bbox 1427 2318 1472 2344; x_wconf 86' lang='grc' dir='ltr'><strong>τοῦ</strong></span> <span class='ocrx_word' id='word_1_864' title='bbox 1487 2318 1555 2344; x_wconf 86' lang='grc' dir='ltr'>Θεοῦ</span> <span class='ocrx_word' id='word_1_865' title='bbox 1574 2318 1659 2354; x_wconf 76' lang='grc' dir='ltr'>ἔχειή</span> <span class='ocrx_word' id='word_1_866' title='bbox 1684 2318 1775 2352; x_wconf 78' lang='grc' dir='ltr'>φύσις,</span> <span class='ocrx_word' id='word_1_867' title='bbox 1792 2319 1820 2345; x_wconf 82' lang='grc' dir='ltr'>ὲν</span> <span class='ocrx_word' id='word_1_868' title='bbox 1842 2321 1876 2354; x_wconf 82' lang='grc' dir='ltr'><strong>τῇ</strong></span> 
     </span>
    </p>
   </div>
   <div class='ocr_carea' id='block_1_111' title="bbox 1086 2364 1879 2401">
    <p class='ocr_par' dir='ltr' id='par_1_111' title="bbox 1086 2364 1879 2401">
     <span class='ocr_line' id='line_1_111' title="bbox 1086 2364 1879 2401; baseline -0.001 -9"><span class='ocrx_word' id='word_1_869' title='bbox 1086 2365 1243 2401; x_wconf 81' lang='grc' dir='ltr'>προαιρέσει</span> <span class='ocrx_word' id='word_1_870' title='bbox 1253 2364 1307 2391; x_wconf 85' lang='grc' dir='ltr'><strong>τῶν</strong></span> <span class='ocrx_word' id='word_1_871' title='bbox 1322 2365 1501 2400; x_wconf 80' lang='grc' dir='ltr'>κεχρημένων</span> <span class='ocrx_word' id='word_1_872' title='bbox 1516 2364 1638 2399; x_wconf 78' lang='grc' dir='ltr'>κεῖται,ῆ</span> <span class='ocrx_word' id='word_1_873' title='bbox 1650 2364 1767 2400; x_wconf 77' lang='grc' dir='ltr'>καλῶνῆ</span> <span class='ocrx_word' id='word_1_874' title='bbox 1783 2365 1879 2391; x_wconf 80' lang='grc' dir='ltr'>κακῶν</span> 
     </span>
    </p>
   </div>
   <div class='ocr_carea' id='block_1_112' title="bbox 1085 2410 1878 2446">
    <p class='ocr_par' dir='ltr' id='par_1_112' title="bbox 1085 2410 1878 2446">
     <span class='ocr_line' id='line_1_112' title="bbox 1085 2410 1878 2446; baseline -0.001 -9"><span class='ocrx_word' id='word_1_875' title='bbox 1085 2410 1135 2446; x_wconf 76' lang='grc' dir='ltr'>ὕλη</span> <span class='ocrx_word' id='word_1_876' title='bbox 1154 2410 1291 2445; x_wconf 75' lang='grc' dir='ltr'>γενέσθαι.</span> <span class='ocrx_word' id='word_1_877' title='bbox 1311 2410 1356 2437; x_wconf 87' lang='grc' dir='ltr'>Διό</span> <span class='ocrx_word' id='word_1_878' title='bbox 1373 2419 1456 2446; x_wconf 79' lang='grc' dir='ltr'>φησι’</span> <span class='ocrx_word' id='word_1_879' title='bbox 1475 2419 1484 2436; x_wconf 81' lang='lat' dir='ltr'><strong>t</strong></span> <span class='ocrx_word' id='word_1_880' title='bbox 1498 2410 1539 2437; x_wconf 85' lang='grc' dir='ltr'><strong>Τὰ</strong></span> <span class='ocrx_word' id='word_1_881' title='bbox 1564 2410 1710 2446; x_wconf 83' lang='grc' dir='ltr'>σύμπαντα</span> <span class='ocrx_word' id='word_1_882' title='bbox 1728 2410 1746 2438; x_wconf 78' lang='grc' dir='ltr'><strong>δι</strong></span> <span class='ocrx_word' id='word_1_883' title='bbox 1763 2411 1878 2445; x_wconf 76' lang='grc' dir='ltr'>ἐποίησε</span> 
     </span>
    </p>
   </div>
   <div class='ocr_carea' id='block_1_113' title="bbox 1085 2455 1879 2491">
    <p class='ocr_par' dir='ltr' id='par_1_113' title="bbox 1085 2455 1879 2491">
     <span class='ocr_line' id='line_1_113' title="bbox 1085 2455 1879 2491; baseline 0 -9"><span class='ocrx_word' id='word_1_884' title='bbox 1085 2455 1154 2482; x_wconf 84' lang='grc' dir='ltr'>καλὰ</span> <span class='ocrx_word' id='word_1_885' title='bbox 1168 2456 1197 2482; x_wconf 78' lang='grc' dir='ltr'>ἐν</span> <span class='ocrx_word' id='word_1_886' title='bbox 1209 2455 1297 2491; x_wconf 89' lang='grc' dir='ltr'>καιρῷ</span> <span class='ocrx_word' id='word_1_887' title='bbox 1319 2455 1413 2482; x_wconf 83' lang='grc' dir='ltr'>αὑτοῦ.</span> <span class='ocrx_word' id='word_1_888' title='bbox 1427 2466 1436 2481; x_wconf 73' lang='grc' dir='ltr'><strong><em>ο</em></strong></span> <span class='ocrx_word' id='word_1_889' title='bbox 1455 2455 1509 2483; x_wconf 84' lang='grc' dir='ltr'>Καί</span> <span class='ocrx_word' id='word_1_890' title='bbox 1522 2455 1612 2490; x_wconf 74' lang='grc' dir='ltr'>γετὸν</span> <span class='ocrx_word' id='word_1_891' title='bbox 1629 2455 1715 2483; x_wconf 72' lang='grc' dir='ltr'>αἰῶνα</span> <span class='ocrx_word' id='word_1_892' title='bbox 1730 2456 1831 2482; x_wconf 79' lang='grc' dir='ltr'>ἔδωκεν</span> <span class='ocrx_word' id='word_1_893' title='bbox 1849 2457 1879 2482; x_wconf 73' lang='grc' dir='ltr'>ἐν</span> 
     </span>
    </p>
   </div>
   <div class='ocr_carea' id='block_1_114' title="bbox 1084 2500 1880 2537">
    <p class='ocr_par' dir='ltr' id='par_1_114' title="bbox 1084 2500 1880 2537">
     <span class='ocr_line' id='line_1_114' title="bbox 1084 2500 1880 2537; baseline 0.001 -9"><span class='ocrx_word' id='word_1_894' title='bbox 1084 2501 1183 2537; x_wconf 80' lang='grc' dir='ltr'>καρδία</span> <span class='ocrx_word' id='word_1_895' title='bbox 1196 2501 1294 2528; x_wconf 80' lang='grc' dir='ltr'>αὐτῶν.</span> <span class='ocrx_word' id='word_1_896' title='bbox 1317 2501 1347 2527; x_wconf 81' lang='lat'><strong>&#39;0</strong></span> <span class='ocrx_word' id='word_1_897' title='bbox 1360 2501 1387 2527; x_wconf 78' lang='grc' dir='ltr'>δὲ</span> <span class='ocrx_word' id='word_1_898' title='bbox 1410 2500 1477 2528; x_wconf 72' lang='grc' dir='ltr'>αἰὼν</span> <span class='ocrx_word' id='word_1_899' title='bbox 1501 2501 1716 2537; x_wconf 82' lang='grc' dir='ltr'>διαστηματικόν</span> <span class='ocrx_word' id='word_1_900' title='bbox 1739 2510 1764 2528; x_wconf 88' lang='grc' dir='ltr'><strong>τι</strong></span> <span class='ocrx_word' id='word_1_901' title='bbox 1787 2501 1880 2537; x_wconf 79' lang='grc' dir='ltr'>νόημα</span> 
     </span>
    </p>
   </div>
   <div class='ocr_carea' id='block_1_115' title="bbox 1083 2544 1879 2583">
    <p class='ocr_par' dir='ltr' id='par_1_115' title="bbox 1083 2544 1879 2583">
     <span class='ocr_line' id='line_1_115' title="bbox 1083 2544 1879 2583; baseline 0 -9"><span class='ocrx_word' id='word_1_902' title='bbox 1083 2544 1128 2578; x_wconf 66' lang='grc' dir='ltr'>δνξ</span> <span class='ocrx_word' id='word_1_903' title='bbox 1151 2548 1240 2574; x_wconf 81' lang='grc' dir='ltr'>πᾶσαν</span> <span class='ocrx_word' id='word_1_904' title='bbox 1257 2547 1338 2574; x_wconf 83' lang='grc' dir='ltr'>αὑτοῦ</span> <span class='ocrx_word' id='word_1_905' title='bbox 1359 2548 1486 2582; x_wconf 85' lang='grc' dir='ltr'>σημαίνει</span> <span class='ocrx_word' id='word_1_906' title='bbox 1503 2547 1553 2583; x_wconf 72' lang='grc' dir='ltr'>τὴν</span> <span class='ocrx_word' id='word_1_907' title='bbox 1568 2548 1655 2575; x_wconf 85' lang='grc' dir='ltr'>κτίσιν</span> <span class='ocrx_word' id='word_1_908' title='bbox 1680 2548 1729 2583; x_wconf 81' lang='grc' dir='ltr'>τὴν</span> <span class='ocrx_word' id='word_1_909' title='bbox 1756 2548 1785 2574; x_wconf 76' lang='grc' dir='ltr'>ὲν</span> <span class='ocrx_word' id='word_1_910' title='bbox 1801 2548 1879 2583; x_wconf 78' lang='grc' dir='ltr'>αὑτῴ</span> 
     </span>
    </p>
   </div>
   <div class='ocr_carea' id='block_1_116' title="bbox 1084 2592 1879 2630">
    <p class='ocr_par' dir='ltr' id='par_1_116' title="bbox 1084 2592 1879 2630">
     <span class='ocr_line' id='line_1_116' title="bbox 1084 2592 1879 2630; baseline 0 -11"><span class='ocrx_word' id='word_1_911' title='bbox 1084 2593 1243 2628; x_wconf 69' lang='grc' dir='ltr'>γενομένην.</span> <span class='ocrx_word' id='word_1_912' title='bbox 1261 2592 1365 2620; x_wconf 82' lang='grc' dir='ltr'>Οὐκοῦν</span> <span class='ocrx_word' id='word_1_913' title='bbox 1384 2595 1416 2620; x_wconf 82' lang='grc' dir='ltr'>ἐκ</span> <span class='ocrx_word' id='word_1_914' title='bbox 1434 2594 1481 2620; x_wconf 81' lang='grc' dir='ltr'><strong>τοῦ</strong></span> <span class='ocrx_word' id='word_1_915' title='bbox 1498 2594 1670 2630; x_wconf 82' lang='grc' dir='ltr'>περιέχοντος</span> <span class='ocrx_word' id='word_1_916' title='bbox 1696 2595 1768 2621; x_wconf 76' lang='grc' dir='ltr'>ἅπαν</span> <span class='ocrx_word' id='word_1_917' title='bbox 1783 2594 1814 2620; x_wconf 83' lang='grc' dir='ltr'>τὸ</span> <span class='ocrx_word' id='word_1_918' title='bbox 1827 2595 1879 2630; x_wconf 85' lang='grc' dir='ltr'><strong>ὲμ-</strong></span> 
     </span>
    </p>
   </div>
   <div class='ocr_carea' id='block_1_117' title="bbox 1084 2640 1878 2676">
    <p class='ocr_par' dir='ltr' id='par_1_117' title="bbox 1084 2640 1878 2676">
     <span class='ocr_line' id='line_1_117' title="bbox 1084 2640 1878 2676; baseline 0.001 -10"><span class='ocrx_word' id='word_1_919' title='bbox 1084 2640 1276 2675; x_wconf 78' lang='grc' dir='ltr'>περιεχόμενον</span> <span class='ocrx_word' id='word_1_920' title='bbox 1291 2640 1426 2667; x_wconf 85' lang='grc' dir='ltr'>δείκνυσιν</span> <span class='ocrx_word' id='word_1_921' title='bbox 1437 2641 1451 2667; x_wconf 88' lang='grc' dir='ltr'><strong>ό</strong></span> <span class='ocrx_word' id='word_1_922' title='bbox 1467 2640 1556 2674; x_wconf 83' lang='grc' dir='ltr'>λόγος.</span> <span class='ocrx_word' id='word_1_923' title='bbox 1570 2641 1661 2668; x_wconf 76' lang='grc' dir='ltr'>Πάντα</span> <span class='ocrx_word' id='word_1_924' title='bbox 1676 2640 1722 2668; x_wconf 73' lang='grc' dir='ltr'><strong>οὖν</strong></span> <span class='ocrx_word' id='word_1_925' title='bbox 1735 2642 1785 2668; x_wconf 76' lang='grc' dir='ltr'>ὅσα</span> <span class='ocrx_word' id='word_1_926' title='bbox 1799 2641 1827 2667; x_wconf 83' lang='grc' dir='ltr'>ὲν</span> <span class='ocrx_word' id='word_1_927' title='bbox 1838 2641 1878 2676; x_wconf 83' lang='grc' dir='ltr'>τῷ</span> 
     </span>
    </p>
   </div>
   <div class='ocr_carea' id='block_1_118' title="bbox 1085 2685 1878 2723">
    <p class='ocr_par' dir='ltr' id='par_1_118' title="bbox 1085 2685 1878 2723">
     <span class='ocr_line' id='line_1_118' title="bbox 1085 2685 1878 2723; baseline 0.003 -11"><span class='ocrx_word' id='word_1_928' title='bbox 1085 2685 1162 2712; x_wconf 80' lang='grc' dir='ltr'>αἰῶνι</span> <span class='ocrx_word' id='word_1_929' title='bbox 1173 2685 1294 2720; x_wconf 71' lang='grc' dir='ltr'>γέγονεν,</span> <span class='ocrx_word' id='word_1_930' title='bbox 1305 2685 1388 2712; x_wconf 67' lang='grc' dir='ltr'>ἔδωκε</span> <span class='ocrx_word' id='word_1_931' title='bbox 1400 2687 1433 2722; x_wconf 84' lang='grc' dir='ltr'>τῇ</span> <span class='ocrx_word' id='word_1_932' title='bbox 1445 2686 1602 2723; x_wconf 82' lang='grc' dir='ltr'>ἀνθρωπίνῃ</span> <span class='ocrx_word' id='word_1_933' title='bbox 1616 2687 1716 2723; x_wconf 84' lang='grc' dir='ltr'>καρδίᾳ</span> <span class='ocrx_word' id='word_1_934' title='bbox 1727 2687 1769 2714; x_wconf 75' lang='grc' dir='ltr'><strong>ἐπ’</strong></span> <span class='ocrx_word' id='word_1_935' title='bbox 1782 2687 1878 2722; x_wconf 80' lang='grc' dir='ltr'>ἀγαθῷ</span> 
     </span>
    </p>
   </div>
   <div class='ocr_carea' id='block_1_119' title="bbox 1084 2731 1877 2768">
    <p class='ocr_par' dir='ltr' id='par_1_119' title="bbox 1084 2731 1877 2768">
     <span class='ocr_line' id='line_1_119' title="bbox 1084 2731 1877 2768; baseline 0.001 -11"><span class='ocrx_word' id='word_1_936' title='bbox 1084 2733 1098 2758; x_wconf 87' lang='grc' dir='ltr'>ὁ</span> <span class='ocrx_word' id='word_1_937' title='bbox 1110 2731 1175 2763; x_wconf 74' lang='grc' dir='ltr'>Θεὸς</span> <span class='ocrx_word' id='word_1_938' title='bbox 1185 2751 1192 2763; x_wconf 88' lang='grc'><em>,</em></span> <span class='ocrx_word' id='word_1_939' title='bbox 1209 2731 1279 2758; x_wconf 82' lang='grc' dir='ltr'>ὥστε</span> <span class='ocrx_word' id='word_1_940' title='bbox 1296 2732 1340 2758; x_wconf 82' lang='grc' dir='ltr'><strong>διὰ</strong></span> <span class='ocrx_word' id='word_1_941' title='bbox 1354 2732 1485 2767; x_wconf 79' lang='grc' dir='ltr'>μεγέθους</span> <span class='ocrx_word' id='word_1_942' title='bbox 1502 2733 1550 2759; x_wconf 77' lang='grc' dir='ltr'>καὶ</span> <span class='ocrx_word' id='word_1_943' title='bbox 1570 2733 1701 2768; x_wconf 84' lang='grc' dir='ltr'>καλλονῆς</span> <span class='ocrx_word' id='word_1_944' title='bbox 1716 2733 1877 2768; x_wconf 83' lang='grc' dir='ltr'>κτισμάτων</span> 
     </span>
    </p>
   </div>
   <div class='ocr_carea' id='block_1_120' title="bbox 1084 2775 1874 2815">
    <p class='ocr_par' dir='ltr' id='par_1_120' title="bbox 1084 2775 1874 2815">
     <span class='ocr_line' id='line_1_120' title="bbox 1084 2775 1874 2815; baseline 0.001 -12"><span class='ocrx_word' id='word_1_945' title='bbox 1084 2777 1247 2812; x_wconf 73' lang='grc' dir='ltr'>ἀναθεωρεῖν</span> <span class='ocrx_word' id='word_1_946' title='bbox 1267 2777 1300 2803; x_wconf 83' lang='grc' dir='ltr'>δι’</span> <span class='ocrx_word' id='word_1_947' title='bbox 1321 2778 1410 2804; x_wconf 79' lang='grc' dir='ltr'>αὐτῶν</span> <span class='ocrx_word' id='word_1_948' title='bbox 1436 2778 1482 2804; x_wconf 64' lang='grc' dir='ltr'>τὸν</span> <span class='ocrx_word' id='word_1_949' title='bbox 1499 2779 1659 2815; x_wconf 82' lang='grc' dir='ltr'>ποιήσαντα.</span> <span class='ocrx_word' id='word_1_950' title='bbox 1676 2780 1708 2806; x_wconf 88' lang='grc' dir='ltr'><strong>Οἱ</strong></span> <span class='ocrx_word' id='word_1_951' title='bbox 1730 2779 1759 2805; x_wconf 79' lang='grc' dir='ltr'>δὲ</span> <span class='ocrx_word' id='word_1_952' title='bbox 1781 2778 1813 2805; x_wconf 83' lang='grc' dir='ltr'>δι’</span> <span class='ocrx_word' id='word_1_953' title='bbox 1837 2775 1874 2805; x_wconf 86' lang='grc' dir='ltr'>ὧν</span> 
     </span>
    </p>
   </div>
   <div class='ocr_carea' id='block_1_121' title="bbox 1086 2824 1874 2861">
    <p class='ocr_par' dir='ltr' id='par_1_121' title="bbox 1086 2824 1874 2861">
     <span class='ocr_line' id='line_1_121' title="bbox 1086 2824 1874 2861; baseline 0.001 -11"><span class='ocrx_word' id='word_1_954' title='bbox 1086 2824 1318 2859; x_wconf 69' lang='grc' dir='ltr'>εὐηργετήθησαν,</span> <span class='ocrx_word' id='word_1_955' title='bbox 1333 2824 1375 2850; x_wconf 74' lang='grc' dir='ltr'>διὰ</span> <span class='ocrx_word' id='word_1_956' title='bbox 1389 2825 1490 2851; x_wconf 63' lang='grc' dir='ltr'>τούτων</span> <span class='ocrx_word' id='word_1_957' title='bbox 1502 2825 1685 2861; x_wconf 56' lang='grc' dir='ltr'>ἐῆὶάῳθησαν,</span> <span class='ocrx_word' id='word_1_958' title='bbox 1703 2826 1740 2861; x_wconf 79' lang='grc' dir='ltr'>τῷ</span> <span class='ocrx_word' id='word_1_959' title='bbox 1755 2826 1791 2861; x_wconf 78' lang='grc' dir='ltr'>μὴ</span> <span class='ocrx_word' id='word_1_960' title='bbox 1805 2825 1874 2851; x_wconf 61' lang='grc' dir='ltr'>κατὰ</span> 
     </span>
    </p>
   </div>
  </div>
