1989 3070
110 132 162 160 7:53

623 130 656 158 IN
676 132 942 161 ECCLESIASTEN.
965 106 1107 162 lthilLlA
1127 131 1193 159 Vlll.

1687 126 1740 155 ’154

108 191 139 218 τὸ
146 190 206 217 διον
217 188 323 224 ἑκάστῳ
334 188 380 216 καὶ¹
392 188 497 224 πρδςξτὸ
507 188 664 216 λυσιτελοῦν
674 190 893 226 ἀποχρήσασθαι.

952 199 1007 226 qua
1019 192 1047 219 in
1068 198 1126 218 aevo
1141 190 1213 217 facta
1236 191 1313 220 sunt,
1329 187 1406 216 dedit
1421 187 1493 216 Deus
1525 186 1602 215 cordi
1621 186 1739 215 humano

109 235 158 263 Διὰ
165 232 242 261 τοῦτό
253 242 344 269 φησιν’
355 243 365 259 ι
372 234 465 266 Ὅπως
478 234 516 270 μὴ
526 234 594 271 εὕρῃ
603 235 745 271 ἄνθρωπος
755 236 785 262 τὸ
796 236 900 272 ποίημα

109 280 123 307 ὃ
136 279 264 314 ἐποίησεν
279 280 294 306 ό
315 278 381 311 Θεὸς
404 279 451 306 ἐπὶ
471 279 510 315 τῷ
527 280 577 316 τῆς
600 279 734 315 ὠφελείας
754 281 858 317 σκοπῷ,
872 283 901 309 ἐν

110 326 175 352 πᾶσι
192 325 247 356 τοῖς
261 324 401 358 γεγονόσιν
421 324 468 352 ἀπ’
485 325 572 360 ἀρχῆς
589 325 640 360 τῆς
655 326 770 359 κτίσεως
790 326 836 352 καὶ
851 326 900 362 μέ-

111 379 153 407 χρι
168 371 220 406 τῆς
242 370 289 397 τοῦ
303 370 404 402 παντὸς
423 370 660 406 συμπληρώσεως,
675 371 781 403 οὐδενὸς
798 372 828 398 ἐν
845 372 900 404 τοῖς

108 416 182 444 οὖσιν
199 417 274 448 δντος
288 416 385 443 κακοῦ.
403 426 412 442 ι
434 417 502 443 Οὐδὲ
517 416 571 452 γάρ
587 416 644 452 ἔχει
658 416 738 451 φύσιν
751 416 781 449 ἐξ
794 416 896 451 ἀγαθοῦ

108 461 191 488 κακόν
210 470 237 488 τι
251 460 344 496 φῦναι.
359 461 390 488 Et
406 460 436 488 δὲ
450 460 550 496 ἀγαθὸς
563 462 577 487 ὸ
590 460 645 488 τῶν
657 461 785 489 ἁπάντων
800 462 896 496 αἴτιος,

108 508 199 543 ἀγαθά
226 509 333 540 πάντως
355 508 407 535 ὅσα
423 509 456 535 ἐκ
477 507 524 535 τοῦ
547 507 650 542 ἀγαθοῦ
674 508 723 544 τὴν
747 509 897 537 ὑπόστασιν

108 553 174 588 ἔχει.

951 236 985 263 ad
1003 236 1117 268 bonum,
1129 239 1160 262 ut
1174 241 1223 269 per
1237 232 1452 268 magnitudinem
1464 235 1492 260 et
1508 229 1738 267 pulchritudinem

950 286 1149 315 creaturarum,
1165 287 1214 316 per
1228 279 1303 314 ipsas
1315 277 1533 313 contemplemur
1548 284 1611 305 eum
1635 277 1683 312 qui
1701 276 1741 304 fe-

949 328 997 356 cit.
1017 327 1059 355 Illi
1073 331 1164 355 autem
1182 333 1232 362 per
1245 332 1277 353 ea
1308 331 1369 360 quae
1396 326 1560 358 acceperant
1585 322 1740 355 beneﬁcia,

950 373 1007 402 laesi
1021 376 1096 405 sunt,
1111 380 1145 401 eo
1161 371 1235 408 quod
1250 378 1304 399 non
1320 376 1489 404 unoquoque
1501 373 1532 396 ut
1546 372 1653 404 oportet
1668 371 1696 396 et
1708 368 1742 395 ad

952 418 1097 447 utilitatem
1117 418 1160 446 usi
1179 421 1254 446 sunt.
1276 415 1310 444 Et
1332 415 1394 443 ideo
1409 414 1499 443 dicit:
1518 423 1528 440 ι
1555 413 1595 442 Ne
1620 413 1743 441 inveniat

952 465 1034 492 homo
1047 472 1116 500 opus
1132 462 1206 499 quod
1229 462 1294 490 fecit
1308 461 1380 489 Deus
1407 460 1441 488 ad
1467 466 1580 494 scopum
1603 458 1742 490 utilitatis,

952 509 981 537 in
993 509 1121 537 omnibus
1132 515 1194 543 quae
1210 507 1282 534 facta
1300 509 1365 534 sunt
1382 505 1416 533 ab
1435 503 1514 531 initio
1533 502 1694 535 creationis,
1717 507 1745 529 et

952 562 1040 589 usque
1061 553 1095 581 ad
1116 553 1238 582 universi
1261 550 1547 580 consummationem:
1565 557 1628 577 cum
1654 548 1683 576 in
1709 548 1744 576 iis

109 606 169 634 quae
179 602 254 630 sunt,
287 599 356 629 nihil
373 599 411 628 sit
423 599 498 627 mali.
517 609 531 626 ι.
560 598 654 634 Neque
667 599 741 629 enim
756 603 798 628 est
813 600 864 628 hoc
881 600 1016 641 naturale,
1030 604 1061 628 ut
1075 607 1109 628 ex
1126 599 1200 630 bono
1216 597 1318 634 aliquid
1330 597 1395 624 mali
1426 600 1567 625 nascatur.
1599 595 1630 622 Si
1650 598 1743 622 autem

109 647 198 675 bonus
212 650 255 674 est
285 647 332 682 qui
349 655 442 675 rerum
475 648 597 675 omnium
610 650 653 676 est
669 652 764 676 auctor
789 651 818 677 et
830 656 926 683 causa,
946 649 1019 678 bona
1051 648 1164 677 omnino
1197 651 1262 675 sunt
1280 652 1460 682 quaecumque
1479 652 1513 673 ex
1537 644 1612 673 bono
1640 643 1743 671 habent

110 691 300 722 substantiam.

144 737 220 773 Εἶτα,
237 740 369 774 (Ἔγνων,
383 749 392 766 ι
407 740 498 776 φησὶν,
515 750 524 767 ι
535 742 577 768 ὅτι
594 741 644 768 οὐκ
658 741 732 769 ἐστιν
747 742 850 777 ἀγαθὸν
869 744 898 771 ὲν

985 740 1100 772 Deinde,
1116 739 1159 766 i2.
1181 747 1191 764 ι
1214 737 1294 770 Novi,
1314 745 1323 762 ι
1356 735 1465 771 inquit,
1493 743 1504 760 ι
1530 734 1604 769 quod
1627 741 1684 761 non
1701 737 1744 761 est

110 786 211 819 αὐτοῖς,
220 786 245 812 εί
260 786 297 822 μὴ
309 786 340 813 τὸ
348 786 598 822 εὐφρανθῆναι,καὶ
609 787 641 814 τὸ
653 789 742 815 ποιεῖν
754 789 857 823 ἀγαθὸν
871 790 900 816 ἐν

110 830 166 866 ζωῇ
175 828 285 857 αὐτοῦ.»
296 829 566 866 ’Δνακεφαλαιοῦνται
574 832 612 868 τῷ
625 832 698 869 λόγῳ
708 833 743 861 τὰ
757 834 899 871 εἰρημένα.

110 876 142 904 Εἰ
155 876 209 912 γὰρ
220 877 249 903 ἐν
263 877 351 912 καιρῷ
364 877 418 904 τῶν
442 878 521 906 θείων
541 879 702 915 ποιημάτων
719 880 736 915 ὴ
759 880 856 916 χρῆσις
869 880 901 907 τὸ

110 922 192 950 καλὸν
210 922 295 958 ὁρίζει
316 924 349 958 τῇ
365 923 522 962 ἀνθρωπίνῃ
543 925 610 961 ζωῇ,
625 924 654 952 ἓν
665 925 698 953 ἂν
712 925 755 962 εἴη
775 926 867 958 καλὸν,
883 927 900 962 ἡ

109 966 237 1002 διηνεκὴς
255 967 303 994 ἐπὶ
319 969 375 999 τοῖς
395 968 486 1000 καλοῖς
514 969 681 1005 εὐφροσύνη,
708 970 770 1005 ἥτις
792 971 825 997 ἐκ
845 970 900 998 τῶν

110 1013 220 1047 ἀγαθῶν
238 1012 326 1050 ἔργων
339 1015 477 1048 γεννᾶται.
499 1015 531 1041 'H
547 1015 600 1051 γὰρ
617 1015 671 1041 τῶν
687 1015 803 1043 ἐντολῶν
816 1017 900 1052 ἐργα-

111 1058 167 1090 σία,
186 1058 233 1085 νῦν
253 1059 302 1094 μὲν
319 1059 364 1086 διὰ
375 1060 424 1095 τῆς
443 1059 549 1092 ἐλπίδος
566 1061 707 1097 εὐφραίνει
721 1061 766 1088 τὸν
784 1061 839 1089 τῶν
852 1071 902 1089 κα-

110 1104 165 1132 λῶν
180 1105 377 1141 προϊστάμενον
399 1105 497 1142 ἔργων·
512 1107 581 1142 μετά
601 1107 685 1134 ταῦτα
701 1108 730 1135 δὲ
752 1109 902 1136 ἀπόλαυσιν

110 1151 165 1178 τῶν
179 1151 289 1185 ἀγαθῶν
307 1151 421 1179 ἐλπίδων
434 1151 579 1188 δεξαμένη,
597 1153 661 1179 ι’διον
675 1154 732 1185 τοῖς
750 1153 836 1187 ἀξίοις
852 1155 902 1191 τὴν

113 1196 284 1232 εὐφροσύνην
300 1197 470 1233 προτίθησιν,
493 1199 537 1225 ὅτε
552 1199 634 1234 φησιν
648 1199 663 1225 ὁ
683 1199 785 1234 Κύριος
800 1201 857 1233 τοῖς
872 1201 902 1227 τὸ

111 1242 213 1277 ἀγαθὸν
229 1242 416 1278 πεποιηκόσιν,
427 1243 468 1270 ὅτι
482 1244 622 1276 «Aetium!
638 1245 904 1284 εὐλογημένοιικλη-

113 1290 280 1325 ρονομήσατε
298 1289 346 1325 τὴν
361 1290 564 1326 ἡτοιμασμένην
578 1291 643 1326 ὑμῖν
661 1292 809 1327 βασιλείαν.
822 1284 902 1320 »Καὶ

111 1336 181 1372 ὅπερ
203 1336 277 1363 ἐστὶν
292 1337 309 1372 ἡ
327 1336 428 1371 βρῶσις
442 1337 488 1363 καὶ
508 1337 586 1369 πόσις
610 1338 650 1373 τῷ
673 1338 791 1375 σώματι,
810 1339 842 1366 δι’
863 1337 902 1366 ὧν

113 1385 286 1419 συντηρεῖται
302 1384 318 1418 ἡ
333 1383 423 1418 φύσις,
442 1384 522 1411 τοῦτό
538 1385 595 1412 ἐστι
611 1387 643 1421 τῇ
657 1386 729 1422 ψυχῇ
742 1387 773 1413 τὸ
787 1387 856 1423 πρὸς
871 1387 902 1414 τὸ

951 788 980 816 in
992 787 1059 822 ipsis
1071 786 1185 817 bonum,
1199 784 1253 812 nisi
1265 783 1362 816 laetari,
1374 787 1401 810 et
1419 781 1509 809 facere
1523 781 1627 808 bonum
1643 780 1672 807 in
1687 780 1744 808 vita

951 841 1012 863 sua.
1029 842 1038 859 ι
1048 831 1096 860 His
1107 830 1197 858 verbis
1208 829 1237 857 in
1251 835 1387 857 summam
1399 827 1502 862 colligit
1513 834 1575 862 quae
1584 825 1657 854 dicta
1666 830 1742 853 sunt.

952 879 982 907 Si
1001 878 1074 907 enim
1093 876 1250 904 divinorum
1270 880 1384 908 operum
1401 878 1470 899 usus
1486 871 1515 898 in
1533 875 1657 905 tempore
1673 869 1743 897 dell~

951 926 993 954 nit
1016 925 1119 953 bonum
1147 923 1275 950 humanae
1298 920 1371 953 vitae,
1401 926 1485 946 unum
1516 917 1600 945 fuerit
1627 917 1741 950 bonum,

951 978 1049 1006 nempe
1066 971 1201 1005 perpetua
1219 967 1247 994 in
1262 966 1346 994 rebus
1361 965 1441 993 bonis
1455 969 1482 992 et
1498 963 1623 992 honestis
1637 962 1743 997 laetitia,
1772 983 1775 986 .

952 1025 1014 1054 quae
1026 1016 1153 1044 nascitur
1168 1022 1202 1042 ex
1215 1013 1296 1041 bonis
1309 1012 1450 1048 operibus.
1466 1010 1657 1039 Mandatorum
1669 1010 1744 1038 enim

952 1050 1122 1093 observatio,
1146 1068 1220 1088 nunc
1239 1059 1351 1095 quidem
1370 1065 1420 1094 per
1445 1065 1521 1093 spem
1544 1057 1637 1084 laetitia
1661 1050 1757 1084 allicit

952 1117 1015 1138 eum
1038 1108 1086 1144 qui
1113 1107 1186 1135 bona
1204 1106 1271 1133 facit
1296 1112 1402 1140 opera:
1429 1107 1523 1139 postea
1546 1106 1637 1132 autem
1664 1102 1745 1131 bona

953 1156 1012 1192 spei
1043 1155 1136 1183 fructu
1161 1156 1285 1188 accepto,
1314 1150 1444 1186 proponit
1469 1150 1610 1185 propriam
1633 1149 1668 1176 iis
1695 1148 1744 1183 qui

952 1203 1029 1239 digni
1045 1206 1111 1230 sunt
1124 1199 1261 1231 laetitiam,
1278 1197 1389 1232 quando
1406 1196 1474 1224 dicit
1488 1195 1622 1223 Dominus
1642 1195 1677 1222 iis
1693 1194 1744 1230 qui

951 1249 1055 1283 bonum
1078 1246 1228 1274 fecerunt:
1248 1253 1257 1270 ι
1277 1243 1386 1276 Venite,
1410 1241 1546 1269 benedicti
1568 1240 1661 1268 Patris
1678 1240 1744 1274 mei,

952 1294 1093 1330 possidete
1109 1295 1236 1328 paratum
1252 1290 1329 1318 vobis
1342 1295 1457 1324 regnum
1471 1287 1505 1315 ⁶¹.
1525 1297 1535 1314 ›
1559 1286 1591 1314 Et
1609 1287 1683 1322 quod
1701 1289 1746 1314 est

952 1340 1032 1368 cibus
1051 1343 1077 1365 et
1089 1342 1176 1373 potus
1194 1335 1315 1370 corpori,
1340 1340 1389 1369 per
1411 1340 1473 1368 qua!
1495 1335 1675 1360 conservatur
1694 1339 1745 1359 na-

952 1390 1026 1418 tura,
1043 1384 1095 1412 hoc
1111 1386 1154 1411 est
1169 1382 1267 1409 animae
1279 1381 1312 1408 ad
1332 1379 1434 1407 bonum
1451 1378 1585 1414 aspicere,
1598 1382 1625 1405 et
1639 1378 1690 1406 hoc
1701 1381 1746 1406 est

111 1430 215 1464 ἀγαθὸν
230 1429 349 1465 βλέπειν,
361 1430 496 1457 καὶτοῦτο
507 1430 544 1463 ὡς
557 1431 664 1467 ἀληθῶς
679 1432 749 1468 δόμα
760 1433 818 1460 ἐστὶ
828 1433 896 1460 Θεοῦ

952 1442 1014 1463 vere
1029 1434 1131 1461 donqu
1146 1431 1215 1465 Dei,
1230 1430 1257 1458 in
1280 1428 1365 1456 Deum
1389 1426 1496 1455 deﬁxus
1517 1425 1621 1454 habere
1636 1425 1745 1452 oculos.

111 1476 143 1503 τὸ
164 1475 327 1507 ἐνατενίζειν
340 1476 410 1511 Θεῷ.
431 1476 515 1503 Τοῦτο
538 1477 592 1513 γάρ
609 1479 667 1504 ἐστι
688 1479 719 1505 τὸ
731 1479 827 1514 ὄνομα,
845 1479 858 1506 ὃ
873 1481 902 1506 ἐν

110 1523 168 1554 τοῖς
182 1521 280 1557 ἐφεξῆς
294 1522 437 1558 εἰρημένον
450 1522 748 1560 διερμηνεύεται.“¹Εχει
761 1525 789 1552 δὲ
800 1527 816 1561 ἡ
831 1526 903 1559 λέξις

111 1566 200 1598 οὕτως
211 1576 218 1583 ·
241 1577 250 1592 ι
267 1569 321 1594 Καί
332 1577 363 1602 γε
377 1569 431 1600 πᾶς
443 1568 584 1604 ἄνθρωπος
596 1570 625 1602 ὃς
637 1570 764 1606 φάγεται,
777 1573 824 1598 καὶ
844 1572 903 1599 πίε-

111 1622 173 1645 ται,
191 1614 237 1640 καὶ
253 1614 296 1651 ἴδῃ
311 1614 411 1648 ἀγαθὸν
423 1615 452 1641 ἐν
468 1616 549 1642 παντὶ
571 1616 662 1652 μόχθῳ
677 1617 770 1653 αὐτοῦ,
785 1618 864 1645 τοῦτο
874 1618 904 1645 δέ

111 1658 182 1694 δόμα
197 1659 264 1686 Θεοῦ
279 1661 360 1687 ἐστιν.
372 1670 382 1687 ι
392 1661 436 1696 Ὡς
451 1661 504 1698 γὰρ
517 1663 531 1688 ὁ
542 1662 694 1698 ἄνθρωπος,
706 1664 799 1699 φησιν,
812 1664 826 1690 ὁ
839 1673 901 1700 σαρ-

112 1704 202 1740 κώδης
216 1705 244 1731 ὲν
257 1705 298 1746 τῷ,
310 1708 407 1740 φαγεῖν
428 1707 475 1734 καὶ
491 1709 563 1734 πιεῖν
574 1708 623 1743 τὴν
641 1709 718 1744 ἰσχὺν
733 1709 798 1745 ἔχει,
815 1709 901 1742 οὕτως

112 1751 128 1778 ὁ
141 1750 208 1786 πρὸς
218 1751 248 1777 τὸ
258 1751 360 1785 ἀγαθὸν
373 1751 479 1786 βλέπων
500 1753 612 1787 (ἀγαθὸν
622 1753 649 1780 δέ
659 1754 783 1790 ἀληθινὸν
796 1756 810 1782 ὁ
823 1757 902 1791 μόνος

113 1795 215 1836 ἀγαθὸς
230 1796 262 1823 ἂν
277 1796 336 1831 εἴη)
359 1797 429 1832 δόμα
444 1797 512 1824 Θεοῦ
528 1798 584 1833 ἔχει
605 1799 633 1825 ἐν
648 1800 731 1826 παντὶ
746 1801 838 1836 μόχθῳ
851 1802 900 1828 αὐ-

112 1840 171 1874 τοῦ,
188 1841 254 1867 αὐτὸ
273 1841 352 1868 τοῦτο
364 1841 395 1868 τὸ
409 1842 476 1877 πρὸς
498 1843 527 1869 τὸ
542 1843 643 1877 ἀγαθὸν
656 1844 698 1871 ἀεὶ
711 1844 827 1879 βλέπειν.
853 1847 902 1874 Διὰ

113 1887 161 1914 τοῦ
177 1887 279 1921 Κυρίου
295 1888 372 1922 ἡμῶν
395 1888 482 1923 Ἰησοῦ
501 1889 618 1924 Χριστοῦ
631 1897 638 1904 ·
649 1887 671 1924 ᾧ
690 1891 707 1926 ἡ
721 1890 784 1923 δόξα
806 1892 852 1919 καὶ
871 1893 902 1919 τὸ

114 1931 215 1967 κράτος
231 1932 270 1964 εἰς
288 1933 351 1965 τοὺς
363 1933 462 1965 αἰῶνας
475 1933 530 1960 τῶν
545 1934 659 1963 αἰώνων.
682 1936 778 1971 Ἀμὴν.

152 2012 174 2028 ⁸⁸
197 2011 292 2039 Matth.
313 2021 375 2046 xxv,
390 2015 435 2042 5t.

951 1480 1009 1508 Hoc
1027 1483 1070 1507 est
1091 1477 1164 1505 enim
1186 1482 1296 1506 nomen,
1317 1472 1391 1508 quod
1418 1472 1446 1499 in
1475 1471 1509 1499 iis
1528 1478 1588 1506 quae
1613 1470 1745 1505 deinceps

952 1527 1025 1554 dicta
1035 1528 1100 1552 sunt
1110 1524 1318 1557 interpretatur.
1330 1519 1371 1546 lta
1384 1522 1476 1545 autem
1489 1517 1572 1544 habet
1583 1520 1747 1545 contextus:

954 1573 997 1600 15.
1028 1581 1036 1597 ι
1053 1568 1210 1603 Quinetiam
1234 1566 1324 1594 omnis
1348 1564 1431 1592 homo
1453 1563 1500 1599 qui
1527 1562 1690 1596 comederit,
1718 1565 1748 1589 et

953 1616 1067 1648 biberit,
1086 1619 1115 1643 et
1132 1613 1237 1641 viderit
1251 1612 1355 1640 bonum
1370 1611 1397 1637 in
1413 1609 1489 1639 omni
1504 1609 1599 1636 labore
1613 1615 1676 1640 suo,
1693 1607 1747 1635 hoc

954 1668 997 1691 est
1010 1667 1101 1689 autem
1119 1661 1222 1688 donum
1238 1657 1297 1685 Dei.
1316 1667 1325 1682 ι
1351 1655 1419 1683 Nam
1443 1655 1630 1687 sicuthomo,
1646 1653 1745 1689 inquit,

954 1708 1075 1736 carnalis
1098 1707 1126 1733 in
1151 1702 1320 1733 comedendo
1339 1707 1366 1730 et
1392 1701 1512 1729 bibendo
1540 1700 1624 1728 habet
1642 1700 1717 1727 vires
1737 1707 1745 1726 :

955 1755 992 1782 ita
1006 1753 1052 1788 qui
1074 1751 1108 1779 ad
1133 1750 1236 1778 bonum
1257 1747 1359 1783 aspicit
1397 1746 1511 1780 (bonum
1536 1749 1628 1772 autem
1648 1752 1745 1772 verum

954 1802 1007 1831 est,
1021 1798 1068 1834 qui
1084 1796 1160 1825 solus
1173 1799 1216 1822 est
1228 1794 1317 1822 bonus
1330 1793 1339 1828 )
1352 1792 1455 1820 donum
1468 1790 1516 1818 Dei
1533 1791 1615 1818 habet
1630 1791 1658 1817 in
1670 1789 1746 1817 omni

954 1844 1048 1872 labore
1070 1849 1133 1873 suo,
1162 1840 1215 1867 hoc
1242 1839 1332 1873 ipsum
1360 1837 1395 1864 ad
1424 1836 1450 1864 id
1479 1835 1554 1872 quod
1576 1836 1680 1863 bonum
1703 1838 1746 1862 est

956 1896 1063 1925 scmper
1086 1887 1219 1923 aspicere.
1244 1884 1298 1913 Per
1326 1883 1471 1912 Dominum
1497 1887 1623 1910 nostrum
1650 1879 1745 1909 Jesum

955 1936 1111 1964 Christum:
1130 1933 1174 1961 cui
1190 1931 1276 1968 gloria
1285 1935 1312 1959 et
1330 1929 1451 1966 potentia
1468 1929 1496 1957 in
1512 1928 1614 1959 saecula
1628 1926 1746 1956 saeculo-

956 1989 1026 2008 rum.
1045 1981 1143 2008 Amen.
