1989 3070
260 118 308 144 '15.“.-

878 120 905 147 s.
926 121 1089 148 euacomi
1110 121 1254 159 Nrsscxl

634 273 747 324 ΤΟΥ
779 274 851 316 ΕΝ
879 274 1061 319 ΑΙἾΟΙΣ
1098 275 1315 318 ΠΑΤΡΟΣ
1352 276 1514 327 ΗΜΩΝ

807 383 1333 462 ΓΡΗΓΟΡΙΟΥ

913 513 1113 552 ΕΠΙΣΚΟΠΟΥ
1126 513 1150 541 Ν
1153 510 1262 548 ΥΣΣΗξ

804 601 1080 663 ΕΞΗΓΗΣιΣ
1100 602 1332 649 ΑΚΡΙΒΗΣ

471 702 597 769 ,ΕΙΣ
623 702 723 759 ΤΑ
751 703 1064 763 ΑΣΜΑΤΑ
1099 704 1249 762 ΤΩΝ
1285 690 1650 772 ΑΣΜΑΤΩΝ

642 915 721 998 S.
775 920 867 995 Ν.
903 922 988 995 P.
1025 919 1488 1003 GREGOBII

900 1068 1057 1103 EPISCOPI
1077 1068 1226 1101 NYSSENI

825 1166 1299 1223 COMMENTARIUS
1324 1217 1327 1220 .

533 1272 607 1339 ΙΝ
686 1272 1060 1334 CANTICUM
1130 1275 1602 1339 CANTICORUM

870 1382 994 1416 (Gentium
1004 1384 1106 1412 Herceto
1118 1384 1265 1416 interprete.)

390 1539 588 1568 PROOEMIUM
608 1541 653 1567 AD
673 1541 908 1572 OLYMPIADEM.

291 1596 403 1624 Gratum
420 1601 448 1624 et
463 1600 605 1632 acceptum
622 1597 672 1625 fuit
692 1598 760 1626 mihi
779 1599 902 1628 studium
921 1601 954 1629 de
968 1601 1040 1630 Can-

255 1644 313 1671 tico
328 1644 508 1676 canticorum,
536 1644 608 1679 quod
631 1648 659 1671 ct
674 1652 781 1679 coram,
805 1651 832 1674 et
856 1647 912 1675 tuis
935 1648 969 1676 ad
990 1656 1039 1677 nos

257 1688 409 1724 exposuisti
433 1689 545 1721 litteris,
571 1693 601 1716 ut
617 1689 690 1725 quod
711 1690 834 1719 lmnestce
857 1695 911 1719 tuae
938 1691 999 1719 vita:
1013 1697 1040 1720 et

256 1742 331 1770 purae
347 1734 444 1768 animae
461 1735 617 1771 conveniat,
638 1739 667 1762 ut
682 1743 731 1771 per
744 1737 953 1765 Convenieutem
973 1745 1040 1766 con-

256 1780 459 1814 tcinplationem
475 1781 615 1814 aperiatur
637 1788 698 1815 quae
714 1785 756 1812 est
781 1782 807 1809 in
825 1783 917 1811 verbis
932 1783 1040 1810 occulta

255 1825 441 1861 philosophia,
463 1825 498 1854 ab
520 1834 551 1855 ea
568 1834 629 1861 quae
642 1831 685 1855 est
706 1827 734 1854 in
756 1831 884 1863 promptu
909 1827 1038 1862 dictione,

256 1872 283 1899 in
309 1872 386 1907 puris
411 1879 443 1902 ac
464 1872 581 1905 sinceris
603 1873 731 1901 sensibus
753 1879 915 1909 cxpurgala.
938 1873 1040 1908 Quam-

253 1918 348 1944 o'nrem
377 1921 503 1952 prompto
520 1922 547 1945 et
561 1918 646 1945 alacri
667 1919 757 1946 animo
773 1918 808 1946 de
833 1919 885 1946 hac
909 1926 939 1946 re
966 1923 1039 1953 tuam

254 1963 347 1997 accepi
374 1963 609 1993 sollicitudinem:
634 1972 690 1991 non
706 1965 778 1998 quod
804 1964 837 1991 ad
862 1968 924 1991 tuos
949 1972 1039 1993 mores

254 2008 306 2035 hoc
322 2007 373 2035 tibi
390 2008 513 2045 futurum
531 2009 567 2041 sit
582 2009 660 2036 usui:
675 2012 721 2036 est
732 2009 806 2036 enim
834 2009 899 2037 mihi
924 2017 1040 2044 persua-

253 2060 312 2081 sum
335 2062 434 2089 purum
457 2062 520 2088 esse
544 2059 621 2082 tuum
643 2055 742 2082 anima:
760 2055 881 2091 oculum,
903 2056 938 2087 ab
963 2055 1036 2083 omni

251 2099 363 2127 sordida
376 2105 403 2127 et
418 2100 535 2135 obscena
556 2101 732 2135 cogitatione,
749 2105 776 2128 et
792 2109 853 2136 quae
867 2102 986 2141 agitatur
1004 2102 1039 2129 ab

251 2146 335 2172 animi
361 2145 633 2180 perturbationibus,
652 2153 771 2182 eumque
790 2155 838 2181 per
860 2148 953 2175 divina
981 2148 1038 2181 haec

250 2191 333 2219 verba
350 2191 384 2218 ad
402 2191 541 2219 sinceram
556 2191 628 2221 etab
642 2192 755 2225 interitu
772 2193 888 2226 alienam
908 2201 1036 2229 sponsam

251 2238 352 2265 intueri
366 2237 436 2265 citra
453 2237 538 2264 ullum
554 2237 777 2273 impedimentum
789 2246 796 2265 :
808 2239 854 2267 sed
869 2245 899 2267 ut
914 2240 959 2275 qui
974 2244 1037 2270 sunt

250 2282 332 2316 paulo
357 2281 445 2316 magis
474 2282 610 2315 carnales,
639 2290 688 2317 per
716 2291 776 2311 eam
804 2284 975 2312 deducantur
1001 2284 1036 2318 ad

249 2327 420 2361 spiritualcm
449 2330 476 2354 et
491 2328 613 2357 materiae
641 2333 781 2364 expertem
798 2334 899 2358 statum
927 2331 1047 2364 animae,’

249 2373 282 2400 ad
301 2381 381 2407 quem
395 2373 472 2400 ducit
486 2373 531 2402 hic
556 2374 624 2405 liber
639 2382 686 2410 per
701 2376 862 2411 sapientiam
878 2385 938 2412 qua;
954 2377 981 2404 in
1003 2384 1035 2404 co

248 2419 395 2447 delitescit.
415 2419 550 2453 Quoniam
565 2425 656 2454 autem
670 2423 810 2455 nonnullis
822 2423 933 2451 'videtur
945 2423 1035 2453 eccle-

248 2465 382 2501 siasticis.
407 2473 493 2494 sacrae
515 2466 665 2502 Scriptura:
691 2467 809 2497 litteram
835 2472 862 2496 et
887 2468 1033 2496 dictionem

247 2513 380 2547 perpetuo
403 2518 464 2539 esse
492 2512 670 2546 sequendam,
699 2520 751 2543 nec
777 2512 966 2541 assentiuntur
986 2520 1034 2547 per

247 2554 390 2590 aenigmata
413 2555 614 2592 allegoriasque
634 2560 660 2584 et
676 2563 773 2586 sensus
794 2563 910 2584 arcanos
929 2555 1033 2591 aliquid

246 2600 282 2629 ab
297 2608 328 2628 ca
343 2599 446 2635 dictum
458 2609 519 2629 esse
534 2602 566 2629 ad
583 2606 705 2629 nostram
725 2601 889 2630 utilitatem;
905 2601 1032 2631 existimo

247 2645 365 2681 primum
383 2653 446 2675 esse
466 2646 664 2678 necessarium.
683 2646 718 2674 iis
739 2646 906 2681 respondere
928 2646 974 2681 qui
999 2645 1032 2673 de

247 2692 281 2720 iis
295 2700 346 2720 nos
364 2696 507 2724 accusant.
530 2696 558 2720 et
581 2692 737 2726 ostendere,
753 2692 828 2728 quod
843 2692 911 2719 nihil
934 2692 1032 2720 absur-

246 2738 312 2765 dum
337 2742 364 2766 et
381 2738 500 2765 alienum
524 2737 652 2769 facimus.
676 2738 699 2766 si
723 2746 756 2766 cx
776 2737 868 2765 divina
892 2742 919 2765 ct
940 2745 955 2764 a
979 2735 1032 2766 Déo

247 2783 382 2818 inspirata
398 2783 540 2819 Scriptura
560 2784 633 2811 omni
658 2784 763 2811 ratione
779 2790 911 2810 venemur
927 2784 1029 2811 utilita-

246 2832 299 2856 tem
315 2838 321 2857 :
337 2833 363 2857 ut
378 2830 400 2857 si
416 2829 503 2864 prosit
524 2830 630 2863 quidem
648 2829 732 2857 dictio
749 2829 886 2857 intellecta
904 2834 930 2857 ut
954 2829 1027 2856 dicta

1055 1539 1078 1575 Α

1053 2208 1073 2235 Β

1224 1545 1411 1573 ΠΡΟΟΙΜΙΟΝ
1432 1545 1520 1572 ΠΡΟΣ
1536 1545 1748 1573 ΟΛΥΜΠΙΑΔᾹ.

1133 1600 1317 1637 Ἀπεδεξάμην
1341 1601 1378 1632 ὡς
1403 1601 1559 1636 πρέπουσαν
1582 1600 1621 1636 τῷ
1643 1600 1733 1636 σεμνῷ
1752 1609 1798 1628 σου
1816 1601 1876 1636 βίῳ,

1089 1647 1138 1679 καὶ
1151 1647 1184 1681 τῇ
1200 1646 1306 1681 καθαρᾷ
1323 1645 1370 1672 σοῦ
1383 1646 1524 1681 ψυχῇ,ιιὴν
1537 1645 1600 1681 περὶ
1612 1645 1658 1673 τοῦ
1672 1645 1809 1681 ’ᾼσματος
1823 1646 1877 1672 τῶν

1090 1692 1219 1728 ᾀσμάτων
1244 1691 1370 1727 σπουδὴν,
1387 1692 1419 1727 ἢν
1433 1692 1476 1718 καὶ
1503 1691 1572 1719 κατὰ
1597 1691 1742 1727 πρόσωπον
1763 1692 1810 1719 καὶ
1833 1692 1878 1725 διᾲ

1089 1734 1259 1771 γραμμάτων
1273 1735 1337 1770 ἡμῖν
1353 1734 1455 1768 ὲξέθου,
1480 1735 1549 1762 ὥστε
1572 1735 1615 1762 διὰ
1636 1736 1685 1771 τῆς
1710 1736 1876 1772 καταλλήλου

1090 1779 1204 1815 θεωρίας
1221 1780 1406 1816 φανερωθῆναι
1423 1780 1471 1816 τὴν
1489 1781 1716 1817 ὲγκεκρυμμένην
1740 1782 1797 1814 τοῖς
1823 1783 1876 1818 ρη-

1089 1827 1144 1857 τοῖς
1159 1825 1326 1860 φιλοσοφίαν,
1343 1826 1391 1862 τῆς
1413 1826 1558 1863 προχείρου
1578 1826 1648 1853 κατὰ
1669 1826 1717 1862 τὴν
1740 1826 1812 1859 λέξιν
1826 1828 1879 1863 ἑμ-

1089 1872 1197 1908 φάσεως
1217 1873 1246 1909 εν
1267 1873 1327 1905 ταῖς
1347 1873 1495 1909 ἀκηράτοις
1517 1873 1631 1904 ἐννοίαις
1654 1872 1876 1909 κεκαθαρμένην.

1088 1918 1134 1944 Διὸ
1156 1918 1303 1954 προθύμως
1324 1917 1497 1954 ἀπεδεξάμην
1521 1918 1570 1953 τὴν
1596 1918 1659 1954 περὶ
1683 1918 1777 1945 τούτου
1794 1927 1878 1954 φρον-

1088 1963 1157 1996 τίδα,
1182 1963 1232 1999 οὐχ
1258 1963 1296 1995 ὥς
1318 1963 1358 1990 σοί
1382 1972 1407 1990 τι
1431 1965 1594 1998 χρησιμαῖον
1620 1964 1658 1995 εἰς
1684 1963 1714 1990 τδ
1740 1964 1786 1991 σὺν
1810 1962 1879 1999 ἦθος

1088 1998 1248 2046 (πέπεισμαι
1256 2010 1310 2046 γάρ
1319 2016 1365 2035 σου
1383 1998 1544 2044 καθαρεύειν
1556 2009 1601 2035 τὸν
1617 2008 1665 2043 τῆς
1679 2008 1766 2044 ψυχῆς
1781 1998 1879 2043 ὀφθαλ-

1090 2053 1139 2090 μὸν
1162 2055 1215 2081 ἀπὸ
1231 2054 1322 2089 πάσης
1337 2054 1476 2089 ὲμπαθοῦς
1501 2063 1529 2081 τε
1546 2055 1593 2081 καὶ
1609 2054 1738 2090 ρυπὼσης
1759 2055 1876 2086 ἑννοίας,

1089 2101 1136 2138 καὶ
1151 2100 1218 2135 πρὸς
1231 2100 1280 2135 τὴν
1298 2100 1435 2135 ἀκήρατον
1449 2100 1527 2136 χάριν
1541 2100 1584 2127 διὰ
1598 2100 1651 2126 τῶν
1666 2100 1745 2128 θείων
1772 2100 1878 2127 τούτων

1090 2145 1179 2182 ῥητῶν
1206 2145 1450 2180 ἁπαρεμποδίστως
1471 2145 1609 2181 βλέπειν),
1637 2145 1695 2172 ἀλλ’
1717 2146 1759 2181 ἐφ’
1773 2142 1795 2180 ᾧ
1819 2147 1878 2178 τοῖς

1089 2190 1318 2229 σαρκωδεστέροις
1330 2190 1513 2231 χειραγωγίαν
1527 2191 1587 2218 τινὰ
1598 2191 1734 2225 γενέσθαι,
1744 2191 1812 2227 πρὸς
1825 2192 1878 2228 τὴν

1091 2235 1277 2270 πνευματικήν
1293 2243 1323 2262 τε
1342 2235 1389 2262 καὶ
1408 2234 1488 2262 ἄῦλον
1508 2235 1558 2270 τῆς
1574 2235 1663 2271 ψυχῆς
1691 2237 1877 2268 κατάστασιν,

1089 2280 1157 2315 πρὸς
1166 2281 1198 2316 ἢν
1213 2280 1274 2314 ἄγει
1285 2279 1316 2312 τὺ
1327 2279 1426 2315 βιϐλίον
1440 2280 1518 2307 τοῦτο
1532 2280 1575 2308 διὰ
1584 2281 1634 2316 τῆς
1649 2282 1879 2318 ἑγκεκρυμμένης

1087 2326 1161 2362 αὐτῷ
1184 2326 1288 2361 σοφίας.
1313 2326 1421 2361 Ἐπειδὴ
1445 2326 1473 2353 δέ
1491 2335 1546 2353 τισι
1568 2327 1622 2353 τῶν
1640 2327 1878 2363 ὲκκλησιαστικῶν

1087 2371 1270 2407 παρίστασθαι
1286 2373 1318 2407 τῇ
1332 2371 1402 2403 λέξει
1416 2372 1465 2405 τῆς
1483 2371 1564 2405 ἁγίας
1577 2371 1687 2408 Γραφῆς
1702 2372 1746 2399 διὰ
1762 2372 1879 2400 πάντων

1087 2418 1154 2445 ἰέναι
1176 2417 1260 2449 δοκεῖ,
1280 2417 1326 2445 καὶ
1341 2417 1371 2443 τὸ
1387 2417 1420 2444 δι’
1438 2416 1605 2451 αἰνιγμάτων
1622 2418 1669 2444 καὶ
1685 2417 1817 2444 ὑπονοιῶν
1835 2419 1879 2444 εὶ-

1087 2464 1185 2500 ρῆσθαί
1206 2473 1232 2491 τι
1248 2464 1313 2500 παρ’
1329 2463 1413 2498 αὐτῆς
1431 2463 1471 2495 είς
1493 2462 1627 2498 ὠφέλειαν
1641 2463 1718 2499 ὴμῶν
1737 2463 1767 2489 οὺ
1785 2463 1880 2489 συντί-

1085 2508 1175 2536 θενται
1184 2517 1191 2525 ·
1205 2504 1352 2543 ἀναγκαῖον
1368 2507 1487 2543 ἠγοῦμαι
1502 2507 1609 2543 πρῶτον
1624 2507 1800 2544 περὶτούτων
1815 2509 1880 2540 τοῖς

1086 2554 1121 2581 τὰ
1145 2553 1256 2581 τοιαῦτα
1289 2554 1354 2590 ἡμῖν
1381 2553 1541 2587 ἐγκαλοῦσιν
1568 2553 1805 2588 ἀπολογήσασθαι,
1833 2554 1880 2580 ὅτι

1085 2600 1161 2627 οὐδὲν
1173 2599 1227 2626 ἀπὸ
1240 2599 1339 2635 τρόπον
1355 2594 1460 2633 γίνεται
1474 2599 1538 2635 παρ’
1553 2599 1641 2634 ἡμῶν,
1655 2598 1684 2626 ὲν
1695 2599 1735 2635 τῷ
1755 2599 1880 2626 σπουδά-

1086 2646 1142 2677 ζειν
1159 2646 1232 2681 ἡμᾶς
1257 2644 1287 2672 τὸ
1309 2644 1442 2676 παντοίως
1463 2643 1589 2680 θηρεύειν
1611 2645 1643 2671 ὲκ
1658 2644 1709 2679 τῆς
1725 2644 1799 2677 θείας
1826 2645 1879 2671 καὶ

1086 2690 1261 2719 θεοπνεύστου
1276 2690 1386 2726 Γραφῆς
1399 2690 1427 2717 τὸ
1438 2690 1576 2725 ὠφέλιμον
1585 2698 1592 2705 ·
1608 2690 1672 2717 ὥστ’
1682 2690 1715 2718 ἃν
1727 2690 1777 2726 μὲν
1798 2690 1878 2725 ὡφε-

1081 2736 1138 2772 λοίη
1163 2745 1188 2763 τι
1208 2737 1254 2763 καὶ
1277 2738 1293 2772 ἡ
1312 2736 1383 2770 λέξις
1403 2736 1440 2767 ὡς
1457 2735 1564 2772 εἴρηται
1580 2736 1724 2772 νοουμένη,
1747 2737 1820 2772 ἔχειν
1843 2737 1878 2770 ἐξ

1081 2782 1188 2816 ἑτοίμου
1201 2782 1232 2808 τὸ
1246 2781 1470 2816 σπουδαζόμενον.
1485 2782 1516 2808 Εἰ
1529 2781 1556 2809 δέ
1570 2790 1596 2808 τι
1609 2782 1676 2816 μετὰ
1689 2782 1876 2817 ὑποκρύψεως

1083 2829 1110 2867 sv
1134 2829 1271 2860 ὑπονοίαις
1287 2829 1339 2855 τισὶ
1363 2828 1407 2855 καί
1427 2827 1584 2862 αἰνίγμκσιν
1607 2827 1760 2864 εἰρημένον,
1783 2829 1876 2862 ἀργὸν
