1989 3070
125 120 180 149 75⁸1

707 119 742 149 ῙΝ
758 120 907 152 CANTICA
928 120 1166 152 CANTICORUM.

1706 118 1759 146 758

126 176 169 208 είς
192 175 325 210 ὠφέλειαν
349 175 391 211 εἴη
418 175 488 202 κατὰ
512 175 542 203 τὸ
564 175 708 212 πρόχειρον
733 178 832 214 νόημα,
856 178 919 210 τοὺς

973 177 1032 211 fuit,
1054 179 1210 213 promptum
1229 178 1255 204 et
1273 178 1399 211 paratum
1422 174 1542 212 habeant
1560 172 1598 206 id,
1624 171 1704 208 cujus
1719 177 1760 201 te-

126 220 262 252 τοιούτους
276 220 372 254 λόγους
384 220 572 256 ἀναστρέφειν,
586 220 677 252 καθὼς
689 221 836 257 ὑιρηγεῖται
847 223 862 250 ὁ
876 223 920 250 διὰ

125 265 181 293 τῶν
202 265 361 304 Παροιμιῶν
372 266 447 301 ἡμᾶς
463 265 596 292 παιδεύων
612 266 691 300 λόγος
708 268 749 299 εἰς
768 268 799 294 τὸ
812 268 922 304 νοῆσαι,

126 311 143 348 ἢ
159 311 197 343 ὡς
212 311 368 347 παραϐολὴν
381 312 411 339 τὸ
423 312 579 348 λεγόμενον,
593 313 609 348 ἦ
622 312 660 344 ὡς
676 314 812 341 σκοτεινὸν
830 314 918 349 λόγον,

125 358 142 393 ἢ
165 358 204 389 ὡς
221 357 301 393 ῥῆσιν
325 357 457 394 σοφῶν,ἢ
481 357 518 390 ὥς
539 367 565 385 τι
586 357 641 385 τῶν
666 359 846 394 αἰνιγμάτων.
870 358 921 387 Ὧν

122 402 176 437 τὴν
197 401 241 429 διὰ
263 402 312 437 τῆς
336 401 483 437 ἀναγωγῆς
500 401 627 436 θεωρίαν,
655 401 710 428 εἴτε
728 401 919 437 τροπολογίαν,

125 448 180 475 εἴτε
194 446 368 482 ἀλληγορίαν,
391 446 445 473 εἴτε
459 455 485 473 τι
506 447 569 474 ἄλλο
589 455 632 478 τις
653 447 796 483 ὀνομάζειν
821 448 918 481 ὲσέ-λοι,

125 492 203 519 οὐδὲν
228 492 293 527 περὶ
317 491 364 518 τοῦ
376 491 507 527 ὀνόματος
529 491 698 527 διοισόμεθα,
713 484 806 528 ’μόνον
828 493 851 519 εί
866 493 919 519 τῶν

125 537 275 572 ὲπωῳελῶν
291 537 402 574 ἔχοι[το]
417 537 570 572 νοημάτων.
580 537 635 564 Καὶ
649 537 704 573 γὰρ
713 537 727 563 ὀ
741 537 827 573 μέγας
839 537 920 565 Ἀπό-

127 583 231 616 στολος,
247 582 432 618 πνευματικὸν
451 580 522 609 εἶναι
543 582 630 617 λέγων
651 583 698 610 τὸν
718 585 810 618 νόμον,
832 584 920 619 ὲμπε-

128 628 290 665 ριλαμσάνει
312 628 351 664 τῷ
364 628 475 664 ὀνόματι
501 628 548 655 τοῦ
567 628 648 664 νόμου
667 629 714 656 καὶ
740 629 775 656 τὰ
792 627 920 666 ἶστορικά

127 675 296 710 διηγήματα,
320 674 359 705 ὡς
382 674 473 700 πᾶσαν
490 673 669 702 θεόπνευστον
691 675 813 710 Γραφὴν,
838 676 920 711 νόμον

127 717 265 751 εἶναιτοῖς
285 719 494 755 ἐντυγχάνουσιν
504 739 512 752 ,
534 719 564 746 οὑ
578 719 658 754 μόνον
670 719 714 746 διὰ
727 720 781 747 τῶν
795 721 920 757 φανερῶν

127 765 309 802 πραγμάτων,
321 764 388 795 ἀλλὰ
398 765 445 793 καὶ
457 764 501 792 διὰ
514 765 567 792 τῶν
576 765 721 800 ἱστορικῶν
743 766 920 802 διηγημάτων

125 810 319 842 παιδεύουσαν,
346 810 415 846 πρός
435 819 466 836 τε
486 810 586 845 γνῶσιν
607 810 661 838 τῶν
684 811 850 850 μυστηρίων,
873 813 919 840 καὶ

125 856 195 892 πρὸς
213 856 336 892 καθαρὰν
360 856 501 884 πολιτείαν
524 857 588 889 τοὺς
611 858 793 890 ὲπιστατικῶς
811 859 920 888 ἐπαίον-
935 851 955 879 Β

124 910 194 934 τας·
215 902 348 938 κέχρηται
374 903 422 938 μὲν
444 903 476 938 τῇ
504 902 633 938 ἐξηγήσει
657 903 727 930 κατὰ
751 904 781 930 τὸ
803 904 919 939 ἀρέσκον

125 948 212 984 αὐτῷ,
241 948 309 985 πρὸς
333 949 364 975 τὸ
384 948 523 984 ὠφέλιμον
544 949 667 984 βλέπων·
685 950 716 977 οὑ
733 951 869 986 φροντίζει
891 953 919 979 δὲ

124 994 172 1021 τοῦ
195 994 327 1029 ὀνόματος
346 992 368 1028 ᾧ
393 995 446 1030 χρὴ
471 995 703 1031 κατονομάζεσθαι
727 996 757 1023 τὺ
779 995 849 1029 εἶδος
869 998 919 1034 τῆς

125 1039 294 1075 ἐξηγήσεως.
324 1040 402 1067 Ἀλλὰ
425 1040 471 1067 νῦν
497 1040 640 1067 ἀλλάσσειν
659 1041 725 1077 φησὶ
740 1041 790 1077 τὴν
815 1044 918 1078 φωνὴν,

127 1084 232 1120 μέλλων
250 1084 379 1119 μετάγειν
401 1085 450 1121 τὴν
468 1085 588 1121 ἱστορίαν
605 1086 644 1117 είς
668 1086 717 1122 τὴν
735 1086 847 1120 ἔνδειξιν
870 1090 919 1124 τῆς

125 1130 192 1166 περὶ
207 1130 261 1156 τῶν
285 1130 426 1165 Διαθηκῶν
439 1131 595 1166 οἰκονομίας
607 1139 613 1145 ·
636 1129 694 1157 εἶτα
715 1132 846 1167 μνησθεὶς
864 1133 918 1160 τῶν

125 1174 172 1202 δύο
188 1174 235 1202 τυῦ
252 1175 377 1211 Ἀϐραὰμ
395 1176 508 1209 τέκνων,
523 1176 578 1203 τῶν
594 1177 626 1203 ὲκ
642 1178 692 1212 τῆς
707 1177 853 1213 παιδίσκης
873 1178 920 1206 καὶ

126 1221 177 1258 τῆς
192 1220 337 1259 ἐλευθέρας
349 1221 423 1256 αὐτῷ
436 1222 597 1256 γεγονότων,
613 1222 777 1257 ἀλληγορίαν
791 1223 919 1259 ὀνομάζει

127 1266 179 1303 τὴν
194 1267 258 1302 περὶ
281 1267 369 1293 αὐτῶν
387 1267 514 1300 θεωρίαν.
539 1267 622 1294 Πάλιν
642 1268 671 1294 δὲ
688 1268 839 1304 πράγματά
860 1278 920 1296 τινα

126 1311 328 1348 διηγησάμενος
353 1312 403 1347 τῆς
436 1312 556 1348 ἱστορίας
587 1312 686 1348 φησιν,
715 1313 756 1339 ὃτι
784 1312 920 1348 Tum):th

125 1358 186 1393 μὲν
208 1358 390 1385 συνέϐαινεν
412 1358 551 1391 ἐκείνοις,
569 1357 682 1393 ἐγράφη
696 1358 736 1393 ,δὲ
761 1359 835 1393 πρὸς
850 1368 920 1387 νου-

127 1404 233 1430 θεσίαν
256 1402 350 1437 ἡμῶν.
369 1403 424 1429 Καὶ
449 1402 529 1429 πάλιν
555 1402 595 1436 τὸ,
615 1402 652 1441 μὴ
683 1403 737 1430 δεῖν
767 1403 921 1438 κημοῦσθαι

126 1449 172 1477 τὸν
188 1447 309 1475 ἀλοῶντα
334 1447 396 1483 βοῦν
417 1447 512 1480 εἰπὼν,
525 1447 757 1484 προσέϐηκεν,ὂτι
785 1448 815 1474 οὐ
847 1448 921 1483 μέλει

126 1495 167 1530 τῷ
189 1494 248 1531 Θεῷ
272 1495 334 1531 περὶ
360 1495 413 1522 τῶν
441 1494 519 1530 βοῶν,
537 1495 594 1522 ἀλλ’
609 1495 651 1522 ὃτι
672 1495 707 1522 δι’
722 1496 794 1530 ἡμᾶς
812 1497 921 1528 πάντως

127 1541 245 1576 ἐγράφη.
261 1542 339 1568 Ἔστι
365 1541 394 1568 δὲ
419 1541 485 1567 ὅπου
504 1541 554 1578 τὴν
575 1541 763 1578 ἀμυδροτέραν
786 1542 920 1578 κατανόη-

128 1595 171 1614 σιν
191 1587 237 1613 καὶ
257 1586 306 1622 τὴν
334 1587 366 1613 ἐκ
384 1586 484 1624 μέρους
500 1586 618 1624 γνῶσιν,
635 1586 768 1623 ἔσοπτρον
790 1587 918 1623 ὀνομάζει

127 1633 176 1659 καὶ
190 1634 314 1668 ατνιγμα,

970 228 1070 252 nentur
1094 223 1196 252 studio.
1214 222 1243 250 Si
1266 222 1333 258 quid
1356 226 1446 250 autem
1470 220 1579 249 occulte
1602 220 1708 248 dictum
1732 221 1759 248 in

971 269 1081 297 arcanis
1099 268 1228 296 sensibus
1247 272 1275 295 et
1287 267 1491 303 aenigmatibns,
1507 267 1542 294 ad
1557 266 1708 294 utilitatem
1726 266 1762 293 sit

970 315 1052 350 plane
1076 315 1207 346 otiosum.
1235 315 1259 342 si
1286 318 1427 350 spectetur
1451 320 1551 341 sensus
1581 313 1630 348 qui
1661 315 1705 340 est
1735 311 1763 339 in

970 364 1097 396 promptu
1113 364 1141 389 et
1156 361 1190 388 de
1206 367 1239 388 eo
1261 367 1353 388 sermo
1368 359 1425 392 ﬁat,
1448 358 1521 386 sicut
1543 357 1624 385 nobis
1639 356 1763 384 ostendit

970 407 1018 442 qui
1040 414 1092 435 nos
1114 407 1205 435 erudit
1228 414 1277 442 per
1296 405 1457 438 Proverbia,
1481 404 1517 432 ad
1541 403 1763 439 intelligendum,

970 453 1013 480 vel
1037 456 1168 488 tanquam
1196 451 1356 488 parabolam
1381 450 1409 478 id
1434 449 1508 485 quod
1525 449 1629 477 dictum
1647 452 1699 481 cst,
1720 448 1764 475 vel

971 501 1103 533 tanquam
1118 498 1265 535 obscuram
1278 497 1444 528 orationem,
1457 496 1501 523 vel
1513 499 1641 530 tanquam
1658 493 1763 520 dictum

971 543 1136 578 sapientum,
1150 542 1193 570 vel
1209 547 1340 577 tanquam
1356 540 1468 576 aliquod
1484 539 1613 574 aenigma.
1631 537 1698 571 Quze
1715 544 1764 572 per

971 595 1111 624 anagogen
1126 591 1217 615 autem
1228 587 1339 615 exsistit
1352 585 1562 620 contemplatio,
1578 591 1626 612 seu
1640 582 1763 617 tropolo-

970 633 1055 669 giam,
1076 640 1124 661 seu
1144 632 1305 668 allegoriam
1323 639 1372 660 seu
1384 631 1464 658 aliter
1479 629 1545 658 velis
1560 628 1716 664 nominare,
1729 626 1765 654 de

970 678 1083 706 nomine
1105 678 1172 705 nihil
1191 677 1402 708 contendemus.
1428 676 1451 703 si
1478 682 1494 702 ιι
1513 682 1596 703 sensu
1624 673 1685 701 utili
1708 680 1765 700 non

970 723 1091 752 recedat.
1109 723 1223 759 Magnus
1239 723 1313 751 enim
1328 722 1478 758 Apostolus
1490 721 1577 757 iegen‘
1589 721 1685 748 dicens
1700 726 1764 747 esse

971 770 1144 805 spiritualem
1156 771 1178 786 θ’
1195 787 1204 801 ,
1229 769 1299 805 legis
1316 768 1429 797 nomine
1445 766 1655 802 comprehcndit
1679 766 1763 794 etiam

971 814 1117 842 historicas
1146 814 1336 846 narrationes,
1359 813 1427 841 adeo
1455 817 1484 840 ut
1510 812 1640 840 universa
1664 819 1680 838 a
1709 810 1764 838 Deo

970 861 1103 896 inspirata
1118 859 1262 895 Scriptura
1277 860 1312 888 sit
1325 860 1367 888 lex
1381 859 1415 887 iis
1428 859 1476 894 qui
1488 859 1577 893 ipsam
1590 858 1695 893 legunt,
1707 863 1763 884 non

971 906 1059 934 soium
1075 913 1123 940 per
1139 909 1287 941 praecepta,
1302 904 1349 932 sed
1366 904 1450 931 etiam
1468 911 1516 938 per
1532 902 1680 930 historicas
1697 907 1764 927 narr-

971 952 1093 978 rationes
1107 950 1248 984 erudiens,
1264 954 1293 978 et
1307 950 1341 977 ad
1356 948 1543 984 cognitionem
1558 947 1765 983 mysteriorum,

970 1001 1000 1026 et.
1025 997 1057 1024 ad
1085 997 1224 1024 sinceram
1250 996 1315 1025 vitae
1339 995 1556 1027 institutionem,
1584 1000 1632 1021 eos
1658 991 1705 1027 qui
1732 991 1766 1019 ad

971 1041 1112 1069 scientiam
1146 1040 1353 1070 accommodate
1379 1041 1514 1073 audiunt;
1540 1038 1628 1066 utitur
1654 1037 1765 1073 quidem

970 1087 1152 1122 expositione,
1169 1091 1198 1114 ut
1214 1087 1265 1114 sibi
1280 1087 1380 1122 placet,
1393 1085 1533 1122 aspiciens
1546 1085 1580 1112 ad
1595 1084 1623 1112 id
1638 1083 1711 1119 quod
1724 1086 1768 1110 est

970 1132 1048 1163 utile,
1065 1139 1120 1158 non
1138 1136 1219 1159 curat
1239 1135 1331 1159 autem
1349 1138 1405 1166 quo
1427 1122 1540 1157 nomine
1559 1129 1595 1157 sit
1611 1129 1767 1162 vocandum

971 1186 1057 1214 genus
1094 1177 1290 1212 expositionis;
1319 1177 1367 1205 sed
1395 1183 1471 1204 nunc
1493 1175 1604 1210 quidem
1633 1173 1702 1201 dicit
1736 1180 1766 1200 se

971 1227 1079 1250 mutare
1096 1230 1203 1253 vocem.
1228 1222 1407 1250 traducturus
1426 1222 1571 1249 historiam
1589 1220 1622 1248 ad
1641 1219 1767 1247 indicans

971 1269 1037 1296 dum
1055 1269 1298 1297 Testamentorum
1322 1268 1548 1304 dispositionem.
1564 1266 1669 1294 Deinde
1686 1272 1766 1293 men-

972 1315 1075 1344 tionem
1097 1314 1201 1343 faciens
1223 1314 1340 1344 duorum
1365 1315 1482 1343 ﬁliorum
1505 1312 1643 1343 Abrahae,
1668 1311 1716 1346 qui
1741 1311 1766 1338 ei

972 1362 1030 1389 nati
1051 1365 1163 1389 suntex
1188 1361 1290 1389 ancilla
1311 1365 1340 1389 et
1357 1361 1455 1392 libera,
1474 1359 1595 1396 appellat
1608 1357 1767 1393 allegoriam

973 1407 1007 1435 de
1020 1407 1054 1435 iis
1067 1407 1327 1442 contemplationem
1343 1406 1376 1434 “.
1389 1406 1497 1434 Rursus
1513 1409 1605 1432 autem
1618 1411 1681 1432 cum
1692 1409 1768 1438 quae-

973 1452 1036 1481 dam
1061 1457 1205 1481 narrasset
1230 1462 1263 1481 ex
1287 1453 1415 1485 historia,
1443 1452 1511 1481 dicit
1527 1461 1534 1478 :
1550 1451 1615 1479 [hac
1633 1451 1660 1477 in
1679 1450 1768 1484 ﬁgura

974 1499 1031 1527 illis
1054 1500 1230 1527 eveniebant:
1257 1500 1358 1533 scripta
1386 1503 1449 1526 sunt
1474 1502 1563 1525 autem
1586 1497 1621 1524 ad
1647 1499 1769 1524 nostram

973 1545 1182 1574 admonitionem
1205 1546 1237 1573 “.
1257 1545 1290 1572 Et
1317 1552 1429 1572 rursum
1463 1551 1526 1572 cum
1552 1542 1680 1576 dixisset,
1708 1540 1770 1568 Non

972 1598 1029 1617 esse
1045 1590 1216 1626 alligandum
1243 1599 1272 1618 os
1289 1589 1345 1617 boui
1362 1589 1503 1616 lrt'turantt'
1512 1588 1545 1621 ",
1564 1586 1667 1622 adjecit
1689 1585 1768 1617 illud.

972 1635 1027 1663 Deo
1045 1645 1097 1663 non
1117 1644 1174 1664 esse
1188 1645 1282 1664 curam
1295 1636 1327 1663 de
1343 1636 1436 1667 bobus,
1461 1634 1509 1663 sed
1525 1633 1639 1662 omnino
1652 1639 1685 1660 ea
1706 1638 1771 1660 esse

128 1678 232 1713 scripta
256 1682 367 1714 propter
387 1686 448 1705 nos.
473 1678 582 1707 Alicubi
606 1682 697 1707 autem
726 1678 919 1709 obscuriorem
939 1680 1160 1719 intelligentiam,
1202 1687 1230 1711 et
1254 1689 1315 1718 quae
1339 1686 1382 1711 est
1396 1689 1429 1709 ex
1453 1685 1532 1719 parte
1570 1679 1767 1715 cognitionem,

128 1726 272 1760 speculum
289 1727 411 1755 nominat
427 1729 454 1754 et
469 1726 586 1762 aenigma
599 1726 632 1753 “.

163 1774 219 1800 Καὶ
243 1773 324 1802 πάλιν
342 1774 392 1809 τὴν
408 1773 462 1800 ἀπὸ
478 1773 531 1803 τῶν
550 1774 684 1809 σωμάτων
706 1774 774 1809 πρὸς
789 1774 825 1801 τὰ
838 1776 922 1811 νοητὰ

130 1819 307 1854 μετάστασιν,
326 1819 394 1855 πρὸς
410 1819 512 1855 Κύριον
526 1819 694 1855 ἐπιστροφὴν
710 1820 795 1854 λέγει,
811 1821 858 1847 καὶ
872 1829 922 1852 κα-

128 1864 271 1900 λύμματος
298 1865 478 1900 περιαίρεσιν.
509 1865 554 1891 Ἐν
583 1865 650 1893 πᾶσι
678 1865 706 1892 δὲ
734 1865 840 1899 τούτοις
865 1867 921 1899 τοῖς

128 1909 268 1945 διαφόροις
284 1910 394 1946 τρόποις
410 1919 441 1937 τε
453 1911 500 1937 καὶ
513 1910 625 1946 ὀνόμασι
641 1911 691 1947 τῆς
707 1912 778 1939 κατὰ
792 1912 838 1939 τδν
858 1912 921 1940 νοῦν

130 1955 257 1990 θεωρίας,
281 1955 310 1982 ἐν
336 1956 480 1992 ὑφηγεῖται
498 1956 672 1989 διδασκαλίας
696 1954 765 1989 εἶδος
788 1958 864 1993 ἡμῖν,
890 1958 921 1984 τὸ

132 2001 171 2038 μὴ
185 2001 240 2029 δεῖν
258 2002 365 2034 πάντως
382 2002 549 2038 παραμένειν
563 2002 601 2038 τῷ
625 2004 778 2039 πράγματι,
802 2004 840 2036 ὡς
859 2004 922 2040 βλα-

132 2047 253 2083 πτούσης
277 2048 350 2083 ἡμᾶς
366 2048 394 2074 ἐν
412 2048 519 2081 πολλοῖς
537 2049 583 2076 ἐπὶ
604 2049 648 2076 τὸν
663 2050 724 2076 κατ’
740 2050 840 2085 ἀρετὴν
865 2050 922 2085 βίον

129 2093 180 2129 τῆς
201 2094 345 2129 προχείρου
369 2093 422 2125 τῶν
438 2094 593 2130 λεγομένων
610 2095 772 2130 ἐμφάσεως·
789 2095 858 2122 ἀλλὰ
876 2105 923 2131 με-

129 2139 266 2167 ταϐαίνειν
289 2139 357 2176 πρὸς
378 2140 428 2175 τὴν
447 2139 527 2167 ἄῡλόν
553 2149 582 2167 τε
608 2141 655 2167 καὶ
678 2141 776 2177 νοητὴν
794 2141 922 2177 θεωρίαν,

1010 1775 1044 1804 Et
1056 1782 1154 1803 rursus
1168 1773 1317 1801 transitum
1333 1779 1348 1799 a
1364 1771 1448 1800 rebus
1463 1769 1657 1805 corporalibus
1672 1767 1707 1795 nd
1721 1775 1770 1797 eas

973 1830 1035 1858 quae
1048 1821 1152 1849 cadunt
1174 1821 1226 1849 sub
1249 1818 1467 1854 intelligentiam.
1483 1815 1602 1852 appellat
1617 1815 1770 1843 transitum

974 1868 1008 1897 ad
1022 1868 1178 1901 Dominum,
1190 1870 1218 1895 et
1230 1865 1282 1894 veli
1297 1865 1473 1893 ablationem.
1487 1862 1518 1890 In
1529 1862 1660 1890 omnibus
1677 1864 1770 1888 autem

972 1916 1018 1944 bis
1044 1914 1161 1943 diversis
1192 1913 1261 1941 locis
1286 1917 1314 1940 et
1339 1910 1498 1940 nominibus
1513 1909 1575 1944 ejus
1590 1915 1651 1944 qua:
1673 1911 1716 1935 est
1740 1907 1774 1939 in,

973 1965 1066 1990 mente
1081 1959 1335 1996 contemplationis,
1356 1965 1408 1986 nos
1431 1964 1517 1986 unum
1536 1955 1619 1983 docet
1638 1954 1772 1982 doctrinae

974 2014 1072 2043 genus,
1097 2013 1153 2034 non
1177 2008 1309 2040 oporlere
1335 2001 1450 2030 omnino
1476 2007 1590 2029 manere
1615 2000 1643 2027 in
1665 1998 1769 2030 littera,

976 2056 1072 2089 utpote
1097 2051 1170 2087 quod
1186 2058 1248 2086 quae
1268 2054 1309 2078 est
1334 2049 1362 2076 in
1377 2051 1508 2083 promptu
1533 2052 1629 2074 eorum
1652 2051 1713 2080 quae
1728 2044 1771 2072 di-

975 2103 1077 2129 cuntur
1092 2096 1269 2134 signiﬁcatio,
1286 2096 1314 2123 in
1335 2094 1431 2123 multis
1449 2101 1499 2121 nos
1514 2092 1602 2120 laedat.
1612 2091 1640 2118 in
1658 2091 1693 2119 iis
1710 2097 1772 2126 quae

977 2146 1114 2182 pertinent
1128 2144 1162 2172 ad
1174 2144 1257 2171 vitam
1266 2146 1340 2170 recte
1355 2145 1383 2169 et
1394 2148 1428 2169 ex
1441 2140 1545 2168 virtute
1556 2136 1771 2172 degendam-,sed

130 2186 200 2212 ὥστε
232 2185 282 2218 τὰς
314 2185 547 2221 σωματικωτέρας
585 2187 690 2219 ἐννοίας
719 2187 921 2223 μεταϐληθῆναι

974 2181 1093 2219 transire
1111 2190 1145 2218 ad
1160 2189 1282 2217 materiae
1302 2190 1455 2222 expertem,
1473 2188 1500 2213 ct
1514 2191 1577 2219 qua:
1597 2182 1650 2210 sub
1667 2181 1772 2210 intelli-

131 2232 198 2268 πρὸς
216 2232 279 2258 νοῦν
296 2231 343 2258 καὶ
364 2231 494 2264 διάνοιαν,
512 2231 611 2263 κόνεως
627 2232 706 2268 δίκην
722 2233 772 2268 τῆς
786 2234 924 2269 σαρκωδε-

131 2278 230 2313 στέρας
266 2278 412 2313 ἐμφάσεως
447 2277 501 2305 τῶν
530 2278 684 2314 λεγομένων
707 2279 925 2316 ὲκτιναχθείσης.

131 2323 186 2349 Καὶ
206 2323 250 2350 διὰ
271 2324 350 2350 τοῦτό
372 2333 472 2360 φησιν,
491 2325 532 2352 ὃτι
550 2325 585 2352 Τὸ
603 2324 721 2360 γράμμα
740 2325 922 2359 ἀποκτείνει,

131 2368 163 2394 τὸ
174 2368 208 2394 δὲ
220 2369 337 2404 πνεῦμα
345 2369 493 2400 ζωοποιεῖ·
513 2370 551 2402 ὡς
576 2370 699 2406 πολλαχῆ
718 2370 778 2406 [τῆς
800 2371 921 2408 Γραφῆς,

131 2413 265 2450 τουτέστι]
288 2414 337 2449 τῆς
361 2415 490 2451 ἱστορίας,
509 2415 589 2452 εἴπερ
610 2416 657 2443 ἐπὶ
679 2415 766 2450 ψιλῶν
790 2417 924 2453 σταίημεν

131 2458 186 2485 τῶν
207 2460 384 2494 πραγμάτων,
399 2461 449 2487 οὐκ
464 2461 567 2496 ἀγαθοῦ
582 2462 640 2498 βίου
654 2462 846 2498 παρεχομένης
859 2464 924 2499 ἡμῖν

131 2504 167 2531 τὰ
192 2505 387 2540 ὑποδείγματα.
414 2507 446 2534 Τί
469 2507 524 2543 γὰρ
541 2508 641 2543 ὠφελεῖ
665 2508 733 2545 πρὸς
755 2508 856 2544 ἀρετὴν
879 2509 924 2536 τὸν

132 2551 265 2578 ἀκούοντα
286 2552 364 2586 Ὠσηὲ
378 2553 392 2579 ὁ
408 2554 550 2589 προφήτης
562 2554 594 2581 ὲκ
609 2554 736 2590 πορνείας
754 2554 925 2582 παιδοποιού-

134 2605 225 2632 μενος,
245 2597 291 2623 καὶ
321 2596 434 2630 Ἠσαίας
460 2598 551 2625 εἰσιὼν
575 2599 641 2635 πρὸς
658 2599 708 2635 τὴν
735 2600 879 2636 προφῆτιν,
899 2601 924 2628 εί

134 2642 215 2679 μέχρι
232 2643 282 2678 τῆς
298 2643 397 2676 λέξεως
422 2644 530 2679 στήσειέ
552 2653 594 2676 τις
613 2645 643 2671 τὺ
665 2645 810 2680 λεγόμενον
824 2654 831 2678 ;
848 2646 883 2673 Ἦ
898 2647 924 2673 τί

137 2689 202 2724 πρὸς
224 2688 268 2715 τὸν
291 2689 417 2725 ἐνάρετον
440 2690 562 2717 συντελεί
576 2690 632 2717 Βεον
651 2691 685 2718 τὰ
706 2691 829 2726 περὶτοῦ
844 2692 925 2719 Δαϐὶδ

170 2795 197 2833 ⁸ξὶ
214 2796 353 2833 κοπῇ-γη,
375 2795 416 2833 υ..
456 2796 478 2811 ⁸³
498 2795 556 2833 Cal.
574 2805 608 2827 ιν,
624 2796 668 2823 “li.
708 2797 729 2813 ⁸⁸
750 2797 836 2827 ICor.
852 2807 878 2833 Χ,
900 2799 940 2826 Η.

136 2831 158 2845 ⁶“
179 2830 247 2858 Usi-1'
263 2839 281 2860 ι.
296 2831 321 2856 ‘2.
346 2832 366 2841 δ”
382 2831 420 2858 Issi
445 2839 502 2860 \‘Itl.
519 2831 544 2857 ὖ.

974 2237 1095 2272 gentiam
1109 2235 1184 2263 cadit
1198 2232 1469 2268 contemplationem.
1484 2233 1514 2257 ut
1528 2236 1627 2257 sensus
1641 2227 1687 2262 qui
1704 2231 1772 2254 sunt

975 2282 1058 2317 paulo
1071 2281 1158 2315 magis
1172 2279 1343 2316 corporales,
1360 2277 1542 2305 traducantur
1559 2273 1592 2301 ad
1606 2276 1727 2301 mentem
1743 2276 1774 2301 et

975 2325 1195 2361 intelligentiam,
1211 2331 1328 2352 excussa
1348 2321 1470 2358 pulveris
1489 2320 1518 2348 in
1539 2318 1652 2348 modum
1674 2325 1772 2346 eorum

975 2379 1037 2408 quae
1054 2371 1184 2400 dicuntur
1198 2373 1293 2406 aperta
1309 2366 1523 2404 signiﬁcatione.
1548 2364 1583 2392 Et
1598 2364 1661 2392 ideo
1680 2363 1748 2391 dicit
1765 2373 1771 2390 :

975 2418 1078 2446 Littera
1101 2416 1208 2449 occidit,
1233 2415 1345 2451 spiritus
1364 2417 1453 2442 autent
1472 2412 1588 2446 vivi/ica:
1607 2410 1629 2426 "
1645 2419 1652 2438 :
1679 2412 1775 2444 utpote

975 2463 1050 2500 quod
1073 2470 1145 2498 stepe
1165 2461 1281 2490 historia
1301 2461 1326 2489 si
1352 2459 1513 2488 steterimus
1528 2458 1556 2486 in
1579 2454 1662 2484 nudis
1676 2454 1770 2483 rebus.

976 2499 1056 2538 nobis
1070 2508 1182 2536 minime
1197 2507 1319 2543 praebeat
1334 2505 1490 2540 exemplum
1509 2504 1588 2532 bona:
1600 2502 1674 2530 vitae.
1694 2499 1771 2537 Quid

976 2556 1049 2584 enim
1065 2554 1099 2582 ad
1111 2554 1239 2582 virtutem
1252 2551 1373 2583 auditori
1387 2550 1534 2587 profuerit,
1547 2548 1621 2585 quod
1638 2546 1772 2583 propheta

978 2602 1048 2629 ﬁlios
1065 2604 1190 2637 procreet
1209 2608 1245 2628 ex
1262 2598 1446 2627 fornicatione
1457 2597 1499 2629 °';
1514 2600 1543 2624 et
1555 2595 1653 2623 Esaias
1676 2594 1771 2628 ingre-

980 2647 1073 2675 diatur
1094 2646 1127 2674 ad
1152 2645 1354 2681 prophetissam
1380 2644 1414 2675 ",
1442 2643 1466 2671 si
1491 2649 1547 2670 non
1573 2640 1646 2668 ultra
1670 2639 1772 2666 littera:

979 2692 1128 2721 dictionem
1145 2690 1277 2730 procedat
1295 2689 1321 2718 id
1341 2690 1414 2725 quod
1432 2687 1554 2716 dicitur?
1577 2686 1630 2714 Aut
1647 2683 1714 2720 quid
1736 2681 1771 2710 ad

981 2800 1002 2816 "
1024 2799 1030 2826 l
1050 2799 1120 2826 Tim.
1136 2808 1162 2830 ν,
1183 2799 1223 2825 is.
1263 2798 1285 2814 ’³⁵
1307 2797 1393 2824 lCor.
1413 2794 1488 2830 “,9.
1528 2793 1548 2810 ετ
1570 2789 1667 2818 "Cor.
1683 2796 1725 2823 nl,
1739 2789 1767 2819 Β.
