1989 3070
232 122 285 150 759

851 122 878 150 S.
899 121 1062 153 GREGORII
1081 122 1230 152 NYSSENI

1806 127 1859 154 760

233 183 316 210 vitam
327 191 358 221 es
369 183 468 211 virtute
487 183 635 219 degendam
647 184 792 212 conferunt
806 193 866 227 qua;
878 185 911 213 de
920 186 1021 227 Davide

1078 187 1242 225 ἴιηγήματα,
1271 187 1390 223 μοιχείας
1413 187 1460 222 καὶ
1484 188 1564 223 φόνου
1595 186 1665 223 κατὰ
1689 187 1770 219 ταύτὸ
1793 187 1860 222 περὶ

235 228 302 264 tium
315 228 497 259 narrationes,
515 227 576 255 cum
589 229 754 257 adulterium
774 234 801 257 et
813 223 901 258 caedes
918 224 978 266 ejus
991 233 1019 259 in

235 280 319 299 unum
344 274 536 301 concurrerint
560 274 694 302 nefarium
720 275 846 304 facinus!
869 276 898 304 Si
929 281 1019 305 autem

235 318 326 354 aliqua
339 317 496 346 inveniatur
512 320 591 351 ratio,
610 328 672 356 qua:
691 319 819 348 ostendat
835 321 861 348 id
877 313 950 356 quod
972 329 1020 357 per

235 371 266 389 ea
280 364 454 399 dispensatur
479 365 504 392 in
528 366 631 393 nullam
648 366 746 394 cadere
767 364 1020 402 reprehensionem,

236 415 300 436 nunc
313 417 405 437 verum
422 418 482 437 esse
504 411 666 439 ostendetur
683 411 709 439 id
728 412 800 447 qttod
817 413 884 440 dicit
904 413 1021 447 Aposto-

237 456 290 486 tus,
317 463 414 490 nempe
428 449 510 490 quod
537 456 641 484 Littera
661 458 756 485 occidit
773 458 923 493 (malarum
948 457 1020 485 enim

237 509 328 529 rerum
348 502 374 529 in
390 510 419 530 se
437 503 519 530 habet
535 503 689 539 exempla),
704 505 813 542 spiritus
828 509 916 531 autem
933 503 1020 538 viviﬁ-

236 553 298 580 cat;
312 556 423 576 sensum
440 549 512 576 enim
526 550 572 585 qui
589 554 700 587 apparet
713 555 739 577 ct
753 551 826 578 cadit
842 551 869 578 in
884 551 1021 586 vitupera-

236 594 354 625 tionem.
381 595 413 622 ad
440 592 604 623 divinioretn
634 595 753 623 traducit
782 590 1019 632 signiﬁcationem.

239 639 347 667 Scimus
362 644 453 669 autent
469 645 495 668 et
510 641 598 677 ipsum
615 641 743 674 Verbum,
759 642 831 677 quod
849 642 882 669 ab
896 643 1022 670 universa

239 685 369 712 adoratur
383 690 519 719 creatura,
536 687 645 722 quando
661 688 687 714 in
711 683 890 725 similitudine
905 688 1022 720 hominis

239 733 266 756 ct
279 730 364 765 ﬁgura
378 739 426 766 per
443 739 553 759 carnem
571 732 662 760 divina
679 733 803 760 tradebat
821 734 960 769 mysteria,
983 733 1023 760 sic

240 774 321 802 nobis
338 775 460 803 revelare
486 776 553 810 legis
579 784 678 804 sensus
696 780 724 804 et
744 778 887 812 mysteria,
908 781 937 804 ut
953 778 1023 805 duos

240 820 365 848 homines
381 829 497 856 quorutn
513 827 555 849 est
570 830 662 849 verum
679 823 878 854 testimonium.
902 823 1022 858 scipsum

1069 233 1099 259 τὸ
1117 233 1145 259 ἒν
1155 226 1416 270 ’συνδεδραμηκότων
1429 233 1510 268 ἄγος;
1532 234 1562 260 El.
1574 234 1602 260 δέ
1620 242 1662 265 τις
1677 232 1801 271 εὑρεθείη
1813 232 1859 266 xq-

1069 286 1116 313 γος
1138 279 1152 305 ὁ
1178 278 1210 305 τὸ
1234 277 1278 305 διὰ
1303 278 1404 308 τούτων
1425 280 1650 315 οἱκονομούμενον
1678 277 1858 310 ἐπιδεικνύων

1069 322 1223 360 ἀνεύθυνον,
1246 323 1306 350 τότε
1327 323 1494 360 ἁληθεύωνῤ
1514 325 1559 351 τοῦ
1586 323 1668 351 αὑτοῦ
1690 319 1770 359 λόγος
1795 325 1858 351 ἐπι-

1069 367 1250 406 δειχθήσεται,
1274 367 1314 394 ὅτι
1340 368 1374 394 Τὸ
1400 367 1519 403 γράμμα
1534 369 1703 396 ἀποκτείνει
1719 369 1859 407 (πονηρῶν

1070 413 1124 448 γὰρ
1142 413 1197 447 ἔχει
1211 413 1383 449 πραγμάτων
1400 414 1428 440 ὲν
1450 414 1539 451 ἑαυτῴ
1552 414 1586 441 τὰ
1602 414 1810 450 ὑποδείγματα),
1825 413 1860 440 τὸ

1071 458 1104 484 δὲ
1117 458 1233 494 πνεῦμα
1248 459 1395 489 ζωοποιεῖ·
1415 459 1573 495 μετατίθησι
1589 461 1643 496 γὰρ
1653 460 1702 495 τὴν
1717 459 1859 498 ἀπεμφαί-

1071 513 1168 530 νουσαν
1187 505 1234 531 καὶ
1248 505 1461 541 διαϐεϐλημένην
1475 506 1577 533 ἔννοιαν
1593 507 1633 539 είς
1649 505 1786 540 θειοτέρας
1807 506 1859 540 ἐμ.-

1072 551 1176 584 φάσεις.
1193 550 1309 586 Οἴδαμεν
1331 551 1359 578 δὲ
1384 552 1431 578 καὶ
1447 552 1527 578 αὑτὸν
1543 552 1590 578 τὸν
1611 553 1696 586 Λόγον
1717 552 1761 585 τὸν
1783 551 1861 586 παρᾲ

1072 596 1161 631 πάσης
1179 596 1293 628 κτίσεως
1319 597 1563 632 προσκυνούμενον,
1589 597 1632 623 ὅτε
1654 597 1683 623 ἐν
1707 596 1860 632 ὁμοιώματι

1072 641 1214 677 ἀνθρώπου
1232 642 1276 669 καὶ
1288 643 1407 678 σχήματι
1417 642 1461 669 διὰ
1476 643 1575 678 σαρκὸς
1593 642 1734 678 παρεδίδου
1750 641 1783 668 τὰ
1799 642 1859 668 Beia

1074 689 1220 726 μυστήρια,
1233 687 1318 720 οὕτως
1332 688 1554 716 ἀνακαλύπτοντα
1566 690 1632 724 ἡμῖν
1653 688 1688 715 τὰ
1706 688 1752 714 τοῦ
1776 687 1859 723 νόμου

1072 734 1203 770 νοήματα,
1219 733 1289 761 ὥστε
1303 735 1365 766 τοὺς
1380 735 1426 762 δύο
1437 735 1605 770 ἀνθρώπους,
1618 731 1655 761 ὧν
1671 735 1772 770 ἀληθής
1784 735 1859 760 ἐστιν

1072 779 1090 815 ἡ
1110 779 1256 815 μαρτυρία,
1272 779 1366 806 ἑαυτὸν
1377 780 1424 814 καὶ
1434 781 1479 811 τὸν
1490 780 1599 816 Πατέρα
1612 780 1700 814 λέγειν
1715 778 1784 806 εἶναι
1795 787 1801 793 ⁸
1813 779 1861 805 καὶ

1073 816 1117 851 τὸν
1131 823 1247 861 χαλκοῦν
1262 824 1323 859 ὅφιν
1345 825 1391 852 τὸν
1410 826 1456 852 ἐπὶ
1477 826 1523 858 τοῦ
1541 826 1623 860 ῐέψους
1638 825 1812 856 ἀνατεθέντα,
1830 824 1862 857 δς

240 865 314 893 dicat
335 874 397 894 esse
418 871 444 894 et
465 863 569 894 Patrem
582 868 625 895 ":
642 871 669 895 et
695 873 848 903 serpentem
866 876 969 896 aeneum
996 869 1024 896 in

1078 867 1107 905 ἦν
1121 861 1159 904 τῷ
1173 869 1230 905 λαῷ
1244 869 1296 909 τῶν
1311 869 1505 906 θανατηφόρων
1521 870 1666 906 δηγμάτων
1679 870 1860 905 ἀλεξιτήριος,

241 912 357 940 sublime
380 913 492 942 elatum,
519 913 565 947 qui
582 913 692 948 ‘popufo
713 913 862 940 mortiferis
887 914 1024 941 morsibus

241 958 366 988 sauciata
388 965 465 992 opcm
487 957 602 990 ferebat,
618 958 764 986 transferat
787 959 820 986 ad
842 959 1024 994 dispensatio—

240 1010 302 1029 nem
328 1002 354 1028 in
380 1010 461 1029 cruce
487 1010 536 1038 pro
556 1003 636 1031 nobis
658 1003 756 1030 factam
772 1003 821 1030 ":
847 1005 1025 1039 ipsorumque

241 1040 398 1074 sanctorum
425 1043 537 1075 suorum
561 1048 758 1083 discipulorum
784 1049 883 1084 ingenii
909 1056 1024 1076 acumen

240 1099 290 1127 per
303 1087 389 1120 tectos
403 1097 529 1120 exerceat
541 1093 693 1130 sermones,
707 1095 733 1121 in
749 1095 896 1129 parabolis,
910 1095 937 1121 in
952 1095 1027 1122 sinti-

241 1137 413 1170 litudinibus,
433 1139 459 1165 in
475 1139 567 1166 verbis
583 1139 721 1170 obscuris,
740 1140 767 1166 in
783 1140 864 1168 dit-tis
881 1148 942 1175 quae
960 1148 1025 1175 pro-

242 1184 368 1210 feruntur
393 1191 442 1218 per
468 1185 624 1219 aenigmata,
653 1193 768 1219 quorum
793 1193 918 1213 seorsum
944 1186 1027 1213 dabat

241 1229 439 1263 expositiones,
453 1236 548 1256 eorum
565 1229 676 1257 solvens
695 1230 888 1257 obscuritatem
902 1231 935 1256 ".
953 1229 1027 1268 Non-

241 1282 380 1310 nunquam
394 1280 494 1308 autem,
507 1276 530 1303 si
543 1283 598 1302 non
610 1269 683 1303 esset
695 1276 729 1304 ab
742 1268 795 1304 illis
809 1276 1026 1311 comprehensus

241 1329 339 1348 sensus
355 1314 448 1348 eorum
464 1329 526 1356 qua:
549 1321 721 1354 dicebantur,
748 1323 962 1357 reprehendebat
978 1330 1025 1350 eo-

242 1373 302 1392 rum
325 1366 425 1401 ingenii
443 1366 612 1399 tarditatem,
635 1370 662 1394 et
684 1361 910 1398 imbecillitatem,
933 1371 962 1394 ut
980 1368 1026 1402 qui

241 1403 334 1439 essent
356 1412 482 1440 rudiores
508 1412 541 1448 ad
564 1406 782 1446 intelligendum.
810 1412 926 1444 Quando
954 1412 1025 1439 enim

239 1457 353 1491 jubebat
373 1452 420 1485 eos
441 1458 580 1484 abstinere
604 1464 618 1484 a
646 1457 779 1484 fermento
802 1457 960 1484 Pharisaico
974 1457 998 1473 ⁷⁸
1018 1467 1025 1484 :

242 1503 282 1529 illi
306 1509 368 1529 vero
391 1502 490 1537 pusillo
510 1506 537 1529 et
562 1502 669 1536 abiecto
693 1503 784 1529 animo
803 1503 972 1539 aspiciebant
993 1502 1026 1530 ad

242 1549 339 1576 corbes
355 1548 381 1575 in
402 1548 504 1583 quibus
524 1555 625 1585 panum
647 1553 829 1575 commeatum
852 1555 906 1576 non
929 1549 1028 1576 attule-

242 1596 323 1619 runt:
335 1597 400 1620 tunc
412 1601 460 1621 eos
475 1594 636 1626 insectatur,
652 1598 681 1621 ut
697 1595 742 1630 qui
764 1602 818 1621 non
834 1586 1027 1630 intelligerent,

243 1638 316 1673 quod
342 1643 414 1666 esset
440 1639 577 1673 doctrina,
591 1646 651 1674 qua:
678 1639 884 1675 signiﬁcabatur
898 1647 948 1674 per
972 1639 1028 1667 fer—

243 1688 375 1711 mentum.
403 1684 436 1710 Et
457 1691 553 1714 rursus
578 1693 640 1712 cum
664 1685 689 1712 ei
715 1692 836 1712 mensam
863 1687 1030 1719 apponerent

245 1728 384 1763 discipuli,
407 1729 519 1764 ipseque
542 1730 751 1764 respondisset:
770 1730 825 1764 Ego
840 1729 919 1756 Itnbeo
941 1737 1028 1756 come-

245 1774 357 1802 dendum
370 1775 455 1802 cibum
471 1783 546 1810 quem
560 1784 603 1802 vos
617 1776 1029 1810 nescitis".existimassentque

245 1827 307 1846 eum
323 1819 414 1847 dicere
435 1820 468 1847 de
485 1820 621 1855 corporali
636 1821 699 1848 cibo
715 1825 843 1855 tanquam
862 1821 971 1849 aliunde
995 1820 1030 1848 ad

244 1873 307 1892 enm
328 1866 420 1898 allato,
445 1874 525 1893 suum
551 1873 705 1894 sermonem
729 1866 932 1901 interpretatur,
955 1865 1030 1901 quod

245 1912 297 1938 sihi
325 1912 492 1940 conveniens
518 1915 591 1940 esset
617 1912 705 1944 cibus,
729 1911 857 1939 salutaris
883 1911 1030 1940 voluntatis

245 1957 412 1992 aditnpletio.

282 2002 420 2036 Ejusmodi
453 2005 569 2039 plurima
598 2006 661 2034 licet
691 2006 820 2042 colligere
848 2013 881 2033 ex
917 2005 1031 2034 vocibus

245 2050 420 2084 evangelicis,
436 2051 462 2077 in
477 2051 576 2085 quibus
592 2056 634 2079 est
646 2052 717 2079 aliud
733 2051 806 2087 quod
822 2051 984 2087 intelligitur
997 2059 1031 2079 ex

245 2103 278 2121 ρο
293 2096 364 2130 quod
382 2100 423 2124 est
439 2097 467 2124 in
483 2102 621 2132 promptu,
639 2098 711 2125 aliud
734 2102 824 2125 autem
840 2098 873 2125 ad
895 2098 968 2133 quod
989 2098 1032 2126 in-

245 2146 337 2169 tuetur
349 2143 484 2170 sententia
505 2151 600 2176 eorum
628 2151 688 2178 quze
712 2143 860 2172 dicuntur:
888 2148 916 2170 ut
932 2151 1030 2180 aquam

1075 915 1114 945 είς
1127 914 1174 949 τὴν
1190 914 1234 940 διὰ
1249 914 1295 941 τοῦ
1313 915 1429 953 σταυροῦ
1442 915 1590 952 γενομένην
1612 915 1681 950 ὑπὲρ
1694 915 1771 950 ἡμῶν
1786 916 1861 941 οἰκο-

1075 958 1170 993 νομίαν
1188 958 1428 997 μεταλαμϐάνοντα
1440 967 1446 974 ·
1465 959 1512 985 καὶ
1534 959 1621 985 αὐτῶν
1646 959 1674 986 δὲ
1694 958 1748 986 τῶν
1769 958 1864 997 ἀτελῶς

1075 1003 1156 1030 αὐτοῦ
1173 1003 1300 1039 μαθητῶν
1373 1004 1510 1041 ἀγχίνοιαν
1521 1003 1565 1030 διὰ
1578 1004 1632 1031 τῶν
1646 1004 1746 1031 κεκαλυ
1752 995 1864 1039 μμένων

1074 1057 1104 1075 τε
1117 1049 1163 1076 καὶ
1173 1050 1417 1085 ὲπικεκρυμμένων
1433 1049 1519 1084 λόγων
1539 1049 1754 1086 διαγυμνάζοντα
1769 1049 1798 1075 ὲν
1810 1057 1864 1075 πα-

1076 1094 1211 1130 ραϐολαῖς,
1234 1095 1262 1121 ὲν
1286 1094 1465 1130 ὁμοιώμασιν,
1488 1096 1517 1121 ὲν
1545 1095 1691 1127 σκοτεινοῖς
1713 1094 1812 1129 λόγοις,
1835 1094 1864 1128 ἓν

1075 1139 1277 1174 ἀποφθέγμασι,
1302 1141 1357 1171 τοῖς
1381 1139 1414 1166 δι’
1438 1140 1606 1175 αἰνιγμάτων
1635 1139 1863 1177 προφερομένοις,

1076 1183 1145 1219 ὑπὲρ
1158 1180 1195 1210 ὦν
1213 1184 1367 1218 καταμόνας
1386 1184 1434 1219 μὲν
1447 1185 1564 1210 ἐποιεῖτο
1578 1184 1731 1219 ἐξηγήσεις,
1746 1183 1864 1210 ἐπιλύων

1076 1229 1167 1260 αὐτοτς
1183 1229 1232 1264 τὴν
1245 1229 1391 1263 ἀσάφειαν·
1410 1229 1466 1256 ἐστι
1484 1229 1512 1256 δὲ
1527 1230 1606 1261 ὅπου,
1618 1230 1642 1255 εί
1654 1229 1691 1265 μὴ
1708 1228 1864 1264 κατελήφθη

1076 1275 1140 1310 παρ’
1153 1275 1241 1300 αὐτῶν
1251 1275 1268 1310 ὴ
1277 1275 1330 1301 τῶν
1340 1274 1492 1310 λεγομένων
1510 1275 1623 1307 διάνοια,
1641 1274 1805 1310 διεμέμφετο
1814 1274 1865 1300 αὑ-

1075 1320 1130 1346 τῶν
1143 1319 1174 1346 τὸ
1184 1319 1339 1355 βραδύξνουν,
1353 1320 1399 1346 καὶ
1417 1320 1480 1355 περὶ
1495 1319 1543 1354 τὴν
1561 1319 1665 1346 σύνεσιν
1674 1320 1784 1347 ἄτοπον.
1800 1319 1864 1346 Ὅτε

1077 1365 1131 1400 γὰρ
1139 1365 1305 1400 ἀποσχέσθαι
1313 1364 1359 1391 τοῦ
1365 1364 1532 1400 Φαρισαῖκοῦ
1542 1365 1632 1397 αὐτοῖς
1641 1364 1810 1391 ὲνεκελεὺετο
1818 1364 1834 1396 ζ
1836 1374 1865 1390 υ-

1079 1410 1141 1446 μοῦ,
1157 1410 1220 1436 οίδὲ
1241 1401 1498 1451 μικροψύχωξπρδς
1518 1410 1568 1448 τὰς
1589 1411 1681 1450 πήρας
1700 1410 1865 1442 ἀπέϐλεπον,

1077 1456 1106 1481 ὲν
1121 1452 1164 1487 αἷς
1176 1455 1221 1493 τὸν
1235 1456 1267 1491 ὲκ
1285 1455 1340 1481 τῶν
1357 1456 1446 1491 ἀρτων
1461 1456 1631 1494 ἐπισιτισμὸν
1647 1455 1696 1494 οὐκ
1721 1456 1865 1490 ἐπήγοντο,

1078 1501 1138 1527 τότε
1156 1500 1324 1527 καθάπτεται
1342 1500 1397 1528 τῶν
1417 1501 1452 1536 μὴ
1476 1501 1630 1532 συνιέντων,
1650 1501 1690 1526 ὅτι
1707 1499 1866 1534 διδασκαλία

1128 1546 1158 1572 τδ
1174 1546 1218 1572 διὰ
1233 1545 1279 1573 τοῦ
1295 1545 1381 1581 ζυμοῢ
1395 1545 1569 1582 δηλούμενον,
1592 1547 1646 1572 Καὶ
1664 1546 1743 1574 πάλιν
1761 1545 1865 1581 19am-

1080 1592 1129 1625 ζαν
1144 1592 1218 1627 αὑτῷ
1229 1592 1282 1619 τῶν
1301 1592 1431 1628 μαθητῶν
1448 1592 1865 1628 παραθέντων,ἀποκρινόμενος,

1078 1638 1119 1664 ὅτι
1140 1638 1213 1672 Ἐγὼ
1226 1637 1344 1671 βρῶσιν
1355 1638 1414 1672 ἐχω
1423 1638 1523 1673 φαγεῖν
1532 1659 1539 1671 ,
1552 1638 1592 1672 ἣν
1603 1638 1686 1673 ὑμεῖς
1693 1639 1748 1665 οὐκ
1756 1637 1866 1669 clarus,

1080 1683 1286 1718 ὑπονοησάντων
1308 1682 1397 1709 αὐτῶν
1415 1683 1479 1719 περὶ
1498 1683 1657 1718 σωματικῆς
1681 1683 1760 1709 αὐτὸν
1779 1682 1868 1716 λέγειν

1079 1727 1236 1763 τροφῆς,ὡς
1249 1727 1380 1764 ἑτέρωθεν
1388 1728 1462 1763 αὐτῷ
1471 1729 1707 1765 προσενεχθείσης,
1721 1727 1866 1763 ἐρμηνεύει

1078 1774 1125 1801 τὸν
1147 1773 1242 1801 ἑαυτοῦ
1258 1774 1345 1808 λόγον,
1365 1775 1405 1801 δτι
1426 1774 1527 1810 βρῶσίς
1543 1775 1617 1802 ἐστιν
1636 1774 1709 1810 αὐτῷ
1725 1773 1867 1809 πρέπουσα

1080 1818 1129 1846 καὶ
1142 1819 1316 1854 κατάλληλος,
1335 1820 1352 1854 ἠ
1367 1819 1414 1846 τοῦ
1427 1820 1560 1856 σωτηρίου
1577 1820 1728 1855 θελήματος
1744 1818 1869 1856 ἀποπλη-

1083 1873 1175 1901 ρωσις.

1117 2006 1172 2032 Καὶ
1198 2005 1282 2041 μυρία
1304 2004 1415 2032 τοιαῦτα
1437 2005 1469 2031 ὲκ
1489 2004 1542 2031 τῶν
1566 2003 1749 2040 εὐαγγελικῶν
1773 2003 1868 2037 φωνῶν

1082 2051 1154 2078 ἔστιν
1170 2050 1367 2083 ἀναλέξασθαι,
1390 2050 1433 2085 ἐφ’
1454 2046 1492 2076 ὧν
1507 2049 1569 2076 ἀλλο
1586 2049 1636 2083 μέν
1658 2049 1715 2074 ἐστι
1730 2047 1761 2074 τὸ
1776 2048 1807 2073 ὲκ
1822 2046 1868 2073 τοῦ

1082 2096 1227 2132 προχείρου
1241 2095 1393 2130 νοούμενον,
1407 2095 1500 2130 ἓτερον
1514 2094 1542 2121 δὲ
1558 2094 1624 2129 πρὸς
1642 2093 1656 2119 ὃ
1672 2093 1765 2128 βλέπει
1783 2093 1800 2127 ή
1816 2092 1869 2118 τῶν

1083 2142 1236 2177 λεγομένων
1262 2142 1376 2168 διάνοια·
1392 2138 1447 2167 οἷον
1466 2140 1497 2167 τὸ
1509 2139 1581 2174 ὕδωρ
1594 2139 1608 2165 ὃ
1623 2140 1678 2170 τοῖς
1694 2138 1790 2173 διψῶσι
1803 2146 1869 2164 κατ-

246 2195 327 2220 quam
344 2189 468 2223 promisit
484 2188 651 2220 sitientibus,
667 2196 714 2222 per
737 2196 818 2224 quam
845 2188 914 2216 ﬁunt
940 2189 1026 2216 fontes

1082 2189 1271 2224 επηγγείλατο,
1294 2188 1327 2214 δι’
1344 2184 1374 2214 οὖ
1398 2187 1485 2222 πηγαὶ
1504 2185 1634 2220 ποταμῶν
1657 2185 1776 2219 γίνονται
1789 2185 1814 2210 οῑ
1828 2192 1857 2210 πι

246 2232 390 2259 ﬂuviorum
412 2233 446 2260 iis
465 2234 512 2268 qui
530 2233 664 2265 credunt;
678 2241 772 2268 panem
789 2233 835 2268 qui
853 2234 886 2261 de
903 2234 973 2261 cmlo
987 2234 1034 2263 de-

246 2278 363 2310 scendit,
379 2279 508 2313 templum
517 2278 592 2312 quod
604 2278 762 2310 solvitur.et
778 2279 870 2310 triduo
880 2280 1033 2314 excitatur;

246 2324 327 2354 viam,
344 2324 463 2355 ostium,
489 2315 606 2357 lapidem
629 2323 675 2358 qui
694 2324 728 2350 al)
752 2324 966 2354 aaditicatoribus
991 2331 1034 2354 est

248 2369 410 2403 reprobatns
425 2375 457 2395 ac
474 2373 657 2403 contemptus,
672 2374 697 2395 et
716 2370 744 2396 in
758 2371 848 2405 capite
871 2372 963 2406 anguli
986 2373 1034 2399 ad-

246 2418 375 2448 aptatur:
391 2414 461 2441 duos
477 2414 522 2448 qtti
538 2415 602 2440 sunt
617 2414 644 2440 in
658 2422 712 2441 uno
728 2415 808 2444 lecto.
826 2415 1010 2443 molendinum
1023 2437 1030 2449 ,

246 2459 612 2492 Inolentesmulieres;eam
632 2468 692 2494 quae
707 2461 867 2493 assumitur,
893 2469 952 2488 eam
973 2469 1032 2496 quae

246 2505 419 2539 relinquitur.
446 2505 572 2538 cadaver,
601 2506 717 2541 aquilas.
743 2507 834 2536 ticum.
854 2514 914 2542 qua:
940 2511 1033 2534 tenera

245 2551 336 2578 evadit
355 2557 382 2578 et
397 2559 488 2578 ramos
499 2552 634 2586 producit.
651 2552 717 2585 Quae
731 2553 837 2584 omnia,
854 2556 879 2580 et
907 2560 1033 2587 quaecun-

245 2604 299 2631 que
327 2601 391 2624 suttt
419 2597 566 2631 ejusmodi,
588 2606 637 2625 nos
664 2598 843 2625 adhortantur
868 2602 897 2625 ιιι
926 2598 1034 2626 divinas

245 2647 403 2670 srrutemur
424 2642 593 2678 Scripturas.
619 2648 646 2670 et
672 2644 844 2671 attendamus
864 2643 985 2676 lectioni,
1005 2649 1032 2670 et

246 2689 320 2715 omni
339 2688 445 2716 ratione
460 2689 664 2723 investigemus.
675 2689 763 2716 sicubi
775 2689 864 2723 aliqua
879 2688 1032 2716 inveniatur

247 2735 316 2762 ratio
327 2727 470 2762 sublimior
483 2742 514 2762 ca
532 2742 591 2769 qum
606 2738 647 2761 est
671 2734 699 2761 in
729 2738 867 2769 promptu,
894 2733 1032 2760 deducens

281 2826 304 2841 ⁷⁰
316 2824 394 2852 Joan.
410 2832 469 2855 \‘tn,
489 2824 528 2850 14.
575 2825 595 2838 ⁷¹
609 2823 684 2851 Joan.
701 2831 740 2854 ιιι,
758 2823 799 2851 Η.

853 2824 874 2839 ⁷³
887 2823 978 2850 Matth.
998 2822 1116 2856 xtu,l5;
1139 2821 1203 2859 Luc.
1219 2820 1331 2853 "11,10.

1083 2235 1231 2266 στεύοντες,
1246 2227 1292 2260 τὸν
1309 2234 1390 2270 ἄρτον
1407 2233 1451 2259 τὸν
1467 2233 1499 2259 ὲκ
1520 2232 1574 2258 τῶν
1593 2230 1716 2266 οὐρανῶν
1731 2229 1869 2256 καταϐαί-

1083 2289 1171 2312 νοντα,
1188 2280 1233 2306 τὸν
1249 2279 1311 2306 ναδν
1327 2279 1372 2305 τδν
1386 2278 1524 2313 λυόμενον,
1540 2277 1587 2304 καὶ
1605 2276 1650 2303 διὰ
1664 2275 1746 2311 τριῶν
1760 2273 1870 2310 ἡμερῶν

1083 2325 1266 2361 ἐγειρόμενον,
1277 2324 1326 2360 τὴν
1340 2317 1411 2355 δδδν,
1421 2323 1471 2359 τὴν
1484 2323 1579 2358 θύραν,
1593 2322 1637 2348 τὸν
1650 2321 1722 2347 λίθον
1735 2321 1780 2346 τὸν
1794 2319 1870 2354 παρὰ

1083 2369 1136 2398 τῶν
1151 2363 1384 2406 οἰκοδομουμένων
1401 2369 1630 2404 ἔξουδενοὺμενον,
1652 2367 1698 2393 καὶ
1714 2368 1747 2401 τῇ
1768 2366 1870 2398 ὲπιγω-

1083 2417 1132 2452 νίῳ
1149 2416 1252 2451 κεφαλῇ
1274 2415 1472 2450 ἁρμοζόμενον
1488 2407 1555 2446 τοὺς
1570 2413 1616 2440 δύο
1632 2413 1695 2444 τοὺς
1712 2413 1756 2438 ἐπὶ.
1778 2411 1870 2446 κλίνης

1086 2463 1160 2497 μιᾶς,
1174 2462 1220 2488 τὸν
1235 2460 1343 2496 μυλῶνα
1354 2479 1360 2491 ,
1374 2459 1424 2491 τὰς
1439 2459 1607 2499 ἀληοοὺσας,
1623 2458 1672 2494 τὴν
1690 2457 1870 2492 παραλαμϐα-
1891 2474 1894 2477 -

1083 2507 1217 2542 νομένην,
1235 2506 1284 2540 τὴν
1309 2505 1596 2540 καταλιμπανομένην,
1623 2504 1652 2531 τὸ
1669 2504 1785 2539 πτῶμα,
1808 2503 1871 2534 τοὺς

1084 2553 1190 2584 ἀετοὺς,
1204 2551 1252 2587 τὴν
1273 2552 1357 2586 συκῆν
1381 2551 1430 2586 τὴν
1446 2549 1652 2585 ἀπαλυνομένην
1668 2549 1714 2576 καὶ
1729 2548 1791 2579 τοὺς
1808 2547 1872 2574 κλά’

1086 2599 1148 2629 δους
1162 2596 1324 2632 ἑκφύουσαν.
1341 2596 1429 2631 "Amp
1453 2595 1541 2622 πάντα
1557 2595 1604 2621 καὶ
1625 2595 1674 2621 ὅσα
1698 2593 1809 2620 τοιαῦτα
1827 2592 1872 2626 γέ-

1085 2651 1155 2669 νοιτο
1169 2642 1201 2669 ἂν
1215 2643 1280 2677 ἡμῖν
1296 2641 1324 2672 ὲς
1340 2640 1495 2676 προτροπὴν
1506 2640 1552 2666 τοῦ
1564 2640 1661 2675 χρῆναι
1673 2639 1718 2665 καὶ
1730 2638 1871 2673 διερευνᾷν

1085 2687 1134 2719 τὰς
1151 2687 1225 2718 θείας
1245 2687 1346 2720 φωνὰς,
1364 2686 1410 2712 καὶ
1427 2685 1570 2721 προσέχειν
1589 2686 1622 2720 τῇ
1640 2683 1792 2718 ἀναγνώσει
1803 2703 1810 2714 ,
1825 2682 1872 2708 καὶ

1086 2732 1156 2759 κατὰ
1167 2732 1254 2758 πάντα
1265 2731 1363 2766 τρόπον
1376 2731 1525 2766 ἀνιχνεύειν
1536 2731 1563 2757 εἴ
1570 2730 1621 2757 πού
1637 2739 1677 2762 τις
1689 2728 1813 2765 εὑρεθιίη
1829 2727 1874 2754 λό-

1372 2821 1393 2835 7“
1407 2819 1502 2847 Matth.
1517 2828 1571 2855 xvt,
1593 2819 1618 2847 6.
1636 2820 1657 2835 ⁷⁸
1670 2818 1748 2847 Joau.
1765 2826 1800 2850 tv,
1821 2816 1866 2845 32.
