1989 3070
105 137 150 164 ’181
683 139 715 167 ΙΝ
730 139 876 168 CANTlC-A
896 142 900 164 4

953 138 1130 167 lTlCORUM.

1677 136 1729 164 κς

108 205 150 230 γος
166 197 214 232 τῆς
233 197 380 232 προχείρου
398 198 588 233 κατανοήσεως
603 199 777 236 ὑψηλότερος,
795 201 841 228 ἐπὶ
857 200 892 227 τὰ

953 201 1137 236 :ogitationem
1155 199 1189 226 ad
1206 206 1250 226 res
1270 197 1356 234 magis
1370 197 1481 226 divinas
1497 201 1525 226 et
1539 197 1727 234 incorporeas.

105 242 227 277 θειότερά
240 250 270 268 τε
283 243 330 269 καὶ
353 242 486 278 ἀσώματα
501 246 677 280 χειραγωγῶν
697 246 747 281 τὴν
764 246 892 273 διάνοιαν.

105 287 204 314 Τούτου
215 289 296 324 χάριν
306 288 336 314 τὸ
347 289 568 325 ἀπηγορευμένον
579 291 612 326 τῇ
624 290 724 327 βρώσει
737 291 784 317 τοῦ
799 291 891 324 ξύλου,

105 334 163 368 οὐχὶ
177 335 272 368 συκῆν.
291 333 327 366 ὦς
344 343 414 366 τινες
431 335 617 370 ἀπεφήναντο,
642 336 702 363 οὐδὲ
718 336 782 363 ἀλλο
795 345 821 362 τι
840 336 894 362 τῶν

105 378 261 414 ἀκροδρύων
273 376 342 405 εἶναι
358 378 517 414 πειθόμεθα.
544 380 576 406 El
592 380 646 416 γὰρ
665 380 725 407 τότε
744 380 895 415 θανατηφό-

106 432 150 458 ρος
167 421 201 459 ἦν
222 424 238 459 ή
261 423 344 459 συκῆ,
361 425 414 451 οὐδ’
438 425 472 452 ἂν
500 424 548 452 νῦν
572 427 681 458 πάντως
706 425 834 461 ἐδώδιμος
849 424 893 461 ἦν.

106 471 182 505 ἸΑμα
199 470 228 496 δὲ
252 471 299 497 καὶ
323 470 522 506 μεμαθήκαμεν
536 472 612 508 παρά
627 472 677 507 τῆς
690 472 736 498 τοῦ
761 473 894 498 Δεσπότου

107 515 214 550 φωνῆς,
237 516 271 542 δι’
299 516 462 550 ἀποφάσεως
487 516 567 543 τοῦτο
589 517 822 553 δογματιξούσης·
853 517 895 544 ὅτι

108 560 203 587 οὐδέν
219 561 284 587 ἐστι
300 560 359 587 τῶν
370 561 635 599 ,εἰσπορευομένων
646 561 695 588 διὰ
711 562 858 596 στόματος
880 562 895 588 ὃ

107 605 231 633 δύναται
242 605 385 632 κοινῶσαι
398 605 452 631 τὸν
462 604 626 638 ἄνθρωπον.
646 605 715 632 Ἀλλ’
728 607 823 641 ἑτέραν
836 606 897 633 τινὰ

108 650 240 686 ζητοῦμεν
254 651 373 678 διάνοιαν
392 651 438 677 ἐπὶ
455 650 503 677 τοῦ
518 650 601 686 νόμου
613 671 620 683 ,
637 651 714 684 ἀξίαν
730 651 777 686 τῆς
793 651 840 678 τοῦ
854 659 897 678 νο-

108 696 220 732 μοθέτου
242 697 460 731 μεγαλειότητος·
477 695 528 723 κᾶν
548 696 598 731 τῆς
620 696 667 723 τοῦ
693 696 761 723 Θεοῦ
785 697 898 731 φυτείας

108 742 187 778 Εργον
202 742 247 768 τὸν
273 741 437 776 παράδεισον
458 739 527 769 εἶναι
551 741 721 777 ἀκούσωμεν,
749 742 800 769 κᾶν
820 741 898 774 ξύλον

108 787 178 823 ζωῆς
192 788 221 814 ὲν
239 789 313 822 μέσῳ
327 787 375 813 τοῦ
390 788 555 823 παραδείσου
575 788 790 824 πεφυτευμένον,
811 788 899 823 ζητῶ-

109 842 157 868 μεν
172 833 248 868 παρὰ
263 832 310 859 τοῦ
330 833 568 865 ἀποκαλύπτοντος
591 834 625 860 τὰ
641 834 821 869 κεκρυμμένα
848 843 899 869 μυ-

943 246 1001 274 Hac
1016 246 1050 274 de
1065 252 1148 273 causa
1164 244 1237 280 quod
1263 245 1291 272 in
1307 252 1357 273 esu
1386 244 1453 280 ligni
1482 248 1524 272 est
1537 245 1727 279 prohibitum,

943 299 1032 327 neque
1049 291 1131 318 licunt
1145 297 1206 318 esse
1224 290 1372 323 credimus,
1385 294 1416 317 ut
1428 290 1552 317 nonnulli
1569 290 1730 325 pronuntia-

944 341 1019 370 runt,
1047 344 1136 372 neque
1151 336 1270 371 aliquam
1297 343 1332 363 ex
1357 335 1497 370 frugiferis
1524 335 1679 363 arboribus.
1700 335 1730 362 Si

943 383 1017 411 enim
1034 386 1099 410 tunc
1114 382 1182 409 licus
1205 382 1302 410 fuisset
1319 380 1434 412 letifera,
1460 388 1510 408 nec
1525 389 1598 408 nunc
1621 381 1731 416 quidem

944 431 1016 457 esset
1030 428 1144 456 omnino
1159 427 1311 455 esculenta.
1329 426 1416 455 Simul
1441 425 1524 454 etiam
1542 425 1595 453 hoc
1622 433 1732 460 quoque

944 473 1091 501 didicimus
1105 480 1121 499 a
1136 479 1203 500 voce
1217 471 1335 503 Domini,
1351 478 1412 506 qua;
1430 471 1482 498 hoc
1502 471 1643 498 decretum
1669 477 1732 504 pro-

945 519 1054 546 nuntiat
1070 518 1165 546 :Nihil
1184 521 1223 545 est
1242 524 1332 544 eorum
1349 525 1408 552 qua:
1428 524 1474 550 per
1496 524 1524 543 os
1549 515 1733 551 ingrediuntur

946 564 1022 600 quod-
1041 564 1157 599 inquinet
1182 563 1336 591 hominem:
1365 559 1415 590 sed
1440 563 1467 589 in
1496 562 1548 588 hac
1574 562 1632 596 lege
1650 561 1733 588 aliam

946 609 1095 645 quaerimus
1113 609 1331 644 intelligentiam,
1348 616 1409 643 quae
1424 608 1587 643 legislatoris
1603 607 1684 642 digna
1697 607 1734 635 sit

947 655 1099 689 majestate.
1117 654 1149 681 Et
1168 655 1191 682 si
1212 654 1380 681 audierimus
1398 653 1553 688 paradisum
1580 660 1642 680 esse
1664 660 1734 687 opus

948 700 996 728 Dei
1011 700 1199 735 plantationis,
1217 703 1245 727 et
1272 699 1295 726 si
1324 700 1428 734 lignum
1446 699 1508 726 vitae
1537 699 1687 733 plantatnm
1705 698 1733 725 in

949 747 1040 773 medlo
1058 746 1190 780 paradisi,
1204 751 1359 780 qumramns
1375 753 1408 772 ex
1422 752 1455 772 eo
1467 744 1513 779 qui
1530 744 1637 771 occulta
1658 751 1735 772 reve-

949 790 987 817 lat
1003 790 1142 826 mysteria,
1161 794 1190 817 ut
1206 790 1345 818 diseamus
1364 797 1546 824 quorumnam
1564 790 1684 825 agricola
1707 793 1736 817 et

949 836 1086 871 plantator
1102 835 1185 863 fuerit
1207 835 1296 867 Pater,
1313 840 1340 863 et
1352 836 1582 870 quemadmodum
1603 835 1659 863 ﬁeri
1675 842 1735 870 pos-

109 878 204 912 στήρια
219 877 322 912 μαθεῖν,
336 877 419 904 ποίων
431 878 521 912 φυτῶν
531 878 634 912 γίνεται
647 879 660 904 ὁ
669 878 762 914 Πατὴρ
774 879 895 914 γεωργός

953 882 994 914 sit,
1011 885 1040 908 ut
1055 882 1082 908 in
1107 881 1196 908 medio
1224 881 1344 915 paradisi
1364 882 1419 909 sint
1435 881 1491 908 duo
1520 881 1602 916 ligna,
1618 881 1735 907 alterum

106 930 136 949 (τι
152 923 198 949 καὶ
218 923 386 957 φυτοκόμος,
409 923 456 949 καὶ
481 923 539 955 πῶς
555 923 667 953 δυνατόν
691 925 749 950 ἐστι
775 923 846 950 κατὰ
865 924 895 951 τὸ

107 968 267 1002 μεσαίτατον
286 968 332 995 τοῦ
350 969 514 1004 παραδείσου
531 969 566 995 τά
580 969 626 996 δύο
642 968 711 996 εἶναι
725 969 802 1002 ξύλα,
819 970 849 996 τό
865 977 895 996 τε

105 1014 154 1048 τῆς
174 1014 309 1050 σωτηρίας
330 1015 376 1040 καὶ
398 1014 449 1050 τῆς
471 1014 618 1046 ἀπωλείας.
644 1015 682 1041 Τὸ
700 1015 754 1049 γὰρ
773 1015 894 1051 ἀκριϐῶς

109 1059 201 1094 μέσον,
217 1059 342 1095 καθάπερ
357 1060 386 1086 ἐν
402 1059 501 1086 κύκλου
521 1061 554 1095 τῇ
572 1061 742 1096 περιγραφῇ,
754 1060 783 1086 ἐν
800 1059 840 1095 τῷ
855 1060 896 1086 ἐν).

107 1103 211 1139 κέντρῳ
233 1104 341 1136 πάντως
363 1104 446 1131 ἐστίν.
462 1105 493 1131 Et
513 1104 540 1131 δὲ
557 1104 722 1140 παρατεθείη
738 1104 778 1139 τῷ
792 1105 895 1140 κέντρῳ

106 1149 178 1176 κατά
192 1158 218 1176 τι
234 1149 313 1185 μέρος
327 1149 419 1185 ἕτερον
436 1150 558 1185 κέντρον,
576 1150 682 1186 ἀνάγκη
696 1150 771 1176 πᾶσα
787 1157 895 1184 συμμε-

105 1195 249 1230 τατεθῆναι
261 1195 300 1230 τῷ
313 1195 417 1231 κέντρῳ
431 1195 478 1222 τὸν
492 1195 602 1226 κύκλον,
617 1194 687 1222 ὥστε
705 1195 802 1230 μηκέτι
814 1194 896 1229 μέσον

107 1240 176 1268 εἶναι
191 1242 222 1268 τὸ
242 1241 382 1277 πρότερον.
414 1242 487 1268 Ἐκεῖ
499 1241 588 1268 τοίνυν
606 1240 663 1272 ἐνὸς
680 1240 755 1272 ὖντος
770 1239 817 1266 τοῦ
842 1248 896 1266 πα-

109 1286 241 1322 ραδείσου,
260 1287 318 1318 πῶς
335 1295 416 1321 φησιν
430 1288 444 1313 6
458 1286 537 1321 λόγος
562 1285 715 1318 ίδιαζόντως
733 1286 782 1321 μὲν
799 1285 895 1311 ἑκάτε-

110 1341 154 1367 ρον
177 1332 337 1368 θεωρεῖσθαι
351 1332 404 1358 τῶν
425 1331 519 1364 ξύλων·
542 1331 588 1358 ἐπὶ
605 1331 633 1357 δὲ
656 1329 703 1356 τοῦ
722 1330 803 1363 μέσου
828 1327 896 1356 εἶναι

107 1377 186 1405 τοῦτο
209 1378 256 1404 καὶ¹
279 1377 367 1409 τοῦτο,
393 1374 431 1404 ὧν
448 1377 479 1404 τὸ
493 1376 680 1412 θανατηφόρον
693 1376 742 1411 τῆς
762 1375 809 1401 τοῦ
830 1375 896 1402 Θεοῦ

107 1423 219 1458 φυτείας
230 1423 369 1457 ἀλλότριον
387 1421 457 1449 εἶναι
474 1422 594 1449 διδάσκει
611 1423 625 1449 ὁ
644 1422 734 1449 πάντα
755 1421 825 1448 καλὰ
838 1421 897 1448 λίαν

110 1466 176 1494 εἶναι
191 1468 224 1494 τὰ
237 1467 285 1494 τοῦ
307 1466 374 1494 Θεοῦ
389 1466 458 1502 ἔργα
474 1467 684 1502 ἀποφηνάμενος
699 1466 794 1500 λόγος;
809 1463 858 1497 Οἷς
874 1467 898 1492 εί

110 1513 146 1548 μή
171 1521 212 1544 τις
233 1512 278 1539 διὰ
298 1511 455 1547 φιλοσοφίας
477 1511 654 1547 ὲνθεωρήσειε
677 1511 726 1546 τὴν
757 1510 896 1544 ἀλήθειαν,

949 927 1055 959 salutis,
1072 926 1187 953 alterum
1213 926 1351 954 interitus.
1375 926 1444 953 Nam
1461 926 1532 961 quod
1558 925 1678 961 perfeete
1694 929 1737 953 est

949 973 1080 1004 medium,
1095 977 1224 1007 tanquam
1250 972 1278 999 in
1301 972 1487 1007 descriptione
1501 972 1609 1005 circuli,
1624 971 1738 998 omnino

951 1024 1033 1045 unum
1048 1021 1092 1044 est
1107 1024 1162 1044 uno
1177 1021 1285 1045 centro.
1299 1017 1328 1044 Si
1342 1020 1433 1044 autem
1445 1017 1473 1044 in
1485 1020 1581 1044 centro
1592 1021 1736 1044 extensum

949 1061 1032 1089 fuerit
1057 1069 1091 1089 ex
1109 1062 1196 1088 altera
1214 1065 1292 1096 parte
1317 1061 1436 1088 alterum
1462 1065 1599 1091 centrum,
1627 1067 1739 1087 necesse

949 1111 991 1134 est
1004 1107 1129 1138 omnino,
1145 1110 1175 1133 ut
1189 1113 1251 1134 cum
1271 1107 1366 1134 centro
1389 1106 1471 1133 simul
1486 1105 1670 1133 transferatur
1684 1105 1738 1132 cir-

949 1151 1038 1184 culus,
1053 1151 1121 1178 adeo
1146 1155 1176 1177 ut
1191 1158 1246 1178 non
1277 1151 1313 1178 sit
1332 1151 1451 1186 amplius
1475 1142 1598 1177 medium
1613 1150 1640 1176 id
1665 1149 1739 1185 quod

949 1199 1009 1224 erat
1023 1196 1109 1231 prius.
1127 1195 1195 1223 Cum
1210 1203 1276 1230 ergo
1290 1195 1346 1223 illic
1363 1196 1400 1223 sit
1423 1203 1495 1222 unus
1511 1194 1670 1229 paradisus,
1683 1201 1739 1229 quo

950 1246 1030 1276 pacto
1052 1241 1119 1269 dicit
1133 1241 1276 1276 Scriptura
1294 1248 1419 1268 seorsum
1441 1240 1551 1275 quidem
1569 1239 1740 1267 considerari

951 1291 1097 1322 utrumque
1109 1287 1223 1322 lignum,
1233 1287 1261 1313 in
1275 1286 1365 1314 medio
1376 1290 1466 1313 autent
1479 1293 1541 1313 esse
1554 1286 1605 1313 hoc
1618 1289 1645 1313 et
1659 1285 1740 1319 illud,

950 1340 1067 1367 quorum
1086 1332 1111 1359 id
1127 1332 1200 1367 quod
1225 1331 1363 1359 letiferum
1385 1335 1456 1365 erat,
1474 1339 1489 1358 a
1506 1331 1553 1359 Dei
1571 1330 1740 1366 plantatione

951 1377 1036 1405 fuisse
1051 1376 1171 1404 alienum
1188 1376 1266 1404 docet
1278 1376 1301 1403 is
1316 1375 1469 1411 Scriptum
1483 1376 1572 1407 locus,
1585 1376 1631 1410 qui
1646 1375 1739 1402 omnia

953 1422 999 1450 Dei
1017 1429 1099 1457 opera
1115 1422 1194 1449 valde
1209 1422 1279 1449 bona
1294 1429 1356 1449 esse
1369 1420 1491 1449 declarat
1503 1420 1554 1447 ?-ln
1568 1420 1668 1456 quibus
1683 1421 1737 1448 nisi

951 1476 999 1504 per
1019 1467 1220 1504 philosophiam
1243 1467 1385 1495 veritatem
1412 1465 1497 1494 fueris
1527 1466 1739 1501 contemplatus,

952 1514 1091 1542 videbitur
1106 1513 1132 1540 id
1152 1513 1224 1548 quod
1238 1512 1352 1545 dicitur,
1363 1520 1425 1540 esse
1440 1511 1607 1544 fabulosum,
1623 1516 1671 1539 aut
1685 1519 1740 1539 non

109 1559 259 1585 ἀσύστατον
281 1558 298 1593 ἢ
331 1556 455 1593 μυθῶδες
481 1554 550 1585 εἶναι
571 1558 627 1589 τοῖς
642 1556 851 1589 ἀνεπισκέπτοις
871 1556 900 1583 τδ

953 1568 1034 1596 posse
1050 1560 1212 1593 consistere,
1230 1559 1388 1586 hominibus
1403 1565 1457 1585 non
1476 1558 1544 1586 satis
1561 1557 1741 1586 consideran-

106 1603 256 1638 λεγόμενον
268 1603 349 1636 δόξει.

144 1650 200 1677 Καὶ
224 1649 329 1686 μακρὸν
344 1649 377 1678 ἃν
393 1649 436 1685 εἴη
452 1649 487 1677 τὰ
509 1649 569 1676 καθ’
586 1648 700 1676 ἕκαστον
715 1649 748 1675 ἐκ
763 1649 817 1676 τῶν
833 1657 902 1684 προ·

110 1695 203 1732 φητῶν
218 1695 398 1730 ἀναλέγεσθαι
408 1705 415 1712 ·
432 1695 469 1727 ὡς
481 1695 495 1722 ὁ
508 1695 628 1731 Μιχαίας
642 1695 685 1721 ἐπ’
698 1694 820 1730 ἐσχάτων
836 1695 903 1729 ἡμε-

110 1740 175 1778 ρῶν,
195 1741 314 1776 ὲμφανὲς
330 1741 393 1777 ὅρος
418 1741 492 1775 λέγει
509 1741 670 1776 γενήσεσθαι
695 1741 741 1767 ἐπὶ
759 1740 809 1772 τὰς
824 1748 904 1775 κορυ-

110 1788 164 1823 φὰς
182 1787 237 1814 τῶν
251 1787 346 1822 ὀρέων,
362 1787 392 1814 τὸ
406 1786 453 1813 ἐπὶ
473 1786 631 1821 καθαιρέσει
645 1786 767 1820 γίνεσθαι
787 1785 841 1812 τῶν
857 1785 904 1812 ἀν-

109 1833 271 1868 τικειμένων
287 1832 439 1867 δυνάμεων,
456 1831 683 1866 ἀναδεικνύμενον
700 1831 750 1866 τῆς
765 1825 905 1862 εὐσεϐείας

112 1879 261 1914 μυστήριον
282 1877 353 1904 οὕτω
375 1877 578 1913 κατονομάζωψ
602 1877 660 1909 πῶς
676 1877 704 1904 δὲ
723 1876 818 1912 ῥάϐδον
839 1877 905 1903 ἀνα-

110 1924 216 1950 τέλλειν
228 1923 294 1959 φησὶ
313 1924 361 1950 καὶ
374 1924 453 1955 ᾶνθος
469 1924 502 1950 ὲκ
515 1923 565 1958 τῆς
579 1923 668 1959 ῥίζης,
680 1923 728 1958 τὴν
742 1922 787 1949 διὰ
803 1923 904 1960 σαρκὸς

111 1969 159 1996 τοῦ
172 1969 274 2004 Κυρίου
287 1969 420 2003 ἀνάδειξιν
433 1970 446 1996 ὁ
457 1969 558 2005 ὑψηλὸς
573 1968 686 2001 Ἠσαῖας
698 1968 768 1996 οὕτω
784 1969 903 2005 μηνύων,

111 2014 130 2048 ἢ
156 2013 187 2040 τὸ
206 2014 393 2050 τετυρωμένον
416 2014 479 2050 ὅρος
497 2014 578 2051 ,παρά
603 2014 641 2050 τῷ
663 2014 777 2049 μεγάλῳ
803 2014 905 2048 Δᾶόὶδ,

110 2058 203 2084 ὁποῖον
214 2057 270 2092 ἔχει
288 2057 350 2084 νοῦν
365 2058 395 2085 ὲν
408 2060 443 2094 τῇ
459 2058 531 2091 λέξει
549 2058 722 2093 φαινόμενον,
736 2059 752 2094 ἢ
767 2059 797 2085 τὺ
812 2066 907 2094 μυριο-

112 2105 226 2132 πλάσιον
243 2106 329 2142 ἅρμα,
354 2105 371 2141 ἢ
394 2105 448 2132 τῶν
467 2105 576 2141 ταύρων
595 2106 611 2140 ὴ
631 2105 793 2140 συναγωγὴ,
807 2105 824 2140 ἡ
841 2105 908 2131 ὲπα-

113 2151 231 2186 φιεμένη
246 2152 304 2183 ταῖς
320 2150 453 2186 δαμάλεσι
474 2150 527 2178 τῶν
539 2150 622 2183 λαῶν,
633 2150 649 2186 ἢ
660 2151 674 2176 ο
688 2150 856 2186 βαπτόμενος
868 2149 906 2186 τῷ

112 2197 209 2233 αἵματι
225 2197 302 2230 ποῦς,
317 2197 333 2233 ἢ
347 2197 401 2224 τῶν
419 2196 508 2223 κυνῶν
525 2198 551 2224 αἱ
564 2197 694 2231 γλῶσσαι·
710 2197 727 2232 ἢ
741 2196 802 2223 καθ’
813 2196 906 2232 ὁμοιό-

112 2252 182 2278 τητα
195 2244 243 2270 τοῦ
259 2244 360 2279 μόσχου
380 2243 624 2278 διαλεπτυνόμενος
640 2242 694 2269 τῶν
713 2242 816 2279 κέδρων
829 2243 843 2268 ὸ
859 2243 907 2269 Δί-

112 2289 203 2322 εανος·
219 2290 268 2317 καὶ
283 2289 367 2325 μυρία
389 2289 458 2325 πρὸς
483 2289 586 2321 τούτοις
609 2288 683 2315 ἐστιν
697 2289 730 2315 ἐκ
742 2288 793 2323 τῆς
809 2287 907 2323 λοιπῆς

113 2335 311 2370 ἀναλεξάμενον
329 2335 507 2371 προφητείας,
525 2335 628 2367 διδάξαι
650 2334 680 2361 τὸ
695 2335 844 2368 ἀναγκαῖον
856 2334 907 2369 τῆς

113 2381 186 2408 κατά
195 2382 314 2408 διάνοιαν
324 2382 378 2408 τῶν
390 2382 480 2418 ῥητῶν
491 2382 619 2417 θεωρίας.
628 2379 663 2417 ἦς
676 2380 906 2418 ἀποϐαλλόμενος,

114 2426 208 2458 καθὼς
222 2425 332 2462 ἀρέσκει
346 2416 426 2458 τισίιν,
448 2427 539 2462 ὅμοιον
550 2416 627 2453 εἷναί
642 2416 686 2462 μοι
705 2416 779 2452 δοκεῖ
791 2425 823 2451 τὸ
833 2425 908 2460 γινό-

116 2480 208 2507 μενον,
226 2471 263 2502 ὡς
278 2470 357 2503 εἴτις
375 2472 568 2507 ἀκατέργαστα
585 2471 699 2506 προθείη
718 2470 787 2506 πρὸς
802 2470 908 2506 ἀνθρω-

115 2518 198 2553 πίνην
223 2517 324 2554 βρῶσιν
338 2518 388 2553 τῆς
402 2518 541 2553 τραπέζης
558 2518 593 2544 τὰ
606 2518 679 2552 λήῖα,
698 2516 735 2552 μὴ
751 2516 850 2552 τρίψας
865 2515 910 2542 τὸν

115 2564 248 2598 ἄσταχυν,
275 2564 312 2599 μὴ
328 2563 368 2599 τῷ
382 2563 508 2599 λικμητῷ
525 2563 665 2599 διακρίνας
680 2564 713 2590 ἐκ
728 2562 782 2589 τῶν
800 2561 909 2598 ἀχύρων

115 2609 152 2635 τὰ
163 2609 327 2644 σπέρματα,
348 2609 385 2645 μὴ
407 2609 540 2640 λεπτύνας
561 2609 607 2635 τὸν
630 2610 702 2635 σῖτον
723 2609 762 2640 είς
785 2608 909 2643 ἄλευρον,

118 2654 189 2690 μηδὲ
214 2655 422 2686 κατασκευάσας
443 2655 524 2690 ἄρτον
535 2654 575 2689 τῷ
589 2654 735 2689 καθήκοντι
751 2653 844 2689 τρόπῳ
860 2653 910 2688 τῆς

118 2700 280 2731 σιτοποιίας.
294 2701 400 2736 Ὠσπερ
410 2697 456 2727 οὖν
466 2700 496 2726 τὺ
507 2699 710 2735 ἀκατέργαστον
721 2699 844 2734 γέννημα
857 2697 910 2725 τῶν

117 2745 227 2781 κτηνῶν
240 2746 298 2772 ἐστι
316 2746 414 2781 τροφὴ,
429 2745 475 2772 καὶ
488 2745 538 2771 οὐκ
557 2743 718 2780 ἀνθρώπων·
734 2743 820 2776 οὕτως
835 2743 907 2769 εἴποι

157 2834 178 2849 ⁷⁸
190 2834 270 2861 Mich.
290 2841 325 2867 l\',
341 2833 351 2860 l

953 1606 1038 1634 tibus.

989 1651 1112 1686 Longum
1134 1650 1216 1678 fuerit
1232 1658 1264 1678 ex
1291 1650 1434 1686 prophetis
1466 1649 1574 1685 singula
1602 1649 1740 1684 colligere,

953 1697 1184 1733 quemadmodum
1207 1696 1334 1724 Michieas
1363 1695 1430 1723 dicit
1453 1696 1480 1722 in
1496 1695 1602 1723 ultimis
1626 1695 1740 1726 diebus,

954 1742 1131 1770 manifestum
1163 1742 1221 1770 fore
1249 1745 1368 1769 montem
1395 1749 1478 1776 super
1511 1741 1628 1780 vertices
1662 1747 1742 1766 mon-

955 1790 1068 1822 tium",
1094 1789 1131 1816 ita
1163 1788 1311 1816 nominans
1335 1788 1447 1823 pietatis
1471 1785 1642 1822 mysterium,
1669 1784 1743 1819 quod

956 1835 1112 1863 ostenditur
1144 1835 1178 1861 ad
1208 1833 1337 1861 delendas
1371 1836 1522 1868 potestates
1548 1831 1742 1861 adversar-ias.

956 1881 1188 1918 quemadmodum
1202 1880 1270 1908 dicit
1284 1880 1387 1915 virgam
1403 1884 1430 1907 et
1447 1879 1540 1906 ﬂorem
1558 1878 1623 1904 oriri
1646 1885 1678 1904 ex
1697 1884 1743 1903 ra-

956 1927 1017 1955 dice
1029 1927 1105 1954 lesse
1114 1926 1148 1958 ",
1168 1925 1274 1953 Domini
1293 1932 1342 1960 per
1356 1931 1469 1951 carnem
1494 1922 1680 1950 ostensionem
1706 1921 1745 1949 si-

956 1971 1091 2008 gniﬁcans
1109 1970 1236 1998 sublimis
1248 1969 1342 2001 Isaias,
1358 1973 1405 1996 aut
1425 1975 1506 1996 mons
1527 1971 1654 1995 caseatus
1672 1966 1745 2002 apud

957 2025 1086 2053 magnum
1095 2015 1224 2044 Davidem
1231 2016 1265 2048 ",
1273 2022 1355 2051 quem
1363 2015 1446 2042 habet
1457 2021 1568 2042 sensnm
1575 2012 1622 2048 qui
1632 2015 1746 2047 apparet

957 2065 986 2092 in
1008 2063 1130 2092 dictione
1154 2063 1262 2094 littera),
1293 2065 1342 2088 aut
1369 2067 1469 2088 currus
1500 2059 1594 2087 decem
1625 2058 1747 2085 millibus

957 2110 1111 2145 multiplex.
1126 2112 1175 2136 aut
1192 2106 1367 2143 congregatio
1380 2110 1522 2133 taurorum
1538 2111 1599 2140 quae
1618 2103 1747 2131 immitti-

959 2160 1002 2183 tur
1015 2156 1042 2182 in
1058 2161 1158 2182 vaccas
1173 2153 1348 2189 populorum,
1368 2156 1415 2179 aut
1430 2158 1478 2186 pes
1492 2151 1540 2185 qui
1556 2150 1672 2185 tingitur
1687 2156 1749 2176 san-

959 2202 1042 2236 guine
1055 2210 1062 2228 :
1077 2204 1124 2227 aut
1138 2194 1237 2228 canum
1253 2198 1365 2233 llnguai,
1385 2201 1432 2224 aut
1451 2196 1499 2232 qui
1516 2196 1605 2222 instar
1622 2194 1700 2221 vituli
1731 2201 1748 2220 a

959 2247 1048 2275 cedris
1062 2246 1206 2277 dividitur,
1219 2244 1362 2272 Libauus:
1381 2247 1408 2270 et
1434 2242 1486 2269 alia
1502 2244 1601 2276 praeter
1628 2240 1685 2267 haec
1703 2240 1747 2266 in-

958 2292 1140 2321 numerabilia
1157 2291 1222 2318 licet
1237 2297 1272 2318 ex
1298 2290 1401 2324 reliqua
1418 2288 1549 2323 colligere
1566 2286 1708 2322 prophetia
1721 2289 1750 2312 et

958 2341 1057 2371 docere
1065 2347 1127 2368 esse
1136 2338 1319 2366 necessariam
1328 2335 1475 2363 verborum
1488 2332 1748 2368 contemplationem

958 2393 991 2413 ex
1005 2384 1150 2412 sententia.
1167 2382 1233 2416 Quae
1249 2382 1274 2410 si
1291 2380 1441 2416 rejiciatur,
1451 2382 1482 2405 ut
1494 2378 1584 2413 placet
1597 2376 1748 2408 nonnullis,

960 2430 1027 2459 mihi
1039 2430 1149 2457 videtur
1164 2428 1191 2456 id
1208 2426 1320 2463 perinde
1333 2432 1407 2457 esse,
1429 2428 1457 2451 ut
1477 2424 1500 2450 si
1517 2422 1580 2458 quis
1601 2421 1636 2448 ad
1653 2423 1750 2448 humu-

961 2484 1026 2504 num
1041 2476 1069 2503 in
1083 2482 1177 2502 mensa
1190 2480 1268 2501 esum
1282 2478 1335 2498 non
1351 2469 1490 2497 confectas
1501 2471 1620 2503 apponat
1631 2471 1748 2501 segetes,

962 2522 1047 2558 spicis
1063 2528 1118 2548 non
1131 2519 1216 2552 tritis,
1231 2517 1324 2553 granis
1340 2515 1493 2543 ventilabro
1511 2521 1565 2540 non
1591 2512 1706 2540 serretis
1734 2517 1750 2537 a

963 2569 1051 2604 palea,
1068 2566 1205 2593 frumento
1221 2564 1249 2590 in
1263 2562 1380 2590 farinam
1401 2567 1454 2587 non
1484 2558 1653 2587 comminuto
1667 2575 1674 2587 ,
1702 2563 1751 2582 ne-

963 2602 1016 2650 que
1033 2621 1101 2648 pane
1115 2616 1222 2647 parato,
1239 2616 1272 2636 eo
1286 2615 1341 2644 quo
1355 2614 1404 2642 par
1420 2609 1464 2633 est
1485 2604 1576 2636 modo,
1603 2602 1636 2630 ad
1654 2603 1705 2650 hoc
1721 2605 1751 2628 ut

963 2647 999 2688 sit
1011 2647 1179 2686 esculentus.
1197 2653 1339 2688 Quomodo
1355 2659 1419 2687 ergo
1433 2658 1488 2678 non
1516 2649 1672 2677 conlectum
1688 2647 1749 2674 fru-

965 2711 1086 2733 mentum
1099 2707 1142 2731 est
1154 2702 1314 2729 alimentum
1327 2699 1512 2734 iumentorum
1525 2700 1552 2723 et
1573 2702 1627 2722 non
1660 2692 1750 2720 homi-

964 2759 1040 2784 num,
1053 2751 1090 2777 ita
1106 2749 1158 2777 dici
1175 2751 1263 2783 potest
1278 2746 1418 2774 brulorum
1435 2743 1525 2779 potius
1538 2747 1620 2776 quam
1644 2738 1750 2768 ratione

405 2834 426 2850 "
439 2834 490 2861 lsa.
512 2841 549 2867 xl,
572 2835 594 2862 l.
638 2834 658 2850 τ⁷
674 2833 740 2861 Dan.
756 2842 785 2865 ιι,
803 2834 856 2867 35;
875 2832 948 2860 Psal.
963 2837 1046 2858 mu.
1065 2829 1104 2856 l6.
