1989 3070
111 167 162 196 Ἶ65
382 158 388 161 ”
642 165 674 192 IN
695 165 843 193 CAN'I‘ICA
865 164 1001 193 CANTIC.
1021 165 1164 193 HOAIILIA
1182 165 1202 193 l.

1684 166 1736 194 708

109 224 218 261 ατηρίου
242 223 290 251 τοῦ
307 224 445 260 ᾊσματος
466 224 520 251 τῶν
539 224 680 261 ᾀσμάτων.
703 227 798 263 Ὑμεῖς
818 227 892 259 ἐντὸς

945 232 995 253 vos
1017 225 1109 253 audite
1135 225 1294 261 mysterium
1317 222 1424 252 Cantici
1452 224 1637 252 canticorum.
1668 224 1736 257 Vos,

109 269 213 305 γίνεσθε
244 269 290 296 τοῦ
314 270 453 306 ἀκηράτου
477 271 635 306 νυμφῶνος,
659 272 895 308 λευχειμονοῦντες

108 318 161 348 τοῖς
186 316 314 351 καθαροῖς
337 325 367 343 τε
391 317 438 344 καὶ
461 316 621 352 ἀμολύντοις
640 318 765 353 νοήμασι.
792 319 837 354 Μή
853 327 894 351 τις

107 361 220 398 ἐμπαθῆ
235 362 282 388 καὶ
299 361 425 398 σαρκώδη
439 362 567 398 λογισμὸν
582 363 750 399 ἑπαγόμενος
761 384 768 396 ,
793 364 840 390 καὶ
857 363 894 399 μὴ

107 407 175 447 ἔχων
191 407 295 445 πρέπον
316 407 356 443 τῷ
377 407 442 444 θείῳ
454 409 536 444 γάμῳ
552 408 582 435 τὸ
595 409 644 444 τῆς
658 408 835 444 συνειδήσεως
852 409 895 435 έν-

106 453 187 488 δυμα,
206 453 319 489 συνδεθῇ
343 455 399 486 τοῖς
421 454 497 486 ἰδίοις
517 454 645 489 νοήμασι,
665 453 715 486 τὰς
738 454 894 489 ἀκηράτους

106 499 152 526 τοῦ
170 499 288 535 νυμφίου
310 508 341 526 τε
361 499 408 526 καὶ
422 499 472 534 τῆς
485 499 593 536 νύμφης
606 500 698 534 φωνὰς
714 501 754 532 εἰς
770 500 893 537 κτηνώδη

105 545 151 571 καὶ
165 545 250 579 ἄλογα
262 545 403 572 καθέλκων
423 545 508 580 πάθη,
527 545 573 572 καὶ
587 545 621 572 δι’
642 545 732 573 αὐτῶν
752 547 814 577 ταῖς
831 546 892 573 αισ-

106 592 185 627 χραῖς
198 591 317 623 ἑνδυθεὶς
333 591 492 626 φαντασίαις
511 591 564 624 ἔξω
574 591 629 618 τῶν
643 592 672 618 ὲν
683 591 722 627 τῷ
735 593 817 627 γάμῳ
832 600 894 626 φαι-

106 637 276 673 δρυνομένων
297 637 446 672 ἀπορῤιφῇ,
461 636 506 663 τδν
530 636 650 673 βρυγμδν
670 638 716 664 καὶ
730 637 760 664 τὸ
776 637 893 672 δάκρυον

107 683 165 710 ἀντὶ
178 683 228 717 τῆς
243 683 272 709 ὲν
286 682 401 709 παστάδι
426 683 514 718 χαρᾶς
528 682 773 719 ἀνταλλαξάμενος.
800 683 893 710 Ταῦτα

106 728 323 764 διαμαρτύρομαι
339 728 442 764 μέλλων
466 728 599 756 ἅπτεσθαι
611 729 661 765 τῆς
677 731 705 756 ἐν
718 729 757 765 τῷ
774 730 893 768 ’ᾼσματι

105 773 159 800 τῶν
181 773 312 809 ᾀσμάτων
334 775 469 810 μυστικῆς
484 774 610 810 θεωρίας.
634 776 683 803 Διά
704 776 758 813 γὰρ
776 776 831 804 τῶν
852 778 894 804 έν-

105 818 191 846 ταῦθα
205 819 416 855 γεγραμμένων,
437 821 662 856 νυμφοστολεῖται
684 822 784 858 τρόπον
800 823 861 850 τινὰ
876 823 892 858 ἡ

105 863 178 898 ψυχὴ
202 863 270 899 πρὸς
291 864 341 899 τὴν
363 863 509 900 ἀσώματόν
523 874 552 897 τε
573 866 619 895 καὶ
641 866 829 902 πνευματικὴν
848 868 893 894 καὶ

106 907 186 934 ᾶῡλον
199 908 246 934 τοῦ
260 908 326 935 Θεοῦ
342 908 482 944 συζυγίαν.
501 910 530 938 '0
547 910 601 946 γὰρ
625 911 728 943 πάντας
743 911 827 939 θέλων
841 920 893 938 σω-
907 905 929 933 Β

107 951 196 987 θῆναι,
212 953 258 979 καὶ
269 953 308 986 είς
322 953 469 988 ἐπίγνωσιν
480 954 608 988 ἀληθείας
620 955 718 990 ἐλθεῖν,
732 957 778 983 τὸν
794 956 894 984 τελειό-

106 1005 185 1024 τατον
208 998 326 1025 ἐνταῦθα
348 999 543 1035 καὶμακάριον
564 1001 613 1036 τῆς
637 1002 773 1037 σωτηρίας
788 1002 893 1031 ὑποδεί-

105 1051 183 1070 κνυσι
199 1043 307 1079 τρόπον,
323 1044 368 1072 τδν
384 1045 428 1073 διὰ
449 1046 499 1081 τῆς
520 1046 630 1082 ἀγάπης
649 1047 730 1082 λέγω.
751 1049 828 1075 Ἐστι
844 1048 894 1083 μὲν

105 1088 160 1125 γάρ
181 1090 228 1117 καὶ
242 1089 285 1116 διὰ
300 1090 382 1124 φόϐου
404 1091 459 1118 τισὶ
481 1091 609 1128 γινομένη
632 1093 649 1128 ἡ
674 1093 805 1129 σωτηρία,
829 1094 893 1120 ὅταν

105 1135 173 1171 apo;
185 1135 236 1168 τὰς
255 1137 370 1169 ἀπειλὰς
392 1137 442 1173 τῆς
457 1138 487 1163 ἐν
507 1139 541 1173 τῇ
564 1137 660 1174 γεέννῃ
681 1138 818 1171 κολάσεως
834 1139 892 1175 βλέ-

104 1190 200 1213 ποντες
215 1181 262 1208 τοῦ
283 1182 368 1209 κακοῦ
392 1182 582 1220 χωριζώμιθα.
598 1184 658 1211 Εἰσὶ
673 1184 701 1211 δέ
717 1194 788 1217 τινες
801 1185 827 1212 οἱ
845 1186 892 1212 καὶ

103 1226 148 1254 διὰ
169 1227 218 1263 τὴν
245 1228 430 1264 ἀποκειμένην
454 1231 510 1261 τοῖς
535 1230 655 1262 εὐσεϐῶς
678 1230 821 1266 βεϐιωκόσι
846 1231 892 1258 τδν

105 1274 201 1308 μισθὸν
227 1274 320 1302 ὲλπίδα
335 1275 386 1311 τὴν
399 1276 500 1312 ἀρετὴν
515 1276 723 1313 κατορθοῦντες,
734 1278 784 1305 οὐκ
797 1278 892 1319 ἀγάπῃ

104 1319 135 1346 τὸ
147 1319 259 1353 ἀγαθὸν,
273 1319 340 1347 ἀλλά
357 1321 391 1356 τῇ
405 1321 552 1358 προσδοκίᾳ
565 1322 615 1357 τῆς
627 1322 744 1358 ἀμοιϐῆς
757 1323 893 1350 κατακτὼ-

107 1372 192 1405 μενοι.
220 1365 249 1391 Ὀ
275 1365 368 1400 μέντοι
401 1365 469 1401 πρὸς
491 1365 522 1392 τὸ
549 1366 650 1393 τέλειον
672 1367 836 1403 ἀναδραμὼν
858 1369 891 1404 τῇ

104 1409 188 1446 ψυχῇ,
203 1410 354 1438 ἀπωθεῖται
371 1411 421 1446 μὲν
435 1411 480 1438 τδν
497 1411 579 1446 φόϐον
591 1420 597 1426 ·
617 1412 825 1449 ἀνδραποδώδης
837 1413 892 1449 γὰρ

105 1455 122 1490 ὴ
137 1455 246 1492 τοιαύτη
259 1456 389 1488 διάθεσις,
402 1456 441 1492 τῷ
455 1457 492 1492 μὴ
506 1457 539 1484 δι’
554 1458 663 1494 ἀγάπης
676 1459 842 1494 παραμένειν
854 1459 892 1495 τῷ

104 1499 268 1536 κυριεύοντι,
284 1499 351 1527 ἀλλά
367 1500 406 1536 τῷ
421 1500 474 1528 τῶν
496 1502 635 1537 μαστίγων
652 1503 727 1539 φόϐῳ
742 1503 779 1539 μὴ
793 1504 892 1540 δραπε-

103 1544 192 1570 τεύειν
201 1553 208 1560 ο
222 1544 344 1580 ὑπερορᾷ
357 1544 386 1578 δὲ
402 1545 449 1572 καὶ
460 1545 550 1573 αὐτῶν
562 1545 616 1574 τῶν
632 1547 745 1582 μισθῶν,
759 1548 797 1580 ὼς
807 1548 840 1575 ἂν
854 1548 891 1584 μὴ

102 1589 195 1625 δοκοίη
209 1591 253 1616 τὸν
266 1590 362 1625 μισθὸν
378 1591 513 1619 ποιεῖσθαι
527 1593 722 1629 προτιμότερον
735 1593 781 1620 τοῦ
792 1594 892 1630 δωρου-

105 1634 187 1670 μένου
209 1635 239 1662 τδ
261 1635 354 1671 κέρδος
368 1643 374 1650 ·
400 1637 496 1672 ἀγαπᾷ
509 1638 537 1664 δὲ
551 1638 580 1671 ἐξ
594 1637 658 1674 ὅλης
671 1639 783 1674 καρδίας
799 1647 828 1666 τε
844 1639 891 1667 καὶ

102 1679 191 1715 ψυχῆς
212 1680 260 1707 καὶ
275 1680 425 1716 δυνάμεως,
449 1681 499 1711 οὐκ
522 1682 588 1714 ἀλλο
608 1691 634 1715 τι
656 1682 710 1716 τῶν
727 1684 791 1719 παρ’
807 1682 890 1710 αὐτοῦ

102 1726 263 1761 γινομένων,
275 1726 332 1755 ἀλλ’
345 1727 426 1754 αὑτὸν
441 1727 543 1754 ἐκεῖνον
561 1728 590 1760 ὃς
609 1728 667 1755 ἐστι
680 1728 733 1756 τῶν
749 1728 859 1764 ἀγαθῶν
874 1729 890 1765 ὴ

102 1772 191 1808 πηγή.
207 1771 315 1808 Ταύτην
328 1772 417 1798 τοίνυν
429 1773 444 1798 ὀ
457 1772 547 1801 καλῶν
560 1773 636 1809 ἡμᾶς
651 1773 719 1809 πρὸς
735 1774 783 1809 τὴν
794 1774 890 1801 ἑαυτοῦ

104 1817 263 1854 μετουσίαν,
279 1817 421 1853 νομοθετεῖ
432 1819 493 1849 ταῖς
505 1818 559 1844 τῶν
571 1819 723 1846 ἀκουόντων
735 1819 834 1855 ψυχαῖς
842 1820 891 1856 τὴν

100 1862 232 1897 διάθεσιν.
253 1862 282 1890 '0
296 1863 324 1889 δὲ
338 1863 455 1898 βεϐαιῶν
471 1863 520 1899 τὴν
533 1864 692 1899 νομοθεσίαν
708 1864 819 1900 ταύτην,
832 1867 891 1899 ἐστὶ

102 1908 245 1943 Σολομῶν·
263 1904 294 1935 οὗ
309 1909 325 1944 ἡ
344 1908 426 1943 σοφία
439 1908 510 1936 κατά
523 1909 572 1945 τὴν
587 1910 662 1937 θείαν
677 1911 827 1946 μαρτυρίαν
843 1912 891 1947 μέ-

101 1962 167 1988 τρον
180 1954 229 1980 οὐκ
244 1953 311 1989 ἔχει,
327 1954 410 1981 πᾶσιν
426 1954 524 1990 ἐπίσης
538 1956 594 1987 τοῖς
606 1964 635 1982 τε
651 1956 828 1992 προγεγονόσι
845 1957 891 1984 καὶ

100 2000 158 2030 τοῖς
174 1998 313 2034 ἐσομένοις
329 2000 494 2036 ἀσύγκριτος
515 1998 581 2028 οὖσα
600 2002 647 2028 καὶ
662 2002 845 2038 ἀπαράθετος,
861 2003 891 2031 δν

100 2043 181 2071 ιλαθε
203 2044 258 2072 τῶν
279 2045 363 2073 ὄντων
384 2046 469 2074 οὐδέν.
493 2044 566 2082 Ἀρά
581 2056 615 2083 με
629 2048 724 2075 τοῦτον
738 2048 788 2075 olet
803 2048 898 2084 λέγειν-

99 2090 146 2117 τὸν
166 2091 199 2118 ἑκ
220 2090 271 2126 τῆς
286 2091 427 2127 Βηρσαϐεὲ
444 2092 613 2128 Σολομῶντα,
629 2093 674 2121 τὸν
689 2094 736 2121 ἐπὶ
748 2094 795 2121 τοῦ
811 2094 891 2131 ὅρους

99 2137 280 2172 ἀνενεγκόντα
291 2138 341 2174 τὴν
353 2138 505 2175 χιλιόμϐην,
518 2139 561 2166 τὸν
575 2141 607 2176 τῇ
621 2139 734 2176 Σιδωνίᾳ
746 2141 890 2177 συμϐούλῳ

100 2184 170 2219 πρὸς
186 2184 236 2219 τὴν
249 2185 387 2220 ἁμαρτίαν
401 2186 590 2223 χρησάμενον;
608 2186 704 2219 Ἄλλος
717 2187 842 2223 Σολομῶν
856 2188 888 2215 δι’

946 271 1070 306 inquam,
1085 270 1260 306 ingredimini
1280 270 1352 297 intra
1366 270 1458 298 cubile
1483 271 1590 306 sponsi.
1609 271 1636 297 in
1660 271 1734 305 quod

945 324 999 344 non
1009 317 1083 344 cadit
1096 316 1234 349 interitus,
1250 319 1277 343 et
1300 316 1447 343 induimini
1463 317 1573 344 mundis
1591 322 1619 344 et
1637 317 1736 351 impol-

944 363 1011 391 lutis
1026 362 1250 398 cogitationibus.
1274 361 1303 389 Si
1322 361 1385 397 quis
1407 367 1497 390 autem
1531 362 1734 397 perturbationi

944 409 1027 436 animi
1052 409 1199 436 obnoxiam
1224 414 1250 436 et
1275 408 1414 438 carnalem
1443 407 1561 436 induens
1589 408 1735 442 cogitatio.

944 462 1017 487 nem,
1033 458 1060 484 et
1079 462 1134 482 non
1157 454 1263 482 habens
1288 454 1477 481 indumentum
1493 453 1670 481 conscientiae
1691 453 1734 480 di-

943 499 1016 527 vinis
1028 499 1195 527 conveniens
1207 499 1322 534 nuptiis,
1338 499 1458 534 propriis
1485 498 1611 533 alligetur
1625 499 1731 534 cogita-

943 544 1077 577 tionibus,
1089 545 1124 572 ab
1137 544 1249 572 interitu
1263 544 1367 571 alienas
1382 543 1476 578 sponsi
1490 548 1517 571 et
1528 551 1637 578 sponsae
1652 550 1735 571 voces

946 591 1090 619 attrahens
1108 590 1141 618 ad
1169 590 1304 618 belluiuas
1318 594 1344 617 et
1372 590 1489 617 rationis
1509 593 1634 625 expertes
1650 590 1735 617 animi

945 636 1115 669 aifeetiones,
1135 641 1161 664 et
1171 644 1219 672 per
1233 644 1279 664 eas
1297 636 1423 664 obscenis
1440 635 1553 663 indutus
1570 635 1734 670 pliantasiis,

943 683 1070 718 ejiciatur
1077 687 1154 710 extra
1166 690 1214 710 eos
1224 683 1271 717 qui
1283 682 1310 709 in
1326 681 1431 716 nuptiis
1444 682 1497 709 lati
1508 685 1605 710 suntet
1615 682 1732 713 alacres.

944 736 996 764 pro
1008 729 1120 756 thalami
1132 728 1224 755 laetitia
1235 727 1374 763 accipiens
1381 727 1525 756 stridorem
1534 728 1656 756 dentium
1663 732 1690 755 et
1699 728 1736 755 la-

944 781 1062 810 crymas.
1072 773 1136 801 Haec
1151 773 1284 801 testiﬁcor
1296 777 1464 801 tracwturus
1472 773 1734 809 contemplationem

944 820 1087 855 mysticam
1102 818 1207 846 Cantici
1222 818 1404 846 canticorum.
1419 818 1488 846 Nam
1509 826 1557 853 per
1570 826 1601 846 ea
1616 826 1677 853 quae
1691 819 1735 846 hic

945 865 1047 900 scripta
1062 868 1138 896 sunt,
1163 869 1277 892 ornatur
1286 864 1489 899 quodammodo
1502 864 1593 891 anima
1604 868 1734 899 tanquam

943 918 1055 947 sponsa,
1070 910 1104 938 ad
1122 911 1310 945 incorpoream
1325 914 1353 937 et
1369 910 1540 945 spiritualem
1560 910 1736 945 materiaeque

943 960 1081 992 expertem
1098 956 1145 984 Dei
1164 956 1397 991 coniunctionem.
1413 955 1481 983 Nam
1497 955 1544 990 qui
1556 956 1614 983 vult
1640 963 1737 984 omnes

943 1011 1005 1031 esse
1016 1003 1118 1033 salvos.
1134 1006 1161 1029 et
1176 1003 1269 1029 venire
1284 1002 1318 1029 ad
1332 1001 1499 1037 agnitionem
1517 1001 1676 1032 veritatis",
1691 1008 1737 1028 os—

943 1048 1030 1077 tendit
1047 1048 1091 1075 hic
1107 1047 1336 1084 perfectissimum
1354 1052 1381 1075 et
1405 1048 1515 1074 beatum
1537 1047 1646 1074 modum
1663 1046 1737 1074 salu-

943 1094 989 1127 tis,
1004 1101 1065 1124 eum
1078 1093 1140 1121 dico
1152 1094 1197 1128 qui
1217 1093 1245 1123 lit
1264 1101 1311 1128 per
1325 1092 1500 1121 cliaritatem.
1513 1092 1581 1119 Nam
1596 1091 1737 1119 nonnullis

943 1138 973 1166 ﬁt
988 1139 1069 1166 etiam
1090 1139 1165 1167 salus
1183 1146 1231 1175 per
1251 1139 1388 1173 timoreml
1409 1138 1519 1173 quando
1544 1138 1682 1165 intuentes
1702 1137 1736 1165 ad

943 1183 1032 1211 minas
1047 1183 1175 1218 supplicii
1197 1183 1339 1218 gchennm,
1355 1190 1515 1219 separamur
1532 1190 1546 1209 a
1565 1182 1647 1209 malo.
1665 1181 1736 1209 Sunt

942 1229 1023 1256 etiam
1037 1229 1130 1264 aliqui,
1149 1229 1195 1264 qui
1213 1233 1323 1264 propter
1339 1236 1414 1264 spem
1438 1228 1571 1256 mercedis
1588 1227 1737 1264 repositam

943 1274 977 1302 iis
994 1275 1039 1310 qui
1053 1274 1098 1310 pie
1110 1274 1239 1305 vixerint,
1258 1281 1287 1301 se
1302 1278 1377 1301 recte
1394 1277 1420 1301 et
1436 1281 1469 1301 ex
1491 1274 1593 1300 virtute
1623 1277 1736 1308 gerunt,

943 1328 997 1347 non
1009 1320 1143 1347 charitate
1158 1319 1258 1346 bonum
1277 1319 1459 1355 possidentes,
1479 1318 1525 1346 sed
1537 1318 1737 1353 exspectatione

943 1365 1183 1393 remunerationis.
1207 1363 1258 1391 Sed
1282 1365 1329 1399 qui
1356 1364 1449 1393 animo
1475 1364 1561 1391 currit
1592 1363 1625 1390 ad
1646 1363 1736 1399 perfe-

942 1413 1072 1444 ctionem,
1083 1411 1193 1447 expellit
1201 1411 1312 1446 quidem
1336 1410 1463 1439 timorem
1473 1409 1526 1445 (est
1537 1410 1610 1437 enim
1619 1410 1738 1444 ejusmo-

942 1457 970 1484 di
998 1457 1107 1485 servilis
1132 1456 1249 1488 aﬂectio,
1277 1460 1421 1492 propterea
1448 1456 1519 1491 quod
1547 1463 1600 1482 non
1626 1459 1738 1490 propter

942 1502 1103 1531 charitatcm
1120 1507 1277 1538 permaneat
1301 1502 1372 1538 apud
1386 1502 1542 1535 dominum,
1559 1507 1672 1537 propter
1689 1502 1737 1528 lla!

944 1556 1054 1584 grorum
1070 1552 1161 1576 autem
1177 1552 1278 1576 metum
1294 1556 1348 1576 non
1368 1549 1520 1584 aufugiat);
1544 1549 1660 1583 despicit
1688 1555 1736 1575 au-

943 1598 997 1622 tem
1014 1596 1088 1629 ipsas
1102 1601 1212 1629 quoque
1228 1593 1380 1627 mercedes,
1398 1602 1431 1622 ne
1447 1595 1572 1622 videatur
1583 1594 1735 1622 mercedem

942 1640 1028 1675 pluris
1047 1639 1136 1668 facere
1151 1647 1232 1675 quam
1249 1648 1310 1667 eum
1328 1641 1374 1675 qui
1396 1641 1480 1668 donat
1496 1642 1613 1668 lucrum.
1643 1640 1736 1676 Diligit

943 1693 1032 1714 autem
1051 1689 1160 1725 exAtoto
1174 1686 1256 1714 corde
1270 1690 1297 1714 et
1310 1686 1399 1713 anima
1414 1690 1440 1714 et
1454 1690 1599 1722 potestate,
1617 1695 1670 1714 non
1686 1686 1736 1713 ali-

942 1731 1007 1768 quid
1022 1731 1095 1759 aliud
1105 1739 1138 1759 ex
1155 1731 1189 1759 iis
1202 1739 1263 1767 quae
1274 1731 1308 1759 ab
1324 1732 1384 1767 ipso
1402 1731 1480 1763 llunt,
1498 1732 1544 1759 sed
1561 1740 1623 1759 eum
1645 1732 1735 1766 ipsum

941 1778 988 1813 qui
1002 1782 1043 1805 est
1059 1776 1119 1805 ions
1133 1777 1279 1804 bonorum.
1296 1776 1347 1809 Qui
1365 1777 1456 1812 itaque
1472 1784 1521 1804 nos
1533 1781 1612 1804 vocat
1632 1777 1664 1804 ad
1692 1777 1735 1808 sui

942 1822 1189 1859 participationem,
1207 1822 1231 1849 is
1246 1822 1317 1849 hanc
1332 1822 1359 1849 in
1387 1821 1541 1849 auditorum
1559 1822 1658 1849 animis
1677 1825 1736 1849 sta-

941 1869 994 1898 tuit
1004 1867 1184 1895 aﬂectionem.
1201 1866 1253 1900 Qui
1281 1871 1372 1894 autem
1387 1867 1458 1894 hanc
1481 1867 1566 1902 legem
1582 1867 1680 1899 sancit,
1711 1867 1736 1896 is

941 1919 984 1943 est
1002 1913 1142 1946 Solomon,
1157 1913 1237 1948 cujus
1253 1913 1397 1948 sapientia,
1413 1918 1443 1940 ut
1459 1912 1582 1941 divinum
1598 1916 1640 1940 est
1657 1912 1734 1939 testi-

941 1961 1075 1993 monium.
1092 1967 1147 1988 non
1163 1959 1246 1987 habet
1269 1967 1438 1991 mensuram,
1453 1962 1482 1986 ut
1511 1966 1572 1995 qua;
1595 1966 1629 1985 ex
1656 1965 1737 1992 2eun

942 2006 1060 2035 conferri
1073 2014 1126 2033 non
1145 2006 1230 2043 possit
1244 2013 1305 2033 cum
1321 2005 1449 2033 omnibus
1470 2005 1514 2040 qui
1532 2010 1610 2032 anlea
1624 2003 1736 2036 luerunt,

942 2057 968 2083 et
979 2054 1026 2089 qui
1038 2052 1122 2080 futuri
1136 2056 1218 2080 sunt:
1236 2055 1315 2087 quem
1328 2059 1423 2079 eorum
1447 2059 1507 2086 quae
1533 2054 1596 2078 sunt
1621 2050 1737 2079 omnino

941 2099 1010 2126 nihil
1028 2099 1102 2126 latet.
1119 2097 1189 2126 Num
1208 2106 1250 2125 me
1266 2101 1346 2137 putas
1372 2097 1464 2125 dicere
1489 2097 1662 2124 Solomonem
1687 2096 1734 2131 qui

942 2149 1024 2174 natus
1039 2149 1080 2173 est
1092 2153 1124 2173 ex
1140 2143 1286 2176 Bersabee,
1313 2143 1359 2181 qui
1377 2144 1404 2171 in
1421 2147 1513 2171 monte
1537 2142 1636 2170 obtulit
1661 2141 1735 2169 mille

942 2192 1038 2224 boves,
1067 2191 1114 2227 qui
1143 2190 1261 2218 Sidoniae
1279 2189 1402 2219 mulieris
1424 2189 1540 2216 consilio
1555 2196 1622 2215 usus
1640 2190 1683 2214 est
1699 2186 1734 2214 ad

100 2230 184 2257 αὑτοῦ
211 2232 383 2268 σημαίνεται,
404 2233 418 2259 ὁ
439 2234 487 2260 καὶ
510 2232 590 2265 αὐτὸς
614 2235 647 2266 ὲκ
668 2234 715 2264 τοῦ
733 2234 890 2271 σπέρματος

942 2237 1102 2277 peccatum?
1113 2235 1164 2264 Sed
1177 2244 1225 2271 per
1233 2236 1305 2263 hunc
1319 2235 1390 2267 alius
1406 2235 1576 2270 signiﬁcatur
1593 2233 1733 2265 Solomon,

98 2277 183 2312 ᾼαίὶὶδ
195 2278 226 2305 τὸ
242 2279 312 2306 κατὰ
335 2279 425 2315 σάρκα
441 2280 596 2315 γενόμενος,
613 2277 635 2315 ᾧ
651 2281 736 2316 ὄνομα
751 2282 859 2318 εἰρήνη,
876 2283 891 2309 ό

99 2323 227 2359 ἀληθινὸς
242 2325 290 2352 τοῦ
313 2325 420 2362 Ἰσραὴλ
435 2326 571 2361 βασιλεὺς,
590 2328 604 2354 ὁ
617 2328 757 2364 οἰκοδόμος
766 2328 813 2355 τοῦ
825 2328 891 2359 ναοῦ

98 2368 147 2396 τοῦ
160 2369 244 2396 Θεοῦ·
270 2371 284 2397 ό
297 2371 407 2398 πάντων
422 2372 642 2408 ὲμπεριειληφὼς
661 2373 711 2409 τὴν
733 2373 843 2408 γνῶσιν,
859 2371 890 2402 οὗ

98 2413 226 2450 ἀόριστος
239 2415 255 2450 ἡ
272 2415 368 2450 σοφία,
385 2416 486 2451 μᾶλλον
502 2417 530 2444 δὲ
545 2417 575 2444 τὸ
590 2415 660 2445 εἶναι
678 2419 758 2453 σοφία
774 2419 831 2446 ἐστὶ
843 2419 890 2447 καὶ

97 2459 222 2495 ἀλήθεια,
240 2460 287 2488 καὶ
301 2462 354 2497 πᾶν
369 2461 521 2498 θεοπρεπές
538 2472 568 2490 τε
584 2464 631 2491 καὶ
648 2464 748 2500 ὑψηλὸν
762 2464 848 2500 δνομά
860 2472 890 2491 τε

97 2506 146 2533 καὶ
173 2505 274 2541 νόημα.
314 2503 398 2539 Οὗτος
426 2508 534 2544 ὀργάνῳ
559 2509 599 2545 τῷ
625 2509 776 2545 Σολομῶντι
804 2510 891 2546 τούτῳ

97 2551 283 2591 χρησάμενος,
305 2551 338 2578 δι’
355 2553 458 2580 ἐκείνου
482 2555 548 2590 ἡμῖν
568 2555 733 2595 διαλέγεται,
759 2556 891 2592 πρότερον

98 2597 150 2632 μὲν
173 2597 202 2624 ὲν
220 2597 394 2633 Παροιμίαις,
420 2596 479 2631 εἶτα
495 2600 523 2626 ὲν
538 2600 576 2636 τῷ
597 2601 795 2638 Ἐκκλησιαστῇ
809 2610 816 2620 ·
844 2603 891 2630 καὶ

99 2643 171 2678 μετᾶ
195 2642 282 2675 ταῦτα
305 2644 333 2670 ὲν
350 2645 384 2680 τῇ
405 2646 572 2682 προκειμένῃ
598 2647 645 2674 τοῦ
674 2648 812 2684 ’ᾼσματος
836 2649 891 2675 τῶν

97 2690 230 2726 ᾀσμάτων
248 2690 402 2727 φιλοσοφίᾳ,
425 2691 476 2726 ὁδῷ
489 2692 535 2719 καὶ
550 2692 625 2726 τάξει
641 2694 690 2730 τὴν
714 2695 782 2730 πρὸς
800 2695 830 2722 τὸ
845 2695 889 2722 τέ-

98 2735 171 2762 λειον
186 2735 279 2763 ἄνοδον
292 2736 479 2765 ὑποδεικνύων
490 2737 530 2774 τῷ
545 2738 625 2776 λόγῳ.

149 2870 169 2886 "
180 2871 190 2898 l
202 2871 271 2899 Tim.
294 2879 324 2906 ιι,
346 2872 374 2899 4.

942 2283 989 2318 qui
1006 2283 1064 2318 ipse
1078 2289 1186 2317 quoque
1201 2284 1281 2308 natus
1298 2285 1340 2308 est
1359 2288 1391 2307 ex
1406 2279 1510 2307 semine
1526 2278 1608 2305 David
1634 2284 1734 2304 secun-

941 2328 1007 2359 dum
1021 2335 1143 2360 carnem,
1156 2327 1198 2355 cui
1214 2334 1313 2354 nomen
1331 2330 1372 2353 est
1388 2332 1451 2360 pax,
1470 2323 1515 2359 qui
1534 2327 1576 2351 est
1592 2330 1672 2350 verus
1686 2328 1733 2349 rex

943 2375 1036 2408 Israel,
1053 2374 1157 2409 quiest
1180 2372 1328 2400 tedilicator
1358 2370 1451 2406 templi
1479 2369 1537 2402 Dei,
1565 2369 1611 2404 qui
1642 2376 1734 2395 rerum

941 2420 1064 2451 omnium
1089 2418 1297 2454 comprehendit
1313 2417 1508 2452 cognitionem,
1523 2415 1602 2452 cujus
1615 2420 1656 2443 est
1671 2415 1733 2442 inil-

940 2466 997 2496 nita
1011 2464 1155 2500 sapientia,
1165 2464 1220 2490 imo
1233 2471 1299 2491 vero
1315 2463 1396 2498 cujus
1411 2461 1530 2490 essentia
1556 2464 1598 2489 est
1625 2460 1734 2495 sapien-

941 2511 977 2538 tia
1004 2514 1030 2538 et
1052 2510 1165 2542 veritas,
1195 2515 1222 2536 et
1239 2508 1380 2544 quodlibet
1393 2507 1448 2534 Dco
1463 2505 1628 2534 conveniens
1642 2506 1736 2533 excel-~

940 2564 1055 2592 sumque
1067 2563 1164 2584 nomen
1180 2559 1206 2582 et
1219 2554 1408 2590 intelligentia.
1422 2553 1447 2580 Is
1462 2560 1530 2581 usus
1544 2552 1596 2579 hoc
1611 2551 1737 2578 Solomt».

941 2611 974 2631 ne
993 2607 1122 2638 tanquam
1141 2601 1334 2631 instrumento,
1349 2607 1396 2634 per
1411 2599 1486 2626 illum
1505 2598 1584 2625 nobis
1599 2597 1733 2632 loquilun,

940 2649 1059 2684 primum
1072 2647 1182 2682 quidem
1200 2646 1227 2673 in
1245 2646 1412 2677 Proverbiis,
1428 2644 1527 2672 deinde
1555 2643 1581 2670 in
1597 2642 1733 2670 Ecclesia-

940 2700 992 2726 ste,
1009 2697 1035 2721 et
1050 2696 1143 2728 postea
1165 2692 1191 2719 in
1210 2692 1349 2727 proposita
1368 2690 1538 2727 philosophia
1549 2688 1654 2717 Cantici
1669 2696 1733 2714 can-

944 2742 1072 2772 ticorum.
1088 2740 1132 2767 via
1147 2743 1174 2766 et
1189 2738 1285 2766 ordine
1299 2738 1398 2765 rationi
1413 2735 1562 2765 ostendens
1585 2740 1732 2762 ascensum

944 2788 989 2824 qui
1012 2786 1097 2815 tendit
1110 2785 1142 2813 ad
1161 2784 1366 2821 perfectionem.

1796 2114 1813 2121 ς
