1989 3070
234 145 286 170 76Ἱ

870 139 899 169 S.
918 139 1083 168 GREGOBll
1103 139 1249 168 NYSSENI

1818 132 1868 160 768

271 200 412 234 Quomodo
428 201 499 228 enim
517 201 543 228 in
571 200 627 228 vita
643 207 704 236 quae
727 202 771 228 est
792 199 943 227 secundum
968 206 1030 226 car-

1116 198 1249 234 Καθάπερ
1268 197 1321 232 γὰρ
1335 196 1381 223 ἐπὶ
1394 195 1444 230 τῆς
1456 193 1529 221 κατά
1544 193 1634 229 σάρκα
1650 191 1731 227 ζωῆς,
1746 191 1782 217 οὺ
1795 192 1868 219 πᾶσα

234 255 309 279 nem,
327 254 382 273 non
397 246 486 274 omnis
500 251 566 274 tetas
582 254 677 278 omnes
690 245 831 273 naturales
840 244 1031 280 complectitur

234 292 422 324 operationes,
437 300 525 327 neque
541 300 589 327 per
605 292 705 320 similia
725 291 804 319 nobis
831 289 955 325 procedit
977 290 1032 317 vita

238 337 266 372 in
280 336 346 372 ipsis
358 341 467 364 aetatum
484 337 664 369 diderentiis:
679 343 741 364 nam
758 344 809 365 nec
827 336 917 367 infans
930 335 1033 363 adulto-

239 389 300 418 rum
317 386 343 410 et
363 382 545 419 perfectorum
567 383 724 419 aggreditur
740 390 838 418 opera;
855 389 906 411 nec
923 382 1033 409 adultus

240 435 273 461 ac
287 428 424 462 perfectus
442 433 564 464 gestatur
577 429 604 456 in
623 429 696 456 ulnis
713 428 850 461 nutricis;
858 428 906 456 sed
920 428 948 455 in
964 436 1034 455 unor

241 480 348 507 quoque
365 476 487 506 tempore
501 473 590 507 aetatis
601 477 642 501 est
659 473 762 507 aliquid
778 472 853 502 aliud
879 479 1033 507 congruens

243 525 274 544 ac
289 518 476 551 conveniens:
489 517 524 551 ita
541 518 623 552 etiam
641 519 706 546 licet
718 519 813 546 videre
828 518 857 546 in
868 518 958 545 anima
970 524 1035 553 pro-

242 563 396 597 portionem
413 563 560 599 quamdam
578 571 610 591 ac
626 564 846 592 convenientiam
860 571 922 590 cum
938 570 1036 598 corpo-

243 607 282 634 ris
294 607 432 640 aetatibus,
448 615 496 643 per
508 615 576 643 quas
589 608 728 636 invenitur
740 609 807 636 ordo
823 612 851 636 et
865 615 1037 643 consequen-

245 652 293 684 tia,
311 653 449 680 deducens
465 653 604 681 hominem
618 653 653 681 ad
668 654 750 681 vitam
770 653 920 689 degendam
933 661 967 680 ex
982 654 1038 680 vir-

246 702 312 725 tute.
327 697 413 730 Quam
427 699 462 726 ob
472 705 584 726 causam
600 699 679 726 aliter
689 698 817 726 erudiunt
830 698 976 726 Proverbia
988 707 994 726 :
1012 702 1039 726 et

246 743 325 770 aliter
340 743 450 771 disserit
478 743 676 772 Ecclesiastes:
696 747 722 772 et
748 751 808 779 quae
827 751 875 779 per
895 743 1038 772 Canticum

246 789 417 817 canticorum
437 789 553 816 traditur
570 789 753 827 philosophia,
772 794 916 825 utramque
929 793 1041 825 superat

245 835 402 871 dogmatum
415 835 594 864 sublimitate.
606 835 674 863 Nam
689 844 750 871 qua:
764 843 812 871 per
829 835 978 863 Proverbia
991 835 1039 863 da-

247 885 292 907 tur
304 880 439 914 doctrina,
462 880 496 908 ad
512 888 574 908 eum
593 881 639 916 qui
658 884 699 908 est
726 881 813 908 adhuc
845 880 936 909 infans
955 881 1038 912 verba
1055 873 1075 900 Β

247 925 324 957 facit,
345 925 538 955 convenienter
552 925 623 952 mtati
649 926 782 960 adaptans
814 925 1037 959 admonitionem.

247 967 426 1005 Audi,inquit
436 970 470 1003 ⁵⁸,
485 970 536 1005 ﬁli,
547 970 614 1005 leges
627 971 711 1005 patris
730 971 779 1001 tui.
795 975 818 999 et
832 979 863 998 ne
875 971 985 1004 repellas
1002 971 1041 1002 ἰη-

247 1013 340 1041 stituta
354 1015 448 1042 matris
464 1020 525 1042 tum.
541 1014 622 1042 Vides
635 1023 669 1043 ex
683 1015 717 1043 iis
730 1023 790 1049 quae
806 1015 946 1047 dicuntur,
958 1023 1039 1050 quam

247 1059 284 1085 sit
299 1059 388 1088 adhuc
404 1064 498 1095 tenera
519 1064 585 1088 aetas
600 1061 707 1095 animae,
730 1060 961 1098 quemadmodum
986 1068 1041 1087 non

247 1105 334 1145 possit
359 1114 388 1135 se
412 1114 536 1142 pascere,
562 1110 589 1134 et
609 1107 696 1134 adhuc
713 1115 783 1143 opus
799 1107 897 1144 habeat
911 1107 1042 1135 maternis

247 1153 393 1186 institutis,
421 1157 448 1181 et
475 1157 589 1188 paterna
616 1153 811 1190 admonitione.
839 1153 871 1180 Et
897 1159 926 1181 ut
951 1153 1042 1181 infans

249 1204 374 1235 prompto
390 1204 416 1227 et
431 1200 516 1227 alacri
534 1200 625 1227 animo
639 1200 762 1227 attendat
776 1200 945 1235 parentibus,
963 1199 1043 1236 polli-

248 1249 326 1273 cetur
342 1253 375 1273 ex
388 1245 541 1280 disciplinis
553 1245 577 1272 ei
595 1249 756 1277 ornamenta
773 1245 832 1273 fore
845 1246 970 1280 puerilia.
995 1245 1044 1274 Est

249 1291 322 1318 enim
339 1295 531 1318 ornamentum
549 1291 662 1326 puerile,
679 1290 785 1326 torquis
804 1298 905 1318 aureus
931 1291 959 1317 in
973 1291 1044 1319 collo

250 1336 438 1371 resplendens,
462 1340 489 1364 et
513 1344 574 1371 qua
597 1335 728 1371 jucundis
742 1344 773 1364 ex
803 1336 916 1364 ﬂoribus
942 1343 1043 1364 corona

251 1382 379 1416 nectitur.
394 1381 508 1416 Oportet
523 1385 614 1409 autem
632 1381 744 1408 omnino
760 1381 820 1408 haec
834 1381 996 1417 intelligere.
1016 1387 1045 1409 ut

252 1435 350 1455 sensus
363 1427 516 1462 amigmatis
531 1427 649 1455 deducat
663 1427 697 1454 ad
720 1426 747 1454 id
768 1427 842 1462 quod
867 1431 909 1456 est
935 1428 1043 1456 melius.

253 1473 299 1500 Sic
312 1473 336 1501 ei
353 1473 448 1507 incipit
460 1472 562 1500 variam
585 1479 617 1500 ac
635 1472 814 1507 multiplicem
829 1473 984 1502 describere
999 1482 1045 1502 sa-

253 1518 394 1559 pientiam,
419 1521 446 1545 et
464 1517 608 1545 inell‘ahilis
632 1517 846 1552 pulchritudinis
870 1519 1043 1554 interpretari

253 1563 371 1598 speciem
389 1571 421 1590 ac
433 1564 570 1596 decorem,
600 1567 695 1591 utnon
719 1563 809 1598 aliqua
832 1565 996 1594 necessitate
1018 1570 1046 1594 et

252 1613 337 1642 metu,
354 1609 402 1636 sed
415 1609 565 1644 cupiditate
578 1612 605 1636 et
617 1608 754 1642 desiderio
766 1610 900 1641 excitetur
910 1612 944 1638 ad
962 1612 1046 1640 bono-

253 1662 313 1682 rum
327 1653 572 1690 participationem.
591 1653 660 1680 Nam
673 1653 821 1689 descriptio
834 1655 1046 1690 pulchritudinis

254 1699 368 1725 aztrahit
383 1705 491 1733 omnem
503 1697 635 1732 juvenum
661 1698 838 1733 cupiditatem
860 1699 894 1732 ad
922 1699 949 1727 id
974 1701 1046 1735 quod

254 1744 419 1779 ostenditur,
441 1744 594 1778 accendens
617 1743 784 1774 desiderium
803 1749 832 1775 ut
857 1745 892 1773 sit
909 1746 1046 1785 particeps

254 1791 409 1818 venustatis
425 1795 452 1819 et
465 1791 617 1826 elegantia.

290 1836 326 1864 Ut
342 1844 406 1873 ergo
433 1836 459 1864 ei
487 1837 573 1873 magis
588 1843 720 1873 augeatur
733 1837 869 1873 cupiditas
884 1845 899 1865 a
914 1840 1046 1867 materiali

256 1883 380 1911 traducta
393 1881 536 1910 all‘ectione
550 1882 584 1910 ad
599 1883 720 1917 materiae
744 1888 882 1919 expertem
909 1885 1047 1912 habitudi-

256 1937 330 1964 nem,
346 1932 425 1956 ornat
440 1927 568 1955 laudibus
582 1928 722 1963 sapientia:
738 1928 978 1963 pulchritudinem.
994 1929 1047 1958 Nc-

257 1982 311 2008 que
326 1973 413 2000 solum
439 1976 518 1999 ornat
542 1972 633 2000 verbis
658 1973 718 2007 ejus
733 1972 851 2007 speciem
865 1976 893 2006 et
908 1972 1045 2008 decorent,

258 2020 306 2054 sed
317 2019 398 2046 etiam
415 2018 475 2054 ejus
503 2022 645 2046 enumerat
667 2019 794 2046 divitias:
813 2026 930 2054 quarum
951 2022 1047 2050 evadet

253 2063 382 2092 dominus
420 2064 466 2100 qui
495 2071 557 2091 cum
591 2071 621 2091 ea
655 2064 826 2092 habitaverit.
866 2067 1047 2095 Consideran-

258 2116 303 2144 tur
332 2114 422 2138 autem
455 2110 557 2137 divitia:
581 2110 609 2137 in
627 2110 660 2136 iis
677 2118 737 2144 qua:
761 2111 795 2143 ab
810 2111 868 2146 ipsa
888 2120 1047 2148 proponun.

258 2161 313 2186 tur.
335 2156 402 2184 Nam
426 2156 522 2183 dexter
545 2155 653 2190 quidem
682 2161 724 2189 est
738 2156 762 2183 ei
777 2162 891 2186 ornatus
918 2160 1046 2188 universa

1081 244 1173 280 ἡλικία
1184 244 1273 274 πάσας
1289 243 1373 278 χωρεῖ
1387 240 1436 273 τὰς
1453 239 1570 275 φυσικὰς
1585 238 1734 273 ἐνεργείας,
1750 237 1810 264 οὐδὲ
1824 237 1870 264 διὰ

1081 290 1136 317 τῶν
1151 289 1250 325 ὁμοίων
1268 289 1333 324 ἡμῖν
1350 288 1378 314 ἐν
1396 287 1491 318 αὐταῖς
1506 284 1618 319 ἡλικιῶν
1632 284 1774 319 διαφοραῖς
1784 285 1798 310 ό
1814 283 1869 318 βίος

1083 336 1246 372 προέρχεται
1260 333 1331 369 (οὔτε
1345 332 1400 368 γὰρ
1411 332 1441 359 τὸ
1453 333 1548 367 νήπιον
1562 330 1597 357 τὰ
1610 329 1663 357 τῶν
1677 329 1786 356 τελείων
1801 329 1871 364 ἔργα

1086 381 1254 416 μετέρχεται,
1272 378 1334 406 οὗτε
1350 379 1365 405 ό
1383 377 1484 408 τέλειος
1501 377 1529 402 ὲν
1544 376 1603 406 ταῖς
1618 373 1751 408 ἀγκάλαις
1768 373 1818 407 τῆς
1831 381 1872 399 τι-

1084 427 1168 463 θήνης
1190 424 1440 461 ἀναλαμϐάνεται),
1466 422 1522 449 ἀλλ’
1543 422 1572 448 ὲν
1594 421 1700 455 ἑκάστῳ
1716 419 1806 454 καιρῷ
1821 418 1871 452 τῆς

1084 472 1190 508 ἡλικίας
1212 471 1276 499 ἄλλο
1307 479 1334 503 τι
1360 468 1514 505 πρόσφορον
1539 468 1597 499 ἐστι
1623 466 1670 494 καὶ
1693 464 1878 500 κατάλληλον-

1085 507 1172 549 οὓτως
1203 516 1276 543 ἔστιν
1303 515 1365 542 ἰδεῖν
1387 507 1434 541 καὶ
1457 514 1485 540 ὲν
1509 513 1542 548 τῇ
1562 511 1637 546 ψυχῇ
1656 509 1798 544 ἀναλογίαν
1813 508 1874 535 τινὰ

1087 563 1154 599 πρὸς
1166 562 1216 594 τὰς
1226 560 1384 597 σωματικὰς
1397 558 1515 595 ἡλικίας,
1528 558 1561 584 δι’
1576 555 1614 583 ὢν
1631 555 1787 591 εὑρίσκεται
1796 552 1875 586 τάξις

1087 618 1129 641 τις
1143 609 1190 636 καὶ
1211 607 1367 639 ἀκολουθία,
1381 605 1449 640 πρὸς
1465 604 1510 631 τὸν
1522 604 1582 630 κατ’
1595 602 1695 638 ἀρετὴν
1711 601 1766 636 βίον
1780 607 1875 635 χειρα-

1087 653 1215 689 γωγοῦσα
1231 653 1276 680 τὸν
1293 652 1444 688 ἄνθρωπον.
1468 646 1505 677 Οὖ
1522 649 1610 685 χάριν,
1629 647 1714 679 ἄλλως
1735 647 1752 682 ὴ
1774 646 1876 679 Παροι-

1091 702 1139 737 μία
1154 699 1285 731 παιδεύει,
1300 699 1346 726 καὶ
1359 697 1447 728 ἄλλως
1456 697 1470 723 ὁ
1489 693 1701 730 Ἐκκλησιαστὴς
1712 692 1874 726 διαλέγεται·

1090 747 1170 782 καὶὴ
1194 745 1239 772 διὰ
1260 743 1307 771 τοῦ
1326 743 1464 780 ᾊσμιτος
1490 741 1544 768 τῶν
1567 740 1696 776 ᾀσμάτων
1721 737 1875 773 φιλοσοφία,

1090 791 1134 818 διὰ
1158 791 1211 818 τῶν
1235 783 1408 825 ὑψηλοτέρων
1436 786 1578 823 δογμάτων
1608 784 1770 820 ἀμφοτέρων
1794 783 1878 817 ὑπέρ-

1090 843 1189 862 κειται.
1199 835 1231 861 Ἦ
1244 833 1298 869 γὰρ
1314 833 1358 860 διὰ.
1381 832 1434 867 τῶν
1451 830 1608 866 Παροιμιῶν
1629 828 1794 861 διδασκαλία,
1810 827 1879 862 πρὸς

1089 882 1134 909 τὸν
1148 880 1366 916 έτινηπιάςοντα
1380 879 1451 906 ποιεῖ
1462 878 1524 909 τοὺς
1535 877 1640 911 λόγους,
1658 874 1831 909 καταλλήλως
1843 874 1878 908 τῇ

1090 928 1182 964 ἡλικίᾳ
1197 927 1259 959 τοὺς
1272 927 1366 961 λόγους
1385 924 1552 961 ἁρμόζουσα.
1576 924 1690 954 Ἄκουε,
1713 921 1804 956 φησὶν,
1821 919 1880 951 υἱὲ,

1090 975 1202 1009 νόμους
1232 973 1343 1006 πατρός
1372 979 1448 1003 σου,
1475 969 1524 997 καί
1547 969 1590 1004 μὴ
1616 967 1728 1001 ἀπώσῃ,
1749 965 1881 1000 θεσμοὺς

1088 1021 1201 1054 μητρός
1213 1026 1281 1050 σου.
1306 1017 1387 1052 Ὁρᾷς
1400 1017 1432 1042 ὲκ
1443 1015 1497 1042 τῶν
1510 1013 1663 1049 λεγομένων
1677 1012 1707 1039 τὸ
1719 1011 1822 1038 ἁπαλὸν
1840 1009 1881 1040 ἔτι

1091 1066 1140 1101 τῆς
1155 1065 1225 1098 κατὰ
1242 1063 1339 1099 ψυχὴν,
1353 1061 1460 1098 ἡλικίας
1476 1061 1522 1087 καὶ
1537 1060 1668 1091 ἄπαστον,
1688 1057 1727 1084 ἔτι
1746 1055 1882 1092 μητρῴων

1091 1100 1172 1138 αὖτὸν
1183 1109 1291 1146 θεσμῶν
1303 1100 1396 1140 ἐπιδεᾶ
1410 1108 1511 1143 βλέπει,
1525 1106 1572 1133 καὶ
1585 1104 1719 1140 πατρικῆς
1729 1101 1881 1134 νουθεσίας.

1092 1157 1147 1184 Καὶ
1162 1157 1199 1188 ὠς
1222 1156 1254 1183 ἂν
1278 1155 1480 1191 προθυμότερον
1498 1153 1628 1188 προσέχοι
1651 1151 1706 1181 τοῖς
1724 1148 1840 1183 γονεῦσι.
1853 1147 1883 1173 τὸ

1092 1204 1206 1238 νήπιον,
1239 1201 1302 1233 τοὺς
1341 1199 1482 1230 παιδικοὺς
1523 1197 1596 1232 αὐτῷ
1633 1193 1884 1229 κατεπαγγέλλεται

1093 1248 1211 1284 κόσμους
1232 1248 1265 1274 ὲκ
1284 1247 1334 1282 τῆς
1357 1244 1471 1281 περὶτὰ
1493 1244 1642 1279 μαθήματα
1660 1241 1776 1276 σπουδῆς
1799 1248 1884 1275 προσ-

1093 1294 1266 1330 γενήσεσθαι.
1297 1292 1413 1327 Παιδίων
1447 1291 1501 1326 γάρ
1530 1291 1586 1316 ἐστι
1619 1289 1741 1324 κόσμος,
1770 1286 1885 1322 χρύσεος

1096 1341 1231 1376 μανιάκης
1254 1338 1294 1374 τῷ
1313 1337 1439 1373 τραχήλῳ
1464 1334 1722 1371 περιλαμπόμενος,
1745 1332 1792 1362 καί
1818 1332 1833 1357 ὁ
1854 1330 1886 1362 ἐξ

1093 1385 1182 1414 ἀνθῶν
1194 1393 1272 1412 τινων
1298 1383 1465 1419 ἐπιχαρίτων
1494 1379 1715 1414 ἀναπλεκὸμενος
1739 1377 1885 1411 στέφανος.

1094 1432 1174 1458 Νοεῐν
1190 1430 1217 1456 δὲ
1232 1429 1285 1465 χρὴ
1303 1429 1390 1456 ταῦτα
1407 1427 1514 1459 πάντως
1532 1427 1606 1457 ὅπως
1625 1425 1658 1452 ἂν
1671 1423 1793 1459 ὁδηγήσῃ
1815 1422 1886 1458 πρὸς

1094 1477 1124 1503 τὸ
1139 1478 1261 1512 κρεῖττον
1274 1477 1290 1512 ὴ
1303 1475 1349 1502 τοῦ
1363 1473 1522 1509 αἰνίγματος
1538 1472 1637 1499 ἔννοια.
1652 1471 1708 1498 Καὶ
1723 1469 1809 1500 οὕτως
1822 1469 1888 1494 ὐπο-

1095 1523 1211 1559 γράφειν
1232 1523 1343 1557 ἄρχεται
1364 1521 1413 1556 τὴν
1435 1519 1528 1554 σοφίαν
1544 1517 1628 1553 αὐτῷ,
1643 1515 1770 1546 ποικίλως
1790 1523 1820 1540 τε
1839 1513 1888 1540 καὶ

1097 1568 1244 1599 πολυειδῶς
1259 1567 1304 1594 τοῦ
1327 1566 1467 1602 ἀφράστου
1490 1563 1605 1595 κάλλους
1630 1561 1815 1598 διερμηνεύων
1837 1560 1888 1594 τὴν

1096 1614 1184 1650 ὥραν·
1202 1613 1239 1649 μὴ
1254 1613 1329 1648 φόϐῳ
1344 1612 1395 1638 τινῖ
1412 1611 1458 1638 καὶ
1475 1610 1593 1645 ἀνάγκῃ,
1611 1608 1678 1635 ἀλλὰ
1693 1606 1827 1654 έπιθυμία
1840 1605 1901 1654 καὶ.

1098 1661 1172 1696 πόθῳ
1187 1660 1254 1695 πρὸς
1269 1659 1317 1694 τὴν
1339 1657 1393 1684 τῶν
1412 1656 1521 1691 ἀγαθῶν
1541 1654 1684 1690 μετουσίαν
1698 1652 1889 1687 διαναστῆναι.

1103 1707 1135 1732 Ἡ
1152 1706 1206 1741 γὰρ
1227 1705 1274 1732 τοῦ
1292 1703 1407 1736 κάλλους
1431 1701 1572 1738 ἐπιγραφὴ
1593 1699 1741 1726 ὲπισπᾶταί
1765 1707 1822 1728 πως
1837 1697 1888 1731 τὴν

1096 1751 1151 1778 τῶν
1175 1752 1242 1778 νέων
1271 1749 1417 1785 ἐπιθυμίαν
1447 1747 1514 1783 πρὸς
1545 1745 1576 1772 τὸ
1600 1744 1794 1778 δεικνύμενον,
1819 1741 1890 1776 πρὸς

1098 1796 1239 1824 κοινωνίαν
1253 1796 1303 1831 τῆς
1318 1795 1392 1831 ὥρας
1407 1794 1452 1821 τὸν
1467 1792 1547 1825 πόθον
1563 1789 1788 1826 ἀναρριπίζουσα.

1139 1843 1182 1874 Ὠς
1195 1842 1227 1869 ἂν
1237 1840 1283 1869 οὖν
1296 1841 1396 1876 μᾶλλον
1407 1839 1482 1876 αὐτῷ
1499 1839 1529 1865 τὸ
1539 1835 1737 1872 ἐπιθυμητικὸν
1747 1833 1889 1869 αὐξηθείη,

1100 1887 1247 1924 μετατεθὲν
1269 1887 1323 1926 ἀπὸ
1348 1887 1396 1921 τῆς
1419 1885 1515 1920 ὑλικῆς
1537 1881 1725 1919 προσπαθείας
1752 1879 1818 1915 πρὸς
1839 1879 1891 1926 τὴν

1098 1935 1179 1962 dum
1193 1933 1294 1968 σχέσιν,
1306 1925 1419 1969 ὡραΐζει
1431 1931 1474 1958 διὰ
1488 1930 1542 1957 τῶν
1560 1928 1705 1964 ἐγκωμίων
1722 1927 1771 1962 τῆς
1793 1925 1892 1960 σοφίας

1098 1979 1128 2006 τὸ
1144 1979 1251 2010 κάλλος.
1267 1977 1326 2006 Καὶ
1338 1978 1368 2004 οὐ
1387 1977 1466 2013 μόνον
1477 1976 1508 2003 τὸ
1524 1975 1620 2006 κάλλος
1633 1973 1681 2008 τῆς
1697 1972 1771 2008 ὥρας
1779 1972 1823 1999 διὰ
1833 1971 1890 2000 τῶν

1098 2025 1184 2059 λόγων
1199 2024 1399 2060 προδείκνυσιν,
1412 2021 1481 2049 ἀλλὰ
1495 2022 1540 2048 καὶ
1554 2021 1600 2047 τὸν
1615 2019 1727 2046 πλοῦτον
1743 2018 1826 2053 αὐτῆς
1841 2018 1893 2044 ἁπ-

1098 2071 1265 2106 αριθμεῖται·
1276 2067 1306 2097 οὗ
1317 2070 1411 2104 κύριος
1423 2068 1530 2099 πάντως
1541 2068 1555 2093 ό
1564 2065 1725 2101 συνοικήσας
1734 2064 1888 2099 γενήσεται.

1105 2117 1134 2144 ὐ
1141 2117 1169 2148 δὲ
1179 2116 1292 2147 πλοῦτος
1301 2115 1369 2147 τέως
1379 2115 1408 2141 έν
1415 2115 1470 2146 τοῖς
1481 2113 1710 2149 προκοσμήμασιν
1731 2110 1818 2145 αὐτῆς
1826 2109 1891 2135 θεω-

1102 2164 1197 2198 ρεῖται.
1226 2161 1336 2197 Κόσμος
1369 2160 1417 2196 μὲν
1437 2160 1492 2196 γὰρ
1519 2159 1587 2194 αὐτῇ
1617 2154 1767 2193 περιδέξιος
1792 2155 1890 2186 αἰῶνες

259 2204 370 2235 sarcula,
388 2211 448 2234 cum
462 2203 499 2229 ita
520 2202 591 2235 dicat
611 2201 754 2237 Scriptura
764 2203 799 2230 '“:
820 2203 967 2240 Longitudo
987 2208 1042 2234 vita:

1098 2209 1162 2236 ὅλοι.
1174 2207 1266 2239 Οὕτως
1282 2208 1404 2238 είπόντος
1418 2206 1465 2232 τοῦ
1476 2206 1555 2239 λόγου
1567 2225 1574 2237 ,
1589 2205 1630 2231 ὅτι
1642 2203 1745 2237 Μῆιιος
1753 2202 1826 2234 βίου
1839 2199 1889 2226 καὶ

259 2255 283 2277 et
302 2250 364 2276 anni
379 2249 438 2275 vita:
448 2251 509 2274 sunt
523 2247 549 2273 in
564 2247 672 2274 dextera
696 2248 764 2283 ejus.
785 2248 812 2276 In
833 2249 942 2277 sinistra
956 2258 1045 2283 autem

259 2302 340 2323 manu
367 2294 448 2321 habet
478 2292 582 2328 positas
608 2293 745 2328 pretiosas
773 2295 900 2323 virtutum
926 2296 1045 2330 divitias,

259 2348 320 2377 quae
337 2339 418 2368 simul
435 2338 610 2373 resplendent
633 2346 695 2366 cum
715 2340 860 2375 splendore
879 2342 980 2376 glorizc.
1003 2343 1047 2370 Di-

260 2387 297 2415 cit
314 2386 386 2414 enim
400 2396 405 2413 :
423 2384 455 2411 In
466 2385 578 2412 sinislra
591 2385 648 2419 ejus
668 2386 770 2413 divitia:
787 2392 812 2416 et
825 2387 922 2422 gloria.
944 2388 1047 2417 Deinde

259 2433 317 2460 oris
328 2439 437 2467 quoque
447 2430 507 2465 ejus
517 2431 583 2458 dicit
593 2431 770 2459 redolentiam
783 2433 931 2468 spirantem
944 2433 1044 2462 bonum

260 2479 371 2506 odorem
394 2477 519 2513 justitiae,
546 2477 641 2505 dicens
665 2487 671 2506 :
693 2477 733 2505 Ex
759 2488 803 2506 ore
830 2480 889 2515 ejus
916 2481 1048 2516 egreditur

257 2524 375 2559 iustitia.
397 2524 425 2550 In
445 2523 505 2558 ejus
520 2527 610 2551 autent
629 2523 724 2556 labris,
740 2532 790 2559 pro
805 2526 904 2554 rubore
931 2528 1048 2555 naturali

261 2564 346 2606 legem
363 2569 459 2597 ﬂorere
484 2569 551 2597 dicit
573 2573 600 2597 et
622 2570 850 2598 misericordiam.
866 2571 899 2598 Et
922 2575 951 2599 ut
968 2572 1049 2607 hujus

262 2623 371 2652 sponsa:
392 2615 547 2642 inveniatur
564 2615 639 2642 omni
651 2623 683 2642 ex
698 2619 774 2650 parte
788 2615 907 2651 perfecta
924 2617 1048 2651 pulchri-

259 2662 336 2696 tudo,
364 2661 491 2688 laudatur
504 2668 615 2696 quoque
634 2660 694 2695 ejus
717 2660 854 2688 incessus.
872 2661 942 2688 Dicit
954 2663 1047 2691 cuitu:

261 2709 292 2736 In
311 2708 358 2735 viis
372 2707 484 2741 iustitia:
496 2705 702 2741 ambulat.Ejus
712 2714 820 2741 quoque
835 2707 1048 2742 pulchritudinis

262 2754 388 2783 laudibus
401 2760 451 2781 nec
464 2753 540 2781 deest
554 2751 663 2787 quidem
681 2751 849 2787 magnitudo,
859 2761 921 2780 cum
937 2753 997 2788 ejus
1007 2756 1048 2783 iu-

311 2844 423 2871 I"l‘rur.
442 2852 460 2876 ι,
475 2843 501 2869 8.
540 2843 560 2858 '“
574 2841 654 2869 Prov.
672 2849 709 2874 HI,
732 2842 762 2869 lt;
781 2850 855 2877 seqq.

1100 2255 1152 2288 ἐτη
1171 2253 1245 2288 ζωῆς
1261 2254 1295 2280 ἐν
1317 2252 1354 2287 τῇ
1369 2251 1454 2285 δεξιᾷ
1469 2250 1574 2285 αὐτῆς.
1600 2250 1644 2276 Ἐν
1665 2249 1693 2276 δὲ
1708 2250 1742 2284 τῇ
1759 2247 1892 2284 ἀριστερᾷ

1100 2299 1186 2335 χειρὶ,
1201 2298 1246 2325 τὸν
1257 2298 1403 2333 πολύτιμον
1419 2297 1472 2324 τῶν
1484 2295 1588 2330 ἀρετῶν
1604 2294 1757 2330 περίκειται
1775 2291 1890 2319 πλοῦτον

1099 2347 1132 2381 τῇ
1147 2344 1298 2380 λαμπηδόνι
1311 2344 1360 2379 τῆς
1372 2343 1451 2379 δόξης
1468 2340 1711 2381 συνδιαλάμποντα.
1729 2338 1811 2372 Λέγει
1825 2337 1891 2373 γὰρ,

1099 2391 1141 2417 ὅτι
1159 2391 1212 2418 Ἐν
1227 2389 1265 2424 τῇ
1289 2388 1431 2424 ἀριστερᾷ
1452 2387 1548 2421 αὐτῆς
1571 2385 1702 2418 πλοῦτος
1728 2384 1777 2413 καί
1805 2383 1892 2415 δόξα.

1101 2434 1166 2464 Είτα
1187 2437 1234 2463 καὶ
1259 2435 1306 2462 τοῦ
1326 2435 1460 2470 στόματος
1483 2433 1567 2468 αὐτῆς
1587 2432 1661 2466 λέγει
1690 2431 1740 2466 τὴν
1763 2429 1892 2456 εΰπνθιαν

1098 2482 1144 2509 τοῦ
1162 2481 1244 2509 καλοῦ
1264 2481 1314 2516 τῆς
1331 2480 1506 2515 δικαιοσύνης
1520 2478 1665 2514 ἁρώματος
1691 2476 1892 2507 ἀποπνέουσαν,

1101 2528 1187 2561 λέγων
1197 2536 1204 2543 ·
1227 2528 1278 2555 Ἐκ
1297 2527 1348 2554 τοῦ
1363 2526 1511 2561 στόματος
1531 2524 1627 2557 αὐτῆς
1643 2523 1834 2557 ἐκπορεύεται
1850 2521 1895 2547 δι-

1102 2574 1261 2607 καιοσύνη.
1286 2573 1348 2604 Τοῖς
1371 2572 1400 2599 δὲ
1424 2571 1539 2607 χείλεσιν
1553 2570 1641 2605 ἀὐτῆς
1664 2577 1747 2604 φησιν
1768 2567 1829 2594 ἀντὶ
1844 2565 1892 2592 τοῦ

1103 2618 1217 2654 φυσικοῦ
1244 2618 1415 2654 ἐρυθήματος
1444 2617 1490 2644 τὸν
1522 2615 1604 2650 νόμον
1634 2614 1761 2641 ἐπανθεῖν
1782 2612 1893 2639 καὶτὸν

1103 2664 1186 2691 ἔλεον.
1213 2663 1267 2690 Καὶ
1288 2663 1325 2696 ὡς
1340 2663 1373 2691 ἂν
1395 2663 1439 2690 διὰ
1455 2663 1565 2690 πάντων
1583 2659 1709 2696 εὑρεθείη
1733 2660 1766 2694 τῇ
1781 2657 1894 2693 τοιαύτῃ

1103 2711 1195 2746 νύμφῃ
1209 2710 1306 2742 κάλλος
1320 2710 1520 2745 ὲρανιζὸμενον,
1535 2708 1688 2734 ἐπαινεῖται
1701 2705 1786 2740 αὐτῆς
1802 2703 1855 2730 καὶ
1862 2703 1893 2729 τὸ

1105 2757 1233 2792 βάδισμα.
1252 2757 1318 2794 Φησὶ
1335 2757 1406 2793 γάρ·
1429 2756 1479 2783 Ἐν
1500 2753 1579 2788 ὁδοῖς
1595 2752 1790 2786 δικαιοσύνης
1811 2757 1892 2785 περι-
