1989 3070
116 74 159 103 769

645 70 677 96 IN
697 69 841 97 (ΣΑᾸΤΛΖᾹ
861 66 996 95 CANTIC.
1015 67 1157 94 HOMILIA
1173 68 1191 94 l.

1671 65 1722 92 770

115 129 201 157 πατεῖ.
219 129 255 155 Οὺ
268 128 355 158 λείπει
369 129 424 160 τοῖς
443 127 562 159 ἐπαίνοις
575 127 623 162 τῆς
638 127 711 164 ὥρας
725 127 785 154 οὐδὲ
798 126 828 152 τὸ
841 126 888 161 μέ-

945 128 1110 152 crcmcntum
1126 124 1278 152 excurrerit
1292 127 1420 157 tanquam
1438 122 1528 156 planta
1547 121 1637 156 aliqua
1654 121 1722 148 bene

114 175 201 210 γεθος,
223 171 270 200 ἶσα
293 173 368 209 φυτῷ
394 182 446 201 τινι
464 173 518 200 τῶν
540 172 656 209 εὐερνῶν
679 167 729 207 τῆς
751 172 889 207 αὐξήσεως

107 219 324 254 ἀναδραμούσης.
350 218 387 244 Τὸ
407 219 436 245 δὲ
456 218 537 253 φυτὸν
555 216 633 244 τοῦτο
645 214 667 252 ᾦ
680 217 710 244 τὸ
725 217 791 253 ὕψος
805 213 896 251 αὐτῆς

115 263 429 300 προσεικάςεται,Αὐτὸ,
450 264 531 299 φησὶ,
558 263 591 290 τὸ
616 262 670 297 τῆς
693 262 767 297 ζωῆς
795 262 890 296 ξύλον

109 308 196 338 ἐστὶν,
211 307 226 333 ὃ
241 307 327 342 τροφὴ
337 307 386 342 μὲν
400 307 503 342 γίνεται
512 306 574 339 τοῖς
588 307 810 342 ἀντεχομένοις,
824 306 888 332 στύ-

109 353 148 384 λος
156 353 182 379 δὲ
191 352 252 386 τοῖς
265 352 502 387 ὲπερειδομένοις
511 352 653 387 ἀσφαλής
663 361 692 379 τε
702 353 749 379 καὶ
757 352 891 384 ἄσειστος.

109 398 163 425 Νοῶ
173 399 201 425 δὲ
212 398 247 425 δι¹
263 399 427 434 ἀμφοτέρων
442 398 488 425 τὸν
502 398 615 435 Κύριον.
626 398 712 430 Αὐτὸς
724 399 779 434 γάρ
788 400 861 426 ἐστιν
874 399 891 434 ῆ

114 442 164 478 ζωὴ
180 443 226 470 καὶ
240 443 270 469 τὸ
285 443 409 478 ἔρεισμα.
429 445 504 479 Ἔχει
516 445 544 471 δὲ
557 446 573 480 ἡ
591 444 664 477 λέξις
677 443 776 476 οὕτως·
791 444 891 471 Ξύλον

114 487 180 521 ζωῆς
200 488 265 515 ἐστι
283 488 358 516 πᾶσι
378 489 440 522 τοῖς
462 490 670 525 ἀντεχομένοις
693 490 802 524 αὐτῆς,
828 489 891 526 [καὶ

113 533 163 564 τοῖς
176 533 391 568 ἐπερειδομένοις
410 534 454 560 ἐπ’
468 534 552 569 αὐτὴν
570 534 608 566 ὡς
624 535 669 561 ἐπὶ
685 534 785 569 Κύριον
802 534 889 569 ἀσφα-

114 577 185 614 λής.]
201 578 491 614 Συμπεριλαμϐἁνεται
500 578 528 605 δὲ
541 579 610 614 μετὰ
624 578 678 605 τῶν
693 578 794 605 λοιπῶν
804 579 890 613 ὲγκω-

115 623 178 659 μίων
198 624 283 658 αὐτῆς
305 624 352 651 καὶ
367 625 384 660 ὴ
400 624 512 660 δύναμις
522 644 529 657 ,
553 624 591 656 ὡς
604 624 637 651 ἂν
657 624 700 651 διὰ
716 625 824 652 πάντων
837 625 890 651 τῶν

113 668 215 702 ἀγαθῶν
234 668 389 705 πληρωθείη
415 669 462 696 τοῦ
478 669 590 702 κάλλους
605 669 654 704 τῆς
674 669 769 704 σοφίας
782 670 796 697 ὁ
812 669 891 696 ἐπαι-

113 711 162 745 νος.
187 711 219 740 ’0
244 714 315 747 Θεὸς
339 714 408 750 γὰρ,
432 715 513 750 φησὶ,
537 715 575 749 τῇ
604 716 696 750 σοφίᾳ
716 715 892 750 ἑθεμελίωσε

113 759 165 793 τὴν
177 757 246 795 γῆν.
270 760 415 796 Ἠτοίμασε
431 762 460 788 δὲ
484 762 547 793 τοὺς
562 762 693 797 οὐρανοὺς
707 763 735 788 ὲιν
752 763 889 798 φρονήσει,

113 806 156 832 καὶ
171 806 204 832 τὰ
219 806 278 832 καθ’
295 804 410 833 ἕκαστον
432 807 485 833 τῶν
504 808 531 834 ὲν
547 809 580 843 τῇ
599 807 684 833 κτίσει
698 807 889 843 θεωρουμένων

113 851 150 882 εἱς
159 851 207 886 τὴν
224 851 272 886 τῆς
284 851 378 885 σοφίας
387 852 446 885 ἄγει
458 850 580 888 δύναμιν,
598 852 787 878 διαποικίλλων
806 853 889 886 αὐτὴν

112 896 165 926 ’τοῖς
178 889 299 929 ὸνᾶμασι.
324 895 379 930 Τὴν
394 895 448 930 γὰρ
463 895 545 930 αὐτὴν
569 896 614 922 καὶ¹
635 895 730 930 σοφίαν
752 895 824 930 λέγει
845 896 890 922 xa‘t

114 939 227 972 σύνεσιν,
248 939 372 975 αἴσθησίν
386 949 415 966 τε
436 940 483 967 καὶ
496 940 595 974 γνῶσιν
612 941 658 967 καὶ
673 940 777 967 σύνεσιν
792 942 839 967 καὶ
857 941 891 967 τὰ

112 987 230 1015 τοιαῦτα.
254 987 332 1016 Μετὰ
353 988 382 1014 δὲ
402 987 488 1015 ταῦτα
509 987 701 1023 νυμφοστολεῖν
720 988 831 1022 ἄρχεται
846 986 891 1014 tow

112 1034 168 1060 νέον
187 1034 255 1070 πρὸς
276 1034 326 1070 τὴν
346 1033 473 1069 τοιαύτην
502 1033 665 1068 συνοίκησιν,
689 1033 738 1069 ἥδη
756 1033 823 1068 πρὸς
847 1033 891 1059 τὸν

113 1079 182 1106 θεῖον
202 1079 324 1114 θάλαμον
349 1079 456 1114 βλέπειν
481 1079 698 1114 ἐγκελευόμενος.
720 1079 800 1112 Λέγει
826 1079 891 1113 γὰρ,

110 1126 151 1152 ὅτι
165 1125 212 1159 Μὴ
234 1126 438 1160 ἐγκαταλίπῃς
464 1124 560 1159 αὐτὴν
576 1125 626 1151 καί
644 1123 799 1156 ἀνθέξεταί
815 1132 872 1151 σου
883 1132 890 1139 ·

112 1167 250 1205 ἐράσθητι
264 1170 368 1205 αὐτῆς,
384 1171 432 1198 καὶ
443 1170 566 1204 τηρήσει
578 1178 615 1197 σε
626 1178 632 1185 ·
647 1169 892 1204 περιχαράκωσον

113 1217 208 1250 αὐτὴν
232 1216 280 1243 καὶ
304 1216 420 1250 ὑψώσει
447 1221 500 1243 σε·
520 1217 648 1250 τίμησον
674 1215 770 1249 αὐτὴν
790 1215 840 1241 ἵνα
856 1220 892 1242 σε

114 1258 254 1297 περιϐάλῃ
264 1271 270 1276 ⁸
291 1262 341 1288 ἵνα
354 1256 395 1294 δῷ
407 1258 445 1296 τῇ
458 1261 574 1296 κορυφῇ
589 1262 740 1295 στέφανον
754 1261 891 1296 χαρίτων,

113 1307 250 1342 στεφάνῳ
274 1306 308 1333 δὲ
324 1306 437 1341 τρυφῆς
456 1307 658 1341 ύπερασπίσῃ.
683 1306 727 1333 Ἐν
741 1305 844 1337 τούτοις
861 1305 893 1340 δὴ

113 1353 168 1383 τοῖς
183 1353 323 1387 στεφάνοις
344 1351 393 1387 ἤδη
414 1352 470 1383 τοῖς
490 1353 618 1387 γαμικοῖς
640 1351 748 1386 νύμφην
776 1359 893 1378 κατακο-

114 1397 223 1432 σμήσας
235 1397 382 1432 ἀχώριστον
397 1396 480 1432 αὐτῆς
495 1395 563 1423 εἶναι
578 1396 774 1428 διακελεύεται,
791 1396 891 1431 λέγων’

118 1443 217 1469 Ἠνίκα
240 1443 278 1470 ἂν
301 1442 465 1477 περιπατῇς
485 1441 595 1475 ἐπάγον
619 1442 725 1476 αὐτὴν,
749 1442 798 1475 καὶ
819 1442 893 1477 μετὰ

113 1487 171 1514 σοῦ
186 1488 263 1514 ἔστω
273 1496 280 1503 ·
293 1488 328 1520 ὡς
343 1487 368 1514 δ’
383 1487 421 1514 ἂν
433 1487 578 1521 καθεύδῃς
594 1487 774 1521 φυλασσέτω
789 1494 834 1519 σε,
846 1488 896 1514 ἵνα

113 1532 287 1566 ὲγειρομένῳ
311 1531 455 1566 συλλαλῇ
484 1539 542 1559 σοι.
569 1532 618 1558 Διὰ
642 1531 744 1559 τούτων
769 1533 815 1558 καὶ
842 1533 896 1559 τῶν

113 1577 241 1604 τοιούτων
257 1577 303 1604 τοῦ
319 1577 458 1610 νεάζοντος
473 1576 512 1603 ἔτι
529 1576 600 1603 κατὰ
623 1577 668 1603 τὸν
689 1576 742 1604 ἔσω
756 1577 897 1613 ἄνθρωπον

113 1623 145 1649 τὺ
163 1622 357 1658 ἐπιθυμητικὺν
381 1622 545 1657 ἀναφλέξας,
568 1623 614 1649 καὶ
638 1622 722 1657 αὐτὴν
744 1623 850 1658 ἐκείνην
863 1623 898 1650 τὰ

114 1667 180 1702 περὶ
194 1667 292 1702 ἑαυτῆς
306 1667 485 1703 διηγουμένην
501 1667 642 1699 ὑποδείξας
659 1667 697 1703 τῷ
711 1667 797 1703 λόγῳ,
808 1668 841 1694 δι’
860 1666 897 1696 ὧν

117 1713 234 1748 μάλιστα
246 1713 293 1748 τὴν
303 1713 476 1748 ἀγαπητικὴν
488 1713 578 1748 σχέσιν
592 1713 645 1740 τῶν
660 1714 811 1741 ἀκουόντων
825 1715 899 1748 ὲφέλ-

115 1767 210 1792 κεται,
232 1758 310 1785 τοῦτο
332 1758 401 1794 μετὰ
420 1759 473 1785 τῶν
497 1758 583 1785 ἄλλων
601 1758 730 1792 εἰποῦσα,
756 1759 797 1786 ὃτι
825 1760 899 1794 Ἐγὼ

114 1804 187 1837 τοὺς
210 1805 262 1839 ἐμὲ
281 1795 449 1838 ’φιλοῦντας
477 1804 589 1839 ἀγαπῶ.
613 1805 644 1831 Ἦ
670 1805 724 1840 γὰρ
750 1805 826 1835 ἐλπὶς
852 1806 898 1832 τοῦ

115 1849 339 1884 ἀνταγαπηθῆναι
362 1849 538 1884 σφοδρότερον
554 1850 594 1881 είς
609 1848 755 1884 ἐπιθυμίαν
773 1849 817 1877 τὸν
837 1850 900 1886 ὲρα-

117 1895 184 1930 στὴν
200 1895 332 1930 διατίθησι
342 1904 348 1910 ·
361 1895 407 1922 καὶ
422 1895 490 1930 μετὰ
504 1895 606 1922 τούτων
623 1896 670 1927 τὰς
685 1895 780 1927 λοιπὰς
790 1896 900 1930 ἐπάγων

117 1939 285 1975 συμϐουλίας
301 1940 329 1966 ἐν
349 1940 542 1974 ἀποφαντικοτς
555 1946 608 1967 τισι
626 1941 672 1967 καὶ
685 1941 900 1978 ἀπεριγράπτοις

117 1986 176 2016 τοῖς
191 1985 395 2020 ἀποφθέγμασι,
418 1986 464 2012 καὶ
489 1987 528 2017 εἱς
551 1986 718 2022 τελειοτέραν
741 1986 797 2019 ἕξιν
820 1988 900 2014 αὑτὸν

117 2030 240 2065 ἀγαγὼν,
263 2028 322 2057 εἶτα
339 2031 406 2066 πρὸς
422 2032 476 2063 τοῖς
491 2031 654 2064 τελευταίοις
667 2032 720 2058 τῶν
745 2032 900 2068 Παροιμιῶν

119 2076 277 2112 μακαρίσας
303 2076 405 2112 ταύτην
429 2075 479 2111 τὴν
503 2077 607 2112 ἀγαθὴν
633 2077 779 2111 συζυγίαν,
805 2079 833 2104 ἐν
860 2076 900 2110 οἷς

939 169 1106 204 germinans.
1120 169 1154 196 Ut
1167 173 1257 195 autem
1269 168 1404 202 intelligas
1417 167 1460 194 cui
1477 167 1575 201 plantat
1588 167 1722 194 assimila-

940 218 985 241 tur
1013 215 1073 249 ejus
1093 214 1217 246 altitudo,
1249 213 1323 248 Ipsa.
1346 213 1443 248 inquit,
1463 217 1502 240 est
1528 213 1627 247 lignum
1652 212 1721 244 vim,

940 260 1011 295 quod
1026 265 1066 288 est
1081 261 1189 295 quidem
1200 260 1396 286 nutrimentum
1412 259 1444 285 iis
1455 259 1498 294 qui
1513 267 1571 285 eam
1584 258 1723 292 apprehen-

939 306 1021 337 dunt;
1038 306 1071 333 iis
1093 309 1181 333 autem
1204 305 1249 340 qui
1265 304 1422 336 innituntur,
1444 304 1567 331 columna
1585 306 1664 340 firma
1691 311 1723 330 ac

945 351 1063 384 stabilis,
1080 355 1107 378 et
1120 359 1179 386 qua:
1195 352 1248 376 non
1263 347 1351 384 potest
1365 347 1494 376 labeﬁeri.
1513 347 1565 376 Per
1578 353 1723 383 utrumque

941 399 1032 423 autem
1058 396 1181 431 intelligo
1206 396 1360 424 Dominum.
1387 396 1448 432 Ipse
1472 396 1541 423 enim
1564 399 1604 423 cst
1619 396 1674 422 vita
1696 400 1722 422 et

941 439 1058 467 fulcrum”
1077 447 1108 468 ac
1123 438 1333 468 ﬁrmamentum.
1346 440 1384 467 Ita
1400 439 1490 467 autem
1503 439 1584 466 habet
1596 439 1723 467 dictionis

941 489 1094 520 contextus,
1117 486 1227 522 Liguum
1249 491 1288 514 est
1307 488 1366 514 vitw
1390 483 1509 513 omnibus
1523 486 1568 520 qui
1582 487 1723 520 apprehen-

941 531 1007 558 dunt
1027 540 1095 559 eam.
1112 532 1359 567 Comprehenditur
1372 534 1462 559 autem
1476 539 1536 558 cum
1550 532 1654 558 czcleris
1665 531 1723 566 ejus

940 586 1049 613 quoque
1069 578 1194 606 laudibus
1213 578 1346 613 potentia,
1369 581 1398 605 ut
1415 579 1464 612 p'er
1480 577 1569 604 omnia
1586 577 1654 604 bona
1675 577 1724 603 im-

941 623 1047 659 pleatur
1064 623 1125 651 laus
1145 623 1359 658 pulchritudinis
1380 622 1529 657 sapientiae.
1550 621 1620 649 Deus
1639 623 1722 650 enim.

941 668 1039 703 inquit,
1058 669 1190 703 sapientia
1210 668 1330 703 fundauit
1352 667 1580 696 terram.Paravit
1600 668 1683 695 oculos
1696 667 1724 695 in

941 714 1093 749 prudentia,
1107 718 1134 742 et
1152 715 1364 750 unumquodque
1372 722 1465 742 eorum
1477 723 1537 750 qua:
1552 714 1725 742 consideran-

942 763 986 786 tur
1001 760 1029 786 in
1045 760 1194 791 creatione,
1208 759 1318 788 deducit
1328 760 1362 787 ad
1370 760 1440 787 viam
1454 759 1671 795 sapientim,eam
1684 767 1725 787 or-

942 814 1011 834 nans
1021 807 1103 834 variis
1117 807 1273 835 nominibus
1285 816 1290 833 :
1300 806 1421 835 eamdem
1435 807 1506 834 enim
1518 807 1555 834 ait
1565 811 1627 834 esse
1639 810 1665 834 et
1681 814 1726 833 sa-

941 852 1071 887 pientiam
1088 856 1114 879 et
1131 852 1347 888 intelligentiam,
1365 860 1475 880 sensum
1492 856 1518 880 et
1543 852 1727 887 cognitionem‘

940 901 968 925 et
987 897 1172 932 prudentiam,
1196 902 1222 925 et
1239 906 1298 933 qua:
1316 903 1380 925 sunt
1395 897 1561 937 hujusmodi.
1587 897 1652 925 Post
1669 897 1726 924 haec

941 947 1031 970 autem
1048 943 1146 978 incipit
1165 947 1295 978 tanquam
1312 943 1514 979 paranymphus
1528 942 1662 970 deducere
1681 943 1726 978 ju-

940 996 1035 1016 venem
1061 989 1094 1017 ad
1121 989 1255 1024 ejusmodi
1282 990 1528 1020 cohabilationem,
1549 989 1580 1016 ad
1605 983 1725 1015 divinum

941 1035 1089 1062 thalamum
1110 1035 1165 1070 jam
1196 1035 1296 1070 jubens
1322 1035 1432 1062 intueri.
1460 1035 1530 1062 Dicit
1561 1035 1632 1062 enim
1655 1045 1660 1061 :
1687 1034 1726 1061 Ne

941 1081 1060 1108 dimittas
1076 1089 1143 1114 eam,
1169 1087 1193 1108 et
1209 1081 1329 1108 retinebit
1345 1086 1388 1108 te:
1413 1081 1493 1116 dilige
1517 1089 1585 1112 eam,
1603 1086 1626 1107 et
1643 1085 1727 1107 custo-

941 1126 994 1153 diet
1021 1131 1062 1153 te:
1079 1126 1250 1153 circumvalla
1280 1134 1348 1157 eam,
1375 1130 1398 1152 et
1424 1130 1447 1152 te
1467 1126 1494 1152 in
1517 1125 1600 1152 altum
1622 1124 1726 1151 ere/tet:

942 1170 1042 1197 honora
1055 1178 1112 1197 eam
1133 1174 1161 1197 ut
1178 1175 1201 1197 te
1216 1170 1407 1204 amplectatur:
1431 1174 1460 1195 ut
1474 1170 1515 1196 det
1530 1174 1573 1195 tuo
1589 1169 1670 1203 capiti
1684 1176 1727 1195 co-

942 1225 1035 1243 ronam
1056 1217 1214 1251 gratiarum,
1239 1225 1336 1243 corona
1349 1221 1434 1243 autent
1460 1215 1614 1242 deliciarum
1630 1219 1653 1241 te
1666 1222 1727 1248 pro-

944 1267 1019 1298 teget.
1046 1262 1113 1289 Cum
1132 1262 1174 1289 bis
1194 1262 1362 1297 nuptialibus
1379 1262 1486 1289 coronis
1511 1268 1569 1289 eam
1585 1261 1640 1295 jam
1667 1265 1727 1287 tau-

943 1317 1025 1344 quam
1041 1317 1169 1344 sponsam
1184 1313 1319 1340 ornasset,
1336 1309 1413 1344 jubet
1429 1309 1463 1336 ab
1479 1317 1510 1335 ea
1527 1315 1665 1343 nunquam
1682 1315 1727 1336 se-

943 1355 1046 1389 parari,
1071 1353 1185 1381 dicens:
1206 1353 1318 1387 Quando
1335 1353 1468 1385 ambulas,
1489 1353 1539 1380 diu:
1560 1361 1628 1383 eam.
1644 1357 1668 1380 et
1693 1353 1729 1380 sit

946 1404 1040 1430 tecum;
1063 1407 1122 1425 cum
1147 1398 1271 1431 dormies,
1294 1404 1317 1425 Ie
1333 1399 1473 1430 custodiat,
1494 1403 1522 1424 ut
1540 1403 1622 1425 tecunt
1638 1406 1727 1432 exper-

908 1457 930 1485 ο
946 1450 1015 1472 recto
1030 1444 1203 1478 colloquatur.
1215 1442 1237 1459 ⁸¹
1247 1442 1316 1470 Cum
1324 1443 1434 1478 perluec
1455 1447 1482 1470 et
1506 1451 1565 1477 qua:
1582 1447 1644 1470 sunt
1656 1443 1729 1477 ejus-

949 1490 1033 1521 modi.
1049 1490 1108 1525 ejus
1119 1490 1164 1525 qui
1176 1494 1218 1518 est
1231 1489 1321 1517 adhuc
1333 1489 1442 1523 juvenis
1456 1489 1604 1516 secundum
1619 1489 1730 1516 interio-

947 1527 1003 1564 rem
1021 1537 1168 1568 hominem.
1189 1535 1384 1562 inﬂammasset
1398 1533 1584 1569 cupiditatem,
1608 1538 1635 1561 et
1657 1534 1728 1560 illam

947 1582 1033 1617 ipsam
1050 1589 1098 1609 sua
1115 1584 1272 1608 narrantem
1285 1580 1407 1607 oratione
1421 1578 1595 1610 ostendisset.
1611 1587 1660 1614 per
1671 1587 1730 1614 qua:

947 1627 1064 1653 maxime
1076 1625 1188 1653 attrahit
1201 1625 1355 1652 dilectionis
1364 1624 1520 1651 auditorum
1533 1624 1729 1655 habitudinem.

948 1670 1000 1698 hoc
1016 1677 1079 1697 cum
1105 1670 1167 1697 aliis
1184 1669 1279 1701 dicens
1301 1675 1308 1696 :
1329 1668 1384 1704 Ego
1395 1669 1531 1704 diligentes
1546 1677 1586 1696 me
1599 1669 1679 1704 diligo
1693 1669 1730 1700 ³³;

948 1723 1011 1751 spes
1027 1715 1098 1742 enim
1121 1721 1174 1749 qua
1191 1717 1319 1749 speratur
1342 1713 1400 1741 tore
1417 1717 1446 1740 ut
1463 1714 1629 1743 redametur.
1654 1722 1730 1741 ama-

949 1767 1035 1789 torem
1051 1761 1199 1788 ardentiori
1214 1759 1296 1787 allicit
1318 1759 1470 1787 desiderio:
1489 1764 1589 1787 etcum
1608 1760 1651 1787 his
1669 1760 1731 1787 reli-

949 1815 1003 1843 qua
1016 1807 1172 1835 adduxisset
1188 1806 1314 1838 consilia,
1333 1805 1361 1832 in
1374 1805 1536 1840 quibusdam
1551 1805 1631 1833 dictis
1645 1814 1732 1833 enun-

950 1853 1066 1882 tiatoriis
1083 1856 1109 1880 et
1121 1852 1232 1879 minime
1247 1851 1474 1886 circumscriptis,
1489 1855 1516 1879 et
1531 1858 1592 1879 eum
1607 1850 1640 1878 ad
1655 1851 1731 1878 habi—

949 1902 1007 1926 tum
1023 1897 1181 1925 deduxisset
1194 1897 1394 1932 perfectiorem,
1408 1901 1435 1924 et
1448 1897 1544 1924 deinde
1559 1897 1585 1924 in
1601 1897 1652 1924 line
1667 1897 1731 1924 Pro-

949 1941 1104 1968 verbiorum
1118 1941 1322 1975 pronuntiasset
1338 1947 1399 1968 esse
1413 1941 1518 1968 bcatatn
1535 1941 1606 1969 hanc
1618 1942 1732 1976 conjun-

950 1987 1078 2019 ctionem,
1103 1986 1214 2020 quanth
1237 1987 1360 2014 mulieris
1379 1986 1452 2014 illius
1475 1986 1554 2013 fortis
1572 1991 1731 2021 persecutus

950 2036 992 2059 est
1006 2030 1140 2062 eneomia,
1157 2035 1221 2057 tunc
1238 2030 1361 2065 adjungit
1378 2030 1450 2057 illam
1466 2037 1526 2065 qua:
1540 2035 1582 2058 est
1601 2031 1627 2057 in
1638 2030 1732 2058 Eccle-

951 2076 1035 2104 siaste
1050 2075 1261 2110 philosophiam,
1283 2078 1313 2101 ut
1329 2075 1375 2109 qui
1395 2082 1444 2109 per
1465 2075 1662 2109 proverbialem
1689 2075 1732 2100 in-

116 2122 240 2157 διεξῆλθε
253 2123 287 2149 τὰ
301 2123 350 2157 τῆς
363 2123 486 2158 ἀνδρείας
502 2123 628 2157 γυναικὸς
644 2123 749 2158 ἐκείνης
763 2123 895 2158 ἐγκώμια1

951 2121 1120 2150 stitutionem
1140 2120 1207 2148 satis
1230 2119 1429 2147 introduxisset
1442 2121 1476 2146 ad
1497 2119 1661 2146 desiderium
1677 2119 1733 2146 vir-

115 2166 179 2193 τότε
191 2166 350 2202 προστίθησι
360 2167 408 2202 τὴν
418 2168 446 2193 ἐν
462 2167 501 2202 τῷ
517 2167 715 2203 Ἐκκλησιαστῇ
732 2167 899 2202 φιλοσοφίαν,

115 2211 158 2246 τῷ
181 2211 265 2247 ἱκανῷ
283 2211 326 2238 διὰ
340 2212 390 2247 τῆς
412 2211 611 2248 παροιμιώδους
625 2212 736 2246 ἀγωγῆς
754 2213 902 2247 εἰσηγησα-

117 2259 194 2294 μένῳ
209 2260 249 2291 εἰς
271 2259 319 2295 τὴν
332 2259 387 2286 τῶν
408 2259 511 2295 ἀρετῶν
526 2258 682 2294 ἐπιθυμίαν.
701 2257 755 2285 Καὶ
768 2258 902 2285 διαϐαλὼν

115 2306 148 2330 ἐν
164 2305 251 2340 τούτῳ
270 2304 307 2340 τῷ
329 2305 398 2340 λόγῳ
412 2305 462 2340 τὴν
488 2305 555 2340 περὶ
570 2305 605 2331 τὰ
620 2304 769 2339 φαινόμενα
787 2305 841 2331 τῶν
855 2305 903 2331 ἀν-

115 2350 236 2386 θρώπων
261 2351 364 2385 σχέσιν,
393 2352 438 2377 καὶ
459 2351 572 2386 μάταιον
597 2350 682 2377 εἰπὼν
705 2347 774 2376 εῖναι
800 2351 853 2377 πᾶν
872 2351 902 2377 τὸ

114 2395 253 2423 ἀστατοῦν
275 2404 305 2422 τε
324 2397 370 2422 καὶ
385 2397 604 2431 παρερχόμενον,
631 2397 661 2422 ἐν
683 2393 722 2427 οἷς
746 2405 844 2431 φησιν,
861 2396 902 2422 ὅτι

114 2442 178 2468 Πᾶν
194 2440 223 2467 τὺ
242 2441 422 2476 ἐπερχόμενον
440 2439 601 2475 ματαιότηςο
621 2440 783 2476 ὑπερτίοησι
803 2441 902 2473 παντὸς

113 2486 165 2513 τοῦ
177 2485 210 2511 δι’
225 2485 375 2519 αἰσθήσεως
389 2484 662 2520 καταλαμΰανομίἐνου
676 2484 725 2520 τὴν
740 2486 902 2521 ὲπιφυτικὴν

112 2531 168 2565 τῆς
182 2530 269 2565 ψυχῆς
283 2529 359 2564 ἡμῶν
379 2528 484 2564 κίνησιν
500 2529 546 2556 ἐπὶ
561 2529 591 2556 τὸ
601 2530 716 2564 ἀόρατον
729 2529 838 2561 κάλλος·
857 2531 902 2556 καὶ

112 2572 205 2604 οὕτως
230 2572 384 2608 ἐκκαθάρας
404 2572 452 2606 τὴν
471 2571 583 2606 καρδίαν
607 2572 656 2606 τῆς
681 2573 745 2607 περὶ
765 2572 799 2598 τὰ
812 2572 902 2606 φαινό-

115 2627 190 2654 μενα
211 2619 338 2653 σχέσεως,
355 2618 414 2645 τότε
425 2617 468 2645 διὰ
483 2617 530 2644 τοῦ
546 2618 682 2652 ’ᾼσματος
698 2618 751 2645 τῶν
772 2619 901 2654 ᾀσμάτων

157 2762 182 2778 ⁶¹
195 2762 235 2789 Ρ..
250 2772 273 2789 \.
289 2770 324 2794 tv,
341 2762 368 2795 6,
382 2770 440 2796 sqq.
481 2762 501 2777 ε’
514 2760 594 2787 Prov.
613 2768 672 2794 vui,
693 2760 733 2787 ιτ.

952 2171 1040 2194 tutum
1052 2175 1058 2193 :
1074 2170 1101 2194 et
1116 2172 1176 2193 cum
1191 2167 1218 2193 in
1232 2172 1264 2193 eo
1278 2165 1347 2192 libro
1360 2164 1579 2200 reprehendisset
1593 2165 1733 2192 hominum

953 2212 986 2239 ad
1000 2212 1026 2238 id
1046 2211 1118 2246 quod
1146 2214 1258 2246 apparet
1282 2209 1479 2242 habitudinem,
1508 2214 1535 2236 et
1557 2217 1656 2236 vanum
1673 2217 1735 2237 esse

952 2258 1067 2285 dixisset
1081 2257 1213 2292 quidquid
1228 2261 1270 2284 est
1284 2256 1411 2284 instabile
1424 2260 1452 2284 et
1467 2257 1614 2289 transiens,
1629 2257 1734 2289 dicens,

953 2303 1090 2338 Quidquid
1112 2302 1186 2329 venit
1207 2306 1249 2330 est
1270 2302 1395 2329 vanitas:
1422 2301 1533 2329 cuilibet
1558 2302 1629 2337 quod
1654 2310 1737 2330 sensu

952 2347 1202 2382 comprehenditur,
1223 2346 1332 2382 prmiert
1354 2347 1505 2374 naturalem
1523 2348 1620 2375 animae
1635 2353 1738 2375 nostra:

953 2393 1100 2421 motionem
1121 2392 1156 2419 ad
1182 2392 1412 2427 pulchritudinem
1438 2400 1498 2427 qua:
1514 2400 1567 2419 non
1590 2393 1663 2420 cadit
1685 2394 1738 2420 sub

953 2442 1104 2473 aspectum.
1132 2436 1163 2464 Et
1177 2445 1237 2464 enm
1261 2437 1301 2464 sic
1319 2445 1367 2464 cor
1385 2441 1564 2472 expurgasset
1578 2437 1611 2464 ab
1628 2438 1738 2465 babitu-

953 2483 1017 2510 dine
1034 2489 1094 2517 quae
1109 2486 1150 2509 est
1168 2481 1201 2508 ad
1216 2481 1242 2508 id
1265 2481 1337 2516 quod
1353 2485 1474 2516 apparet,
1501 2485 1566 2508 tunc
1581 2489 1629 2516 per
1643 2482 1739 2509 Canti-

955 2535 1017 2555 cum
1034 2528 1204 2555 canticorum
1227 2528 1343 2563 mystice
1370 2527 1523 2554 introduxit
1544 2527 1738 2562 cogitationem

956 2574 988 2600 ad
1005 2573 1097 2600 divina
1112 2573 1210 2609 adyta:
1227 2573 1255 2600 in
1270 2574 1371 2608 quibus
1386 2573 1412 2599 id
1428 2572 1537 2608 quidem
1553 2573 1624 2607 quod
1641 2572 1739 2599 inscri-

955 2612 1040 2650 bitur,
1055 2622 1097 2646 est
1114 2624 1262 2654 apparatus
1283 2619 1430 2656 nuptialis:
1450 2618 1475 2646 id
1497 2621 1587 2645 autem
1606 2617 1677 2652 quod
1696 2618 1740 2645 itt-
