1989 3070
244 133 294 167 ττι

866 129 895 156 s.
916 123 1082 156 cnsconu
1101 119 1249 154 Nt'sssxt

1823 118 1876 144 πε

245 188 386 223 tclligitur,
401 191 443 214 cst
466 186 591 213 humana:
614 186 712 213 animm
729 192 791 213 cum
808 185 863 213 Deo
879 190 1036 219 cunlcmpe-

1096 183 1162 215 ιντὺς
1176 183 1229 209 τῶν
1240 182 1319 209 θείων
1332 180 1434 208 ἀδύτων
1451 179 1627 215 μυσταγωγεῖ
1638 177 1690 210 τὴν*
1700 176 1833 204 διάνοιαν·
1847 175 1877 200 ἐν

245 235 325 261 ratio.

280 369 427 401 Propterea
441 375 465 395 ts
479 367 521 395 est
538 370 658 402 sponsus
672 367 719 402 q’ui
735 367 761 394 in
775 366 934 395 Proverbiis
947 369 1038 396 ιιοωὶ-

246 421 327 442 natur
351 414 433 446 tilius,
459 419 486 440 et
503 414 636 448 Sapientia
660 413 750 440 locum
775 417 848 441 tenet
871 421 989 449 sponsae,
1007 418 1038 442 ut

247 462 302 488 lt-o
318 462 399 487 homo
419 460 602 494 desponsetur
619 464 695 486 casta
720 460 807 494 virgo,
829 463 856 487 ct
873 459 928 488 Deo
949 460 1039 496 agglu-

247 508 349 534 tinatus
376 506 422 533 ﬁat
447 513 518 532 unus
536 505 659 540 spiritus,
690 512 738 539 per
755 505 1037 540 contemperatioucm

247 559 308 578 cum
324 560 358 578 co
369 551 441 586 quod
458 555 500 578 est
518 551 551 577 ab
567 550 679 578 interitu
698 550 817 578 alienum
833 554 860 578 et
876 551 1037 586 impatibile,

247 597 281 624 de
295 597 368 631 gravi
386 604 468 622 carne
480 596 592 623 effectus
607 604 677 631 pura
689 596 878 631 intelligentia.
893 596 961 624 Cum
973 604 1039 632 ergo

249 642 284 669 sil.
309 648 375 676 quae
390 640 512 675 loquitur
532 641 676 675 sapientia,
704 641 787 676 dilige
809 643 942 676 quantum
962 647 1039 677 potes

248 695 281 715 ex
297 691 354 714 toto
371 686 454 714 corde
471 690 497 714 et
511 686 577 713 totis
592 686 709 719 viribus,
726 687 891 722 concupisce
906 692 1039 723 quantum

248 738 325 768 potes
338 740 447 767 capere.
461 731 539 759 Addo
552 736 643 759 autem
659 731 790 760 audacter
804 733 848 761 his
859 741 967 768 quoque
977 741 1039 760 ver-

250 779 301 811 bis,
318 779 397 805 Ama.
418 776 512 811 Neque
526 777 599 804 enim
615 777 825 812 reprehensioni
840 782 883 806 est
895 777 994 809 affinis,
1013 781 1041 805 et

249 828 291 852 est
316 823 475 859 impatibilis
493 823 521 850 in
542 824 713 859 incorporeis
730 824 788 851 haec
804 823 922 854 aﬂectio.
946 828 976 851 ut
994 832 1039 851 sa-

250 872 352 907 pientia
377 871 444 898 dicit
458 871 486 898 in
509 870 678 904 Proverbiis,
693 870 726 898 de
748 877 842 898 amore
860 870 961 898 dlvlnm
980 870 1040 905 pul-

250 917 416 945 chritudinis
439 916 525 951 legem
541 915 643 944 ferens.
662 916 715 943 Sed
731 916 831 943 similia
847 923 957 951 quoque
971 922 1041 950 prae-

251 963 321 998 cepit
335 962 403 990 liber
418 969 492 989 nunc
508 962 678 997 propositus,
694 969 748 989 non
765 961 799 989 de
811 962 863 989 hoc
879 961 982 989 nudum
1000 968 1041 988 so-

251 1009 390 1036 lummodo
401 1007 519 1037 aﬂ'erens
530 1008 676 1035 consilium
690 1015 696 1034 :
712 1008 760 1036 sed
775 1015 823 1042 per
837 1015 938 1034 arcana
957 1007 1042 1042 philo-

252 1054 396 1089 sophatur,
410 1054 444 1080 iis
456 1060 517 1088 quae
526 1053 725 1088 intelliguntur,
739 1053 926 1088 conjecturam
938 1052 1042 1080 faciens

252 1099 395 1134 cujusdam
408 1099 535 1133 imaginis
545 1106 639 1126 eorum
652 1106 712 1134 qua:
724 1099 842 1133 jucunda
855 1103 920 1126 sunt
933 1099 961 1126 in
973 1098 1042 1132 vita,

253 1145 287 1172 ad
299 1144 491 1172 constituenda
506 1144 643 1180 dogmata.
665 1143 757 1179 Imago
769 1149 861 1172 autem
873 1149 915 1172 est
929 1144 1041 1180 quidam

252 1194 401 1226 apparatus
420 1190 559 1225 nuptialis,
584 1191 613 1219 in
631 1198 687 1226 quo
704 1191 851 1218 intercedit
874 1190 1042 1218 desiderium

253 1235 545 1271 pulchritudinismon
559 1235 679 1264 humano
693 1244 768 1264 more
779 1243 882 1271 sponso
896 1236 1043 1271 incipiente

255 1283 340 1310 teneri
363 1282 510 1315 desiderio,
532 1282 579 1310 sed
600 1290 731 1317 sponsum
745 1283 822 1318 virgo
839 1282 969 1318 praevenit
984 1282 1044 1309 sine

254 1329 365 1361 rubore,
390 1336 470 1356 suum
488 1328 517 1355 in
541 1328 680 1363 publicum
707 1327 850 1363 proferens
865 1327 1042 1359 desiderium,

253 1377 281 1402 et
292 1374 319 1401 in
330 1374 400 1402 votis
412 1374 516 1401 habens
532 1377 561 1400 ut
577 1373 604 1400 in
616 1373 768 1400 osculando
779 1380 882 1408 sponso
897 1372 1045 1407 aliquando

256 1427 286 1448 se
311 1420 438 1447 oblectet.
457 1419 526 1446 Nam
550 1420 679 1454 quoniam
699 1419 763 1446 boni
788 1426 895 1454 sponsae
916 1418 1044 1454 pronubi,

255 1463 429 1500 patriarcha,
441 1467 468 1491 et
480 1464 628 1499 prophetae,
640 1467 666 1491 et
681 1463 863 1499 lrgislatores,
873 1463 965 1490 divina
975 1463 1045 1491 d0na

1086 226 1126 261 οἷς
1140 229 1169 255 τὸ
1181 229 1229 264 μὲν
1242 227 1476 263 ὑπογραφόμενσν,
1491 223 1669 259 ὲπιθαλάμιός
1686 224 1727 254 τίς
1742 223 1801 248 ἐστι
1819 221 1877 248 δια-

1088 274 1181 310 σκευὴ.
1204 274 1235 300 τὸ
1256 274 1278 300 δ’
1299 272 1473 308 ἐννοούμενον
1493 271 1542 306 τῆς
1565 269 1738 305 ἀνθρωπίνης
1756 268 1844 304 ψυχῆς
1859 268 1877 303 ή

1087 321 1155 357 πρὸς
1169 320 1199 346 τὸ
1215 319 1291 346 Θεῐὸν
1305 319 1378 345 ἐστιν
1392 318 1551 353 ἀνάκρασις.

1123 367 1171 393 Διὰ
1184 366 1262 393 τοῦτο
1280 364 1395 400 νυμφίος
1414 364 1429 390 ὸ
1446 363 1475 389 ὲν
1495 362 1553 393 ταῖς
1568 354 1733 396 Παροιμίσις
1750 357 1879 394 ὀνομάζε-

1087 414 1133 439 ται
1149 412 1216 444 υἱὸς,
1233 411 1279 439 καὶ
1292 411 1309 446 ἡ
1325 410 1405 444 σοφία
1424 409 1463 440 εις
1474 406 1583 444 νύμφης
1595 406 1672 439 τάξιν
1686 404 1878 439 ἀντιμεθίστα-

1088 468 1143 492 ται,
1159 457 1203 485 ἵνα
1225 454 1395 493 μνηστευσθῇ
1412 454 1451 490 τῷ
1467 452 1526 490 Θεῷ
1540 455 1554 480 ὁ
1567 452 1711 489 ἄνθρωπος
1725 450 1794 491 άγνῆ
1806 458 1880 485 παρ·
1910 460 1918 463 -

1090 505 1176 538 θένος,
1191 504 1238 531 καὶ
1258 503 1397 538 κολληθεὶς
1414 500 1454 537 τῷ
1469 501 1565 536 Κυρίῳ
1579 499 1693 534 γένηται
1710 496 1819 532 πνεῦμα
1835 495 1876 529 ἓν,

1090 550 1134 577 διὰ
1145 549 1196 584 τῆς
1206 549 1273 584 πρὸς
1287 547 1318 575 τὺ
1331 547 1467 582 ἀκήρατόν
1481 554 1507 572 τι
1521 544 1568 572 καὶ
1583 543 1689 575 ἀπαθὲς
1702 542 1880 578 ἀνακράσεως

1091 595 1179 630 νόημα
1213 593 1333 627 καθαρὸν
1364 590 1424 618 ἀντὶ
1451 589 1551 626 σαρκὸς
1585 588 1696 625 βαρείας
1724 587 1878 622 γενόμενον.

1097 636 1206 674 Ἐπειδὴ
1231 633 1320 664 τοίνυν
1345 635 1424 671 σοφία
1441 635 1514 674 ἐστὶν
1538 631 1554 669 ή
1583 633 1716 664 λαλοῦσα,
1739 631 1880 667 άγάπησον

1091 686 1152 712 ὅσον
1164 684 1274 711 δύνασαι
1291 682 1321 715 ἐξ
1334 682 1398 717 ὅλης
1415 680 1529 716 καρδίας
1547 688 1577 705 τε
1593 677 1805 712 καὶδυνάμεως,
1822 675 1882 702 ἔπιε

1092 731 1214 766 θύμησον
1236 730 1297 756 ὅσον
1319 728 1427 764 χωρεῖς.
1446 725 1615 761 Προστίθημι
1635 724 1663 750 δὲ
1688 722 1798 759 θαρρῶν
1824 722 1880 753 τοῖς

1094 778 1197 812 ῥήμασι
1220 775 1333 807 τούτοις,
1353 773 1401 800 καὶ
1422 772 1463 804 τὸ,
1472 772 1499 798 ‘E
1504 770 1626 807 ράσθητι.
1635 769 1813 804 Ἀνέγκλητον
1827 766 1882 803 γάρ

1092 823 1170 850 τοῦτο
1183 822 1230 849 καὶ
1236 819 1339 852 ἀπαθὲς
1348 819 1393 846 ἐπὶ
1406 818 1460 845 τῶν
1471 817 1625 852 ἀσωμάτων
1642 815 1672 842 τὸ
1684 814 1778 846 πάθος,
1791 812 1882 845 καθώς

1092 872 1172 904 φησιν
1188 868 1204 903 ἡ
1220 867 1300 901 σοφία
1319 867 1347 893 ὲν
1359 866 1419 897 ταῖς
1429 864 1604 900 Παροιμίαις,
1620 862 1666 890 τοῦ
1681 861 1754 888 θείου
1768 860 1882 891 κάλλους

1091 914 1273 951 νομοθετοῦσα
1283 913 1328 939 τὸν
1342 912 1440 952 ἔρωτα.
1455 910 1535 938 Ἀλλὰ
1548 909 1596 937 καὶ
1608 910 1622 936 ὸ
1635 908 1683 936 νῦν
1702 907 1882 952 προκείμενος

1091 961 1169 995 λόγος
1181 960 1215 987 τὰ
1226 957 1273 986 ἵσᾱ
1284 958 1489 991 διακελεύεται,
1504 957 1535 984 οὐ
1549 955 1655 991 γυμνὴν
1674 954 1723 990 τὴν
1738 951 1802 989 περὶ
1817 951 1882 980 τοὺ-

1091 1016 1137 1034 του
1153 1005 1307 1042 συμϐουλὴν
1320 1004 1480 1041 προσάγων,
1495 1001 1564 1029 ἀλλὰ
1580 1001 1613 1028 δι’
1629 1001 1792 1036 ἀπορρήτων
1807 998 1886 1033 φιλοι

1094 1053 1186 1093 σοφεϊ,
1203 1053 1260 1083 τοῖς
1282 1051 1416 1086 νοήμασιν
1428 1049 1520 1076 εἰκόνα
1539 1047 1599 1074 τινὰ
1614 1046 1669 1074 τῶν
1689 1045 1758 1073 κατὰ
1769 1044 1815 1071 τδν
1828 1043 1884 1080 βίον

1094 1090 1180 1133 ήδέων
1191 1097 1230 1128 εἰς
1241 1095 1290 1132 τὴν
1301 1095 1355 1122 τῶν
1363 1095 1505 1130 δογμάτων
1518 1092 1619 1119 τούτων
1631 1090 1805 1126 κατασκευὴν
1817 1091 1885 1126 προ-

1097 1143 1274 1179 στησάμενος.
1296 1142 1328 1168 Ἦ
1341 1141 1368 1167 δὲ
1384 1139 1465 1167 εἰκὼν
1480 1139 1585 1174 γαμική
1600 1138 1640 1170 τίς
1652 1135 1882 1170 ὲστικατασκευή,

1096 1189 1125 1216 ὲν
1169 1187 1282 1219 κάλλους
1304 1185 1435 1220 ἐπιθυμία
1457 1183 1590 1219 μεσιτεύει
1607 1182 1646 1218 τῷ
1662 1181 1753 1223 πόθῳ,
1766 1180 1796 1207 οὗ
1813 1179 1885 1206 κατὰ

1095 1237 1145 1272 τὴν
1157 1230 1330 1269 ἀνθρωπίνην
1340 1225 1483 1268 συνήθειαν
1492 1230 1539 1257 τοῦ
1553 1229 1669 1265 νυμφίου
1678 1229 1727 1264 τῆς
1738 1225 1885 1262 ἐπιθυμίᾱς

1095 1281 1291 1317 κατάρξαντος,
1308 1278 1375 1307 ἀλλὰ
1389 1277 1573 1314 προλαμδάνει
1588 1276 1633 1304 τὸν
1647 1274 1762 1311 νυμφίον
1780 1274 1796 1309 ἡ
1812 1280 1886 1308 παρὁ

1096 1329 1170 1360 θένος
1193 1325 1414 1360 ἀνεπαισχύντως
1439 1319 1485 1350 τὶν
1505 1323 1586 1350 πόθον
1602 1320 1820 1357 δημοσιεύουσα,
1837 1318 1886 1346 καὶ

1096 1372 1177 1408 εὐχὴν
1202 1370 1348 1405 ποιουμένη
1370 1369 1417 1396 τοῦ
1438 1366 1573 1404 νυμφικοῦ
1591 1375 1656 1394 ποτε
1677 1363 1887 1400 κάτατρυφῆάαε

1097 1419 1257 1453 φιλήματος.
1285 1410 1394 1451 Ἐπειδὴ
1413 1415 1468 1450 γὰρ
1493 1414 1518 1441 οἱ
1547 1413 1645 1448 ἀγαθοὶ
1670 1413 1719 1448 τῆς
1751 1410 1886 1448 παρθένου

1098 1464 1318 1500 προμνήστορες,
1341 1461 1508 1497 πατριάρχαι
1533 1469 1564 1486 τε
1588 1459 1635 1486 καὶ
1658 1459 1812 1494 προφῆται,
1841 1454 1890 1484 καὶ

256 1518 364 1546 sponsre
384 1510 543 1540 attulerunt,
563 1517 624 1544 qua
646 1509 734 1537 Graeci
754 1510 842 1538 solent
860 1517 958 1538 vocare
972 1510 1043 1543 ἕδνα,

1098 1509 1240 1546 νομοθέται
1264 1508 1439 1543 προσήγαγον
1459 1508 1493 1542 τῇ
1519 1504 1744 1541 μεμνηπευμένῃ
1769 1503 1804 1531 τά
1826 1503 1887 1530 θεῖα

257 1557 294 1583 ita
304 1555 476 1583 nominantes
491 1555 654 1583 donationes
666 1559 728 1583 ante
745 1557 864 1591 nuptias;
884 1556 940 1583 haec
954 1559 1045 1583 autem

256 1605 321 1630 sunt
337 1600 462 1628 remissio
474 1601 648 1633 delictorum,
663 1601 766 1629 oblivio
779 1601 926 1633 malorum,
942 1601 1047 1636 peccati

257 1647 370 1679 ablatio,
391 1650 496 1674 natura:
514 1647 733 1680 transformatio,
759 1648 820 1681 ejus
842 1648 870 1675 in
885 1647 958 1683 quod
975 1648 1049 1675 cadit

257 1693 397 1724 interitus,
425 1692 453 1720 in
479 1692 505 1720 id
526 1693 553 1720 in
574 1692 648 1728 quod
664 1700 718 1720 non
737 1693 822 1722 cadit;
843 1693 1048 1725 transmutatio.

258 1739 363 1767 deliciae
384 1739 516 1774 paradisi,
539 1740 617 1775 regni
645 1739 776 1775 dignitas,
804 1740 896 1767 lmtitia
920 1744 980 1775 qua:
995 1739 1049 1768 ﬁne

257 1789 342 1812 caret.
360 1785 427 1812 Cum
447 1785 504 1812 haec
522 1793 590 1820 ergo
612 1785 705 1813 divina
719 1786 791 1813 dona
806 1786 882 1820 virgo
896 1785 1049 1820 accepisset

258 1837 273 1857 ιι
291 1830 429 1865 praeclaris
448 1831 655 1867 paranymphis,
671 1835 698 1858 et
713 1830 813 1858 fatetur
827 1830 1005 1862 desiderium.
1021 1835 1048 1858 et

258 1878 370 1905 festinat
397 1878 450 1905 frui
476 1878 562 1913 gratia
589 1878 803 1913 pulchritudinis
823 1877 884 1912 ejus
902 1884 981 1912 quem
1001 1876 1049 1904 de.

258 1923 370 1951 siderat.
389 1923 454 1950 Eam
478 1924 635 1951 auscultant
657 1923 781 1958 quaedam
799 1923 823 1950 ei
850 1922 1000 1950 familiares
1021 1927 1049 1950 et

258 1973 336 1996 relate
355 1976 446 2003 pares,
469 1976 599 2004 sponsam
617 1968 764 1996 incitantes
778 1967 812 1995 ad
829 1967 918 2002 majus
942 1966 1049 1995 deside-

258 2014 340 2041 rium.
370 2013 482 2042 Accedit
508 2015 590 2042 etiam
621 2021 740 2050 sponsus
765 2013 904 2041 adducens
932 2012 1048 2040 chorum

258 2059 437 2094 quorumdam
461 2059 611 2087 amicorum
629 2063 656 2087 et
673 2060 760 2087 eidem
776 2062 928 2094 gratorum;
947 2057 967 2085 li
983 2059 1049 2086 sunt

235 2126 238 2127 ν
259 2109 349 2132 autent
363 2105 592 2134 administratorii
613 2105 737 2140 spiritus,
759 2109 809 2139 per
821 2112 892 2140 quos
903 2107 1048 2132 servantur

259 2149 396 2183 homines,
411 2153 458 2177 aut
475 2150 563 2178 sancti
576 2150 725 2185 prophetat,
743 2150 789 2185 qui
808 2150 902 2185 sponsi
919 2157 986 2178 voce
999 2156 1048 2176 au-

1098 1555 1265 1592 χαρίσματα,
1281 1553 1352 1589 ἅπερ
1365 1553 1428 1580 ἕδνα
1444 1552 1522 1579 καλεῖ
1535 1552 1552 1586 ἡ
1568 1550 1706 1585 συνήθεια,
1719 1548 1753 1575 τὰ
1766 1547 1818 1592 πρὸ
1832 1547 1887 1575 τῶν

1098 1591 1194 1636 γάμων
1202 1600 1276 1635 δῶρα
1290 1598 1361 1625 οὕτω
1375 1597 1607 1632 κατονομάζουσα.
1625 1595 1716 1621 Ταῦτα
1729 1593 1757 1621 δὲ
1770 1591 1804 1628 ἦν
1821 1593 1891 1627 άφε-

1099 1655 1140 1677 σις
1168 1644 1418 1680 παραπτωμάτων,
1444 1641 1595 1677 ἀμνηστεία
1614 1640 1722 1671 κακῶν,
1750 1638 1886 1674 ἁμαρτίας

1098 1691 1251 1726 ἀναίρεσις,
1279 1683 1519 1725 μεταστοιχείωσις
1547 1686 1670 1721 φύσεως,
1692 1684 1738 1712 τοῦ
1767 1682 1887 1720 φθαρτοῦ

1099 1737 1166 1772 πρὸς
1188 1729 1218 1761 τδ
1236 1734 1373 1770 ἄφθαρτον
1392 1732 1585 1769 μεταποίησις,
1604 1730 1766 1767 παραδείσου
1779 1729 1887 1765 τρυφὴ,

1099 1781 1238 1816 βασιλείας
1261 1780 1385 1815 ἀξίωμα,
1413 1777 1565 1814 εὐφροσύνη
1599 1774 1674 1808 τέλος
1699 1776 1749 1802 οὐκ
1777 1774 1887 1810 ἔχουσα.

1099 1825 1190 1853 Ταῦτα
1204 1825 1291 1851 τοίνυν
1307 1825 1323 1859 ἡ
1335 1823 1468 1858 παρθένος
1481 1821 1614 1857 δεξαμένη
1627 1821 1660 1848 τὰ
1671 1820 1729 1847 θεῖα
1738 1819 1888 1855 δωρήματα

1100 1871 1174 1906 παρὰ
1187 1871 1240 1896 τῶν
1254 1869 1343 1897 καλῶν
1357 1869 1516 1903 ὲδνοφόρων,
1533 1867 1586 1894 τῶν
1597 1866 1641 1893 διὰ
1654 1865 1703 1901 τῆς
1715 1864 1889 1901 προφητικῆς

1098 1915 1271 1947 διδασκαλίας
1288 1916 1356 1951 αὐτῇ
1368 1913 1596 1950 προσαγαγόντων
1612 1912 1645 1938 τὰ
1658 1911 1732 1947 δῶρα
1741 1930 1749 1941 .
1762 1911 1810 1938 καὶ
1822 1911 1889 1951 ὁμοα

1099 1961 1173 1995 λογεϊ
1183 1961 1232 1995 τὴν
1250 1949 1412 1995 ἐπιθυμίαν,
1428 1958 1476 1985 καὶ
1491 1956 1649 1985 ὲπισπεύδει
1666 1956 1715 1992 τὴν
1729 1956 1818 1992 χάριν,
1836 1949 1888 1991 ἤδη

1099 2007 1148 2042 τῆς
1155 2005 1229 2041 ὥρας
1238 2003 1283 2032 τοῦ
1291 2004 1457 2040 ποθουμένου
1469 2003 1680 2038 κατατρυφῆσαι
1690 2001 1887 2033 σπουδάζουσα.

1106 2052 1270 2089 Ἀκροῶνται
1285 2051 1370 2085 αὐτῆς
1390 2049 1512 2085 συνήθεις
1526 2049 1597 2080 τινὲς
1613 2048 1660 2075 καὶ
1674 2047 1805 2083 ὁμήλικες
1819 2047 1889 2082 πρὸς

1102 2099 1211 2135 μείζονα
1224 2098 1274 2133 τὴν
1291 2096 1400 2132 νύμφην
1408 2095 1556 2131 ἐπιθυμίαν
1569 2093 1776 2130 διερεθίζουσαι.
1795 2093 1890 2128 Παρα-

1100 2145 1204 2180 γίνεται
1214 2144 1242 2170 δὲ
1253 2142 1300 2169 καὶ
1312 2142 1326 2169 ό
1337 2141 1452 2177 νυμφίος
1461 2161 1468 2174 ,
1487 2141 1573 2176 φίλων
1592 2140 1667 2176 αὐτῷ
1680 2148 1760 2167 τινων
1777 2139 1824 2167 καὶ
1836 2147 1888 2165 καί

258 2195 326 2228 dita,
340 2195 468 2222 la-tantur
491 2198 519 2222 ct
535 2183 672 2222 exsultant
687 2195 721 2223 ob
738 2183 834 2230 puram
850 2199 877 2223 et
889 2195 924 2222 ab
937 2194 1043 2221 interitu

1100 2191 1239 2226 ταθυμίων
1251 2189 1329 2224 χορὸν
1339 2187 1518 2230 ἐπαγόμενος.
1533 2183 1614 2215 Οὗτοι
1628 2187 1651 2214 δ’
1664 2187 1697 2214 άν
1706 2187 1775 2213 εἰσιν
1784 2186 1819 2212 τὰ
1831 2185 1888 2230 λείῆ

259 2239 376 2267 alienam
407 2247 467 2275 quae,
493 2245 700 2268 consummatur
733 2228 966 2275 conjunctionem.
1001 2247 1043 2274 pet

1101 2235 1232 2272 τουργικὰ
1246 2234 1399 2269 πνεύματα,
1416 2233 1450 2260 δι’
1463 2229 1500 2260 ὧν
1516 2234 1542 2260 oi.
1563 2233 1699 2270 ἄνθρωποι
1715 2232 1855 2265 σώζονται,
1869 2228 1887 2267 ἦ

259 2293 340 2320 quam
358 2285 447 2312 anima
463 2285 518 2313 Deo
537 2286 682 2322 conjuncta
699 2286 727 2313 fit
741 2294 813 2314 unus
837 2286 961 2321 spiritus,
976 2285 1043 2314 sicut

1101 2282 1274 2318 οῑ’προφῆται
1284 2281 1309 2307 ot
1324 2281 1407 2314 άγιοι,
1420 2280 1445 2307 οἳ
1458 2280 1506 2316 τῆς
1519 2280 1611 2315 φωνῆς
1623 2279 1669 2306 τοῦ
1680 2279 1795 2315 νυμφίου
1808 2278 1890 2306 ἀκούο

259 2332 325 2358 dicit
336 2332 482 2366 Apostolus
498 2332 531 2358 ⁸⁸.

1102 2337 1214 2360 σαντες.
1238 2326 1361 2363 χαίρουσί
1380 2334 1410 2352 τε
1431 2325 1478 2353 καὶ
1496 2325 1657 2360 ἀγάλλονται
1678 2327 1731 2360 τῆς
1748 2324 1888 2360 ἀκηράτου

259 2376 388 2410 συζυγίας
405 2376 610 2413 ἁρμοζομένης,
634 2378 666 2404 δι’
681 2376 715 2415 ἦς
731 2379 747 2414 ἠ
763 2378 919 2414 κολλωμὲνη
933 2377 973 2413 τῷ
1001 2377 1096 2413 Κυρίῳ
1108 2375 1192 2411 ψυχὴ,
1208 2373 1237 2400 ἓν
1253 2371 1361 2407 πνεῦμα
1391 2371 1512 2407 γίνεται,
1547 2370 1638 2403 καθώς
1656 2373 1737 2406 φησιν
1772 2370 1786 2397 6
1805 2371 1889 2397 Ἀπό-

259 2423 360 2454 στολος.

293 2467 401 2496 Rursus
416 2468 509 2503 itaque
526 2469 553 2496 in
566 2468 723 2498 Proverbiis
736 2474 858 2505 repetam
872 2471 1024 2497 orationem
1036 2477 1042 2494 :

259 2513 342 2541 Nemo
357 2521 422 2548 ergo
434 2514 687 2549 perturbationibus
696 2516 780 2542 animi
795 2515 934 2543 obnoxius
945 2519 973 2542 et
983 2523 1044 2542 car-

257 2560 339 2592 nalis,
354 2561 453 2588 veteris
471 2560 591 2589 hominis
611 2566 750 2589 mortuum
767 2562 857 2589 adhuc
873 2561 951 2589 olens
976 2560 1045 2588 feto-

257 2613 326 2638 rem,
345 2606 378 2633 ad
396 2607 533 2635 belluinas
554 2607 647 2635 trahat
663 2608 781 2642 ineptias
801 2607 933 2634 divinitus
959 2607 1046 2641 inspi-

258 2656 380 2679 ratarum
403 2653 604 2681 sententiarum
633 2660 666 2680 ac
689 2646 836 2681 verborum
865 2651 1047 2686 significatio-

258 2705 324 2726 nes:
344 2698 391 2726 sed
406 2700 599 2734 unusquisque
615 2701 696 2734 ipsea
713 2699 805 2734 seipso
816 2697 965 2730 excedens,
983 2705 1044 2725 cum

257 2743 340 2772 fuerit
351 2747 429 2772 extra
440 2745 573 2772 mumlum
585 2745 767 2776 materialcm,
789 2750 814 2772 et
829 2752 877 2779 per
906 2744 1044 2779 impatihi-

295 2834 317 2849 "
331 2833 429 2867 Ephcs.
446 2841 482 2865 ιγ,
499 2833 524 2860 τί.

1134 2471 1220 2498 Πάλιν
1243 2469 1332 2497 τοίνυν
1350 2468 1380 2496 ἐν
1401 2471 1464 2500 ταῖς
1487 2462 1651 2503 Παροιμίαις
1677 2467 1891 2504 ἐπαναλήψομαι

1099 2519 1144 2545 τὸν
1157 2517 1237 2551 λόγον
1249 2525 1256 2532 ο
1278 2515 1323 2551 Μή
1347 2520 1401 2546 τις·
1413 2513 1540 2549 ἐμπαθὴς
1554 2513 1601 2541 καὶ
1616 2512 1769 2549 σαρκώδης,
1787 2513 1827 2540 ἔτι
1838 2515 1892 2549 τῆς

1099 2565 1199 2599 νεκρᾶς
1209 2562 1255 2589 τοῦ
1268 2560 1381 2588 παλαιοῦ
1389 2559 1535 2596 ἀνθρώπου
1546 2559 1676 2591 δυσωδίας
1688 2559 1807 2592 ἀπόζων,
1820 2561 1892 2596 πρὸς

1076 2609 1080 2613 “
1099 2598 1304 2642 τὰςγκτηνώδεις
1315 2606 1426 2641 ἀλογίας
1441 2605 1618 2641 κατασυρέτω
1633 2604 1682 2637 τὰς
1693 2605 1748 2632 τῶν
1761 2598 1892 2632 θεοπνεύ-

1099 2663 1170 2681 στων
1201 2653 1344 2688 νοημάτων
1369 2661 1398 2678 τε
1429 2652 1478 2679 καὶ
1504 2651 1634 2688 ῥημάτων
1653 2650 1808 2686 ὲμφάσεις”
1829 2650 1890 2678 ἀλλ’

1098 2699 1182 2730 ἐκϐὰς
1200 2698 1313 2730 ἕκαστος
1327 2697 1409 2729 αὐτὸς
1425 2696 1533 2728 ἑαυτοῦ,
1552 2696 1599 2722 καὶ
1612 2695 1664 2728 ἔξω
1677 2695 1724 2722 τοῦ
1737 2695 1830 2723 ὑλικοῦ
1842 2695 1892 2722 κό-

1101 2752 1169 2779 σμου
1183 2743 1338 2779 γενόμενος.
1356 2743 1402 2769 καὶ
1416 2740 1568 2769 ἐπανελθὼν
1585 2742 1686 2776 τρόπον
1696 2741 1755 2769 τινὰ
1769 2741 1802 2769 δι’
1817 2742 1891 2769 ἁπα-
