1989 3070
101 86 145 114 775

602 81 632 108 LV
647 79 795 108 CANTICA
815 77 953 106 CANTIC.
977 77 1119 106 ll0‘t\l|LlA
1140 79 1158 105 l.

1667 76 1717 109 71't

100 146 167 177 θείας
193 144 233 176 εἰς
265 143 310 170 τὸν
339 143 518 178 παράδεισον,
551 141 598 168 καὶ
620 141 665 168 διὰ
688 140 873 176 καθαρότητος

938 139 1032 166 itatem
1049 139 1253 174 quodammodo
1269 141 1382 168 t'edicrit
1401 142 1428 168 iu
1447 140 1616 176 paradisum,
1631 145 1658 168 et
1672 149 1720 177 per

98 188 232 226 δμοιωθεὶς
245 188 283 223 τῷ
296 187 355 222 Θεῷ
364 195 370 201 ”
382 187 469 219 οὕτως
483 186 529 213 ἐπὶ
538 186 569 213 τὸ
582 186 677 214 άδυτον
689 185 743 213 τῶν
761 194 876 222 προφαι-

99 234 211 270 νομένων
236 233 302 268 ήμτν
328 231 372 259 διὰ
393 232 441 259 τοῦ
471 231 573 267 βιϐλίου
593 230 688 258 τούτου
721 230 877 267 μυστηρίων

100 280 223 317 χωρείτω.
237 279 270 305 Εἰ
289 279 318 306 δέ
341 287 412 306 τισιν
432 277 678 314 ἀπαρασκεύαστός
691 277 765 305 ἔστιν
779 276 877 312 ἡψυχὴ

100 326 158 362 πρὸς
173 325 222 361 τὴν
245 325 372 360 τοιαύτην
388 324 529 360 ἀκρόασιν,
540 323 685 351 ἀκουσάτω
694 323 741 350 τοῦ
756 322 878 354 Μωσέως

99 371 308 408 νομοθετοῦντος,
324 370 362 407 μὴ
377 369 583 406 κατατολμῆσαι
600 371 649 406 τῆς
665 369 711 396 ἐπὶ
721 370 752 397 τὸ
769 369 831 405 δρος
847 369 877 396 τὸ

99 417 274 453 πνευματικὸν
298 416 466 448 ἀναϐάσεως,
488 416 554 452 πρὶν
572 416 672 443 πλῦναι
688 416 742 443 τῶν
758 415 878 452 καρδιῶν

98 464 168 499 ἡμῶν
190 463 225 490 τὰ
250 463 356 498 ἱμάτια,
379 463 427 490 καὶ
439 463 495 494 τοῖς
507 461 658 498 καθήκουσι
671 462 726 489 τῶν
739 461 878 498 λογισμῶν

99 508 333 545 περιρραντηρίοις
347 508 396 540 τὰς
409 507 497 543 ψυχὰς
507 508 721 543 άφαγνίσασθαι.
736 507 817 534 Ὥστε
830 506 878 535 νῦν

99 556 125 581 ὲν
137 552 157 589 ᾧ
173 555 261 591 χρόνῳ
277 554 496 591 προσεδρεύομεν
516 556 550 590 τῇ
569 554 670 590 θεωρία
684 554 780 590 ταύτῃ,
793 553 879 590 λήθην

97 600 146 627 τῶν
158 600 284 636 γαμικῶν
300 600 443 635 νοημάτων
459 599 633 635 ποιήσασθαι,
646 599 716 626 κατὰ
731 599 761 626 τὸ
774 599 880 635 παράγ-

96 646 179 682 γελμα
197 645 244 673 τοῦ
255 646 404 677 Μωῡσέως,
415 645 463 672 τοῦ
476 645 638 681 καθαρεύειν
652 646 706 672 άπὸ
715 645 770 673 τῶν
782 646 879 681 γάμων

98 691 155 722 τοὺς
183 690 465 726 μυσταγωγουμένους
492 690 742 726 νομοθετήσαντος·
767 691 815 717 καὶ
835 690 880 717 διὰ

97 736 200 764 πάντων
217 735 363 764 ἀναλαϐεῖν
376 733 454 771 οἶμαι
463 736 517 763 δεῖν
531 737 604 772 ἡμᾶς
623 736 657 764 τὰ
674 737 720 763 τοῦ
733 737 878 772 νομοθέτου

99 783 300 819 προστάγματα,
337 783 482 818 μέλλοντας
510 783 683 818 προσσαίνειν
698 782 736 818 τῷ
756 791 878 818 πνευμα-

97 829 161 865 τικῷ
185 829 234 864 τῆς
259 829 423 864 θεογνωσίας
434 829 502 864 όρει,
523 829 552 855 ἐν
567 826 589 862 ᾧ
603 827 633 856 τὸ
656 829 723 865 θῆλυ
736 829 814 864 γένος
826 829 880 855 τῶν

99 873 229 909 λογισμῶν
245 873 314 909 μετὰ,
327 875 376 907 τῆς
388 873 484 908 ὑλικῆς
491 874 647 909 ἀποσκευῆς
656 873 696 910 τῷ
708 874 784 901 κάτω
793 882 881 901 κατα-

98 920 214 947 λείπεται
231 920 291 956 βίῳ.
321 920 378 947 Πᾶν
390 919 419 946 δὲ
437 919 534 954 ἄλογον
545 919 643 955 νόημα,
659 921 683 947 εἰ
701 921 764 955 περὶ
781 921 812 946 τὸ
825 929 881 947 τοι-

98 967 171 994 οῦτον
187 967 250 1001 ὅρος
262 966 369 1001 ὀφθείη,
383 967 439 998 τοῖς
455 967 641 1003 στερροτέροις
653 967 805 1003 λογισμοῖς,
826 966 882 994 οἷόν

98 1020 150 1040 ἐισι
161 1012 243 1044 λίθοις
253 1011 476 1047 καταφονεὺεται.
489 1013 573 1045 Μόλις
588 1013 642 1049 γὰρ
658 1013 691 1040 ἂν
707 1013 779 1040 οὕτω
792 1013 883 1049 χωρή-

101 1066 193 1093 σαιμεν
207 1058 256 1093 τὴν
266 1057 357 1093 φωνὴν
368 1058 418 1092 τῆς
433 1057 583 1092 σάλπιγγος
590 1057 702 1093 ταύτης,
716 1058 787 1093 μέγα
796 1066 823 1084 τι
837 1058 883 1084 καὶ

100 1103 214 1136 ἐξαίσιον
230 1103 277 1129 καὶ
291 1101 361 1138 ὑπὲρ
372 1102 421 1138 τὴν
434 1102 549 1138 δύναμιν
559 1102 614 1130 τῶν
635 1103 789 1138 δεχομένων
802 1103 884 1138 ἠχού-

101 1158 157 1184 σης,
176 1150 208 1184 ἥν
221 1146 302 1180 αὐτὸς
315 1150 330 1175 ὁ
348 1148 447 1184 γνόφος
458 1149 509 1184 τῆς
523 1148 656 1183 ἀσαφείας
673 1149 808 1184 προΐεται,
824 1150 852 1176 ὲν
862 1146 884 1183 ᾧ

99 1197 172 1222 ἐστιν
197 1196 212 1222 ό
237 1193 312 1228 Θεὸς,
328 1195 342 1221 ό
361 1194 391 1222 τὺ
415 1195 507 1222 ὑλικὸν
532 1195 605 1222 άπαν
631 1195 678 1222 ἐπὶ
692 1195 739 1221 τοῦ
763 1195 884 1222 τοιούτου

99 1242 177 1277 ὅρους
199 1241 238 1277 τῷ
268 1241 333 1277 πυρὶ
350 1241 538 1275 καταφλέγων.
552 1239 622 1276 Ἤδη
647 1241 738 1267 τοίνυν
747 1241 822 1274 ἐντὸς
838 1242 884 1268 τοῦ

105 1287 194 1322 ’Λγίου
204 1287 257 1315 τῶν
270 1287 356 1321 άγίων
368 1286 523 1322 γενώμεθα,
537 1284 606 1322 ὅπερ
617 1287 676 1314 ἐστὶ
691 1287 720 1314 τὸ
728 1285 823 1323 Τᾼσμα
832 1287 885 1316 τῶν

99 1333 238 1369 ᾀσμάτων.
255 1333 299 1365 Ὧς
314 1333 367 1368 γὰρ
379 1336 408 1363 ὲν
416 1333 455 1369 τῷ
464 1332 546 1369 Ἀγίῳ
558 1333 613 1360 τῶν
623 1333 707 1365 ἁγίων
716 1333 886 1369 πλεονασμόν

99 1387 159 1406 τινα
172 1379 220 1406 καὶ
234 1379 360 1406 ἐπίτασιν
372 1380 420 1414 τῆς
436 1379 578 1414 ἁγιότητος
590 1378 633 1406 διὰ
640 1379 690 1414 τῆς
705 1377 886 1415 ὑπερθετικῆς

99 1422 199 1461 ταύτης
211 1425 303 1461 φωνῆς
318 1424 498 1460 διδασκόμεθα
508 1433 515 1440 ·
527 1424 598 1452 οὕτω
609 1426 656 1452 καὶ
667 1425 711 1452 διὰ
724 1425 770 1452 τοῦ
779 1426 886 1461 ’ᾼσμα-

896 809 917 837 Β

929 185 1079 220 puritatem
1099 184 1166 212 .Deo
1195 185 1297 214 similis
1325 187 1454 220 evaserit,
1475 187 1511 215 ita
1529 187 1659 221 procedat
1686 187 1719 214 ad

928 232 1040 267 adytum
1056 231 1264 267 mysteriorum,
1284 239 1346 267 quae
1361 234 1389 260 in
1413 232 1467 260 hoc
1488 236 1620 268 apparent
1638 233 1720 260 libro.

928 277 1007 310 Quod
1029 278 1053 306 si
1070 278 1103 305 ad
1125 278 1182 305 haec
1201 278 1337 306 audienda
1359 278 1396 306 sit
1415 279 1553 314 aliquibus
1569 279 1721 313 imparatus

928 324 1049 357 animus,
1067 324 1161 352 audiat
1177 323 1280 352 Mosen]
1296 325 1355 360 lege
1368 329 1524 359 caventem,
1543 333 1578 353 ne
1594 325 1628 352 ad
1642 333 1720 351 mon-

929 373 984 397 tem
1003 370 1177 405 spiritualem
1192 369 1345 398 audeamus
1368 371 1530 403 ascendere,
1558 371 1720 405 priusquam

930 416 1056 444 cordium
1069 419 1228 444 nostrorum
1249 416 1400 444 laverimus
1416 417 1592 448 vestimenta,
1606 421 1633 444 et
1654 425 1721 445 con-

929 462 1104 490 venientibus
1139 463 1339 498 cogitationum
1377 463 1587 498 aspersionibus
1614 463 1721 491 animas

930 508 1144 544 expiaverimus.
1160 508 1345 541 Quamobrem
1360 516 1444 540 nunc,
1468 508 1532 536 dum
1549 509 1576 536 in
1592 509 1642 536 hac
1655 508 1722 536 assi-

930 554 1027 582 demus
1048 554 1292 589 contemplatione,
1317 554 1447 582 existimo
1463 557 1589 589 oportere
1612 554 1722 589 nuptia-

930 600 996 627 lium
1011 599 1136 627 oblivisci
1146 600 1357 635 cogitationum,
1377 600 1574 627 convenienter
1585 603 1721 634 praecepto

931 645 1026 679 Mosis,
1043 647 1090 681 qui
1101 647 1160 682 lege
1173 646 1255 676 cavit,
1270 650 1300 673 ut
1319 646 1367 681 qui
1384 646 1561 673 initiarentur
1571 645 1720 681 mysteriis.

930 692 993 727 puri
1005 695 1122 719 essenta
1134 692 1237 727 nuptiis
1247 699 1254 718 ε
1264 696 1291 719 et
1304 691 1332 719 in
1349 692 1478 719 omnibus
1494 691 1635 726 suscipere
1651 697 1723 726 prae-

931 741 1009 773 cepta
1022 737 1188 772 legislatoris
1203 745 1251 766 eos
1262 737 1309 772 qui
1325 740 1390 764 sunt
1408 736 1564 772 processuri
1585 735 1618 762 ad
1641 734 1722 769 spiri-

932 784 1034 810 tualem
1057 786 1177 810 montem
1202 782 1292 817 legis,
1322 782 1349 809 in
1375 789 1430 817 quo
1450 781 1612 808 femininum
1634 787 1722 815 genus

931 819 1128 863 cogitationum
1157 834 1219 854 cum
1240 831 1373 862 apparatu
1399 826 1533 853 materiali
1559 826 1723 860 relinquitur

932 876 960 903 in
983 875 1040 902 vita
1071 875 1207 902 inferiori.
1234 874 1344 907 Quavis
1368 878 1459 901 autem
1480 873 1597 900 rationis
1623 879 1724 907 expers

933 922 1033 949 mentis
1054 921 1209 956 conceptio,
1227 921 1250 948 si
1267 920 1294 947 in
1310 920 1363 947 hoc
1380 923 1474 947 monte
1488 919 1546 946 visa
1567 918 1663 950 fuerit,
1685 917 1721 945 ri-

933 969 1087 1004 gidioribus
1112 967 1340 1003 cogitationibus.
1357 967 1443 994 veluti
1464 966 1630 1001 quibusdam
1655 965 1724 1002 lapi-

933 1013 1023 1046 dibus,
1045 1012 1200 1040 occidetur.
1215 1011 1283 1038 Nam
1297 1011 1337 1039 sic
1352 1011 1462 1046 quidem
1479 1011 1524 1037 vix
1552 1009 1723 1037 audierimus

933 1067 1028 1086 vocem
1045 1059 1129 1094 hujus
1142 1058 1222 1090 tubae,
1242 1064 1303 1093 quae
1318 1064 1446 1092 magnum
1470 1060 1497 1085 et
1517 1056 1597 1083 valde
1620 1056 1724 1082 miran-

934 1106 998 1133 dum
1020 1104 1078 1132 edit
1094 1105 1228 1138 sonitum,
1250 1108 1278 1131 et
1294 1110 1378 1139 supra
1395 1104 1470 1131 vires
1485 1111 1581 1131 eorum
1592 1103 1638 1138 qui
1660 1110 1724 1130 sus-

935 1151 1051 1186 cipiunt,
1077 1158 1158 1185 quam
1178 1149 1283 1177 emittit
1303 1150 1362 1185 ipsa
1383 1149 1474 1184 caligo
1498 1148 1677 1176 obscuritatis
1696 1148 1724 1175 in

935 1205 988 1233 qua
1004 1200 1046 1225 est
1062 1196 1146 1229 Deus,
1160 1197 1208 1232 qui
1230 1197 1293 1232 igne
1312 1196 1450 1223 comburit
1473 1195 1605 1231 quidquid
1628 1199 1670 1222 est
1695 1195 1724 1222 in

936 1240 989 1270 hoc
1020 1245 1114 1270 monte
1137 1241 1274 1277 particeps
1291 1245 1420 1268 malcrtaa.
1431 1240 1490 1268 Jam
1504 1248 1569 1276 ergo
1585 1240 1725 1275 ingredia-

936 1296 998 1316 mur
1007 1284 1139 1315 Sanctum
1154 1292 1326 1319 sanctorum,
1351 1286 1424 1322 quod
1440 1287 1550 1321 quidem
1569 1291 1611 1314 est
1632 1287 1726 1314 Canti-

937 1343 1000 1365 cum
1015 1335 1197 1374 canticorum.
1211 1333 1271 1367 Quo
1284 1332 1366 1361 modo
1382 1333 1455 1360 enim
1468 1333 1499 1360 jn
1509 1332 1608 1361 Sancto
1616 1337 1726 1360 sancto-

937 1390 998 1411 rum
1014 1381 1146 1409 docemur
1163 1379 1310 1416 quamdam
1331 1379 1525 1406 abundantiam
1549 1383 1574 1406 et
1593 1380 1728 1407 intettsio-

937 1437 999 1456 nem
1014 1427 1169 1456 sanctitatis
1187 1434 1235 1462 per
1254 1426 1325 1453 hanc
1338 1433 1432 1453 vocem
1453 1426 1647 1460 superlativam
1664 1436 1670 1454 ι
1689 1427 1727 1454 ita

99 1478 144 1504 τος
166 1472 220 1499 τῶν
244 1472 384 1508 ᾀσμάτων,
415 1471 572 1507 μυστηρίων
594 1471 731 1507 μυστήρια
747 1472 883 1498 διδάσκειν

938 1475 1019 1502 etiam
1029 1482 1076 1508 per
1086 1472 1230 1501 Canticum
1247 1472 1426 1504 canticorum,
1437 1472 1568 1507 mysteria
1583 1473 1728 1507 mysterio-

99 1519 172 1555 ἡμᾶς
187 1519 201 1545 ὁ
215 1518 315 1554 ὑψηλὸς
340 1518 416 1553 λόγος
433 1517 693 1552 κατεπαγγέλλεται.
709 1517 818 1545 Πολλῶν
833 1517 887 1554 γὰρ

99 1565 194 1598 ὄντων,
214 1565 285 1592 κατὰ
298 1564 347 1600 τὴν
356 1564 534 1591 θεόπνευστον
545 1564 719 1591 διδασκαλίαν
728 1564 783 1591 τῶν
798 1565 887 1600 ᾀσμά-

98 1621 164 1644 των,
179 1612 211 1638 δι’
231 1608 268 1638 ὧν
293 1611 328 1638 τὰ
360 1610 464 1646 μεγάλα
486 1610 609 1645 νοήματα
629 1609 810 1645 διδασκόμεθα
823 1610 888 1646 περὶ

99 1658 178 1690 Θεοῦ,
191 1657 267 1693 παρά
281 1665 311 1683 τε
328 1657 375 1684 τοῦ
398 1656 516 1692 μεγάλου
532 1656 624 1688 Δαϐὶδ,
642 1657 689 1683 καὶ
705 1656 827 1688 Ἡσαΐου,
841 1657 888 1683 καὶ

99 1704 249 1736 Μωῡσέως,
264 1703 311 1729 καὶ
333 1702 419 1729 ἄλλων
438 1701 542 1728 πολλῶν
553 1711 561 1718 σ
580 1701 659 1729 τοῦτο
671 1702 748 1737 παρὰ
764 1702 815 1737 τῆς
828 1703 888 1728 ἐπι-

99 1750 208 1785 γραφῆς
220 1748 320 1784 ταύτης
337 1748 518 1784 μανθάνομεν,
530 1748 569 1774 ὅτι
584 1747 645 1774 ὅσον
659 1747 755 1782 άπέχει
769 1747 824 1773 τῶν
839 1747 889 1781 τῆς

100 1795 154 1830 ἔξω
169 1796 262 1830 σοφίας
278 1795 407 1830 ᾀσμάτων
417 1794 471 1820 τῶν
488 1793 572 1828 ἁγίων
581 1791 893 1829 [τὰ]ᾄσματα,τοσοῢτον

100 1841 265 1878 ὑπέρκειται
293 1841 347 1867 τῶν
364 1840 449 1874 ἁγίων
475 1840 604 1875 ᾀσμάτων
628 1839 659 1865 τὺ
674 1840 702 1865 ὲν
713 1838 752 1874 τῷ
770 1839 888 1874 ’ᾼσματι

97 1889 156 1915 ⁸τῶν
171 1888 301 1923 ᾀσμάτων
316 1887 472 1922 μυστήριον.
482 1882 520 1912 υῦ
527 1885 557 1912 τδ
570 1884 651 1911 πλέον
664 1885 703 1916 εἰς
715 1884 888 1919 κατανόησιν,

99 1932 164 1960 οὔτε
193 1933 292 1968 εὑρεῖν,
313 1929 375 1959 οὔτε
403 1931 528 1967 χωρῆσαι
555 1930 571 1966 ἡ
600 1929 759 1966 ἀνθρωπίνη
779 1928 889 1957 δύναται

99 1979 172 2014 ἀκοὴ
198 1979 246 2006 καὶ
273 1978 362 2012 φύσις.
382 1977 436 2004 Καὶ
457 1975 552 2003 τούτου
565 1976 644 2012 χάριν
662 1975 692 2002 τὸ
712 1975 890 2011 σφοδρότατον

98 2027 157 2053 τῶν
170 2025 231 2052 καθ’
246 2025 342 2060 ἡδονὴν
359 2023 562 2059 ἐνεργουμένων
577 2023 659 2059 (λέγω
673 2021 705 2058 δὴ
718 2022 748 2048 τὸ
762 2021 890 2058 ὲρωτικὺν

99 2072 200 2108 πάθος)
215 2072 264 2107 τῆς
275 2071 330 2098 τῶν
342 2069 483 2105 δογμάτων
497 2069 660 2109 ῥῳηγήσεως
682 2067 890 2103 αἰνιγματωδῶς

98 2119 291 2156 προεστήσατο
305 2125 311 2132 ·
325 2117 368 2144 ἵνα
385 2117 428 2143 διὰ
444 2115 541 2142 τούτου
560 2115 700 2150 μάθωμεν,
719 2114 760 2141 δτι
774 2114 826 2149 χρὴ
841 2114 890 2148 τὴν

97 2166 192 2201 ψυχὴν
212 2164 280 2200 πρὸς
295 2163 325 2190 τὸ
351 2163 496 2198 ἀπρόσιτον
518 2162 567 2198 τῆς
589 2161 663 2193 θείας
677 2161 783 2196 φύσεως
794 2160 891 2191 κάλλος

99 2211 320 2244 ὲνατενίζουσαν,
345 2208 472 2236 τοσοῦτον
502 2208 568 2244 ὲρᾷν
586 2208 701 2239 ἐκεῖνον,
716 2208 778 2234 ὅσον
794 2207 850 2243 ἔχει
862 2207 892 2233 τὸ

99 2257 185 2290 σῶμα
211 2257 261 2292 τὴν
278 2256 369 2291 σχέσιν
394 2253 463 2290 πρὸς
482 2254 514 2280 τὸ
531 2254 660 2288 συγγενὲς
679 2254 726 2280 καὶ
745 2253 891 2289 ὁμόφυλον,

100 2302 321 2338 μετενεγκοῦσαν
346 2301 385 2333 εἰς
397 2300 542 2338 νάπάθειαν
555 2300 585 2326 τὸ
604 2299 698 2332 πάθος,
714 2299 783 2326 ὥστε
802 2300 892 2335 πάσης

97 2347 339 2382 κατασϐεσθείσης
369 2337 528 2382 σωματικῆς
555 2345 722 2377 διαθέσεως,
755 2346 827 2381 μόνῳ
854 2345 893 2380 τῷ

97 2393 242 2428 πνεύματι
257 2392 328 2425 ζέειν
357 2392 496 2427 ἐρωτικῶς
513 2393 541 2418 ὲν
557 2392 623 2426 ἡμῖν
639 2391 689 2426 τὴν
710 2390 839 2421 διάνοιαν,
851 2390 893 2417 διά

96 2438 151 2465 τοῦ
179 2438 265 2473 πυρὸς
280 2438 383 2464 ἐκείνου
409 2437 637 2473 θερμαινομένην,
652 2437 666 2462 ὂ
681 2436 771 2469 βαλεῖν
787 2437 832 2462 ἐπὶ
843 2435 892 2472 τὴν

98 2483 159 2518 γῆν
176 2480 258 2518 ἦλθεν
270 2482 284 2507 ὁ
298 2481 406 2517 Κύριος.

148 2574 230 2600 ’Δλλὰ
240 2571 327 2600 ταῦτα
342 2570 400 2608 μὲν,
415 2570 489 2604 ὅπως
503 2570 557 2609 χρὴ
578 2571 729 2601 διακεῖσθαι
745 2574 794 2609 τὴν
810 2574 897 2609 ψυχὴν

98 2621 163 2648 τῶν
183 2620 323 2656 μυστικῶν
347 2620 476 2656 ῥημάτων
501 2620 663 2652 ἀκουόντων,
696 2620 795 2652 ἱκανῶς
824 2621 896 2656 ἔχειν

99 2667 180 2703 φημί
192 2674 199 2682 ο
227 2666 339 2705 καιρὸς.
351 2666 379 2692 δὲ
405 2665 438 2692 ἂν
457 2665 499 2702 εἴη
521 2666 568 2693 καὶ
590 2667 674 2698 αὑτὰς
687 2667 735 2699 τὰς
753 2667 828 2700 θείας
848 2668 895 2694 τοῦ

100 2714 249 2749 ’ᾼσματος
273 2713 327 2740 τῶν
348 2713 479 2748 ᾀσμάτων
498 2711 589 2746 φωνὰς
613 2713 662 2748 ήδη
683 2713 839 2749 προσθεῖναι.
862 2716 895 2750 τῇ

99 2759 211 2795 θεωρίᾳ
225 2758 271 2786 τοῦ
289 2758 379 2793 λόγου.
397 2758 451 2785 Καὶ
468 2758 598 2793 πρότερόν
613 2767 644 2793 γε
661 2759 710 2795 τὴν
724 2760 773 2794 τῆς
788 2760 897 2795 γραφῆς

99 2803 321 2840 κατανοήσωμεν
332 2803 455 2839 δύναμιν,
473 2804 509 2830 Οὐ
525 2803 578 2840 γὰρ
597 2803 690 2840 ἀργῶς
710 2813 753 2840 μοι
773 2805 846 2832 δοκεῖ
859 2806 898 2842 τῷ

937 1527 997 1546 rum
1009 1527 1058 1546 nos
1071 1519 1170 1546 docere
1181 1517 1325 1553 proﬁtetur
1336 1517 1462 1545 sublimis
1477 1517 1575 1544 oratio.
1587 1516 1654 1543 Nam
1665 1526 1727 1544 cum

938 1566 1023 1593 nmlta
1034 1565 1090 1593 sint
1098 1564 1250 1593 secundum
1260 1563 1564 1600 divinitusiuspiratam
1574 1563 1728 1591 doctrinam

938 1612 1061 1644 Cantica,
1078 1617 1126 1646 per
1139 1618 1200 1646 qua:
1218 1617 1233 1636 a
1245 1605 1343 1646 magno
1359 1609 1453 1641 David,
1475 1613 1502 1637 et
1518 1609 1588 1638 lsaia
1600 1614 1627 1637 et
1642 1609 1729 1643 Mose,

938 1661 966 1685 et
982 1657 1075 1684 multis
1090 1657 1161 1688 aliis,
1177 1656 1310 1684 docemur
1325 1662 1439 1689 magnas
1454 1655 1488 1682 de
1504 1654 1559 1683 Deo
1575 1655 1729 1690 intelligen-

939 1706 992 1733 tias
1004 1714 1011 1732 :
1023 1704 1075 1731 hoc
1092 1703 1225 1731 discimus
1241 1702 1275 1730 ab
1283 1702 1334 1729 hac
1348 1702 1539 1735 inscriptione.
1556 1702 1629 1736 quod
1645 1710 1730 1735 quan-

940 1755 998 1778 tum
1016 1759 1030 1777 a
1047 1749 1168 1777 Cauticis
1186 1755 1307 1777 externa:
1330 1747 1470 1782 sapientia:
1488 1747 1591 1774 distant
1617 1752 1730 1775 sancto-

940 1806 1001 1824 rum
1020 1796 1145 1828 Cantica,
1162 1799 1269 1822 tantum
1297 1798 1410 1828 supcrat
1434 1793 1547 1820 Cantica
1570 1797 1728 1820 sanctorum

941 1843 1102 1879 mysterium
1126 1842 1198 1877 quod
1216 1845 1259 1869 est
1276 1841 1304 1868 in
1327 1839 1443 1880 Cantico
1465 1839 1645 1866 canticorum.
1668 1840 1729 1872 Quo

941 1890 1006 1925 quid
1019 1889 1136 1924 amplius
1155 1888 1188 1916 ad
1200 1887 1300 1916 mentis
1312 1885 1596 1921 comprehensionem,
1617 1893 1668 1914 nec
1689 1886 1731 1912 in-

941 1935 1046 1966 venire.
1058 1942 1109 1962 nec
1120 1941 1218 1969 capere
1231 1935 1322 1968 potest
1345 1931 1421 1959 auris
1446 1931 1588 1966 humana.
1603 1938 1652 1958 nec
1681 1939 1730 1958 nat-

942 1985 1014 2008 tura.
1032 1981 1064 2007 Et
1080 1980 1131 2008 hac
1149 1979 1182 2007 de
1195 1986 1289 2009 causa,
1308 1977 1334 2004 id
1356 1976 1429 2012 quod
1456 1980 1499 2005 est
1521 1976 1732 2004 vehementissi-

942 2035 1016 2054 mum
1031 2034 1126 2054 eorum
1140 2033 1200 2060 quae
1213 2033 1244 2052 ex
1255 2024 1395 2058 voluptate
1408 2024 1487 2055 liunt,
1501 2023 1676 2054 amatoriam,
1692 2023 1734 2050 in«

942 2080 1046 2108 quam,
1073 2071 1245 2099 affectionem
1268 2070 1303 2097 ad
1329 2070 1486 2104 dogmatum
1521 2069 1733 2104 explicationem

943 2117 1115 2153 amigmatice
1139 2116 1275 2152 protulit:
1305 2119 1335 2143 ut
1359 2123 1406 2150 per
1427 2115 1479 2143 hoc
1497 2115 1637 2142 discamus
1659 2115 1733 2149 quod

945 2168 1053 2198 oportet
1069 2164 1187 2191 animam
1212 2163 1309 2190 oculos
1334 2161 1496 2198 deﬁgentem
1510 2161 1545 2188 ad
1566 2161 1665 2188 divina:
1685 2168 1733 2187 nad

943 2216 1013 2251 tura:
1032 2209 1276 2245 pulchritudinem,
1290 2207 1323 2235 ad
1339 2215 1421 2243 quam
1436 2214 1491 2235 non
1505 2209 1578 2241 patet
1591 2213 1732 2238 accessus,

946 2260 1052 2295 tantum
1067 2255 1141 2282 illam
1152 2262 1255 2287 amare,
1272 2258 1402 2289 quantam
1418 2253 1500 2280 habet
1511 2261 1614 2288 corpus
1623 2253 1733 2281 habitus

945 2303 1037 2330 dinem
1054 2301 1087 2329 ad
1108 2300 1133 2328 id
1142 2300 1216 2336 quod
1229 2305 1271 2328 est
1290 2300 1314 2327 ei
1333 2304 1479 2335 cognatum
1500 2303 1528 2326 et
1546 2299 1670 2334 ejusdem
1689 2305 1736 2335 ge-

946 2347 1033 2380 neris,
1057 2347 1183 2374 traducta
1207 2347 1291 2374 animi
1317 2344 1525 2381 perturbatione
1546 2347 1580 2374 ad
1596 2347 1736 2382 impatibh

948 2394 1061 2426 litatem,
1076 2393 1144 2420 adeo
1156 2396 1185 2420 ut
1198 2392 1335 2420 exstincta
1348 2392 1422 2419 omni
1435 2393 1570 2427 corporali
1582 2390 1736 2425 aﬂectione.
1783 2414 1786 2416 .

943 2440 1001 2467 solo
1017 2440 1114 2474 spiritu
1130 2439 1264 2467 amatorie
1281 2439 1307 2466 in
1321 2439 1401 2466 nobis
1415 2446 1494 2466 mens
1508 2438 1622 2470 ferveat.
1638 2445 1686 2474 per
1701 2439 1736 2466 ile

943 2487 1001 2513 lum
1031 2486 1120 2522 igucm
1146 2484 1291 2514 calefacta.
1320 2485 1353 2511 ad
1379 2492 1459 2519 quem
1482 2484 1641 2519 juciendum
1654 2491 1738 2518 super

948 2536 1049 2560 terram
1065 2532 1140 2559 venit
1154 2531 1296 2558 Dominus.

984 2577 1038 2606 Sed
1051 2578 1109 2605 lucc
1129 2576 1239 2612 quidem
1255 2576 1322 2604 satis
1336 2584 1397 2604 esse
1408 2576 1518 2611 opinor,
1541 2576 1574 2603 ad
1590 2577 1741 2605 ostendend

950 2623 1026 2655 dum,
1042 2622 1274 2658 quemadmodum
1300 2621 1425 2648 aﬂ'ectam
1447 2626 1572 2656 oporteat
1595 2630 1658 2650 esse
1678 2622 1726 2649 ani

951 2677 1023 2697 mam
1046 2676 1142 2696 eorum
1164 2668 1210 2703 qui
1239 2668 1320 2696 verba
1337 2668 1450 2703 mystice
1471 2668 1609 2695 audiunt:
1631 2671 1739 2702 tempus

951 2720 1041 2742 autem
1062 2714 1154 2745 fuerit,
1178 2713 1253 2748 ipsas
1271 2721 1380 2748 quoque
1401 2713 1509 2741 divinas
1533 2722 1614 2742 voces
1631 2713 1739 2741 Cantici

951 2760 1122 2787 canticorum
1136 2759 1192 2794 jam
1212 2759 1348 2787 deducere
1370 2760 1403 2787 ad
1420 2760 1556 2788 orationis
1572 2760 1740 2794 contempla-

951 2807 1065 2834 tionem.
1086 2806 1118 2833 Et
1134 2806 1251 2841 primum
1267 2806 1375 2842 quidem
1398 2806 1604 2835 consideremus
1625 2807 1679 2835 vim
1704 2807 1742 2835 in-
