1989 3070
284 100 334 133 775

851 85 855 89 ’
879 90 881 92 ’
898 102 927 129 s.
941 100 1105 129 cnecouu
1123 101 1272 130 svssm

1854 101 1907 128 776

283 162 450 199 scriptionis.
465 161 558 196 Neque
574 160 646 188 enim
663 160 728 188 mihi
748 159 855 188 videtur
869 161 957 189 otiosa
968 161 1066 188 inscri-

1121 161 1272 196 Σολομῶντι
1280 160 1310 187 τὸ
1321 159 1421 195 βιϐλίον
1434 160 1466 187 ἐκ
1480 160 1529 195 τῆς
1536 159 1689 197 ἐπιγραφῆς
1699 159 1886 187 ἁνατεθεῖσθαι
1899 167 1905 174 ·

283 210 376 243 ptione
393 208 462 235 liber
481 214 543 234 esse
557 207 695 242 ascriptus
721 206 877 239 Solomoui;
897 207 944 234 sed
972 211 1001 233 ut
1022 207 1068 241 qui

284 254 414 288 legerent,
444 252 596 286 cogitarent
616 251 690 286 quod
717 258 845 285 magnum
875 251 1014 285 quidpiam
1043 255 1068 279 et

282 299 406 326 divinum
437 298 465 324 in
494 297 527 324 iis
541 304 601 331 qua:
631 297 779 329 dicuntur,
797 297 980 324 contineatur.
1001 296 1067 323 Nam

283 344 412 378 quoniam
428 342 499 378 apud
513 350 595 370 unum
612 349 758 376 quemque,
772 346 813 369 est
824 349 870 376 per
884 342 985 376 ipsum,
997 341 1068 376 quod

283 389 342 424 ipse
356 389 390 416 de
405 397 434 417 se
451 389 522 420 tulit,
543 387 745 418 testimonium,
758 387 873 422 insignis
891 387 950 422 ejus
966 387 1002 414 ob
1022 393 1068 414 sa-

283 435 414 471 pientiam
425 434 585 462 admiratio:
603 441 634 460 ea
648 433 682 460 de
695 440 778 461 causa
793 433 885 460 statim
905 441 920 459 a
935 433 1069 467 prowmio

283 481 404 509 nominis
420 479 571 507 assumitur
587 478 709 515 mentio:
726 482 757 505 ut
771 478 806 505 iis
827 479 874 513 qui
897 479 1000 514 legunt,
1015 485 1070 505 ma-

283 535 367 562 gnum
382 526 540 561 quidpiam,
549 529 575 552 et
585 533 646 560 quae
656 525 690 552 de
702 532 734 551 eo
747 524 862 559 habetur
873 525 1003 560 opinione
1013 524 1070 559 dig-

283 581 360 604 num,
373 580 421 607 per
436 572 508 599 hunc
520 571 619 598 librum
633 574 768 605 speretur.
782 567 924 603 Quomodo
936 574 1026 597 autem
1040 570 1068 597 in

282 618 397 645 scientia
423 617 539 652 pictura:
558 616 681 650 quaedam
705 620 748 643 est
771 616 884 642 omnino
903 616 1017 643 materia
1041 615 1068 642 in

282 663 398 691 diversis
408 662 556 693 coloribus.
573 669 633 696 quae
654 660 778 688 animalis
796 661 915 696 complet
939 661 1069 688 imitatio-

228 727 235 738 .
284 717 345 735 nem
357 718 364 736 ;
378 708 423 743 qui
436 713 526 735 autem
543 707 642 742 aspicit
655 707 687 734 ad
703 707 859 742 imaginem,
877 715 938 742 qua:
954 715 1004 742 per
1019 714 1068 734 co-

283 757 356 782 lores
382 758 440 780 arte
463 758 504 780 est
529 754 666 785 absoluta,
687 753 715 779 in
738 760 769 780 ea
788 752 997 787 contemplanda
1013 760 1069 780 non

282 800 444 826 immoratur
457 799 483 825 in
496 799 636 826 coloribus
652 799 728 826 illitis
746 799 846 826 tabulae
860 807 867 825 ε
886 798 934 825 sed
947 799 1069 826 intuetur

281 845 316 871 ad
339 845 424 872 solam
452 843 566 871 formam
591 851 673 878 quam
693 845 832 871 coloribus
844 843 933 872 aﬂecit
948 843 1066 874 artifex:
1084 833 1105 862 Β

282 891 319 917 ita
337 887 417 917 etiam
438 889 568 916 convenit
584 889 612 916 in
632 890 759 924 praesenti
773 890 924 924 Scriptura,
951 897 1006 917 non
1027 891 1068 918 in-

282 933 352 961 tueri
364 935 396 961 ad
415 934 559 961 materiam
576 934 770 969 colerumqua:
783 940 823 963 est
838 935 866 962 in
892 936 1000 968 verbis,
1019 936 1068 963 sed

282 981 405 1015 aspicere
413 981 495 1007 veluti
508 980 541 1006 ad
556 980 703 1015 quamdam
724 981 794 1016 regis
813 981 940 1014 formam,
957 989 1018 1016 qua:
1040 982 1067 1008 in

282 1026 316 1063 iis
330 1024 493 1060 exprimitur
506 1032 554 1059 per
571 1032 654 1059 puras
673 1025 772 1053 mentis
785 1026 990 1060 conceptiones.
1021 1026 1069 1053 Al-

282 1070 345 1097 bum
360 1071 444 1102 enim,
465 1073 512 1096 aut
527 1069 643 1109 fulvum,
660 1075 707 1097 aut
732 1071 850 1105 nigrum,
876 1076 923 1098 aut
944 1072 1068 1103 rubrum,

282 1120 329 1141 aut
346 1116 503 1147 caeruleum,
518 1118 565 1141 aut
591 1114 690 1150 aliquis
716 1115 787 1143 alius
811 1116 897 1148 color,
921 1116 986 1143 sunt
1013 1117 1070 1143 lucc

281 1161 375 1192 verba.
395 1161 417 1188 si
435 1165 593 1195 spectentur
610 1168 670 1195 qua:
685 1161 712 1187 in
728 1165 854 1196 promptu
881 1166 945 1188 sunt
964 1162 1070 1197 signiﬁ-

281 1206 415 1239 cationes,
432 1214 529 1241 nempe
545 1208 588 1238 'os,
603 1210 630 1234 et
646 1207 780 1238 osculum.
796 1211 822 1234 et
841 1212 1020 1243 unguentum,
1043 1212 1069 1236 et

281 1255 385 1286 vinum,
402 1248 429 1280 et
443 1253 550 1280 nomina
567 1244 762 1284 membrorum,
776 1258 803 1281 et
815 1245 943 1285 iectulus.
961 1259 987 1282 et
1003 1255 1066 1282 ado-

282 1295 450 1329 lescentulm,
481 1302 507 1325 et
533 1306 593 1332 quze
617 1304 681 1325 sunt
706 1297 874 1333 huiusmodi.
898 1299 964 1332 Quae
979 1305 1068 1326 autem

282 1352 330 1379 per
345 1344 402 1371 hazc
419 1343 538 1370 el‘licitur
555 1343 653 1374 forma.
669 1347 710 1370 est
722 1343 862 1371 beatitudo
878 1349 904 1371 et
928 1339 1067 1380 impatihi-

282 1382 354 1422 iitas,
373 1394 398 1417 et
411 1396 473 1416 cum
487 1388 543 1416 Deo
560 1389 730 1422 coniunctio,
746 1391 773 1416 et
789 1390 918 1417 alienatio
941 1398 955 1416 a
974 1391 1064 1422 malis,

281 1440 310 1462 et
323 1435 347 1462 ei
363 1434 436 1469 quod
450 1439 491 1462 est
502 1442 566 1461 vere
579 1433 722 1468 pulchrum
735 1438 762 1461 et
779 1434 879 1462 bonum
894 1436 1065 1464 assimilatio.

283 1480 329 1506 liae
348 1484 412 1506 sunt
427 1479 525 1506 mentis
545 1479 740 1513 conceptiones
758 1485 784 1505 et
798 1479 994 1515 intelligentia},
1009 1489 1069 1515 qua:

283 1522 424 1552 Solomoni
439 1523 530 1550 ferunt
544 1524 732 1551 testimonium
743 1524 776 1552 de
794 1525 839 1552 illa
859 1526 992 1560 sapientia
1011 1535 1071 1561 qme

282 1574 429 1605 exsuperat
449 1570 582 1597 terminos
598 1570 724 1597 humanae
733 1571 882 1606 sapientiae.
902 1571 973 1605 Quid
996 1573 1069 1600 enim

226 1627 233 1632 ν
283 1614 364 1644 fuerit
379 1616 580 1649 admirabilius,
596 1623 678 1652 quam
699 1623 727 1644 ut
750 1622 876 1645 naturam
900 1619 985 1654 ipsam
1010 1619 1070 1647 effi-

282 1663 339 1689 ciat
353 1656 527 1690 aﬂ‘cc'tionum
542 1671 654 1690 suarum
675 1665 906 1698 cxpurgatricem.
927 1664 992 1692 dum
1024 1673 1071 1699 per

282 1715 314 1734 ea
340 1708 421 1734 verba
446 1715 506 1742 qua:
524 1708 674 1735 eenscntur
696 1716 757 1736 esse
771 1710 850 1746 plena
868 1706 1070 1742 aﬂ‘ectionibus,

283 1752 405 1788 praecipit
423 1760 454 1779 ac
470 1749 549 1780 docet
565 1747 815 1787 impatihilitatem?
831 1753 890 1781 Non
911 1753 984 1782 enim
1001 1755 1070 1782 dicit

283 1804 411 1832 oportere
428 1798 576 1825 esse‘extra
590 1791 681 1826 carnis
701 1798 792 1826 inotus
818 1793 951 1828 obnoiibs
968 1800 1071 1828 allecti-

285 1844 346 1871 bus.
361 1847 388 1870 et
401 1843 567 1870 mortiﬁcare
578 1843 698 1870 membra
710 1852 770 1878 quae
783 1848 847 1872 sunt
861 1853 944 1880 supra
958 1843 1069 1879 terram,

283 1890 311 1915 et
329 1895 376 1915 ore
388 1895 448 1915 esse
464 1895 562 1921 purum
580 1895 593 1914 a
608 1889 700 1916 verbis
716 1886 862 1923 patheticis
879 1899 884 1916 :
909 1891 956 1917 sed
972 1891 1009 1918 ita
1031 1891 1072 1918 al”-

284 1931 340 1958 licit
356 1931 484 1963 animam,
505 1935 534 1958 ut
552 1939 599 1966 per
609 1939 641 1959 ea
657 1940 717 1967 qua:
733 1932 859 1961 videntur
873 1941 934 1962 esse
949 1931 1069 1963 absurda

282 1981 310 2005 ct
321 1977 462 2008 indecora.
478 1977 592 2012 aspiciat
606 1978 640 2005 ad
656 1980 810 2013 puritatem,
827 1988 873 2014 per
883 1981 964 2008 verba
977 1982 1071 2016 pathe—

283 2024 336 2050 tica
353 2023 536 2058 interpretans
552 2029 669 2051 mentem
691 2032 722 2051 ac
747 2025 922 2058 sententiam,
943 2026 969 2053 in
988 2035 1069 2062 quam

282 2069 336 2095 hou
357 2068 430 2094 cadit
454 2068 592 2096 interitus.
617 2069 675 2096 Hoc
700 2069 809 2103 quidem
833 2078 916 2097 unum
941 2079 992 2099 nos
1023 2081 1071 2107 per

282 2113 416 2148 prooemia
440 2113 538 2140 doceat
564 2114 662 2144 oratio,
687 2114 759 2148 quod
787 2122 841 2141 non
865 2120 929 2142 sunt
953 2118 1070 2152 amplius

282 2156 408 2185 homines
423 2158 469 2193 qui
486 2158 709 2192 iutroducuntur,
728 2159 761 2186 ad
779 2160 860 2195 adyta
875 2163 1068 2197 mysteriorum
1087 2166 1108 2192 D
1122 2156 1154 2200 τέ
1165 2174 1193 2200 οε

279 2204 364 2238 hujus
381 2204 454 2236 libri,
473 2204 519 2231 sed
538 2211 584 2238 per
601 2203 703 2232 Christi
725 2205 898 2240 disciplinam
924 2211 987 2235 sunt
1009 2212 1065 2236 tra-

280 2249 355 2276 ducti
373 2249 406 2275 ad
424 2249 450 2276 id
468 2248 539 2283 quod
557 2251 598 2276 est
613 2250 745 2278 divinius.
765 2250 844 2278 Sicut
866 2253 925 2281 suis
941 2253 1064 2290 discipu-

281 2294 314 2321 lis
326 2291 442 2320 testatur
457 2293 588 2324 Verbum,
605 2294 677 2327 quod
694 2301 785 2323 essent
800 2297 910 2326 homine
927 2301 1063 2331 meliores.

280 2344 349 2373 quos
370 2339 500 2366 diserevit
525 2340 559 2366 ab
587 2340 707 2372 homine.
735 2350 796 2376 qum
817 2351 831 2369 a
856 2343 969 2372 Domino
993 2346 1063 2381 apud

282 2386 357 2420 ipsos
377 2385 447 2412 facta
465 2389 508 2412 est
525 2385 676 2417 distinctio.
691 2388 801 2422 quando
821 2390 887 2417 dicit
903 2400 910 2418 :
927 2391 1008 2424 Quem
1025 2401 1065 2419 me

280 2432 371 2457 dicunt
386 2436 444 2457 esse
459 2430 596 2459 homines?
616 2430 666 2458 Vos
678 2438 764 2460 autem
779 2439 855 2469 quem
872 2444 911 2463 me
924 2445 981 2464 esse
998 2437 1068 2465 dici-

281 2476 314 2502 tis
323 2476 364 2502 "3
380 2474 482 2502 licvera
498 2477 569 2503 enim
582 2482 634 2512 per
650 2479 707 2505 haec
720 2479 813 2511 verba,
834 2483 949 2515 quortnn
964 2484 1024 2516 quae
1040 2483 1067 2510 in

280 2524 408 2554 promptu
425 2524 467 2546 est
489 2521 665 2553 signiﬁcatio.
687 2524 792 2552 indicat
805 2527 929 2553 carnales
954 2527 1070 2555 delecta-

279 2566 379 2594 tiones.
409 2573 462 2592 non
489 2566 619 2596 delabens
638 2568 670 2595 ad
691 2570 838 2597 obscenam
861 2572 1066 2606 cogitationem,

279 2607 327 2634 sed
352 2616 444 2635 rerum
463 2610 619 2638 divinarum
644 2613 842 2648 philosophiam
863 2615 895 2641 ad
921 2624 1003 2650 puras
1018 2618 1066 2644 ile-

279 2653 384 2681 ducens
401 2656 500 2683 mentis
513 2658 708 2692 conceptiones
724 2668 730 2685 :
747 2660 867 2687 ostendit
881 2668 935 2688 non
950 2663 1066 2697 amplius

278 2706 341 2726 esse
368 2699 517 2735 hominem,
545 2710 634 2737 nequc
662 2703 761 2732 habere
786 2709 910 2732 naturam
935 2715 1017 2735 carne
1039 2713 1065 2736 ct

315 2797 337 2814 ⁸³
351 2797 432 2824 Mure.
455 2806 516 2829 vtn.
535 2799 580 2827 ‘27.

1121 207 1178 234 ἀλλ’
1193 207 1263 233 ὥστε
1289 206 1415 240 γενέσθαι
1439 205 1557 232 διάνοιαν
1573 207 1628 237 τοῖς
1641 205 1845 240 ἐντυγχάνουσι,
1858 205 1908 232 τοῦ

1122 252 1194 287 μέγα
1217 261 1243 278 τι
1263 253 1310 279 καὶ
1325 252 1394 278 θεῖον
1409 253 1438 278 ὲν
1453 253 1507 283 τοῖς
1529 251 1685 286 λεγομένοις
1702 251 1908 287 προσδέχεσθαι.

1128 298 1237 333 Ἐπειδὴ
1248 298 1302 333 γὰρ
1312 297 1513 333 ἀνυπέρϐλητόν
1521 298 1579 324 ἐστι
1593 296 1658 332 παρ’
1672 297 1790 332 ἑκάστῳ,
1801 296 1845 322 διὰ
1859 297 1908 331 τῆς

1123 344 1186 379 περὶ
1200 343 1282 370 αὐτοῦ
1297 342 1459 378 μαρτυρίας,
1472 342 1518 368 ἐπὶ
1530 343 1563 377 τῇ
1573 340 1653 375 σοφίᾳ
1660 341 1690 367 τὸ
1704 339 1908 375 θαῦμα,τούτου

1121 389 1200 424 χάριν
1230 389 1310 420 εὐθὺς
1342 388 1374 414 ἐκ
1399 387 1550 423 προοιμίων
1567 388 1584 422 ἡ
1604 386 1651 413 τοῦ
1667 386 1796 421 ὀνόματος
1813 386 1907 421 μνήμη

1121 435 1379 471 παραλαμϐάνεταιο
1401 434 1472 461 ὥστε
1494 442 1520 460 τι
1537 433 1607 468 μέγα
1625 433 1732 467 καὶτῆς
1746 432 1809 467 περὶ
1824 430 1907 463 αὑτοῦ

1121 482 1199 517 δόξης
1212 480 1322 513 ἐπάξιον
1336 480 1495 514 ὲλπισθῆναι
1509 478 1552 505 διὰ
1568 478 1615 505 τοῦ
1632 478 1733 514 βιϐλίου
1745 477 1840 504 τούτου
1850 477 1908 507 τοῖς

1121 526 1340 561 ἐντυγχάνουσιν.
1349 526 1454 560 ’Ὠσπερ
1463 525 1491 551 δὲ
1503 523 1572 550 κατὰ
1588 523 1636 558 τὴν
1646 523 1783 559 γραφικὴν
1796 522 1908 557 ἐπιστή-

1123 582 1177 608 μην
1192 572 1242 608 ὖλη
1259 572 1307 607 μέν
1321 571 1362 602 τίς
1383 572 1440 597 ὲστι
1466 570 1571 601 πάντως
1586 570 1614 596 ὲν
1628 569 1764 605 διαφόροις
1777 569 1876 604 βαφαῖς
1888 570 1905 602 ἡ

1123 618 1318 654 συμπληροῦσα
1332 617 1378 644 τοῦ
1393 616 1462 649 ξώου
1482 617 1530 653 τὴν
1547 617 1659 652 μίμησιν
1672 625 1678 632 ·
1694 617 1709 642 6
1729 615 1757 642 δὲ
1775 615 1841 650 πρὸς
1858 614 1907 650 τὴν

1121 663 1213 690 εικόνα
1230 663 1348 698 βλέπων,
1359 663 1409 698 τὴν
1419 663 1451 689 ὲκ
1462 663 1511 697 τῆς
1526 662 1622 697 τέχνης
1631 661 1675 688 διὰ
1688 661 1742 687 τῶν
1753 661 1907 696 χρωμάτων

1123 708 1380 744 συμπληρωθείσαν,
1394 708 1424 734 οὺ
1439 709 1497 738 ταῖς
1511 706 1735 742 ὲπιχρωσθείσαις
1750 705 1790 740 τῷ
1811 705 1907 731 πίνακι

1122 755 1222 790 βαφαῖς
1238 754 1419 789 ἑμφιλοχωρεῖ
1437 753 1475 789 τῷ
1490 753 1621 787 θεάματι·
1637 752 1703 778 ἀλλὰ
1718 751 1784 786 πρὸς
1793 751 1824 777 τὸ
1837 748 1907 781 εἶδος

1123 801 1215 836 βλέπει
1229 801 1318 835 μόνον,
1329 799 1393 826 ὃδιὰ
1406 799 1458 826 τῶν
1475 799 1627 834 χρωμάτων
1637 799 1651 824 6
1663 797 1788 832 τεχνίτης
1803 796 1907 822 ἀνέδει-

1121 847 1164 879 ξεν
1179 854 1185 861 ·
1202 846 1273 873 οὕτω
1293 846 1426 881 προσῆκει
1446 845 1492 871 καὶ
1511 845 1557 870 ἐπὶ
1578 845 1628 879 τῆς
1638 842 1776 880 παρούσης
1784 841 1905 876 Γραφῆς,

1122 893 1159 929 μὴ
1173 893 1240 928 πρὸς
1249 892 1297 928 τὴν
1313 892 1377 927 ὓλην
1389 891 1437 926 τὴν
1452 892 1480 917 ὲν
1493 891 1549 921 τοῖς
1564 890 1666 925 ῥήμασι
1682 889 1832 924 χρωμάτων
1847 887 1908 922 βλέ-

1121 947 1182 965 πειν
1192 947 1198 953 ·
1212 938 1279 964 ἀλλὰ
1289 937 1414 972 καθάπερ
1427 945 1453 962 τι
1465 934 1601 970 βασιλείας
1610 932 1678 966 εἶδος
1693 934 1721 960 ὲν
1734 933 1822 964 αὐτοῖς
1841 932 1907 959 καθ-

1121 985 1186 1020 ορᾷν
1196 984 1226 1011 τὸ
1239 984 1282 1010 διὰ
1299 983 1352 1010 τῶν
1375 982 1501 1018 καθαρῶν
1517 981 1659 1016 νοημάτων
1675 979 1905 1014 ἀνατυπούμενον.

1121 1029 1223 1056 Λευκὸν
1233 1029 1298 1064 γὰρ,
1307 1029 1324 1064 ἢ
1334 1028 1432 1064 ὠχρὸν,
1449 1028 1466 1063 ἢ
1479 1027 1572 1062 μέλαν,
1582 1025 1736 1062 ἢλὲρυθρδν,
1751 1025 1767 1060 ἢ
1782 1025 1906 1054 κυάνεον,

1121 1075 1137 1111 ἢ
1153 1075 1215 1102 ἄλλο
1239 1083 1266 1101 τι
1288 1073 1388 1110 χρῶμά
1407 1073 1512 1100 ἐστιτὰ
1539 1073 1649 1108 ῥήματα
1667 1071 1753 1098 ταῦτα
1772 1069 1843 1097 κατά
1858 1069 1907 1100 τὰς

1121 1121 1282 1156 προχείρους
1297 1119 1439 1155 ἐμφάσεις,
1451 1117 1547 1153 στόμα,
1562 1117 1609 1144 καὶ
1621 1117 1735 1152 φίλημα,
1752 1116 1798 1143 καὶ
1810 1115 1905 1151 μύρον,

1122 1166 1169 1193 καὶ
1181 1164 1264 1198 οἶνος,
1277 1165 1323 1192 καὶ
1334 1164 1369 1191 τὰ
1385 1164 1438 1191 τῶν
1455 1163 1542 1198 μελῶν
1554 1163 1682 1198 ὀνόματα,
1699 1163 1745 1189 καὶ
1759 1161 1846 1197 κλίνη,
1859 1161 1907 1188 καὶ

1122 1211 1249 1243 νεάνιδες,
1261 1212 1308 1238 καὶ
1324 1211 1357 1238 τὰ
1367 1210 1489 1237 τοιαῦτα.
1510 1210 1542 1236 Ἦ
1556 1209 1584 1236 δὲ
1594 1209 1637 1235 διὰ
1649 1209 1750 1235 τούτων
1762 1208 1908 1235 ἀποτελου-

1124 1258 1191 1293 μένη
1222 1257 1324 1293 μορφὴ,
1345 1256 1515 1292 μακαριότης
1543 1254 1601 1281 ἐστὶ
1624 1255 1670 1280 καὶ
1685 1253 1870 1285 ἀπάθεια,καὶ
1889 1253 1906 1287 ἡ

1121 1304 1190 1338 πρὸς
1200 1303 1229 1330 τὸ
1235 1303 1312 1329 Θείον
1321 1303 1462 1336 συνάφεια,
1472 1301 1519 1328 καὶ
1529 1302 1546 1337 ἡ
1557 1301 1609 1327 τῶν
1621 1301 1714 1328 κακῶν
1721 1299 1907 1335 ἀλλοτρίωσις,

1122 1349 1169 1374 καὶ
1183 1349 1200 1383 ἡ
1212 1348 1279 1383 πρὸς
1307 1347 1338 1373 τὸ
1358 1347 1442 1377 ὅντως
1458 1345 1538 1372 καλὸν
1556 1345 1602 1372 καὶ
1620 1344 1720 1379 ἀγαθὸν
1738 1343 1906 1378 ἐξομοίωσις.

1122 1394 1214 1421 Ταῦτά
1240 1395 1298 1420 ἐστι
1324 1392 1358 1419 τὰ
1371 1393 1495 1427 νοήματα
1512 1392 1546 1418 τὰ
1563 1390 1753 1426 μαρτυροῦντα
1772 1388 1810 1423 τῷ
1828 1388 1908 1415 Σολο-

1123 1440 1209 1475 μῶντι
1226 1439 1274 1474 τὴν
1296 1439 1391 1473 σοφίαν
1417 1437 1524 1472 εκείνην
1537 1437 1586 1472 τὴν
1613 1436 1829 1471 ὑπερϐαίνουσαν
1844 1434 1909 1470 τους

1083 1494 1104 1523 c
1121 1485 1201 1520 ὄρους
1212 1485 1261 1520 τῆς
1276 1485 1449 1520 ἀνθρωπίνης
1461 1484 1565 1519 σοφίας.
1575 1484 1607 1510 Τί
1618 1483 1672 1519 γάρ
1684 1483 1716 1510 ἂν
1727 1483 1830 1516 γένοιτο
1844 1481 1908 1507 “co-3‘-

1120 1540 1166 1558 του
1180 1531 1403 1567 παραδοξότερον,
1415 1532 1432 1566 ἢ
1445 1531 1475 1558 τὸ
1485 1531 1568 1566 αὐτὴν
1581 1531 1692 1566 ποιῆσαι
1703 1530 1752 1565 τὴν
1764 1529 1843 1564 φύσιν
1854 1528 1908 1555 τῶν

1122 1578 1193 1604 ἰδίων
1215 1578 1384 1613 παθημάτων
1402 1578 1560 1612 καθάρσιον,
1585 1575 1629 1603 διὰ
1649 1576 1702 1603 τῶν
1721 1575 1907 1610 νομιζομένων

1120 1623 1251 1658 ὲμπαῡῶν
1278 1623 1406 1660 ῥημάτων
1419 1623 1467 1658 τὴν
1494 1622 1629 1650 ἀπάθειαν
1642 1621 1838 1653 νομοθετοῦσαν
1859 1621 1907 1647 καὶ

1120 1670 1317 1703 παιδεύουσανς
1330 1670 1366 1696 Οὐ
1380 1669 1432 1704 γὰρ
1442 1669 1515 1703 λέγει
1526 1668 1566 1700 τὸ,
1578 1668 1632 1695 δεῖν
1647 1667 1698 1701 ἔξω
1710 1668 1763 1694 τῶν
1778 1669 1826 1703 τῆς
1838 1675 1906 1702 σαρ-

1120 1716 1167 1747 κὸς
1183 1715 1309 1750 γενέσθαι
1326 1714 1483 1750 παθητικῶν
1499 1714 1666 1750 κινημάτων,
1696 1714 1743 1741 καὶ
1759 1713 1907 1748 νεκροῦντα

1120 1761 1154 1788 τὰ
1165 1761 1233 1797 μέλη
1248 1761 1282 1787 τὰ
1294 1761 1341 1787 ἐπὶ
1349 1760 1397 1795 τῆς
1408 1760 1469 1795 γῆς,
1481 1760 1527 1786 καὶ
1543 1759 1703 1795 καθαρεύειν
1722 1760 1774 1786 ἀπὸ
1789 1760 1842 1786 τῶν
1857 1761 1908 1794 ἑμ-

1121 1808 1215 1835 παθῶν
1233 1808 1361 1843 ῥημάτων
1381 1805 1419 1841 τῷ
1436 1805 1565 1840 στόματι·
1581 1806 1637 1832 ἀλλ’
1649 1805 1720 1832 οὕτω
1733 1805 1840 1840 διέθηκε
1857 1805 1906 1842 τὴν

1120 1854 1218 1889 ψυχὴν,
1228 1854 1266 1886 ὡς
1282 1853 1326 1880 διὰ
1342 1853 1396 1880 τῶν
1419 1852 1601 1887 ἁπεμςραίνειν
1613 1852 1760 1879 δοκούντων
1775 1852 1842 1888 πρὸς
1856 1852 1906 1887 τὴν

1121 1899 1294 1935 καθαρότητα
1314 1899 1432 1934 βλέπειν,
1447 1898 1495 1925 καὶ
1508 1893 1552 1924 διὰ
1575 1897 1628 1924 τῶν
1645 1897 1776 1933 ὲμπαθῶν
1789 1898 1904 1933 ῥήσεων,

1120 1946 1170 1980 τὴν
1183 1946 1320 1981 ἀκήρατον
1338 1945 1495 1980 ἑρμηνεύων
1511 1945 1638 1972 διάνοιαν.
1654 1943 1702 1971 Ἓν
1725 1943 1773 1979 μὲν
1784 1943 1816 1979 δὴ
1827 1943 1907 1970 τοῦτο

1120 1991 1165 2018 διὰ
1177 1991 1230 2018 τῶν
1243 1991 1392 2026 προοιμίων
1404 1991 1477 2026 ἡμᾶς
1491 1991 1662 2017 παιδευσάτω
1678 1991 1692 2017 6
1703 1989 1792 2024 λόγος,
1807 1990 1838 2016 τὸ
1853 1999 1908 2025 μη-

1122 2037 1181 2063 κέτι
1195 2036 1352 2072 ἀνθρώπους
1365 2034 1443 2067 εἶναι,
1455 2037 1518 2067 τοὺς
1537 2036 1584 2062 ἐπὶ
1601 2036 1636 2063 τὰ
1650 2036 1734 2063 ἄδυτα
1745 2035 1799 2062 τῶν
1810 2036 1857 2062 τοῦ
1868 2036 1908 2071 βι-

1122 2083 1194 2110 ϐλίου
1206 2083 1300 2109 τούτου
1308 2083 1464 2118 μυστηρίων
1474 2082 1674 2118 εἱσαγομένους,
1683 2082 1749 2110 ἀλλὰ
1759 2091 1908 2118 μεταποιη-

1122 2128 1200 2164 θῆναι
1215 2129 1247 2163 τῇ
1263 2128 1343 2162 φύσει
1364 2128 1408 2155 διὰ
1419 2128 1469 2163 τῆς
1483 2128 1530 2155 τοῦ
1552 2128 1669 2164 Χριστοῦ
1682 2127 1829 2164 μαθητείας
1839 2129 1908 2163 πρὸς

1197 2174 1298 2209 ιότερον
1309 2183 1315 2190 ο
1338 2174 1427 2206 καθὼς
1444 2176 1577 2210 μαρτυρεῖ
1592 2177 1646 2206 τοῖς
1665 2174 1760 2202 ἑαυτοῦ
1773 2174 1908 2210 μαθηταῖς

1122 2220 1136 2246 6
1153 2220 1248 2254 Λόγος,
1270 2221 1311 2246 ὃτι
1331 2220 1470 2255 κρείττους
1481 2218 1550 2256 ἦσαν
1570 2219 1586 2255 ἢ
1606 2220 1675 2247 κατὰ
1691 2220 1843 2256 ἄνθρωπον,
1861 2221 1907 2252 οὒς

1121 2265 1254 2300 διέκρινεν
1269 2265 1322 2292 άπὸ
1336 2266 1389 2292 τῶν
1399 2266 1714 2303 ἀνθρώπωνήγενομένη
1727 2267 1794 2302 πρὸς
1808 2268 1907 2300 αὐτοὺς

1122 2311 1197 2347 παρὰ
1223 2311 1270 2337 τοῦ
1298 2311 1399 2347 Κυρίου
1412 2312 1545 2348 διαστολὴ,
1563 2314 1606 2340 ὅτε
1628 2313 1693 2348 φησί
1708 2323 1713 2328 ⁸
1731 2314 1799 2340 Τίνα
1812 2323 1852 2348 με
1863 2314 1908 2341 λέ-

1120 2365 1228 2391 γοιιση·
1242 2359 1269 2383 οἱ
1284 2357 1430 2391 ἅνθρωποι
1455 2356 1547 2390 sirm;
1567 2359 1659 2393 Ὑμεῖς
1674 2359 1708 2385 δὲ
1726 2359 1793 2386 τίνα
1810 2368 1849 2394 με
1860 2361 1907 2387 ,ιέ-

1121 2409 1186 2435 γεγε
1197 2399 1291 2440 siml;
1309 2402 1415 2437 ἀληθῶς
1428 2403 1482 2438 γάρ
1496 2403 1533 2435 ὡς
1548 2403 1590 2430 διὰ
1604 2406 1658 2430 τῶν
1676 2404 1804 2431 τοιούτων
1818 2406 1907 2440 ῥημά-

1118 2455 1183 2478 των,
1200 2444 1238 2473 ὧν
1289 2448 1431 2484 πρόχειρος
1447 2448 1564 2484 ἔμφασις
1575 2449 1623 2481 τὰς
1643 2449 1790 2485 σαρκώδεις
1804 2450 1904 2485 ἡδυπα-

1120 2493 1194 2525 θείας
1211 2493 1404 2523 ἐνδείκνυνται,
1421 2495 1458 2530 μὴ
1474 2494 1682 2522 κατολισθαίνων
1692 2497 1731 2528 εἰς
1749 2496 1799 2531 τὴν
1813 2497 1898 2531 ῥυπῶ.

1121 2546 1171 2564 σαν
1196 2538 1326 2569 διάνοιαν,
1343 2539 1410 2565 ἀλλὰ
1431 2540 1498 2576 πρὸς
1514 2540 1562 2575 τὴν
1578 2541 1631 2566 τῶν
1653 2540 1731 2567 θείων
1747 2541 1906 2575 φιλοσοφίαν

1120 2583 1166 2608 ἐπὶ
1184 2583 1233 2614 τὰς
1247 2583 1369 2618 καθαρὰς
1385 2584 1488 2616 ἐννοίας
1498 2604 1505 2615 ,
1523 2584 1567 2611 διὰ
1581 2586 1634 2612 τῶν
1659 2586 1789 2620 ῥημάτων
1804 2585 1906 2612 τούτων

1120 2629 1370 2664 χειραγωγούμενος
1383 2629 1538 2658 δείκνυσιτὸ
1559 2632 1656 2672 μηκέτι
1669 2631 1811 2667 ἄνθρωπος
1824 2629 1906 2665 εἶναι,

1121 2674 1188 2708 μηδὲ
1218 2674 1298 2710 σαρκὶ
1320 2676 1367 2701 καὶ
1394 2676 1490 2710 αἵματι
1515 2677 1744 2712 συμμεμιγμένην
1761 2678 1810 2713 τὴν
1826 2678 1907 2712 φύσιν

1120 2718 1190 2754 ἔχειν
1202 2728 1207 2733 '
1220 2715 1285 2746 ἀλλὰ
1297 2720 1344 2756 τὴν
1354 2721 1531 2757 ἐλπιζομένην
1545 2723 1577 2757 τῇ
1591 2723 1735 2750 ἀναστάσει
1753 2724 1807 2750 τῶν
1823 2724 1907 2758 άγίων
