1989 3070
107 86 155 115 777

632 85 664 113 ΙΝ
684 84 831 113 CANTICA
851 83 985 112 CANTIC.
1008 84 1148 112 liOMlLlA
1169 84 1188 112 I.

1674 84 1726 111 773

107 144 175 179 ζωὴν
192 142 384 174 ἐπιδείκνυται,
402 142 541 177 ίσάγγελος
555 142 598 170 διὰ
611 144 658 178 τῆς
669 143 802 174 ἀπαθείας
812 142 888 176 γενό-

948 142 1073 176 sanguine
1092 143 1275 175 eommistam,
1297 142 1345 171 sed
1366 141 1485 170 ostendit
1508 145 1666 169 sanctorum
1688 149 1725 168 vt~

108 198 194 225 μενος.
222 189 267 220 Ὠς
287 189 342 225 γὰρ
367 189 434 224 μετά
457 188 506 224 τὴν
532 189 679 216 ἀνάστασιν
695 189 725 216 τὸ
744 189 791 224 μὲν
812 188 891 223 σῶμα

108 234 345 270 μεταστοιχειωθὲν
361 234 428 269 πρὸς
447 234 477 260 τὸ
488 234 636 269 ἄφθαρτον,
651 236 683 270 τῇ
694 235 765 270 ψυχῇ
783 234 827 261 τοῦ
843 234 891 260 ἀν-

107 280 213 316 θρώπου
229 279 427 315 συμπλέκεται·
441 280 474 306 τὰ
487 280 515 306 δὲ
531 280 576 306 νῦν
593 280 637 306 διὰ
656 282 756 315 σαρκὸς
775 281 839 315 ἡμῖν
851 281 892 306 ὲν-

107 325 233 361 ηχλοῦντα
247 325 332 360 πάθη,
348 327 404 356 toi;
417 325 540 360 σώμασιν
555 326 666 357 ἐκείνοις
682 326 711 352 οὐ
732 326 891 352 συνανίστα-

107 381 148 398 ται
159 380 166 387 ⁸
183 371 250 399 ἀλλά
271 380 313 403 τις
343 371 467 407 είρηνικὴ
483 371 648 403 κατάστασις
669 371 717 406 τὴν
728 371 800 406 ζωὴν
814 371 890 406 ἡμῶν

106 417 262 450 διαδέξεται,
279 417 377 452 μηκέτι
393 416 440 443 τοῦ
465 417 636 453 φρονήματος
651 419 700 453 τῆς
711 418 810 453 σαρκὸς
824 417 891 452 προς

106 463 152 498 τὴν
161 463 248 498 ψυχὴν
261 462 461 496 στασιάζοντος,
476 463 543 498 μηδὲ
559 463 606 489 τοῦ
622 463 752 498 ἐμφυλίου
773 463 890 498 πολέμου

105 509 148 536 διὰ
168 509 223 536 τῶν
243 509 372 543 ὲμπαθῶν
390 509 546 543 κινημάτων
565 510 839 545 ἀντιστρατευομένου
853 509 892 544 τῷ

106 555 178 590 νόμῳ
193 553 238 580 τοῦ
253 554 321 585 νοὸς,
338 555 384 580 καὶ
394 553 487 589 ὥσπερ
500 553 670 589 αἰχμάλωτόν
684 563 742 580 τινα
756 556 787 590 τῇ
801 555 888 590 ἀμαρ-

105 600 150 635 τίᾳ
167 600 348 634 προσάγοντος
368 599 416 634 τὴν
438 599 600 634 ἡττηθεῖσαν
615 599 704 634 ψυχήν
718 608 724 614 ·
740 600 807 626 ἀλλά
824 600 891 626 πάν-

106 654 158 672 των
183 644 236 670 τῶν
261 645 388 670 τοιούτων
413 644 576 679 καθαρεὺσει
591 645 651 671 τότε
665 646 680 679 ἡ
694 644 782 678 φύσις,
803 646 847 672 καὶ
863 646 892 671 ἓν

105 689 137 716 δι’
162 689 322 723 ἀμφοτέρων
335 688 411 715 ἕσται
427 689 457 714 τὺ
473 689 609 723 φρόνημα,
623 689 673 723 τῆς
691 690 790 725 σαρκός
809 699 891 725 φημιν

106 735 153 762 καὶ
166 734 213 762 τοῦ
233 734 394 770 πνεύματος,
411 734 499 768 πάσης
524 735 680 769 σωματικῆς
694 735 837 767 διαθέσεως
849 736 892 767 sg-

105 781 299 816 αφανισθείσης
324 781 377 807 ἀπὸ
390 781 439 815 τῆς
455 780 561 814 φύσεως
571 788 578 796 ·
595 781 664 807 οὕτω
677 781 890 815 παρακελεύεται

106 828 151 855 διὰ
167 827 213 854 τοῦ
231 827 332 863 βιϐλίου
346 827 442 854 τούτου
458 829 472 853 ὁ
486 827 564 861 λόγος
583 828 639 859 τοῖς
652 828 787 860 ἐπαΐουσι,
799 827 851 854 κᾶν
863 829 891 854 ὲν
909 817 927 844 Β

108 873 189 908 σαρκὶ
213 873 314 908 ζῶμεν,
334 873 415 908 μηδὲν
437 874 491 905 τοῖς
516 874 633 908 νοήμασι
650 873 716 908 πρὸς
731 874 815 908 αὐτὴν
832 875 890 900 ὲπι-

107 919 271 955 στρέφεσθαι
279 928 285 934 ·
300 919 368 945 ἀλλὰ
382 919 428 945 καὶ
440 919 508 953 πρὸς
518 919 600 954 μόνην
615 919 662 954 τὴν
673 919 761 954 ψυχὴν
773 920 891 954 βλέπειν,

106 966 152 993 καὶ
162 965 251 996 πάσας
260 965 309 996 τὰς
323 964 497 1000 ἀγαπητικὰς
506 965 606 991 τούτων
623 965 756 999 ἐμφάσεις
770 965 893 1001 καθαράς

105 1021 135 1038 τε
151 1012 198 1038 καὶ
213 1011 377 1046 ἀμολύντους
397 1011 551 1038 ἀνατιθέναι
573 1011 612 1046 τῷ
634 1011 791 1046 ὑπερέχοντι
804 1011 893 1037 πάντα

106 1058 168 1084 νοῦν
182 1057 277 1092 ἀγαθῷ
289 1057 364 1092 Θεῷ·
391 1054 413 1091 ᾦ
432 1057 511 1092 μόνον
531 1057 604 1083 ἐστὶν
626 1057 663 1088 ὼς
676 1057 793 1091 ἀληθῶς,
808 1057 893 1091 γλυκύ

105 1113 135 1130 τε
152 1104 199 1130 καὶ
228 1103 392 1138 ἐπιθυμητὸν
410 1104 455 1129 καὶ
476 1103 605 1138 ἐράσμιον
619 1112 625 1117 ·
637 1101 666 1129 οὗ
683 1104 698 1138 ἡ
716 1103 893 1138 ἀπόλαυσιςὴ

106 1151 150 1177 ἀεὶ
168 1150 296 1185 γινομένη
311 1148 422 1184 ἀφορμὴ
437 1148 557 1184 μείζονος
577 1148 723 1183 ἐπιθυμίας
734 1148 848 1182 γίνεται,
861 1150 893 1184 τῇ

107 1195 237 1230 μετουσίᾳ
252 1195 305 1221 τῶν
323 1194 432 1229 ἀγαθῶν
449 1194 494 1220 τὸν
506 1194 587 1221 πόθον
600 1194 829 1220 συνεπιτείνουσα.
843 1193 895 1220 Οὓ-

105 1250 160 1272 τως
173 1241 187 1266 ὁ
198 1241 298 1275 Μωσῆς
309 1240 395 1274 ἐφίλει
406 1239 451 1266 τὸν
463 1239 528 1265 Θεὸν
540 1259 547 1271 ,
564 1238 649 1270 οὕτως
658 1240 672 1265 ὁ
690 1239 781 1271 Ἠλίας
790 1246 797 1253 ⁸
809 1239 895 1270 οὕτως

106 1287 121 1313 ὁ
139 1285 264 1320 Ίωὰννης
279 1284 365 1319 ἐφίλει
378 1284 422 1310 τὸν
435 1283 552 1319 νυμφίον
569 1283 654 1318 λέγων
670 1293 676 1299 ·
702 1284 728 1309 '0
745 1284 824 1318 ἔχων
839 1283 896 1317 τὴν

106 1333 229 1366 νύμφην
252 1330 381 1364 νυμφίος
392 1330 493 1356 ἐστίν·
509 1331 526 1355 ὀ
547 1329 581 1355 δὲ
596 1329 684 1363 φίλος
698 1329 750 1355 τοῦ
766 1331 895 1364 νυμρίου

108 1377 184 1413 χαρᾷ
204 1376 299 1411 χαίρει
321 1376 368 1402 διὰ
391 1376 449 1409 τὴν
460 1374 565 1409 φωνὴν
579 1375 631 1401 τοῦ
650 1375 791 1409 νυμφίου.
804 1375 895 1406 υῦτως

106 1425 121 1450 ὁ
132 1423 232 1458 Πέτρος
248 1422 393 1457 ἐρωτηθεὶς
406 1423 430 1448 εί
439 1421 511 1455 φιλεί
522 1421 567 1447 καὶ
580 1421 681 1455 ἀγαπᾷ,
697 1421 820 1456 ὁμολογεῖ
829 1422 896 1456 μετά

108 1469 275 1505 παρρησίας,
305 1468 409 1501 λέγων·
427 1467 469 1493 Σὺ
483 1466 576 1500 οἶδας,
592 1467 689 1500 Κύριε.
705 1466 748 1493 ὅτι
761 1466 838 1501 φιλῶ
848 1474 894 1493 σε.

108 1514 203 1545 Οὕτως
223 1514 247 1539 οἱ
264 1512 352 1539 λοιποὶ
371 1512 513 1539 ἀπόστολοι
527 1520 532 1526 ·
555 1511 640 1543 οὕτως
654 1513 668 1538 ὁ
685 1512 788 1543 Παῦλος
799 1513 812 1538 ὁ
832 1513 896 1548 πρὶν

107 1557 236 1593 διώκτης,
252 1558 298 1584 καὶ
311 1557 456 1592 ἀγαπήσας
466 1557 495 1583 ὃν
504 1557 551 1592 οὐχ
566 1557 638 1592 ἑώρα
655 1557 780 1592 Χριστὸν,
795 1558 896 1593 ἔγραφε

109 1603 196 1636 λέγων
211 1611 217 1618 ·
241 1599 432 1637 ’Πρμοσάμην
446 1603 521 1637 ὑμᾶς
536 1603 685 1636 παρθένον
696 1603 792 1637 ἁγνὴν
810 1612 897 1638 παρα-

109 1648 223 1682 στῆσαι
236 1646 275 1679 τῷ
284 1647 407 1681 Χριστῷ.
418 1646 510 1678 Οὕτως
523 1648 538 1681 ἡ
550 1647 596 1674 νῦν
612 1648 767 1683 Ἐκκλησία,
779 1649 795 1684 ἡ
805 1650 896 1684 νύμφη

109 1694 156 1720 τὸν
171 1693 285 1728 νυμφίον
300 1693 395 1727 ἐφίλει,
411 1692 481 1719 κατά
495 1692 543 1728 τὴν
559 1693 586 1718 ἐν
601 1693 639 1728 τῷ
660 1694 778 1729 ’ᾼσματι
795 1695 897 1730 παρθέ-

111 1747 157 1765 νον
182 1738 229 1773 τὴν
258 1737 389 1771 λέγουσαν
400 1745 406 1752 '
423 1736 581 1769 Φιλησίίτω
593 1746 631 1771 με
645 1738 704 1764 ἀπὸ
726 1739 899 1773 φιλημάτων

112 1784 261 1817 στόματος
274 1782 377 1809 αὑτοῦ.
394 1781 486 1812 Οὕτως
500 1782 514 1806 ὁ
531 1781 573 1807 διὰ
587 1781 636 1815 τῆς
648 1782 717 1808 κατὰ
731 1783 816 1818 στόμα
831 1792 899 1817 γινο-

114 1828 198 1864 μένης
210 1827 282 1862 αὐτῷ
293 1827 368 1861 παρὶ
383 1826 429 1852 τοῦ
445 1826 512 1852 Θεοῦ
529 1825 646 1860 ὁμιλίας,
663 1827 752 1858 καθὼς
769 1830 901 1863 μαρτυρεί

111 1874 128 1908 ή
144 1873 250 1908 aner],
262 1872 303 1898 ὃτι
316 1873 345 1897 ὲν
357 1871 487 1906 ἐπιθυμίᾳ
502 1871 602 1905 μείζονι
614 1871 667 1897 τῶν
680 1872 807 1899 τοιούτων
822 1873 900 1908 φιλη-

114 1919 209 1954 μάτων
227 1917 343 1951 ὲγένετο,
356 1916 424 1952 μετὰ
440 1916 572 1947 τοσαύτας
581 1916 747 1950 θεοφανείας,
766 1918 803 1949 ὡς
819 1919 901 1954 μήπω

113 1962 276 1997 τεθεαμένος
310 1963 373 1988 ίδεῖν
400 1961 483 1995 ἀξιῶν
500 1962 544 1987 τὸν
568 1962 742 1997 ποθούμενον.
771 1963 862 1996 Οὕτως
877 1966 901 1990 οἱ

113 2008 204 2035 λοιποὶ
214 2007 320 2038 πάντες,
333 2005 373 2038 οἷς
387 2008 400 2033 ὁ
413 2006 482 2038 θεῖος
504 2006 585 2038 πόθος
596 2007 639 2032 διὰ
659 2007 757 2041 βάθους
769 2009 901 2041 ἐνέκειτο,

112 2053 232 2088 οὐδαμοῦ
246 2053 294 2087 τῆς
310 2052 456 2086 ἐπιθυμίας
467 2052 586 2083 ἵσταντο,
603 2053 656 2078 πᾶν
667 2053 696 2078 τὸ
707 2052 797 2080 θεόθεν
811 2054 903 2086 αὐτοῖς

112 2101 155 2131 εἰς
183 2099 332 2125 ἀπόλαυσιν
361 2097 408 2124 τοῦ
425 2097 588 2132 ποθουμένου
604 2099 753 2132 γινόμενον,
769 2099 834 2134 ὕλην
857 2101 902 2127 καὶ

943 192 997 214 tam
1013 195 1074 222 quae
1091 193 1218 222 speratur
1234 188 1260 216 in
1281 188 1492 220 resurrectione,
1515 192 1563 222 per
1584 186 1724 222 impatibi-

943 232 1045 259 litatem
1066 233 1180 261 elIectus
1197 242 1246 268 par
1263 235 1378 269 angelis.
1395 234 1538 267 Quomodo
1557 234 1642 265 enim,
1665 238 1726 268 post

944 279 1185 311 resurrectionem,
1203 287 1304 314 corpus
1325 280 1435 314 quidem
1461 280 1487 306 in
1513 280 1538 307 id
1561 282 1728 307 transmuta—

943 327 1000 351 tutn
1020 323 1045 350 iu
1062 325 1134 358 quod
1151 332 1206 352 non
1223 325 1297 352 cadit
1313 325 1452 357 interitus,
1470 325 1646 360 conjungitur
1668 324 1727 350 ani-

943 376 994 396 ma:
1009 368 1128 397 hominis
1146 378 1153 396 :
1170 378 1230 405 quae
1251 375 1341 398 autent
1360 379 1433 399 nttnc
1450 379 1498 406 per
1513 379 1623 398 carnem
1647 370 1726 397 nobis

944 415 1097 442 molestiam
1110 416 1240 443 exhibent
1252 417 1335 443 animi
1349 416 1581 451 perturbationes.
1594 424 1647 442 non
1660 423 1728 442 con-

943 459 1048 487 sistunt
1073 461 1099 488 in
1125 462 1180 489 illis
1196 463 1370 497 corporibus.
1395 462 1443 490 Sed
1466 461 1597 497 pacificus
1617 461 1726 495 quidam

944 510 1031 534 status
1054 508 1136 534 vitam
1163 514 1286 535 nostram
1311 509 1441 543 excipiet,
1468 508 1612 543 prudentia
1634 507 1727 534 carnis

943 558 996 577 non
1015 552 1132 586 amplius
1158 553 1319 581 seditionem
1344 557 1489 581 exercente
1512 553 1643 580 adversus
1665 552 1726 580 ani-

943 605 1013 624 mant
1033 607 1038 624 :
1056 606 1143 633 neque
1166 599 1237 627 bello
1263 600 1392 627 intestino
1419 607 1467 634 per
1490 603 1581 626 motus
1604 598 1727 626 atl‘ectio-

943 650 1007 669 num
1024 648 1193 678 repugnante
1207 645 1258 680 legi
1272 645 1382 677 mentis,
1400 649 1426 672 et
1441 650 1571 680 tanquam
1592 644 1726 679 captivam

944 691 1057 720 peccato
1077 688 1174 714 victam
1195 689 1346 716 adducente
1369 689 1488 716 animant
1503 698 1510 721 ;
1525 689 1572 716 sed
1588 689 1621 716 ab
1637 689 1728 716 omni-

920 764 925 767 _
943 733 994 761 bus
1010 734 1143 768 ejusmodi
1161 739 1226 762 tunc
1248 744 1316 770 pura
1338 737 1390 763 erit
1415 741 1524 768 natura,
1540 742 1567 764 et
1584 736 1726 763 amborum

943 785 997 804 una
1020 779 1072 805 erit
1100 780 1254 814 prudentia,
1281 782 1383 812 carnis,
1411 782 1531 816 inquam,
1552 785 1579 808 et
1601 781 1726 815 spiritus,

943 824 1016 850 omni
1036 825 1175 859 corporali
1188 826 1331 854 aﬂ‘ectione
1345 827 1432 853 deleta
1445 835 1477 854 ex
1495 833 1609 858 natura;
1626 827 1662 853 ita
1681 834 1728 861 per

943 870 1016 898 hunc
1044 870 1144 898 librum
1169 871 1249 905 jubet
1278 873 1366 899 oratio
1399 872 1432 899 iis
1462 872 1507 906 qui
1537 872 1671 901 audiunt,
1699 875 1729 898 ut

942 917 1049 944 etiamsi
1061 917 1087 944 in
1099 925 1183 944 carne
1195 917 1329 949 vivamus,
1347 918 1450 944 nostris
1465 917 1680 952 cogitationibus
1695 917 1728 943 ad

943 969 1002 989 eam
1032 962 1143 997 minimc
1177 968 1391 994 convertamur,
1417 962 1464 990 sed
1496 963 1530 989 ad
1543 963 1630 990 solam
1656 963 1730 997 aspi-

943 1008 1049 1036 ciamus
1072 994 1201 1034 9animam
1219 1029 1226 1038 ,
1256 1012 1283 1034 et
1313 1016 1409 1035 omnes
1438 1009 1595 1036 dilectionis
1624 1008 1730 1043 signiti-

944 1054 1068 1081 cationes
1106 1061 1189 1088 puras
1219 1059 1246 1080 ct
1277 1054 1433 1088 impollutas
1467 1053 1624 1081 dedieemus
1657 1055 1730 1080 bono

945 1098 1017 1132 Deo,
1041 1099 1086 1134 qui
1117 1107 1224 1126 onmem
1248 1103 1359 1133 superat
1380 1099 1586 1133 intelligentiam
1602 1109 1608 1127 :
1623 1099 1666 1126 cui
1684 1107 1730 1126 so-

947 1145 1004 1172 lum
1024 1149 1066 1172 est
1081 1152 1175 1172 revera
1197 1145 1269 1179 quod
1293 1145 1373 1171 dulce
1389 1144 1580 1178 etjucundum
1599 1150 1730 1178 expeten-

945 1189 1065 1224 dumque
1087 1195 1114 1216 et
1135 1189 1254 1216 amabile
1277 1197 1284 1216 :
1308 1189 1386 1223 cujus
1412 1197 1472 1223 quae
1499 1196 1606 1223 semper
1623 1189 1731 1216 exstitit

946 1236 1057 1268 fruitio,
1082 1235 1110 1262 ﬁt
1122 1235 1236 1262 materia
1263 1239 1290 1262 et
1309 1236 1419 1262 occasio
1433 1235 1545 1269 majoris
1560 1233 1730 1269 cupiditatis.

946 1281 1079 1308 bonorum
1106 1281 1317 1315 participatione
1334 1280 1478 1309 intendens
1496 1280 1673 1308 desiderium.
1692 1280 1729 1307 ita

946 1326 1035 1355 Moses
1051 1326 1135 1353 Deum
1151 1326 1280 1361 diligebat
1293 1337 1300 1358 ;
1313 1327 1349 1352 ita
1365 1326 1448 1357 Elias,
1465 1327 1500 1352 ita
1512 1325 1631 1353 Joannes
1647 1333 1731 1360 spon-

947 1380 1007 1400 sum
1029 1373 1172 1407 diligebat,
1199 1372 1294 1399 dicens
1305 1372 1348 1398 “‘:
1368 1372 1420 1404 Qui
1445 1371 1521 1398 liabet
1547 1380 1671 1406 sponsam
1693 1377 1732 1399 es:

947 1417 1080 1453 sponsus;
1112 1419 1213 1445 amicus
1244 1422 1331 1444 autem
1364 1417 1454 1451 sponsi
1487 1417 1580 1444 lwlitia
1612 1417 1735 1451 afﬁcitur

911 1482 931 1510 ε
947 1468 1052 1497 propter
1073 1472 1209 1499 sponsum.
1237 1463 1275 1491 lla
1303 1463 1400 1491 Petrus
1421 1468 1533 1498 rogatus
1554 1470 1588 1489 an
1609 1466 1680 1489 amet
1700 1469 1733 1492 ac

948 1510 1062 1545 diligat,
1087 1510 1172 1537 libere
1197 1514 1223 1536 et
1255 1510 1425 1537 conﬁdenter
1446 1509 1556 1539 fatetur,
1582 1508 1677 1535 dicens
1688 1509 1731 1535 ’τι

951 1554 1070 1586 Domine,
1087 1559 1114 1581 tu
1127 1555 1179 1581 sris
1193 1555 1262 1589 quod
1278 1563 1338 1581 amo
1362 1559 1395 1581 te.
1426 1553 1463 1580 Ita
1491 1554 1579 1581 caeteri
1605 1555 1733 1588 apostoli.

949 1600 987 1626 lla
1003 1600 1178 1635 Paulus,qui
1201 1601 1278 1635 prius
1302 1604 1473 1636 persecutor,
1501 1608 1562 1627 eum
1593 1600 1735 1629 dilexisset

948 1644 1089 1672 Christum
1105 1653 1185 1680 quem
1202 1653 1256 1673 non
1278 1646 1391 1675 viderat.
1417 1645 1528 1679 scripsit
1545 1645 1639 1672 dicons
1653 1655 1658 1672 :
1685 1645 1736 1672 De-

951 1692 1045 1727 spondi
1061 1700 1104 1718 vos
1121 1692 1246 1726 virginem
1261 1696 1362 1717 castam
1385 1690 1504 1717 exhibere
1526 1690 1632 1718 Christo
1646 1691 1678 1718 ⁸⁸,
1695 1691 1734 1718 i'a

949 1746 1008 1772 qua:
1023 1745 1095 1765 nunc
1109 1742 1149 1764 est
1164 1737 1298 1768 Ecclesia,
1318 1743 1418 1771 sponsa
1445 1744 1576 1770 sponsum
1593 1737 1732 1771 diligebat,

949 1784 1143 1811 convenienter
1156 1783 1180 1810 ci
1193 1783 1290 1818 virgini
1306 1790 1366 1817 qua:
1377 1782 1443 1809 dicit
1457 1782 1484 1808 in
1501 1781 1614 1808 Cantico
1628 1791 1634 1808 :
1651 1781 1731 1809 Oscu-

951 1829 1019 1855 Ietur
1034 1837 1073 1855 me
1086 1828 1176 1856 osculo
1190 1829 1243 1854 oris
1261 1827 1346 1854 sui".
1366 1827 1410 1854 Sic
1433 1827 1479 1853 ille
1503 1827 1550 1860 qui
1575 1827 1673 1862 dignus
1693 1830 1735 1854 est

951 1873 1062 1902 habitus
1075 1882 1136 1902 cum
1153 1874 1208 1902 Dco
1222 1875 1295 1909 loqui
1314 1874 1384 1901 facie
1397 1873 1430 1900 ad
1445 1873 1554 1906 faciem,
1573 1878 1602 1900 ιιι
1620 1878 1735 1900 testatur

953 1921 1094 1955 Scriptura
1107 1921 1140 1952 ὀ,
1157 1920 1291 1954 ejusmodi
1307 1920 1464 1947 osculorum
1479 1919 1577 1954 majori
1595 1920 1735 1947 tenebatur

952 1965 1099 1996 desiderio,
1128 1971 1272 1999 postquam
1298 1965 1321 1992 ci
1346 1966 1427 1993 toties
1451 1965 1521 1993 Deus
1552 1967 1734 2000 apparuisset,

953 2018 1053 2046 rogans
1068 2015 1098 2036 ut
1110 2011 1214 2038 videret
1232 2018 1312 2045 quem
1332 2011 1515 2043 desiderabat,
1540 2011 1653 2046 perinde
1666 2019 1697 2037 ac
1711 2011 1734 2038 si

953 2064 1092 2091 nunquam
1125 2064 1187 2083 cum
1213 2060 1286 2083 essct
1312 2057 1511 2091 contemplatus
1523 2057 1556 2083 ιη.
1584 2056 1621 2083 Ita
1646 2057 1735 2083 ca'tcri

954 2110 1049 2129 omnes
1063 2110 1180 2136 quorum
1205 2102 1327 2128 divinum
1354 2102 1520 2129 desiderium
1549 2102 1684 2129 insidebat
1710 2103 1737 2128 in

115 2145 281 2179 ὑπέκκαυμα
301 2144 349 2178 τῆς
372 2142 553 2178 σφοδροτέρας
571 2143 716 2178 ἐπιθυμίας
736 2145 897 2181 ποιούμενοι

956 2148 1018 2175 imis
1032 2147 1226 2182 penetralibus,
1250 2155 1390 2182 nunquam
1407 2155 1487 2175 suum
1507 2148 1642 2174 satiarunt
1664 2147 1737 2173 desi—

115 2190 233 2221 derium,
249 2189 381 2224 quidquid
401 2189 442 2215 eis
458 2188 590 2215 divinitus
605 2189 758 2222 eveniebat,
777 2198 831 2225 quo
857 2191 1014 2220 fruerentur
1032 2201 1064 2219 eo
1084 2193 1130 2227 qui
1156 2192 1373 2224 desiderabatur,
1407 2192 1557 2220 materiam
1575 2192 1738 2227 arripientes

115 2242 142 2264 ct
159 2237 279 2263 fomitem
299 2235 411 2270 majoris
430 2235 572 2262 desiderii.

154 2284 258 2318 Ὥσπερ
279 2282 310 2317 δὴ
327 2283 374 2308 καὶ
394 2282 440 2311 νῦν
463 2282 479 2317 ή
500 2281 538 2316 τῷ
553 2282 613 2317 θεῷ
628 2284 816 2319 συναπτομένη
831 2285 903 2321 ψυχὴ

115 2329 272 2364 ἁκορέστως
290 2328 345 2362 ἔχει
360 2328 409 2362 τῆς
426 2327 601 2359 ἀπολαύσεως
612 2336 619 2343 ο
638 2328 693 2363 ὅσῳ
714 2328 904 2365 δαψιλέστερον

117 2374 279 2408 ἐμφορεῖται
297 2372 345 2406 τῆς
364 2372 556 2403 ἀπολαύσεως,
581 2373 705 2399 τοσοῦτον
729 2374 905 2409 σφοδρότερον

117 2420 174 2450 τοῖς
190 2417 281 2449 πόθοις
296 2418 465 2452 ἀκμάζουσα.
487 2418 594 2453 Ἐπειδὴ
611 2419 666 2453 γὰρ
683 2419 717 2445 τὰ
736 2420 846 2455 ῥήματα
858 2420 905 2446 τοῦ

118 2467 247 2501 νυμφίου,
266 2465 373 2499 πνεῦμα
392 2465 438 2491 καὶ
455 2464 510 2500 ζωή
529 2466 598 2497 ἐστι,
620 2466 672 2497 πᾶς
689 2465 717 2492 δὲ
738 2466 806 2501 ὸθτῷ
823 2467 903 2494 πνεύσ

121 2520 187 2546 ματι
205 2510 374 2544 κολλώμενος
391 2509 498 2543 πνεῦμα
512 2510 627 2544 γίνεται,
646 2510 692 2537 καὶ
704 2511 718 2537 ἐ
734 2513 768 2547 τῇ
777 2512 833 2548 ζωῇ
844 2520 906 2539 συν-

115 2556 272 2590 απτόμενος
300 2552 353 2580 ἀπὸ
388 2554 502 2581 θανάτου
521 2556 559 2586 εἰς
583 2555 630 2591 τὴν
646 2555 718 2591 ζωὴν
738 2557 905 2591 μεταδαίνει,

118 2599 193 2628 κατὰ
208 2599 256 2634 τὴν
273 2598 319 2624 τοῦ
334 2598 436 2633 Κυρίου
456 2599 563 2633 φωνήν
582 2599 625 2626 διὰ
636 2599 713 2626 τοῦτο
728 2600 807 2626 ποθεῖ
821 2609 907 2636 προο-

119 2645 232 2680 ετγίσαι
246 2644 295 2678 τὴν
318 2643 406 2678 ψυχὴν
427 2645 458 2678 τῇ
472 2645 545 2678 πηγῇ
562 2645 609 2679 τῆς
634 2646 821 2680 πνευματικῆς
835 2646 906 2681 ζωῆς

159 2745 270 2772 "Jun".
288 2752 329 2773 ιιι,
343 2744 388 2770 9.9.
436 2744 457 2760 “7
472 2743 551 2770 Joan.
571 2752 626 2776 ut,
642 2744 683 2771 l5.

121 2789 221 2813 sum,
240 2781 279 2807 l8.
321 2780 342 2794 "
356 2779 434 2806 Joan.
453 2787 478 2811 ν,
495 2778 539 2806 (ii.

285 2828 418 2857 Pirum.
450 2826 508 2856 Gn.
526 2825 633 2855 XLIV.

731 2747 782 2772 "il
802 2747 865 2774 Cor.
882 2755 918 2780 ιιι,
931 2747 958 2773 Ξ.

991 2282 1133 2316 Quomodo
1144 2283 1225 2309 etiam
1238 2290 1298 2317 qute
1309 2286 1391 2310 nunc‘
1401 2291 1510 2318 quoque
1525 2283 1580 2311 Deo
1596 2283 1739 2319 conjungi—

956 2332 1001 2354 tur
1019 2328 1120 2360 anima,
1137 2328 1231 2356 satiari
1247 2337 1302 2355 non
1322 2333 1411 2363 potest
1427 2329 1566 2361 l'ruitione,
1579 2337 1633 2363 quo
1649 2331 1740 2364 copio-

957 2374 1015 2401 sius
1032 2374 1162 2401 trnitione
1178 2375 1316 2409 impletur,
1326 2382 1359 2402 eo
1372 2374 1569 2402 vehementiori
1582 2368 1676 2409 vigens
1690 2375 1739 2402 de-

957 2421 1067 2448 siderio.
1081 2420 1150 2454 Quia
1174 2421 1247 2448 enim
1271 2421 1352 2448 verba
1377 2420 1470 2455 sponsi
1492 2420 1605 2455 spiritus
1629 2425 1693 2448 sunt
1713 2425 1741 2447 et

957 2468 1013 2495 vita
1023 2467 1056 2498 θ’,
1072 2467 1229 2502 quicunque
1242 2470 1330 2494 autem
1344 2466 1550 2501 eonglutinatur
1573 2467 1693 2501 spiritui,
1713 2467 1742 2493 tit

958 2512 1088 2547 spiritus;
1102 2517 1129 2539 et
1140 2512 1186 2546 qui
1201 2512 1261 2539 vitae
1271 2512 1457 2548 coniungitur,
1469 2512 1570 2539 transit
1581 2520 1595 2539 a
1609 2517 1696 2540 morte
1708 2513 1741 2539 ad

957 2557 1052 2588 vitam,
1066 2561 1249 2590 congruenter
1261 2557 1319 2584 voci
1335 2556 1444 2584 Domini
1459 2566 1466 2589 ;
1479 2562 1623 2592 propterea
1639 2558 1744 2585 deside-

959 2606 1000 2628 rat
1008 2601 1228 2637 appropinquare
1239 2602 1356 2630 animam
1365 2603 1431 2631 fonti
1439 2604 1499 2630 vita:
1508 2604 1658 2639 spiritualis
1668 2604 1744 2637 virgo

958 2647 1058 2674 anima.
1071 2646 1143 2674 Fons
1154 2651 1244 2674 autem
1256 2651 1298 2674 est
1312 2655 1343 2675 os
1356 2648 1462 2682 sponsi,
1484 2649 1555 2675 unde
1566 2648 1743 2675 scaturientia

997 2747 1110 2775 "Cant.
1124 2757 1144 2782 t,
1156 2749 1181 2775 Ι.
1199 2757 1259 2781 sqo.
1298 2750 1320 2764 ’θ
1333 2749 1408 2776 Deut.
1431 2755 1524 2779 xsxtr,
1542 2748 1583 2774 l0.
1618 2747 1639 2763 "
1655 2747 1744 2775 Exod.

1554 2828 1592 2857 :25
