1989 3070
301 117 352 145 779

928 118 954 144 S.
975 118 1138 145 “REGUHII
1155 119 1298 146 NYSSl'INI

1862 121 1908 148 780

299 178 380 202 \erlia
398 175 457 199 vitm
471 177 577 200 mlrruae
602 173 712 207 implent
730 181 760 201 οε
778 181 808 200 ea
825 174 962 201 alti-aliens
974 193 982 206 ,
1009 175 1066 202 sicn

1130 177 1147 211 ἡ
1168 176 1297 212 παρθένος
1310 176 1392 211 ψυχή.
1423 176 1453 201 'll
1470 176 1496 201 δὲ
1518 175 1590 210 πηγή
1606 176 1663 200 ἐστι
1683 174 1729 201 τοῦ
1746 176 1861 210 νυμφίου
1883 177 1910 203 τὸ

298 220 412 247 faciebat
432 219 564 253 Propheta
585 227 632 254 per
646 227 677 246 os
698 220 807 258 trahens
820 220 948 254 spiritum
962 221 995 247 ’³.
1009 220 1079 253 Quia

297 273 362 300 ergo
376 269 481 299 oportet
495 273 526 291 os
555 265 698 291 admovere
722 272 798 300 aqua:
825 273 898 296 eum.
920 265 966 299 qui
986 271 1079 300 potum

298 311 412 336 attrahit
421 318 454 336 ex
465 311 539 337 fonte
553 320 558 337 :
573 310 634 338 fons
646 317 733 338 autem
747 316 788 338 est
802 311 932 338 Dominus
944 313 990 347 qui
1000 312 1078 345 dixit,

299 355 329 382 Si
338 355 396 389 quia
403 355 470 388 sitit,
482 356 564 382 ceniut
574 356 607 381 ad
623 364 662 382 me
673 362 696 382 et
709 356 780 382 bibat
789 357 822 389 “,
832 362 975 392 propterea
989 358 1078 384 anima

297 403 354 428 vult
372 403 414 429 ori
446 403 527 429 vitam
546 403 705 430 scaturieuti
739 411 771 430 os
800 411 879 430 suum
914 403 1077 435 admovere,

296 447 390 474 dicens
404 457 410 474 :
425 447 567 474 Osculetur
582 456 620 474 me
637 448 726 474 osculo
738 449 791 475 oris
805 448 869 479 sui;
883 452 909 475 et
923 448 969 482 qui
986 448 1076 474 omni-

297 494 347 520 lius
365 498 471 520 scatere
487 493 549 520 facit
563 493 657 523 vitam,
670 499 696 520 et
711 495 766 520 vult
781 502 877 520 omnes
894 501 955 520 esse
974 493 1077 524 salvos.

295 539 431 565 neminem
444 539 500 565 vult
515 545 610 565 eorum
624 539 670 573 qui
687 539 756 566 salvi
771 539 848 570 ﬁunt,
862 546 923 566 esse
938 543 1076 573 expertem

294 582 377 616 hujus
389 583 474 609 osculi
491 591 498 614 ;
510 587 552 610 est
567 583 640 609 enim
653 582 714 616 ejus
727 583 852 610 osculum
868 588 1076 617 purgamentum

296 628 420 662 cujusvis
436 628 536 655 sordis.
548 627 731 660 Quamobrem
746 629 811 655 mihi
824 628 931 655 videtur
945 627 1076 655 Dominus

294 673 346 701 hoc
359 674 524 708 exprobrare
541 674 646 701 Simoni
662 674 781 709 leproso,
800 673 927 701 Osculum
941 673 1005 699 mihi
1024 681 1076 700 non

293 720 388 746 dedisti
403 719 436 746 ".
452 720 553 746 lievera
572 719 645 746 cnim
668 718 764 746 fuisset
780 719 926 746 mundatus
949 719 983 745 ab
1000 719 1077 753 (egri-

292 765 398 796 tudine,
411 765 434 792 si
446 771 494 792 ore
506 765 664 792 attraxisset
675 765 831 800 puritatem.
844 765 896 792 Sed
910 765 954 792 ille
966 764 1075 799 quidem

292 811 388 838 merito
409 811 435 838 id
448 819 502 838 non
519 814 562 838 est
585 814 728 845 expertus,
744 815 774 837 ut
801 810 879 845 cujus
907 818 972 838 caro
992 817 1075 845 supra

1111 222 1237 259 ‘atépa,
1268 221 1327 247 ὅθεν
1345 221 1379 247 τὰ
1406 222 1513 255 ῥήματα
1539 220 1589 255 τῆς
1615 220 1724 246 αἰωνίου
1750 221 1822 256 ζωῆς
1848 223 1897 248 ἀνα

1131 267 1247 302 ϐρύοντα
1268 267 1365 301 πληροῖ
1389 266 1419 292 τὸ
1442 266 1527 301 στόμα
1551 266 1581 292 τὸ
1604 265 1795 300 ἐφελκόμενον,
1822 266 1908 295 καθὼς

1131 312 1215 338 ἐποίει
1226 312 1391 346 όΠροφήτης
1404 310 1447 337 διὰ
1459 310 1504 337 τοῦ
1518 310 1649 345 στόματος
1662 311 1747 336 ἕλκων
1755 311 1784 337 τὸ
1792 311 1906 346 πνεῦμα.

1136 356 1243 391 Ἐπειδὴ
1259 357 1346 383 τοίνυν
1367 356 1418 391 χρὴ
1443 355 1597 391 προσθεῖναι
1616 356 1645 382 τὸ
1669 356 1755 391 στόμα
1778 356 1816 391 τῷ
1837 356 1908 382 ὕδατι

1129 401 1173 428 τὸν
1187 403 1219 428 ὲκ
1241 401 1290 436 τῆς
1315 404 1404 436 πηγῆς
1427 401 1508 428 ποτὸν
1527 401 1725 436 ἐφελκόμενον,
1750 401 1824 436 πηγὴ
1843 401 1870 427 δὲ
1894 402 1908 427 ὸ

1129 447 1229 482 Κύριος
1244 449 1258 474 6
1273 446 1354 473 εἰπών
1367 455 1374 462 ·
1387 447 1422 472 Et
1432 456 1476 480 τις
1488 446 1571 480 διψᾷ,
1583 447 1715 480 ἐρχέσθω
1726 447 1800 480 πρός
1812 456 1850 480 με
1861 447 1906 473 καὶ

1128 492 1251 519 πινέτωσ
1268 493 1311 519 διὰ
1335 492 1412 519 τοῦτο
1429 493 1445 528 ἡ
1469 492 1541 527 ψυχὴ
1559 493 1741 528 προσαγαγεῖν
1758 491 1788 518 τὸ
1809 492 1907 527 ἑαυτῆς

1129 539 1215 573 στόμα
1238 538 1275 573 τῷ
1290 538 1339 573 τὴν
1358 538 1429 573 ζωὴν
1456 539 1604 573 πηγάζοντι
1624 538 1738 572 στόματι
1767 537 1905 572 βούλεται,

1127 584 1242 618 λέγουσα
1255 593 1261 598 ·
1279 583 1435 616 Φιλησὰτω
1443 592 1481 617 με
1498 583 1556 610 ἁ.τό
1576 582 1634 610 τῶν
1653 582 1826 617 φιλημάτων
1841 584 1908 609 στό-

1124 637 1219 665 ματος
1242 629 1353 656 αὑτοῦ·
1382 629 1428 655 καὶ
1451 630 1465 655 6
1484 630 1550 655 πᾶσι
1567 628 1616 664 τὴν
1641 629 1713 664 ζωὴν
1735 628 1833 663 βρύων,
1861 628 1906 654 καὶ

1127 675 1230 706 πάντας
1247 674 1365 709 σωθῆναι
1380 674 1474 706 θέλων,
1494 674 1589 701 οὐδένα
1608 673 1731 708 βούλεται
1749 674 1804 700 τῶν
1825 673 1905 706 σωζο-

1128 721 1215 756 μένων
1230 719 1276 746 τοῦ
1294 719 1415 746 τοιούτου
1439 719 1589 754 φιλήματος
1606 717 1675 745 εἶναι
1691 719 1822 754 ἀμέτοχον
1834 727 1840 733 ·
1857 727 1904 745 κα-

1127 766 1237 801 θάρσιον
1258 765 1311 800 γάρ
1325 766 1382 791 ἐστι
1405 765 1490 800 ῥύπου
1513 764 1612 796 παντὸς
1632 764 1710 790 τοῦτο
1733 764 1763 790 τὸ
1790 763 1901 798 φίλημα.

1126 811 1171 838 Διό
1188 820 1232 846 μοι
1247 811 1320 837 δοκεῖ
1334 811 1372 846 τῷ
1388 810 1481 846 λεπρῷ
1506 810 1606 846 Σίμωνι
1620 810 1651 836 τὸ
1668 810 1788 836 τοιοῦτον
1813 809 1904 835 ὀνειδι-

293 857 404 884 modum
420 856 587 884 excrevisset
602 863 649 890 per
663 857 800 889 morbum,
824 856 859 883 ob
873 864 950 883 suam
969 856 1069 890 cupidi-

1126 857 1225 888 στικῶς
1247 857 1393 892 προφέρειν
1416 857 1430 883 6
1453 856 1569 891 Κύριος,
1584 857 1624 882 ὅτι
1650 855 1766 890 Φίλημά
1783 864 1834 889 μοι
1849 855 1903 881 οὐκ

292 907 373 929 tatem
389 903 426 929 ita
443 909 572 934 manens.
589 906 619 929 ut
634 903 769 929 exinaniri
787 910 840 929 non
858 907 946 937 posset
963 910 978 929 a
996 903 1072 929 vitio.

289 947 389 974 Anima
405 951 496 974 autem
525 951 675 983 expurgata
696 948 730 974 ab
758 948 833 975 omni
858 948 961 974 carnali
986 948 1071 981 lepra,

290 1001 350 1028 quae
369 993 519 1020 luminibus
543 993 603 1028 ejus
619 993 727 1025 oliiciat,
749 994 846 1028 aspicit
862 993 995 1042 horyrum
1012 993 1073 1020 the-

290 1047 420 1067 saurum:
434 1039 566 1066 thesauro
581 1044 671 1066 autent
686 1046 785 1065 nomen
800 1043 842 1066 est
865 1038 922 1065 cor'.
939 1038 1072 1073 Propheta

289 1092 399 1120 quoque
415 1085 529 1119 rogabat
544 1089 573 1111 ut
591 1085 643 1111 sibi
662 1090 802 1111 crearetur
821 1092 869 1111 cor
892 1084 1022 1111 mundum
1039 1085 1072 1116 ”,

290 1138 305 1156 a
320 1138 375 1165 quo
389 1130 430 1157 lac
443 1130 565 1157 divinum
580 1130 770 1164 suppeditatur
786 1128 915 1158 uberibus
927 1151 935 1163 ,
955 1138 1010 1165 quo
1023 1139 1074 1157 nu-

290 1175 371 1202 tritur
384 1176 473 1202 anima
485 1194 492 1206 .
508 1175 705 1203 convenienter
721 1173 891 1210 prop'ortioni
913 1176 973 1204 fidei
987 1180 1072 1203 attra-

290 1223 357 1248 liens
369 1221 494 1256 gratiam.
516 1221 697 1254 Quamobrem
709 1221 776 1249 dicit
790 1231 796 1249 :
821 1222 895 1250 Bona
910 1228 970 1250 sunt
991 1223 1072 1250 ubera

290 1271 334 1293 tua
351 1274 432 1300 supra
446 1267 535 1292 riuum
547 1286 554 1298 ,
571 1274 603 1294 ex
629 1267 678 1293 loci
705 1267 839 1301 positione
865 1275 913 1302 per
928 1268 1010 1294 ubera
1025 1275 1072 1295 cor
1093 1297 1101 1304 _

289 1311 370 1338 tacite
387 1312 555 1346 signiﬁcans.
571 1312 688 1339 Oumiuo
711 1316 800 1339 autem
819 1312 865 1346 qui
890 1320 938 1339 cor
960 1313 1070 1347 quidem

288 1357 423 1384 occultam
448 1361 475 1384 et
485 1364 613 1384 arcanam
629 1356 780 1384 divinitatis
795 1358 920 1387 virtutem
935 1358 1070 1391 intelligit,

288 1411 344 1430 non
361 1403 474 1430 errabit.
499 1402 586 1429 Ubera
611 1406 700 1429 autem
722 1403 810 1429 bonas
835 1403 934 1430 divina:
961 1402 1070 1430 virtutis

288 1454 338 1481 pro
353 1446 432 1473 nobis
444 1447 616 1480 operationes
631 1446 726 1472 merito
740 1454 887 1480 possumus
903 1447 1068 1478 existimare,

288 1499 336 1526 per
350 1499 418 1525 quas
436 1491 652 1524 uniuscujusque
667 1491 748 1517 vitam
765 1496 895 1526 tanquam
914 1493 1005 1519 nutrix
1022 1493 1069 1520 alit

1124 903 1246 935 ἔδωκας.
1261 900 1301 928 ἿΙ
1314 902 1368 937 γὰρ
1384 902 1416 929 ἂν
1430 901 1598 937 ἐκαθαρίσθη
1612 900 1658 927 τοῦ
1674 901 1777 932 πάθους
1791 900 1830 935 τῷ
1845 900 1903 926 στό-

1125 955 1189 983 ματι
1207 946 1314 978 σπάσας
1335 947 1383 982 τὴν
1398 946 1579 981 καθαρότητα.
1602 945 1670 972 Ἀλλ’
1685 946 1786 976 ἐκεῖνος
1801 944 1850 979 μὲν
1865 945 1904 970 εἰ-

1123 993 1208 1024 κότως
1233 992 1380 1027 ἀνέραστος
1398 989 1442 1027 ἦν,
1466 990 1677 1027 ὑπερσαρκήσας
1697 990 1740 1016 διὰ
1755 990 1804 1024 τῆς
1825 989 1903 1015 νόσου

1123 1038 1192 1074 πρὸς
1205 1038 1256 1073 τὴν
1270 1037 1372 1064 οἰκείαν
1394 1037 1551 1072 ἐπιθυμίαν,
1568 1036 1656 1072 μένων
1670 1036 1722 1062 ὑπὸ
1739 1035 1785 1062 τοῦ
1802 1034 1902 1066 πάθους

1122 1084 1267 1114 ἁκένωτος.
1304 1083 1336 1109 Ἦ
1366 1082 1394 1108 δὲ
1422 1081 1614 1116 κεκαθαρμένη
1639 1080 1734 1116 ψυχὴ,
1769 1079 1903 1114 μηδεμιᾶς

1124 1127 1277 1163 σαρκώδους
1293 1127 1395 1162 λέπρας
1420 1122 1651 1162 ὲαιιπροσθούσης,
1671 1125 1764 1160 βλέπει
1782 1125 1827 1151 τὸν
1850 1125 1903 1150 τῶν

1122 1173 1232 1207 ἀγαθῶν
1242 1172 1391 1207 θησαυρόν·
1407 1172 1490 1206 ὄνομα
1499 1171 1526 1198 δέ
1542 1172 1600 1197 ἐστι
1612 1171 1651 1206 τῷ
1665 1170 1793 1206 θησαυρῷ
1805 1171 1821 1205 ἡ
1834 1178 1902 1204 καρ-

1122 1218 1175 1244 δία.
1204 1218 1259 1244 Καὶ
1279 1219 1293 1244 6
1317 1217 1461 1252 Προφήτης
1481 1216 1603 1252 καθαρὰν
1630 1216 1771 1250 κτισθῆναι
1790 1215 1903 1250 καρδίαν

1122 1262 1282 1298 παρεκάλει,
1298 1261 1343 1294 ἀφ’
1359 1259 1392 1296 ᾖς
1407 1262 1464 1287 ἐστι
1487 1262 1542 1292 τοῖς
1567 1261 1660 1296 μαζοῑς
1679 1262 1694 1295 ὴ
1719 1260 1834 1295 χορηγία
1857 1260 1902 1286 τοῦ

1122 1307 1192 1334 θείου
1207 1308 1339 1340 γάλακτος
1350 1326 1356 1337 ,
1371 1303 1393 1340 ᾧ
1406 1306 1535 1341 τρέφεται
1551 1308 1567 1340 ὴ
1584 1305 1655 1341 ψυχὴ
1665 1326 1672 1337 ,
1689 1305 1758 1332 κατὰ
1772 1305 1821 1340 τὴν
1837 1305 1903 1331 ἀνα-

1121 1353 1211 1387 λογίαν
1224 1353 1272 1386 τῆς
1286 1352 1403 1383 πίστεως
1418 1351 1586 1386 ἐφελκομένη
1601 1352 1649 1385 τὴν
1664 1351 1751 1386 χάριν.
1765 1350 1812 1377 Διὰ
1825 1351 1905 1377 τοῦτό

1121 1408 1202 1434 φησιν
1213 1419 1221 1430 ,
1237 1399 1277 1424 ὅτι
1299 1397 1408 1432 Ἀγαθοὶ
1425 1400 1450 1424 ol
1464 1397 1576 1431 μασῦοί
1590 1405 1647 1424 σου
1663 1397 1737 1430 ὑπὲρ
1752 1396 1835 1423 οἶνον
1847 1405 1853 1412 ·
1873 1397 1904 1423 ὲκ

1120 1445 1170 1478 τῆς
1193 1444 1305 1478 τοπικῆς
1330 1443 1431 1474 θέσεως
1457 1443 1500 1469 διὰ
1519 1443 1572 1469 τῶν
1600 1442 1692 1477 μαζῶν
1715 1443 1764 1477 τὴν
1790 1443 1904 1477 καρδίαν

1121 1489 1352 1524 ὑποσημαίνουσα.
1370 1489 1482 1519 Πάντως
1491 1488 1519 1514 δὲ
1531 1487 1643 1522 καρδίαν
1658 1488 1705 1522 μὲν
1719 1487 1767 1523 τὴν
1782 1497 1905 1522 κεκρυμ-

289 1537 360 1564 Deus
373 1555 380 1567 ,
394 1536 544 1570 unicuique
558 1543 651 1563 eorum
671 1537 718 1570 qui
733 1537 868 1571 accipiunt
878 1558 885 1570 ,
903 1540 1069 1566 conveniens

1124 1535 1206 1570 μένην
1220 1543 1249 1560 τε
1267 1534 1313 1560 καὶ
1327 1534 1482 1569 ἀπόρῥητον
1496 1534 1546 1568 τῆς
1562 1533 1686 1568 θεότητος
1701 1533 1814 1568 δύναμιν
1836 1534 1905 1560 νοῶν

287 1581 405 1616 largiens
420 1581 630 1607 nutrimentum.

1121 1589 1162 1611 τις
1199 1581 1248 1615 οὐχ
1264 1580 1468 1615 ἁμαρτήσεται·
1491 1579 1592 1615 μαζοϋς
1607 1580 1635 1606 δὲ
1654 1580 1703 1610 τὰς
1723 1579 1827 1621 αγαθέις
1856 1580 1904 1613 τῆς

287 1627 362 1657 θείας
375 1626 514 1661 δυνάμεως
526 1626 595 1661 ὑπὲρ
614 1626 692 1661 ἡμῶν
704 1627 844 1662 ἐνεργείας
858 1629 969 1659 εἰκότως
984 1628 1017 1654 ἄν
1028 1637 1069 1659 τις
1087 1628 1260 1662 ὑπονοήςειε,
1285 1626 1318 1652 δι’
1344 1623 1380 1653 ὧν
1404 1626 1552 1662 τιθηνεῖται
1573 1627 1622 1661 τὴν
1656 1627 1769 1653 ἑκάστου
1789 1626 1858 1662 ζωὴν
1890 1626 1905 1652 6

286 1672 361 1704 Θεὸς,
376 1671 540 1706 κατάλληλον
554 1673 660 1707 ἑκάστῳ
676 1672 729 1699 τῶν
741 1673 890 1709 δεχομένων
900 1675 948 1710 τὴν
963 1675 1064 1710 τροφὴν
1083 1673 1274 1710 χαριζόμενος.

321 1719 461 1753 Quoddam
477 1720 559 1746 etiam
576 1720 649 1746 altud
659 1720 757 1755 dogma
774 1721 908 1749 discimus
921 1722 1010 1749 obiter
1021 1730 1070 1757 per

285 1766 368 1800 hujus
389 1765 450 1792 libri
474 1765 673 1800 philosophiam
685 1786 692 1797 ,
711 1774 808 1802 nempe
823 1767 895 1802 quod
913 1769 1011 1802 duplex
1028 1773 1070 1795 cst

286 1812 314 1838 in
332 1811 411 1838 nobis
437 1819 535 1838 sensus
550 1832 557 1843 ,
583 1811 653 1839 alius
678 1811 787 1846 quidem
812 1813 977 1846 corporalis,
998 1813 1068 1840 alius

287 1865 350 1884 vero
369 1857 498 1887 divinus.
519 1857 589 1884 sicut
613 1857 714 1885 alicubi
742 1858 843 1885 dicitur
860 1859 886 1886 in
902 1860 1066 1891 Proverbiis,

287 1901 397 1929 Sensum
417 1901 531 1928 divinum
557 1903 679 1930 invenies.
703 1903 750 1930 Est
765 1904 837 1930 enim
854 1901 975 1938 quzedam
1004 1912 1065 1938 pro-

286 1946 376 1978 portio
392 1949 420 1971 et
435 1947 625 1972 convenientia
639 1947 804 1974 animalibus
823 1949 940 1975 motibus
955 1954 981 1975 et
999 1957 1066 1983 ope—

286 1990 437 2017 rationibus
463 1998 524 2016 cum
553 1991 743 2018 instrumentis
776 2000 904 2018 sensuum
932 1994 1066 2027 corporis,

285 2039 311 2062 et
330 2035 380 2061 hoc
400 2034 532 2062 discimus
555 2043 586 2062 ex
605 2037 784 2069 praesentibus
802 2037 919 2071 eloquiis
935 2038 1063 2072 Spiritus.

284 2079 382 2107 Vinum
394 2080 465 2107 enim
493 2084 518 2107 et
535 2080 574 2107 lae
590 2084 669 2115 gustu
686 2081 885 2115 dijtnlit-autur:
898 2090 959 2108 cum
974 2087 1063 2109 autem

283 2125 328 2152 illa
345 2126 400 2152 sint
423 2125 577 2159 ejusmodi,
604 2130 632 2155 ut
657 2126 709 2153 sub
731 2126 936 2160 intelligentiam
953 2128 1062 2161 cadant,

283 2171 393 2197 omnino
406 2178 466 2205 quae
482 2178 514 2197 ea
529 2170 656 2206 intelligit
669 2176 695 2198 et
709 2172 898 2206 apprehendit,
918 2177 959 2200 est
974 2174 1062 2200 virtus

1152 1721 1331 1755 Μανθανομεν
1347 1720 1374 1747 δέ
1394 1729 1418 1747 τι
1435 1720 1504 1746 κατὰ
1516 1720 1632 1755 πάρώον
1647 1720 1692 1746 καὶ
1711 1721 1801 1756 ἕτερον
1815 1721 1905 1756 δόγμα

1116 1767 1159 1793 διὰ
1173 1767 1221 1801 τῆς
1236 1766 1282 1793 τοῦ
1300 1766 1400 1800 βιϐλίου
1417 1767 1512 1792 τούτου
1527 1766 1696 1800 φιλοσοφίας,
1717 1767 1756 1793 ὅτι
1769 1767 1850 1801 διπλῆ
1863 1769 1905 1799 τίς

1117 1815 1189 1839 ἐστιν
1205 1815 1232 1839 ἑν
1246 1814 1309 1847 ἡμῖν
1321 1813 1461 1848 αἴσθησις,
1478 1813 1494 1847 ἡ
1512 1813 1560 1847 μὲν
1578 1813 1730 1847 σωματικὴ,
1746 1814 1762 1848 ἡ
1784 1813 1811 1839 δὲ
1830 1813 1904 1840 θειο-

1116 1859 1182 1894 τέρα
1193 1879 1200 1890 .
1218 1859 1308 1890 καθώς
1325 1859 1391 1894 φησι
1407 1867 1458 1884 που
1474 1859 1521 1893 τῆς
1544 1859 1696 1894 Παροιμίας
1712 1860 1726 1885 6
1746 1859 1824 1892 λόγος
1839 1867 1846 1874 ·
1862 1861 1904 1887 ὅτι

1118 1905 1265 1936 Αἲσθησιν
1285 1905 1369 1931 θείαν
1390 1904 1537 1938 εἰφήσεις.
1561 1904 1700 1938 ¹Δνειλογία
1715 1905 1768 1940 γάρ
1788 1905 1828 1937 τίς
1845 1907 1905 1933 ἐστι

1114 1950 1170 1980 τοῖς
1185 1949 1310 1983 ψυχικοῖς
1324 1950 1455 1984 κινήμασι
1472 1950 1518 1976 καὶ
1534 1950 1715 1985 ὲνεργήμασιν
1728 1951 1795 1986 πρὺς
1806 1951 1841 1976 τὰ
1855 1952 1903 1978 τοῦ

1116 1993 1239 2029 σώματος
1262 1994 1441 2030 αίσθητήρια,
1460 1996 1506 2021 καὶ
1530 1995 1608 2022 τοῦτο
1624 1997 1654 2022 ἐκ
1678 1995 1733 2022 τῶν
1759 1997 1904 2031 παρόντων

1117 2039 1287 2074 μανθάνομεν
1302 2040 1400 2074 λογίων
1413 2041 1459 2067 τοῦ
1485 2041 1652 2076 Πνεύματος.
1673 2041 1701 2068 Ὀ
1713 2041 1767 2076 γὰρ
1783 2040 1855 2074 οἶνός
1871 2051 1902 2069 τε

1118 2084 1164 2109 καὶ
1181 2084 1250 2117 γάλα
1268 2086 1299 2119 τῇ
1314 2085 1405 2118 γεύσει
1420 2086 1541 2121 κρίνεται
1552 2095 1559 2102 ⁸
1575 2087 1678 2121 νοητῶν
1695 2086 1721 2112 δὲ
1737 2087 1820 2113 ὄντων
1832 2088 1902 2114 ὲκεί-

1118 2135 1181 2158 νων,
1202 2129 1283 2164 νοητὴ
1304 2130 1412 2161 πάντως
1433 2131 1477 2156 καὶ
1494 2131 1510 2165 ἡ
1528 2131 1706 2166 ἀντιληπτικὴ
1727 2132 1829 2158 τούτων
1851 2133 1902 2168 τῆς

1116 2174 1203 2209 ψυχῆς
1221 2175 1278 2201 ἐστι
1297 2176 1421 2211 δύναμις.
1435 2177 1471 2202 Τὸ
1493 2177 1524 2204 δὲ
1542 2177 1646 2211 φίλημα
1659 2177 1701 2204 διὰ
1716 2178 1765 2212 τῆς
1780 2179 1901 2213 ἀπτικῆς

282 2216 388 2242 anima).
407 2215 446 2242 Ad
462 2215 648 2249 operationem
666 2220 757 2242 autem
779 2216 923 2243 deducitur
939 2219 1062 2245 osculum

1120 2220 1266 2255 ιίσθήσεως
1290 2221 1450 2256 ἐνεργεῖται.
1478 2223 1644 2255 Ἐφάπτεται
1660 2223 1713 2258 γὰρ
1729 2224 1852 2259 ἀλλήλων
1865 2225 1901 2251 τὰ

282 2268 329 2294 per
349 2267 460 2288 sensum
481 2265 580 2287 tactus.
597 2260 664 2286 Nam
679 2268 709 2287 se
723 2261 837 2288 invicem
856 2266 970 2296 tangunt
988 2264 1062 2290 labra

282 2304 309 2330 in
331 2305 436 2332 osculo.
451 2304 498 2332 Est
516 2310 605 2331 autem
625 2306 706 2332 etiam
731 2306 950 2340 qttidatnrtactus
966 2309 1064 2336 animae

285 2350 328 2383 qui
350 2349 461 2376 Verbum
487 2351 588 2384 tangit;
604 2351 749 2379 deducitur
769 2349 858 2379 autem
875 2353 909 2380 ad
927 2355 1064 2388 operatio-

280 2396 342 2421 nem
359 2402 407 2429 per
422 2394 566 2428 quemdam
591 2403 752 2430 corporeum
780 2401 955 2429 contactum,
971 2402 998 2426 et
1016 2399 1062 2433 qui

281 2439 353 2466 cadit
375 2439 426 2466 sub
449 2439 653 2474 intelligentiam
668 2459 675 2471 ,
703 2444 733 2468 ut
749 2441 857 2469 dicebat
875 2443 897 2470 is
914 2444 962 2478 qui
981 2444 1060 2476 dixit,

281 2483 378 2510 Manus
393 2489 490 2511 nostra;
502 2490 725 2513 contrectavetunt
746 2489 778 2514 de
792 2488 866 2514 uerbo
894 2490 953 2516 vitm
965 2490 998 2516 “.
1018 2489 1061 2516 Si-

280 2529 381 2556 militer
402 2534 492 2557 autem
515 2531 582 2558 odor
605 2540 714 2567 quoque
735 2533 890 2561 divinorum
907 2541 1062 2568 unguento-

280 2583 352 2607 rum,
374 2584 428 2603 non
444 2582 486 2604 est
505 2578 573 2605 odor
587 2579 705 2611 narium,
726 2580 772 2607 sed
789 2581 933 2614 cujusdam
950 2582 1063 2609 virtutis

280 2621 402 2650 materite
423 2623 552 2657 expertis.
571 2628 597 2651 et
620 2632 680 2659 quae
699 2626 849 2660 percipitur
867 2626 1058 2661 intelligentia,

278 2675 340 2695 cum
355 2671 443 2694 tractu
462 2669 574 2702 spiritus
585 2670 666 2696 simul
685 2671 826 2698 attrahens
837 2671 936 2698 Christi
958 2672 1058 2699 bonum

277 2712 399 2740 odorem.
417 2711 462 2739 Sic
475 2713 546 2740 enim
563 2715 617 2741 voti
635 2715 776 2750 virginalis
790 2717 817 2742 in
829 2717 962 2751 proonuio
978 2717 1058 2744 habet

313 2800 336 2815 "
348 2799 419 2828 Psal.
434 2808 528 2832 cum,
547 2801 605 2827 151.
643 2800 666 2816 "
676 2800 753 2828 Joan.
767 2810 812 2833 vn,
831 2802 874 2828 57.

1113 2265 1188 2300 χείλη
1214 2266 1242 2292 ὲν
1266 2265 1304 2300 τῷ
1325 2267 1467 2302 φιλήματι.
1488 2268 1565 2294 Ἐστι
1591 2268 1618 2295 δέ
1641 2277 1682 2300 τις
1709 2269 1757 2294 καὶ
1777 2269 1832 2304 ἁφὴ
1849 2270 1901 2305 τῆς

1112 2309 1209 2345 ψυχῆς,
1236 2312 1252 2346 ἡ
1266 2312 1405 2348 ἁπτομένη
1429 2313 1476 2339 τοῦ
1493 2313 1584 2347 λόγου,
1602 2314 1645 2340 διά
1660 2323 1733 2345 τινος
1750 2314 1901 2349 ἀσωμάτου

1112 2356 1158 2382 καὶ
1171 2358 1268 2392 νοητῆς
1288 2358 1396 2393 ἐπαφῆς
1417 2359 1608 2394 ἐνεργουμένη,
1625 2360 1716 2392 καθὼς
1736 2358 1810 2386 εἶπεν
1825 2361 1840 2386 6
1858 2362 1901 2387 εἰ-

1112 2401 1180 2433 πὼν,
1203 2402 1242 2429 ὅτι
1267 2404 1300 2429 Αἱ
1323 2403 1418 2437 χεῖρες
1439 2403 1523 2437 ἡμῶν
1543 2404 1748 2439 ἐψηλάφησαν
1764 2405 1829 2439 περὶ
1846 2407 1902 2434 τοῦ

1113 2447 1203 2480 λόγου
1217 2447 1270 2480 τῆς
1287 2447 1369 2482 ζωῆς.
1390 2449 1524 2480 Ὡσαύτως
1537 2449 1564 2475 δὲ
1588 2450 1634 2476 καὶ
1648 2451 1664 2484 ἠ
1677 2450 1732 2476 τῶν
1748 2451 1828 2478 θείων
1847 2452 1902 2487 μύ-

1113 2500 1166 2526 ρων
1180 2493 1261 2527 ὀσμὴ,
1273 2494 1302 2519 οὐ
1318 2494 1464 2528 μυκτήρων
1481 2495 1554 2521 ἐστὶν
1565 2495 1646 2530 ὀσμὴ,
1663 2496 1732 2522 ἀλλά
1747 2505 1817 2528 τινος
1835 2506 1903 2532 νοη-

1111 2537 1161 2571 τῆς
1178 2538 1225 2564 καὶ
1236 2538 1318 2564 eam
1331 2537 1479 2573 δυνάμεως,
1494 2541 1526 2575 τῇ
1544 2541 1589 2566 τοῦ
1602 2541 1754 2575 πνεύματος
1765 2542 1831 2577 ὁλκῇ
1849 2543 1902 2578 τὴν

1112 2582 1159 2608 τοῦ
1190 2582 1307 2617 Χριστοῦ
1332 2583 1566 2619 συνεφελκομένης
1584 2585 1707 2612 εὐωδίαν.
1737 2585 1815 2612 υῦτω
1842 2587 1904 2622 γὰρ

1113 2628 1129 2662 ἡ
1139 2627 1281 2654 ἀκολουθία
1291 2627 1340 2662 τῆς
1350 2629 1515 2664 παρθενικῆς
1526 2631 1608 2665 εὐχῆς
1619 2631 1646 2656 ὲν
1662 2631 1814 2666 προοιμίοις
1825 2632 1899 2666 ἔχει·

1112 2673 1151 2698 ὃτι
1185 2672 1293 2706 Ἀπιθοὶ
1307 2675 1418 2707 μασθοί
1451 2683 1508 2702 σου
1528 2677 1602 2710 ὑπὲρ
1620 2674 1713 2709 ι-ῖνςν,
1738 2678 1786 2704 καὶ
1813 2679 1900 2711 ι’σμὴ

1108 2718 1211 2751 μύρων
1226 2725 1283 2744 σου
1294 2718 1370 2752 ὑπὲρ
1385 2719 1482 2748 πάντα
1499 2720 1534 2746 τὰ
1553 2721 1701 2756 ἀρώματα.
1718 2722 1849 2758 Δηλοῦται
1868 2723 1900 2748 δὲ

923 2804 945 2818 ’⁷⁸
957 2803 1022 2830 Luc.
1038 2809 1085 2834 vtt,
1107 2803 1150 2830 45.
1190 2804 1212 2820 νε
1225 2803 1298 2830 Psal.
1315 2812 1340 2836 L,
1360 2805 1402 2832 12.
1441 2806 1484 2832 ⁸⁷1
1505 2805 1582 2833 Joan.
1597 2815 1616 2839 ι,
1641 2808 1663 2834 i.
