  <div class='ocr_page' id='page_1' title='image "/cluster/home/n/w/nwhite01/storage/ocr_20150623/44/njp.32101009003169/396.png"; bbox 0 0 1989 3070; ppageno 0'>
   <div class='ocr_carea' id='block_1_1' title="bbox 79 119 124 150">
    <p class='ocr_par' dir='ltr' id='par_1_1' title="bbox 79 119 124 150">
     <span class='ocr_line' id='line_1_1' title="bbox 79 119 124 150; baseline 0 -1"><span class='ocrx_word' id='word_1_1' title='bbox 79 119 124 150; x_wconf 76' lang='grc'><strong>⁸781</strong></span> 
     </span>
    </p>
   </div>
   <div class='ocr_carea' id='block_1_2' title="bbox 607 121 1164 150">
    <p class='ocr_par' dir='ltr' id='par_1_2' title="bbox 607 121 1164 150">
     <span class='ocr_line' id='line_1_2' title="bbox 607 121 1164 150; baseline 0.004 -2"><span class='ocrx_word' id='word_1_2' title='bbox 607 122 638 148; x_wconf 85' lang='grc' dir='ltr'><strong>ΙΝ</strong></span> <span class='ocrx_word' id='word_1_3' title='bbox 656 121 801 149; x_wconf 66' lang='lat' dir='ltr'><strong>CANTICA</strong></span> <span class='ocrx_word' id='word_1_4' title='bbox 820 121 954 148; x_wconf 65' lang='lat' dir='ltr'><strong>CANTIC.</strong></span> <span class='ocrx_word' id='word_1_5' title='bbox 982 121 1125 149; x_wconf 72' lang='lat' dir='ltr'><strong>IIOMILIA</strong></span> <span class='ocrx_word' id='word_1_6' title='bbox 1144 123 1164 150; x_wconf 88' lang='lat' dir='ltr'><strong>l.</strong></span> 
     </span>
    </p>
   </div>
   <div class='ocr_carea' id='block_1_3' title="bbox 1636 120 1688 149">
    <p class='ocr_par' dir='ltr' id='par_1_3' title="bbox 1636 120 1688 149">
     <span class='ocr_line' id='line_1_3' title="bbox 1636 120 1688 149; baseline 0.038 -2"><span class='ocrx_word' id='word_1_7' title='bbox 1636 120 1688 149; x_wconf 75' lang='lat'><strong>732</strong></span> 
     </span>
    </p>
   </div>
   <div class='ocr_carea' id='block_1_4' title="bbox 78 177 858 214">
    <p class='ocr_par' dir='ltr' id='par_1_4' title="bbox 78 178 856 214">
     <span class='ocr_line' id='line_1_4' title="bbox 78 178 856 214; baseline -0.004 -7"><span class='ocrx_word' id='word_1_8' title='bbox 78 181 120 208; x_wconf 77' lang='grc' dir='ltr'><strong>διὰ</strong></span> <span class='ocrx_word' id='word_1_9' title='bbox 134 179 246 212; x_wconf 79' lang='grc' dir='ltr'>τούτων,</span> <span class='ocrx_word' id='word_1_10' title='bbox 259 178 348 210; x_wconf 84' lang='grc' dir='ltr'>καθὼς</span> <span class='ocrx_word' id='word_1_11' title='bbox 363 179 442 214; x_wconf 81' lang='grc' dir='ltr'><strong>ἡμεῖς</strong></span> <span class='ocrx_word' id='word_1_12' title='bbox 455 179 650 214; x_wconf 66' lang='grc' dir='ltr'><strong>ὑπειλήφαμεν,</strong></span> <span class='ocrx_word' id='word_1_13' title='bbox 665 180 695 206; x_wconf 79' lang='grc' dir='ltr'><strong>οὐ</strong></span> <span class='ocrx_word' id='word_1_14' title='bbox 709 179 805 214; x_wconf 85' lang='grc' dir='ltr'>μικρόν</span> <span class='ocrx_word' id='word_1_15' title='bbox 820 188 856 210; x_wconf 82' lang='grc' dir='ltr'><strong>τι,</strong></span> 
     </span>
    </p>
   </div>
   <div class='ocr_carea' id='block_1_5' title="bbox 908 177 1690 214">
    <p class='ocr_par' dir='ltr' id='par_1_5' title="bbox 909 177 1690 213">
     <span class='ocr_line' id='line_1_5' title="bbox 909 177 1690 213; baseline 0.003 -9"><span class='ocrx_word' id='word_1_16' title='bbox 909 179 1104 213; x_wconf 82' lang='lat' dir='ltr'><strong>consequentia</strong></span> <span class='ocrx_word' id='word_1_17' title='bbox 1119 189 1124 206; x_wconf 88' lang='lat'><em>:</em></span> <span class='ocrx_word' id='word_1_18' title='bbox 1140 178 1213 204; x_wconf 82' lang='lat' dir='ltr'><strong>Bona</strong></span> <span class='ocrx_word' id='word_1_19' title='bbox 1223 177 1303 205; x_wconf 75' lang='lat' dir='ltr'><strong>ubera</strong></span> <span class='ocrx_word' id='word_1_20' title='bbox 1320 182 1364 205; x_wconf 89' lang='lat' dir='ltr'><strong>tua</strong></span> <span class='ocrx_word' id='word_1_21' title='bbox 1378 186 1459 213; x_wconf 79' lang='lat' dir='ltr'><strong>supra</strong></span> <span class='ocrx_word' id='word_1_22' title='bbox 1475 178 1571 209; x_wconf 77' lang='lat' dir='ltr'><strong>vinum,</strong></span> <span class='ocrx_word' id='word_1_23' title='bbox 1588 183 1611 205; x_wconf 86' lang='lat' dir='ltr'><strong>et</strong></span> <span class='ocrx_word' id='word_1_24' title='bbox 1625 179 1690 206; x_wconf 72' lang='lat' dir='ltr'><strong>odor</strong></span> 
     </span>
    </p>
   </div>
   <div class='ocr_carea' id='block_1_6' title="bbox 77 223 856 260">
    <p class='ocr_par' dir='ltr' id='par_1_6' title="bbox 77 223 856 260">
     <span class='ocr_line' id='line_1_6' title="bbox 77 223 856 260; baseline -0.001 -9"><span class='ocrx_word' id='word_1_25' title='bbox 77 225 136 252; x_wconf 82' lang='grc' dir='ltr'>οὐδὲ</span> <span class='ocrx_word' id='word_1_26' title='bbox 150 223 384 260; x_wconf 72' lang='grc' dir='ltr'>εὐκαταφρόνητον</span> <span class='ocrx_word' id='word_1_27' title='bbox 404 224 503 259; x_wconf 87' lang='grc' dir='ltr'>νόημα.</span> <span class='ocrx_word' id='word_1_28' title='bbox 521 224 597 259; x_wconf 86' lang='grc' dir='ltr'>Τάχα</span> <span class='ocrx_word' id='word_1_29' title='bbox 608 224 662 258; x_wconf 84' lang='grc' dir='ltr'><strong>γὰρ</strong></span> <span class='ocrx_word' id='word_1_30' title='bbox 676 225 704 251; x_wconf 86' lang='grc' dir='ltr'>ὲν</span> <span class='ocrx_word' id='word_1_31' title='bbox 721 224 760 259; x_wconf 83' lang='grc' dir='ltr'>τῷ</span> <span class='ocrx_word' id='word_1_32' title='bbox 773 225 856 260; x_wconf 82' lang='grc' dir='ltr'>ὑπερ-</span> 
     </span>
    </p>
   </div>
   <div class='ocr_carea' id='block_1_7' title="bbox 78 269 857 306">
    <p class='ocr_par' dir='ltr' id='par_1_7' title="bbox 78 269 857 306">
     <span class='ocr_line' id='line_1_7' title="bbox 78 269 857 306; baseline 0 -10"><span class='ocrx_word' id='word_1_33' title='bbox 78 271 160 297; x_wconf 88' lang='grc' dir='ltr'>θεῖναι</span> <span class='ocrx_word' id='word_1_34' title='bbox 174 269 219 296; x_wconf 76' lang='grc' dir='ltr'><strong>διὰ</strong></span> <span class='ocrx_word' id='word_1_35' title='bbox 228 269 398 305; x_wconf 73' lang='grc' dir='ltr'><strong>συγκρίσεως</strong></span> <span class='ocrx_word' id='word_1_36' title='bbox 411 270 441 296; x_wconf 78' lang='grc' dir='ltr'>τὸ</span> <span class='ocrx_word' id='word_1_37' title='bbox 458 271 489 297; x_wconf 83' lang='grc' dir='ltr'>ὲκ</span> <span class='ocrx_word' id='word_1_38' title='bbox 502 270 555 297; x_wconf 84' lang='grc' dir='ltr'>τῶν</span> <span class='ocrx_word' id='word_1_39' title='bbox 570 271 650 297; x_wconf 82' lang='grc' dir='ltr'>θείων</span> <span class='ocrx_word' id='word_1_40' title='bbox 665 270 774 306; x_wconf 87' lang='grc' dir='ltr'>μασθῶν</span> <span class='ocrx_word' id='word_1_41' title='bbox 786 270 857 304; x_wconf 84' lang='grc' dir='ltr'>γάλα</span> 
     </span>
    </p>
   </div>
   <div class='ocr_carea' id='block_1_8' title="bbox 77 314 857 351">
    <p class='ocr_par' dir='ltr' id='par_1_8' title="bbox 77 314 857 351">
     <span class='ocr_line' id='line_1_8' title="bbox 77 314 857 351; baseline -0.001 -9"><span class='ocrx_word' id='word_1_42' title='bbox 77 317 124 351; x_wconf 84' lang='grc' dir='ltr'>τῆς</span> <span class='ocrx_word' id='word_1_43' title='bbox 139 316 171 341; x_wconf 82' lang='grc' dir='ltr'>ὲκ</span> <span class='ocrx_word' id='word_1_44' title='bbox 189 315 236 341; x_wconf 85' lang='grc' dir='ltr'><strong>τοῦ</strong></span> <span class='ocrx_word' id='word_1_45' title='bbox 249 314 321 342; x_wconf 73' lang='grc' dir='ltr'>οἴνου</span> <span class='ocrx_word' id='word_1_46' title='bbox 341 316 489 351; x_wconf 85' lang='grc' dir='ltr'><strong>γενομένης</strong></span> <span class='ocrx_word' id='word_1_47' title='bbox 508 317 573 351; x_wconf 79' lang='grc' dir='ltr'>ἡμῖν</span> <span class='ocrx_word' id='word_1_48' title='bbox 590 315 770 351; x_wconf 84' lang='grc' dir='ltr'>εὐφροσύνης,</span> <span class='ocrx_word' id='word_1_49' title='bbox 791 324 857 351; x_wconf 85' lang='grc' dir='ltr'>μαν-</span> 
     </span>
    </p>
   </div>
   <div class='ocr_carea' id='block_1_9' title="bbox 77 360 856 396">
    <p class='ocr_par' dir='ltr' id='par_1_9' title="bbox 77 360 856 396">
     <span class='ocr_line' id='line_1_9' title="bbox 77 360 856 396; baseline 0.001 -10"><span class='ocrx_word' id='word_1_50' title='bbox 77 361 190 395; x_wconf 82' lang='grc' dir='ltr'>θάνομεν</span> <span class='ocrx_word' id='word_1_51' title='bbox 208 360 252 387; x_wconf 74' lang='grc' dir='ltr'><strong>διὰ</strong></span> <span class='ocrx_word' id='word_1_52' title='bbox 272 360 327 386; x_wconf 75' lang='grc' dir='ltr'><strong>τῶν</strong></span> <span class='ocrx_word' id='word_1_53' title='bbox 354 361 515 396; x_wconf 83' lang='grc' dir='ltr'>είρημένων,</span> <span class='ocrx_word' id='word_1_54' title='bbox 543 361 584 387; x_wconf 82' lang='grc' dir='ltr'>ὅτι</span> <span class='ocrx_word' id='word_1_55' title='bbox 603 362 676 387; x_wconf 74' lang='grc' dir='ltr'>πᾶσα</span> <span class='ocrx_word' id='word_1_56' title='bbox 699 361 856 396; x_wconf 81' lang='grc' dir='ltr'><strong>ἀνθρωπίνη</strong></span> 
     </span>
    </p>
   </div>
   <div class='ocr_carea' id='block_1_10' title="bbox 79 405 857 440">
    <p class='ocr_par' dir='ltr' id='par_1_10' title="bbox 79 405 857 440">
     <span class='ocr_line' id='line_1_10' title="bbox 79 405 857 440; baseline 0 -9"><span class='ocrx_word' id='word_1_57' title='bbox 79 405 156 439; x_wconf 80' lang='grc' dir='ltr'>σοφία</span> <span class='ocrx_word' id='word_1_58' title='bbox 180 405 228 431; x_wconf 69' lang='grc' dir='ltr'>καὶ</span> <span class='ocrx_word' id='word_1_59' title='bbox 246 406 385 440; x_wconf 75' lang='grc' dir='ltr'><strong>ἐπιστήμη</strong></span> <span class='ocrx_word' id='word_1_60' title='bbox 409 405 463 431; x_wconf 85' lang='grc' dir='ltr'>τῶν</span> <span class='ocrx_word' id='word_1_61' title='bbox 481 405 565 431; x_wconf 80' lang='grc' dir='ltr'>όντων</span> <span class='ocrx_word' id='word_1_62' title='bbox 588 405 634 431; x_wconf 75' lang='grc' dir='ltr'><strong>καὶ</strong></span> <span class='ocrx_word' id='word_1_63' title='bbox 647 406 721 432; x_wconf 75' lang='grc' dir='ltr'>πᾶσα</span> <span class='ocrx_word' id='word_1_64' title='bbox 744 405 857 440; x_wconf 82' lang='grc' dir='ltr'>δύναμις</span> 
     </span>
    </p>
   </div>
   <div class='ocr_carea' id='block_1_11' title="bbox 78 451 858 488">
    <p class='ocr_par' dir='ltr' id='par_1_11' title="bbox 78 451 858 488">
     <span class='ocr_line' id='line_1_11' title="bbox 78 451 858 488; baseline 0 -10"><span class='ocrx_word' id='word_1_65' title='bbox 78 452 228 488; x_wconf 84' lang='grc' dir='ltr'>θεωρητικὴ</span> <span class='ocrx_word' id='word_1_66' title='bbox 243 452 290 478; x_wconf 73' lang='grc' dir='ltr'>καὶ</span> <span class='ocrx_word' id='word_1_67' title='bbox 303 451 484 487; x_wconf 80' lang='grc' dir='ltr'>κατανοητικὴ</span> <span class='ocrx_word' id='word_1_68' title='bbox 500 452 633 486; x_wconf 80' lang='grc' dir='ltr'>φαντασία</span> <span class='ocrx_word' id='word_1_69' title='bbox 649 452 786 484; x_wconf 78' lang='grc' dir='ltr'><strong>ἀδυνάτως</strong></span> <span class='ocrx_word' id='word_1_70' title='bbox 802 452 858 488; x_wconf 72' lang='grc' dir='ltr'>ἔχει</span> 
     </span>
    </p>
   </div>
   <div class='ocr_carea' id='block_1_12' title="bbox 77 497 858 533">
    <p class='ocr_par' dir='ltr' id='par_1_12' title="bbox 77 497 858 533">
     <span class='ocr_line' id='line_1_12' title="bbox 77 497 858 533; baseline 0.001 -10"><span class='ocrx_word' id='word_1_71' title='bbox 77 497 262 532; x_wconf 79' lang='grc' dir='ltr'><strong>παρισωθῆναι</strong></span> <span class='ocrx_word' id='word_1_72' title='bbox 283 497 326 523; x_wconf 74' lang='grc' dir='ltr'><strong>διὰ</strong></span> <span class='ocrx_word' id='word_1_73' title='bbox 351 497 519 532; x_wconf 79' lang='grc' dir='ltr'><strong>συγκρίσεως</strong></span> <span class='ocrx_word' id='word_1_74' title='bbox 545 498 577 532; x_wconf 81' lang='grc' dir='ltr'><strong>τῇ</strong></span> <span class='ocrx_word' id='word_1_75' title='bbox 612 497 780 533; x_wconf 71' lang='grc' dir='ltr'>ἁπλουστέρα</span> <span class='ocrx_word' id='word_1_76' title='bbox 803 497 858 524; x_wconf 80' lang='grc' dir='ltr'><strong>τῶν</strong></span> 
     </span>
    </p>
   </div>
   <div class='ocr_carea' id='block_1_13' title="bbox 77 542 858 578">
    <p class='ocr_par' dir='ltr' id='par_1_13' title="bbox 77 542 858 578">
     <span class='ocr_line' id='line_1_13' title="bbox 77 542 858 578; baseline 0 -10"><span class='ocrx_word' id='word_1_77' title='bbox 77 542 154 568; x_wconf 82' lang='grc' dir='ltr'>θείων</span> <span class='ocrx_word' id='word_1_78' title='bbox 170 542 336 578; x_wconf 77' lang='grc' dir='ltr'><strong>μαθημάτων</strong></span> <span class='ocrx_word' id='word_1_79' title='bbox 359 543 455 577; x_wconf 84' lang='grc' dir='ltr'>τροφῇ.</span> <span class='ocrx_word' id='word_1_80' title='bbox 480 542 526 568; x_wconf 85' lang='grc' dir='ltr'>Ἐκ</span> <span class='ocrx_word' id='word_1_81' title='bbox 550 542 604 578; x_wconf 83' lang='grc' dir='ltr'><strong>γὰρ</strong></span> <span class='ocrx_word' id='word_1_82' title='bbox 626 542 679 568; x_wconf 89' lang='grc' dir='ltr'>τῶν</span> <span class='ocrx_word' id='word_1_83' title='bbox 705 542 814 577; x_wconf 84' lang='grc' dir='ltr'>μασθῶν</span> <span class='ocrx_word' id='word_1_84' title='bbox 828 543 858 569; x_wconf 76' lang='grc' dir='ltr'><strong>τὸ</strong></span> 
     </span>
    </p>
   </div>
   <div class='ocr_carea' id='block_1_14' title="bbox 76 587 858 624">
    <p class='ocr_par' dir='ltr' id='par_1_14' title="bbox 76 587 858 624">
     <span class='ocr_line' id='line_1_14' title="bbox 76 587 858 624; baseline 0.001 -10"><span class='ocrx_word' id='word_1_85' title='bbox 76 588 146 622; x_wconf 83' lang='grc' dir='ltr'>γάλα</span> <span class='ocrx_word' id='word_1_86' title='bbox 160 588 271 623; x_wconf 82' lang='grc' dir='ltr'>φέρεται</span> <span class='ocrx_word' id='word_1_87' title='bbox 284 596 292 604; x_wconf 74' lang='grc' dir='ltr'><strong><em>ο</em></strong></span> <span class='ocrx_word' id='word_1_88' title='bbox 310 587 413 623; x_wconf 84' lang='grc' dir='ltr'>νηπίων</span> <span class='ocrx_word' id='word_1_89' title='bbox 429 587 451 614; x_wconf 76' lang='grc' dir='ltr'>δ’</span> <span class='ocrx_word' id='word_1_90' title='bbox 467 588 525 614; x_wconf 71' lang='grc' dir='ltr'>ἐστὶ</span> <span class='ocrx_word' id='word_1_91' title='bbox 539 588 569 614; x_wconf 84' lang='grc' dir='ltr'>τὸ</span> <span class='ocrx_word' id='word_1_92' title='bbox 584 587 654 622; x_wconf 83' lang='grc' dir='ltr'>γάλα</span> <span class='ocrx_word' id='word_1_93' title='bbox 667 589 765 624; x_wconf 80' lang='grc' dir='ltr'>τροφή.</span> <span class='ocrx_word' id='word_1_94' title='bbox 786 589 815 615; x_wconf 89' lang='lat'><strong>&#39;0</strong></span> <span class='ocrx_word' id='word_1_95' title='bbox 829 589 858 615; x_wconf 80' lang='grc' dir='ltr'>δὲ</span> 
     </span>
    </p>
   </div>
   <div class='ocr_carea' id='block_1_15' title="bbox 77 632 858 670">
    <p class='ocr_par' dir='ltr' id='par_1_15' title="bbox 77 632 858 670">
     <span class='ocr_line' id='line_1_15' title="bbox 77 632 858 670; baseline 0.004 -11"><span class='ocrx_word' id='word_1_96' title='bbox 77 632 143 665; x_wconf 79' lang='grc' dir='ltr'>οἶνος</span> <span class='ocrx_word' id='word_1_97' title='bbox 157 633 189 659; x_wconf 84' lang='grc' dir='ltr'><strong>δι’</strong></span> <span class='ocrx_word' id='word_1_98' title='bbox 202 633 323 660; x_wconf 73' lang='grc' dir='ltr'><strong>εὐτονίαν</strong></span> <span class='ocrx_word' id='word_1_99' title='bbox 339 641 368 659; x_wconf 84' lang='grc' dir='ltr'><strong>τε</strong></span> <span class='ocrx_word' id='word_1_100' title='bbox 385 633 431 660; x_wconf 68' lang='grc' dir='ltr'><strong>καὶ</strong></span> <span class='ocrx_word' id='word_1_101' title='bbox 443 633 606 669; x_wconf 78' lang='grc' dir='ltr'><strong>θερμότητα,</strong></span> <span class='ocrx_word' id='word_1_102' title='bbox 618 634 672 660; x_wconf 87' lang='grc' dir='ltr'>τῶν</span> <span class='ocrx_word' id='word_1_103' title='bbox 686 634 858 670; x_wconf 84' lang='grc' dir='ltr'>τελειοτέρων</span> 
     </span>
    </p>
   </div>
   <div class='ocr_carea' id='block_1_16' title="bbox 76 678 858 716">
    <p class='ocr_par' dir='ltr' id='par_1_16' title="bbox 76 678 858 716">
     <span class='ocr_line' id='line_1_16' title="bbox 76 678 858 716; baseline 0.004 -12"><span class='ocrx_word' id='word_1_104' title='bbox 76 678 221 709; x_wconf 76' lang='grc' dir='ltr'>ἀπόλαυσις</span> <span class='ocrx_word' id='word_1_105' title='bbox 236 678 339 712; x_wconf 81' lang='grc' dir='ltr'>γίνεται</span> <span class='ocrx_word' id='word_1_106' title='bbox 353 686 360 692; x_wconf 85' lang='grc'><strong>”</strong></span> <span class='ocrx_word' id='word_1_107' title='bbox 376 678 432 705; x_wconf 85' lang='grc' dir='ltr'>ἀλλ’</span> <span class='ocrx_word' id='word_1_108' title='bbox 452 679 527 713; x_wconf 81' lang='grc' dir='ltr'>ὅμως</span> <span class='ocrx_word' id='word_1_109' title='bbox 549 679 579 705; x_wconf 80' lang='grc' dir='ltr'>τὸ</span> <span class='ocrx_word' id='word_1_110' title='bbox 601 680 629 705; x_wconf 83' lang='grc' dir='ltr'>ἐν</span> <span class='ocrx_word' id='word_1_111' title='bbox 649 680 681 715; x_wconf 86' lang='grc' dir='ltr'>τῇ</span> <span class='ocrx_word' id='word_1_112' title='bbox 702 679 754 712; x_wconf 72' lang='grc' dir='ltr'><strong>ἔξω</strong></span> <span class='ocrx_word' id='word_1_113' title='bbox 777 680 858 716; x_wconf 74' lang='grc' dir='ltr'>σοφίᾳ</span> 
     </span>
    </p>
   </div>
   <div class='ocr_carea' id='block_1_17' title="bbox 76 723 858 760">
    <p class='ocr_par' dir='ltr' id='par_1_17' title="bbox 76 723 858 760">
     <span class='ocr_line' id='line_1_17' title="bbox 76 723 858 760; baseline 0.003 -10"><span class='ocrx_word' id='word_1_114' title='bbox 76 724 174 751; x_wconf 80' lang='grc' dir='ltr'>τέλειον</span> <span class='ocrx_word' id='word_1_115' title='bbox 196 724 245 760; x_wconf 86' lang='grc' dir='ltr'>τῆς</span> <span class='ocrx_word' id='word_1_116' title='bbox 260 724 410 759; x_wconf 86' lang='grc' dir='ltr'>νηπιώδους</span> <span class='ocrx_word' id='word_1_117' title='bbox 426 723 472 750; x_wconf 84' lang='grc' dir='ltr'><strong>τοῦ</strong></span> <span class='ocrx_word' id='word_1_118' title='bbox 494 723 566 750; x_wconf 76' lang='grc' dir='ltr'>θείου</span> <span class='ocrx_word' id='word_1_119' title='bbox 586 724 666 759; x_wconf 77' lang='grc' dir='ltr'>λόγου</span> <span class='ocrx_word' id='word_1_120' title='bbox 686 725 858 757; x_wconf 80' lang='grc' dir='ltr'>διδασκαλίας</span> 
     </span>
    </p>
   </div>
   <div class='ocr_carea' id='block_1_18' title="bbox 76 768 856 806">
    <p class='ocr_par' dir='ltr' id='par_1_18' title="bbox 76 768 856 806">
     <span class='ocr_line' id='line_1_18' title="bbox 76 768 856 806; baseline 0.001 -10"><span class='ocrx_word' id='word_1_121' title='bbox 76 770 132 796; x_wconf 72' lang='grc' dir='ltr'>ἐστὶ</span> <span class='ocrx_word' id='word_1_122' title='bbox 146 769 316 805; x_wconf 76' lang='grc' dir='ltr'>μικρότερον.</span> <span class='ocrx_word' id='word_1_123' title='bbox 332 769 381 796; x_wconf 78' lang='grc' dir='ltr'>Διά</span> <span class='ocrx_word' id='word_1_124' title='bbox 393 768 471 795; x_wconf 81' lang='grc' dir='ltr'>τοῦτο</span> <span class='ocrx_word' id='word_1_125' title='bbox 483 769 620 804; x_wconf 84' lang='grc' dir='ltr'><strong>κρείττους</strong></span> <span class='ocrx_word' id='word_1_126' title='bbox 633 771 656 796; x_wconf 84' lang='grc' dir='ltr'>οἱ</span> <span class='ocrx_word' id='word_1_127' title='bbox 668 769 734 797; x_wconf 85' lang='grc' dir='ltr'>θεῖοι</span> <span class='ocrx_word' id='word_1_128' title='bbox 749 770 856 806; x_wconf 75' lang='grc' dir='ltr'>μασθοὶ,</span> 
     </span>
    </p>
   </div>
   <div class='ocr_carea' id='block_1_19' title="bbox 76 813 856 850">
    <p class='ocr_par' dir='ltr' id='par_1_19' title="bbox 76 813 856 850">
     <span class='ocr_line' id='line_1_19' title="bbox 76 813 856 850; baseline 0 -10"><span class='ocrx_word' id='word_1_129' title='bbox 76 814 120 840; x_wconf 80' lang='grc' dir='ltr'><strong>τοῦ</strong></span> <span class='ocrx_word' id='word_1_130' title='bbox 137 813 306 849; x_wconf 77' lang='grc' dir='ltr'>ἀνθρωπίνου</span> <span class='ocrx_word' id='word_1_131' title='bbox 320 813 403 839; x_wconf 77' lang='grc' dir='ltr'>οἴνου.</span> <span class='ocrx_word' id='word_1_132' title='bbox 424 813 455 839; x_wconf 83' lang='grc' dir='ltr'><strong>Ἦ</strong></span> <span class='ocrx_word' id='word_1_133' title='bbox 467 813 495 840; x_wconf 80' lang='grc' dir='ltr'>δὲ</span> <span class='ocrx_word' id='word_1_134' title='bbox 507 814 578 848; x_wconf 81' lang='grc' dir='ltr'>ὀσμὴ</span> <span class='ocrx_word' id='word_1_135' title='bbox 591 813 647 840; x_wconf 86' lang='grc' dir='ltr'><strong>τῶν</strong></span> <span class='ocrx_word' id='word_1_136' title='bbox 660 813 739 840; x_wconf 88' lang='grc' dir='ltr'>θείων</span> <span class='ocrx_word' id='word_1_137' title='bbox 752 814 856 850; x_wconf 83' lang='grc' dir='ltr'>μύρων,</span> 
     </span>
    </p>
   </div>
   <div class='ocr_carea' id='block_1_20' title="bbox 907 226 1690 260">
    <p class='ocr_par' dir='ltr' id='par_1_20' title="bbox 907 226 1690 260">
     <span class='ocr_line' id='line_1_20' title="bbox 907 226 1690 260; baseline 0.003 -9"><span class='ocrx_word' id='word_1_138' title='bbox 907 230 1100 260; x_wconf 84' lang='lat' dir='ltr'><strong>unguentorum</strong></span> <span class='ocrx_word' id='word_1_139' title='bbox 1120 230 1224 252; x_wconf 79' lang='lat' dir='ltr'><strong>tuorum</strong></span> <span class='ocrx_word' id='word_1_140' title='bbox 1254 233 1335 259; x_wconf 73' lang='lat' dir='ltr'><strong>supra</strong></span> <span class='ocrx_word' id='word_1_141' title='bbox 1363 226 1452 252; x_wconf 83' lang='lat' dir='ltr'><strong>omnia</strong></span> <span class='ocrx_word' id='word_1_142' title='bbox 1479 230 1610 252; x_wconf 82' lang='lat' dir='ltr'><strong>aromata.</strong></span> <span class='ocrx_word' id='word_1_143' title='bbox 1639 226 1690 253; x_wconf 62' lang='lat' dir='ltr'><strong>P9P</strong></span> 
     </span>
    </p>
   </div>
   <div class='ocr_carea' id='block_1_21' title="bbox 907 269 1688 306">
    <p class='ocr_par' dir='ltr' id='par_1_21' title="bbox 907 269 1688 306">
     <span class='ocr_line' id='line_1_21' title="bbox 907 269 1688 306; baseline 0.001 -9"><span class='ocrx_word' id='word_1_144' title='bbox 907 269 966 297; x_wconf 71' lang='lat' dir='ltr'><strong>lucc</strong></span> <span class='ocrx_word' id='word_1_145' title='bbox 987 275 1088 303; x_wconf 87' lang='lat' dir='ltr'><strong>autem,</strong></span> <span class='ocrx_word' id='word_1_146' title='bbox 1106 274 1135 296; x_wconf 89' lang='lat' dir='ltr'><strong>ut</strong></span> <span class='ocrx_word' id='word_1_147' title='bbox 1158 277 1210 297; x_wconf 91' lang='lat' dir='ltr'><strong>nos</strong></span> <span class='ocrx_word' id='word_1_148' title='bbox 1233 269 1430 301; x_wconf 76' lang='lat' dir='ltr'><strong>existimamus,</strong></span> <span class='ocrx_word' id='word_1_149' title='bbox 1448 271 1618 306; x_wconf 82' lang='lat' dir='ltr'><strong>signiﬁcatur</strong></span> <span class='ocrx_word' id='word_1_150' title='bbox 1634 278 1688 298; x_wconf 79' lang='lat' dir='ltr'><strong>non</strong></span> 
     </span>
    </p>
   </div>
   <div class='ocr_carea' id='block_1_22' title="bbox 907 316 1688 351">
    <p class='ocr_par' dir='ltr' id='par_1_22' title="bbox 907 316 1688 351">
     <span class='ocr_line' id='line_1_22' title="bbox 907 316 1688 351; baseline 0 -9"><span class='ocrx_word' id='word_1_151' title='bbox 907 323 992 350; x_wconf 83' lang='lat' dir='ltr'><strong>parva</strong></span> <span class='ocrx_word' id='word_1_152' title='bbox 1020 316 1127 350; x_wconf 77' lang='lat' dir='ltr'><strong>aliqua,</strong></span> <span class='ocrx_word' id='word_1_153' title='bbox 1159 323 1250 350; x_wconf 87' lang='lat' dir='ltr'><strong>neque</strong></span> <span class='ocrx_word' id='word_1_154' title='bbox 1276 316 1474 342; x_wconf 75' lang='lat' dir='ltr'><strong>contemnenda</strong></span> <span class='ocrx_word' id='word_1_155' title='bbox 1498 317 1688 351; x_wconf 74' lang='lat' dir='ltr'><strong>intelligentia.</strong></span> 
     </span>
    </p>
   </div>
   <div class='ocr_carea' id='block_1_23' title="bbox 907 360 1689 396">
    <p class='ocr_par' dir='ltr' id='par_1_23' title="bbox 907 360 1689 396">
     <span class='ocr_line' id='line_1_23' title="bbox 907 360 1689 396; baseline 0.001 -8"><span class='ocrx_word' id='word_1_156' title='bbox 907 361 990 388; x_wconf 82' lang='lat' dir='ltr'><strong>Forte</strong></span> <span class='ocrx_word' id='word_1_157' title='bbox 1002 361 1074 388; x_wconf 90' lang='lat' dir='ltr'><strong>enim</strong></span> <span class='ocrx_word' id='word_1_158' title='bbox 1092 361 1119 388; x_wconf 92' lang='lat' dir='ltr'><strong>in</strong></span> <span class='ocrx_word' id='word_1_159' title='bbox 1136 369 1169 388; x_wconf 90' lang='lat' dir='ltr'><strong>co</strong></span> <span class='ocrx_word' id='word_1_160' title='bbox 1190 360 1263 396; x_wconf 91' lang='lat' dir='ltr'><strong>quod</strong></span> <span class='ocrx_word' id='word_1_161' title='bbox 1280 360 1433 396; x_wconf 75' lang='lat' dir='ltr'><strong>przetulerit</strong></span> <span class='ocrx_word' id='word_1_162' title='bbox 1445 368 1494 395; x_wconf 85' lang='lat' dir='ltr'><strong>per</strong></span> <span class='ocrx_word' id='word_1_163' title='bbox 1505 362 1689 396; x_wconf 84' lang='lat' dir='ltr'><strong>comparatio-</strong></span> 
     </span>
    </p>
   </div>
   <div class='ocr_carea' id='block_1_24' title="bbox 908 407 1690 441">
    <p class='ocr_par' dir='ltr' id='par_1_24' title="bbox 908 407 1690 441">
     <span class='ocr_line' id='line_1_24' title="bbox 908 407 1690 441; baseline 0.003 -8"><span class='ocrx_word' id='word_1_164' title='bbox 908 414 968 433; x_wconf 92' lang='lat' dir='ltr'><strong>nem</strong></span> <span class='ocrx_word' id='word_1_165' title='bbox 987 407 1028 434; x_wconf 86' lang='lat' dir='ltr'><strong>lac</strong></span> <span class='ocrx_word' id='word_1_166' title='bbox 1046 407 1119 441; x_wconf 90' lang='lat' dir='ltr'><strong>quod</strong></span> <span class='ocrx_word' id='word_1_167' title='bbox 1143 415 1174 434; x_wconf 61' lang='lat' dir='ltr'><strong>es</strong></span> <span class='ocrx_word' id='word_1_168' title='bbox 1192 407 1293 434; x_wconf 85' lang='lat' dir='ltr'><strong>divinis</strong></span> <span class='ocrx_word' id='word_1_169' title='bbox 1310 411 1402 433; x_wconf 83' lang='lat' dir='ltr'><strong>manat</strong></span> <span class='ocrx_word' id='word_1_170' title='bbox 1424 407 1567 438; x_wconf 80' lang='lat' dir='ltr'><strong>uberibus.</strong></span> <span class='ocrx_word' id='word_1_171' title='bbox 1590 409 1690 436; x_wconf 68' lang='lat' dir='ltr'><strong>laetitia:</strong></span> 
     </span>
    </p>
   </div>
   <div class='ocr_carea' id='block_1_25' title="bbox 907 451 1688 486">
    <p class='ocr_par' dir='ltr' id='par_1_25' title="bbox 907 451 1688 486">
     <span class='ocr_line' id='line_1_25' title="bbox 907 451 1688 486; baseline 0.001 -9"><span class='ocrx_word' id='word_1_172' title='bbox 907 458 968 485; x_wconf 62' lang='lat' dir='ltr'><strong>quae</strong></span> <span class='ocrx_word' id='word_1_173' title='bbox 990 452 1069 478; x_wconf 88' lang='lat' dir='ltr'><strong>nobis</strong></span> <span class='ocrx_word' id='word_1_174' title='bbox 1091 451 1180 478; x_wconf 88' lang='lat' dir='ltr'><strong>oritur</strong></span> <span class='ocrx_word' id='word_1_175' title='bbox 1196 459 1229 478; x_wconf 88' lang='lat' dir='ltr'><strong>ex</strong></span> <span class='ocrx_word' id='word_1_176' title='bbox 1249 451 1324 484; x_wconf 83' lang='lat' dir='ltr'><strong>vino,</strong></span> <span class='ocrx_word' id='word_1_177' title='bbox 1344 459 1392 486; x_wconf 86' lang='lat' dir='ltr'><strong>per</strong></span> <span class='ocrx_word' id='word_1_178' title='bbox 1406 458 1436 477; x_wconf 91' lang='lat' dir='ltr'><strong>ea</strong></span> <span class='ocrx_word' id='word_1_179' title='bbox 1449 459 1510 486; x_wconf 70' lang='lat' dir='ltr'><strong>quae</strong></span> <span class='ocrx_word' id='word_1_180' title='bbox 1524 452 1596 479; x_wconf 84' lang='lat' dir='ltr'><strong>dicta</strong></span> <span class='ocrx_word' id='word_1_181' title='bbox 1613 457 1688 485; x_wconf 86' lang='lat' dir='ltr'><strong>sunt,</strong></span> 
     </span>
    </p>
   </div>
   <div class='ocr_carea' id='block_1_26' title="bbox 907 496 1688 531">
    <p class='ocr_par' dir='ltr' id='par_1_26' title="bbox 907 496 1688 531">
     <span class='ocr_line' id='line_1_26' title="bbox 907 496 1688 531; baseline 0 -7"><span class='ocrx_word' id='word_1_182' title='bbox 907 497 1052 528; x_wconf 77' lang='lat' dir='ltr'><strong>discimus.</strong></span> <span class='ocrx_word' id='word_1_183' title='bbox 1070 497 1144 531; x_wconf 89' lang='lat' dir='ltr'><strong>quod</strong></span> <span class='ocrx_word' id='word_1_184' title='bbox 1157 497 1246 524; x_wconf 89' lang='lat' dir='ltr'><strong>omnis</strong></span> <span class='ocrx_word' id='word_1_185' title='bbox 1259 496 1379 523; x_wconf 87' lang='lat' dir='ltr'><strong>humana</strong></span> <span class='ocrx_word' id='word_1_186' title='bbox 1393 497 1537 531; x_wconf 81' lang='lat' dir='ltr'><strong>sapientia,</strong></span> <span class='ocrx_word' id='word_1_187' title='bbox 1556 502 1583 525; x_wconf 82' lang='lat' dir='ltr'><strong>et</strong></span> <span class='ocrx_word' id='word_1_188' title='bbox 1595 505 1688 525; x_wconf 87' lang='lat' dir='ltr'><strong>eorum</strong></span> 
     </span>
    </p>
   </div>
   <div class='ocr_carea' id='block_1_27' title="bbox 907 542 1688 578">
    <p class='ocr_par' dir='ltr' id='par_1_27' title="bbox 907 542 1688 578">
     <span class='ocr_line' id='line_1_27' title="bbox 907 542 1688 578; baseline 0.003 -10"><span class='ocrx_word' id='word_1_189' title='bbox 907 550 968 577; x_wconf 81' lang='lat' dir='ltr'><strong>qme</strong></span> <span class='ocrx_word' id='word_1_190' title='bbox 990 546 1055 570; x_wconf 91' lang='lat' dir='ltr'><strong>sunt</strong></span> <span class='ocrx_word' id='word_1_191' title='bbox 1074 542 1200 573; x_wconf 86' lang='lat' dir='ltr'><strong>scientia,</strong></span> <span class='ocrx_word' id='word_1_192' title='bbox 1218 546 1244 568; x_wconf 90' lang='lat' dir='ltr'><strong>et</strong></span> <span class='ocrx_word' id='word_1_193' title='bbox 1261 543 1351 569; x_wconf 87' lang='lat' dir='ltr'><strong>omnis</strong></span> <span class='ocrx_word' id='word_1_194' title='bbox 1367 542 1454 570; x_wconf 87' lang='lat' dir='ltr'><strong>virtus</strong></span> <span class='ocrx_word' id='word_1_195' title='bbox 1468 543 1688 578; x_wconf 80' lang='lat' dir='ltr'><strong>contemplativa.</strong></span> 
     </span>
    </p>
   </div>
   <div class='ocr_carea' id='block_1_28' title="bbox 907 587 1690 622">
    <p class='ocr_par' dir='ltr' id='par_1_28' title="bbox 907 587 1690 622">
     <span class='ocr_line' id='line_1_28' title="bbox 907 587 1690 622; baseline 0 -8"><span class='ocrx_word' id='word_1_196' title='bbox 907 591 934 614; x_wconf 89' lang='lat' dir='ltr'><strong>et</strong></span> <span class='ocrx_word' id='word_1_197' title='bbox 954 590 1045 614; x_wconf 83' lang='lat' dir='ltr'><strong>mente</strong></span> <span class='ocrx_word' id='word_1_198' title='bbox 1063 587 1298 621; x_wconf 84' lang='lat' dir='ltr'><strong>comprehcndens</strong></span> <span class='ocrx_word' id='word_1_199' title='bbox 1312 587 1468 621; x_wconf 77' lang='lat' dir='ltr'><strong>phantasia,</strong></span> <span class='ocrx_word' id='word_1_200' title='bbox 1485 595 1533 622; x_wconf 86' lang='lat' dir='ltr'><strong>per</strong></span> <span class='ocrx_word' id='word_1_201' title='bbox 1546 596 1690 622; x_wconf 76' lang='lat' dir='ltr'><strong>compara-</strong></span> 
     </span>
    </p>
   </div>
   <div class='ocr_carea' id='block_1_29' title="bbox 907 632 1690 667">
    <p class='ocr_par' dir='ltr' id='par_1_29' title="bbox 907 632 1690 667">
     <span class='ocr_line' id='line_1_29' title="bbox 907 632 1690 667; baseline 0.004 -8"><span class='ocrx_word' id='word_1_202' title='bbox 907 632 1009 659; x_wconf 86' lang='lat' dir='ltr'><strong>tionem</strong></span> <span class='ocrx_word' id='word_1_203' title='bbox 1031 640 1084 659; x_wconf 90' lang='lat' dir='ltr'><strong>non</strong></span> <span class='ocrx_word' id='word_1_204' title='bbox 1108 636 1197 667; x_wconf 81' lang='lat' dir='ltr'><strong>potest</strong></span> <span class='ocrx_word' id='word_1_205' title='bbox 1219 634 1356 667; x_wconf 61' lang='lat' dir='ltr'><strong>exmquari</strong></span> <span class='ocrx_word' id='word_1_206' title='bbox 1379 633 1496 667; x_wconf 89' lang='lat' dir='ltr'><strong>simplici</strong></span> <span class='ocrx_word' id='word_1_207' title='bbox 1522 635 1690 662; x_wconf 88' lang='lat' dir='ltr'><strong>nutrimento</strong></span> 
     </span>
    </p>
   </div>
   <div class='ocr_carea' id='block_1_30' title="bbox 907 677 1689 712">
    <p class='ocr_par' dir='ltr' id='par_1_30' title="bbox 907 677 1689 712">
     <span class='ocr_line' id='line_1_30' title="bbox 907 677 1689 712; baseline 0.003 -7"><span class='ocrx_word' id='word_1_208' title='bbox 907 678 1061 705; x_wconf 80' lang='lat' dir='ltr'><strong>divinarum</strong></span> <span class='ocrx_word' id='word_1_209' title='bbox 1081 677 1298 712; x_wconf 85' lang='lat' dir='ltr'><strong>disciplinarum.</strong></span> <span class='ocrx_word' id='word_1_210' title='bbox 1314 678 1368 705; x_wconf 89' lang='lat' dir='ltr'><strong>Lac</strong></span> <span class='ocrx_word' id='word_1_211' title='bbox 1381 678 1454 704; x_wconf 92' lang='lat' dir='ltr'><strong>cnim</strong></span> <span class='ocrx_word' id='word_1_212' title='bbox 1469 678 1528 705; x_wconf 83' lang='lat' dir='ltr'><strong>ﬂuit</strong></span> <span class='ocrx_word' id='word_1_213' title='bbox 1543 687 1576 706; x_wconf 82' lang='lat' dir='ltr'><strong>ex</strong></span> <span class='ocrx_word' id='word_1_214' title='bbox 1595 679 1689 707; x_wconf 85' lang='lat' dir='ltr'><strong>uberi-</strong></span> 
     </span>
    </p>
   </div>
   <div class='ocr_carea' id='block_1_31' title="bbox 906 723 1689 756">
    <p class='ocr_par' dir='ltr' id='par_1_31' title="bbox 906 723 1689 756">
     <span class='ocr_line' id='line_1_31' title="bbox 906 723 1689 756; baseline 0.003 -6"><span class='ocrx_word' id='word_1_215' title='bbox 906 723 975 756; x_wconf 83' lang='lat' dir='ltr'><strong>bus;</strong></span> <span class='ocrx_word' id='word_1_216' title='bbox 992 727 1034 750; x_wconf 86' lang='lat' dir='ltr'><strong>est</strong></span> <span class='ocrx_word' id='word_1_217' title='bbox 1058 727 1148 750; x_wconf 83' lang='lat' dir='ltr'><strong>autem</strong></span> <span class='ocrx_word' id='word_1_218' title='bbox 1171 723 1213 750; x_wconf 86' lang='lat' dir='ltr'><strong>lac</strong></span> <span class='ocrx_word' id='word_1_219' title='bbox 1243 723 1443 750; x_wconf 84' lang='lat' dir='ltr'><strong>nutrimentum</strong></span> <span class='ocrx_word' id='word_1_220' title='bbox 1465 723 1623 752; x_wconf 75' lang='lat' dir='ltr'><strong>infantium.</strong></span> <span class='ocrx_word' id='word_1_221' title='bbox 1640 724 1689 752; x_wconf 81' lang='lat' dir='ltr'><strong>Vi-</strong></span> 
     </span>
    </p>
   </div>
   <div class='ocr_carea' id='block_1_32' title="bbox 907 767 1689 801">
    <p class='ocr_par' dir='ltr' id='par_1_32' title="bbox 907 767 1689 801">
     <span class='ocr_line' id='line_1_32' title="bbox 907 767 1689 801; baseline 0.001 -7"><span class='ocrx_word' id='word_1_222' title='bbox 907 775 971 794; x_wconf 88' lang='lat' dir='ltr'><strong>nttm</strong></span> <span class='ocrx_word' id='word_1_223' title='bbox 988 772 1078 794; x_wconf 83' lang='lat' dir='ltr'><strong>autem</strong></span> <span class='ocrx_word' id='word_1_224' title='bbox 1103 771 1215 801; x_wconf 85' lang='lat' dir='ltr'><strong>propter</strong></span> <span class='ocrx_word' id='word_1_225' title='bbox 1231 767 1284 794; x_wconf 90' lang='lat' dir='ltr'><strong>vim</strong></span> <span class='ocrx_word' id='word_1_226' title='bbox 1306 772 1333 794; x_wconf 85' lang='lat' dir='ltr'><strong>et</strong></span> <span class='ocrx_word' id='word_1_227' title='bbox 1354 768 1473 794; x_wconf 81' lang='lat' dir='ltr'><strong>calorem</strong></span> <span class='ocrx_word' id='word_1_228' title='bbox 1496 767 1578 795; x_wconf 85' lang='lat' dir='ltr'><strong>datur</strong></span> <span class='ocrx_word' id='word_1_229' title='bbox 1593 768 1689 796; x_wconf 85' lang='lat' dir='ltr'><strong>fruen-</strong></span> 
     </span>
    </p>
   </div>
   <div class='ocr_carea' id='block_1_33' title="bbox 907 812 1688 847">
    <p class='ocr_par' dir='ltr' id='par_1_33' title="bbox 907 812 1688 847">
     <span class='ocr_line' id='line_1_33' title="bbox 907 812 1688 847; baseline 0.003 -8"><span class='ocrx_word' id='word_1_230' title='bbox 907 813 972 840; x_wconf 90' lang='lat' dir='ltr'><strong>dum</strong></span> <span class='ocrx_word' id='word_1_231' title='bbox 986 812 1209 847; x_wconf 82' lang='lat' dir='ltr'><strong>pertectioribus,</strong></span> <span class='ocrx_word' id='word_1_232' title='bbox 1229 812 1276 839; x_wconf 84' lang='lat' dir='ltr'><strong>sed</strong></span> <span class='ocrx_word' id='word_1_233' title='bbox 1294 816 1384 839; x_wconf 89' lang='lat' dir='ltr'><strong>tamen</strong></span> <span class='ocrx_word' id='word_1_234' title='bbox 1396 813 1468 847; x_wconf 91' lang='lat' dir='ltr'><strong>quod</strong></span> <span class='ocrx_word' id='word_1_235' title='bbox 1483 818 1523 839; x_wconf 85' lang='lat' dir='ltr'><strong>cst</strong></span> <span class='ocrx_word' id='word_1_236' title='bbox 1539 813 1688 847; x_wconf 68' lang='lat' dir='ltr'><strong>perfectum</strong></span> 
     </span>
    </p>
   </div>
   <div class='ocr_carea' id='block_1_34' title="bbox 76 857 858 894">
    <p class='ocr_par' dir='ltr' id='par_1_34' title="bbox 76 858 858 894">
     <span class='ocr_line' id='line_1_34' title="bbox 76 858 858 894; baseline 0.001 -9"><span class='ocrx_word' id='word_1_237' title='bbox 76 858 190 886; x_wconf 74' lang='grc' dir='ltr'>καλλίων</span> <span class='ocrx_word' id='word_1_238' title='bbox 204 859 262 885; x_wconf 75' lang='grc' dir='ltr'>ἐστὶ</span> <span class='ocrx_word' id='word_1_239' title='bbox 272 859 362 894; x_wconf 82' lang='grc' dir='ltr'>πάσης</span> <span class='ocrx_word' id='word_1_240' title='bbox 376 859 426 893; x_wconf 82' lang='grc' dir='ltr'>τῆς</span> <span class='ocrx_word' id='word_1_241' title='bbox 440 859 468 885; x_wconf 82' lang='grc' dir='ltr'>ὲν</span> <span class='ocrx_word' id='word_1_242' title='bbox 483 858 625 894; x_wconf 83' lang='grc' dir='ltr'>ἀρώμασιν</span> <span class='ocrx_word' id='word_1_243' title='bbox 637 858 758 890; x_wconf 80' lang='grc' dir='ltr'>εὐωδίας.</span> <span class='ocrx_word' id='word_1_244' title='bbox 777 859 858 886; x_wconf 85' lang='grc' dir='ltr'>Ὀθεν</span> 
     </span>
    </p>
   </div>
   <div class='ocr_carea' id='block_1_35' title="bbox 908 857 1689 894">
    <p class='ocr_par' dir='ltr' id='par_1_35' title="bbox 910 857 1689 892">
     <span class='ocr_line' id='line_1_35' title="bbox 910 857 1689 892; baseline 0 -7"><span class='ocrx_word' id='word_1_245' title='bbox 910 859 936 885; x_wconf 91' lang='lat' dir='ltr'><strong>in</strong></span> <span class='ocrx_word' id='word_1_246' title='bbox 950 862 1064 885; x_wconf 76' lang='lat' dir='ltr'><strong>externa</strong></span> <span class='ocrx_word' id='word_1_247' title='bbox 1086 858 1231 892; x_wconf 74' lang='lat' dir='ltr'><strong>sapientia,</strong></span> <span class='ocrx_word' id='word_1_248' title='bbox 1247 857 1338 884; x_wconf 85' lang='lat' dir='ltr'><strong>minus</strong></span> <span class='ocrx_word' id='word_1_249' title='bbox 1357 862 1400 885; x_wconf 80' lang='lat' dir='ltr'><strong>est</strong></span> <span class='ocrx_word' id='word_1_250' title='bbox 1417 865 1499 892; x_wconf 86' lang='lat' dir='ltr'><strong>quam</strong></span> <span class='ocrx_word' id='word_1_251' title='bbox 1515 859 1600 885; x_wconf 81' lang='lat' dir='ltr'><strong>divini</strong></span> <span class='ocrx_word' id='word_1_252' title='bbox 1615 860 1689 886; x_wconf 66' lang='lat' dir='ltr'><strong>verbi</strong></span> 
     </span>
    </p>
   </div>
   <div class='ocr_carea' id='block_1_36' title="bbox 76 904 856 940">
    <p class='ocr_par' dir='ltr' id='par_1_36' title="bbox 76 904 856 940">
     <span class='ocr_line' id='line_1_36' title="bbox 76 904 856 940; baseline -0.001 -8"><span class='ocrx_word' id='word_1_253' title='bbox 76 905 146 932; x_wconf 68' lang='grc' dir='ltr'>δοκεῖ</span> <span class='ocrx_word' id='word_1_254' title='bbox 174 904 294 933; x_wconf 86' lang='grc' dir='ltr'>τοιοῦτον</span> <span class='ocrx_word' id='word_1_255' title='bbox 318 904 364 930; x_wconf 81' lang='grc' dir='ltr'><strong>τδν</strong></span> <span class='ocrx_word' id='word_1_256' title='bbox 392 904 454 931; x_wconf 89' lang='grc' dir='ltr'>νοῦν</span> <span class='ocrx_word' id='word_1_257' title='bbox 481 904 682 930; x_wconf 77' lang='grc' dir='ltr'>ἀποδεικνύειν·</span> <span class='ocrx_word' id='word_1_258' title='bbox 710 904 856 940; x_wconf 80' lang='grc' dir='ltr'>Ἀρώματα</span> 
     </span>
    </p>
   </div>
   <div class='ocr_carea' id='block_1_37' title="bbox 75 947 854 986">
    <p class='ocr_par' dir='ltr' id='par_1_37' title="bbox 75 947 854 986">
     <span class='ocr_line' id='line_1_37' title="bbox 75 947 854 986; baseline -0.001 -9"><span class='ocrx_word' id='word_1_259' title='bbox 75 951 186 986; x_wconf 81' lang='grc' dir='ltr'>νοοῦμεν</span> <span class='ocrx_word' id='word_1_260' title='bbox 209 951 258 982; x_wconf 80' lang='grc' dir='ltr'><strong>τὰς</strong></span> <span class='ocrx_word' id='word_1_261' title='bbox 290 950 403 986; x_wconf 82' lang='grc' dir='ltr'>ἀρετὰς,</span> <span class='ocrx_word' id='word_1_262' title='bbox 429 947 499 981; x_wconf 75' lang='grc' dir='ltr'>οἷον,</span> <span class='ocrx_word' id='word_1_263' title='bbox 528 950 636 984; x_wconf 79' lang='grc' dir='ltr'>σοφίαν.</span> <span class='ocrx_word' id='word_1_264' title='bbox 669 951 854 986; x_wconf 75' lang='grc' dir='ltr'>σωφροσύνην,</span> 
     </span>
    </p>
   </div>
   <div class='ocr_carea' id='block_1_38' title="bbox 76 993 857 1033">
    <p class='ocr_par' dir='ltr' id='par_1_38' title="bbox 76 993 857 1033">
     <span class='ocr_line' id='line_1_38' title="bbox 76 993 857 1033; baseline -0.001 -9"><span class='ocrx_word' id='word_1_265' title='bbox 76 997 207 1033; x_wconf 83' lang='grc' dir='ltr'>ἀνδρείαν,</span> <span class='ocrx_word' id='word_1_266' title='bbox 226 997 356 1032; x_wconf 77' lang='grc' dir='ltr'>φρόνησιν</span> <span class='ocrx_word' id='word_1_267' title='bbox 367 1016 374 1029; x_wconf 83' lang='grc'><strong>,</strong></span> <span class='ocrx_word' id='word_1_268' title='bbox 389 996 438 1022; x_wconf 80' lang='grc' dir='ltr'><strong>καὶ</strong></span> <span class='ocrx_word' id='word_1_269' title='bbox 451 995 486 1022; x_wconf 82' lang='grc' dir='ltr'>τὰ</span> <span class='ocrx_word' id='word_1_270' title='bbox 502 995 624 1029; x_wconf 85' lang='grc' dir='ltr'>τοιαῦτα,</span> <span class='ocrx_word' id='word_1_271' title='bbox 646 993 684 1027; x_wconf 76' lang='grc' dir='ltr'><strong>οἷς</strong></span> <span class='ocrx_word' id='word_1_272' title='bbox 702 1004 857 1031; x_wconf 83' lang='grc' dir='ltr'>προσχρων-</span> 
     </span>
    </p>
   </div>
   <div class='ocr_carea' id='block_1_39' title="bbox 76 1040 856 1079">
    <p class='ocr_par' dir='ltr' id='par_1_39' title="bbox 76 1040 856 1079">
     <span class='ocr_line' id='line_1_39' title="bbox 76 1040 856 1079; baseline -0.003 -9"><span class='ocrx_word' id='word_1_273' title='bbox 76 1043 189 1079; x_wconf 83' lang='grc' dir='ltr'>νύμενος</span> <span class='ocrx_word' id='word_1_274' title='bbox 213 1042 284 1069; x_wconf 85' lang='grc' dir='ltr'><strong>κατά</strong></span> <span class='ocrx_word' id='word_1_275' title='bbox 309 1042 358 1077; x_wconf 87' lang='grc' dir='ltr'>τὴν</span> <span class='ocrx_word' id='word_1_276' title='bbox 378 1040 474 1068; x_wconf 77' lang='grc' dir='ltr'>ἑαυτοῦ</span> <span class='ocrx_word' id='word_1_277' title='bbox 494 1041 607 1076; x_wconf 85' lang='grc' dir='ltr'>δύναμιν</span> <span class='ocrx_word' id='word_1_278' title='bbox 629 1041 675 1067; x_wconf 74' lang='grc' dir='ltr'>καὶ</span> <span class='ocrx_word' id='word_1_279' title='bbox 698 1041 856 1077; x_wconf 81' lang='grc' dir='ltr'>προαίρεσιν</span> 
     </span>
    </p>
   </div>
   <div class='ocr_carea' id='block_1_40' title="bbox 77 1086 856 1121">
    <p class='ocr_par' dir='ltr' id='par_1_40' title="bbox 77 1086 856 1121">
     <span class='ocr_line' id='line_1_40' title="bbox 77 1086 856 1121; baseline -0.006 -5"><span class='ocrx_word' id='word_1_280' title='bbox 77 1090 203 1121; x_wconf 74' lang='grc' dir='ltr'>ἕκαστος,</span> <span class='ocrx_word' id='word_1_281' title='bbox 227 1087 307 1119; x_wconf 78' lang='grc' dir='ltr'>ἄλλος</span> <span class='ocrx_word' id='word_1_282' title='bbox 331 1087 418 1119; x_wconf 75' lang='grc' dir='ltr'>ἄλλως</span> <span class='ocrx_word' id='word_1_283' title='bbox 439 1088 468 1114; x_wconf 79' lang='grc' dir='ltr'>ὲν</span> <span class='ocrx_word' id='word_1_284' title='bbox 492 1086 590 1121; x_wconf 80' lang='grc' dir='ltr'>εὐωδίᾳ</span> <span class='ocrx_word' id='word_1_285' title='bbox 608 1086 756 1121; x_wconf 86' lang='grc' dir='ltr'>γινόμεθα·</span> <span class='ocrx_word' id='word_1_286' title='bbox 773 1087 787 1112; x_wconf 81' lang='grc' dir='ltr'><strong>ό</strong></span> <span class='ocrx_word' id='word_1_287' title='bbox 808 1086 856 1120; x_wconf 79' lang='grc' dir='ltr'>μὲν</span> 
     </span>
    </p>
   </div>
   <div class='ocr_carea' id='block_1_41' title="bbox 75 1131 856 1169">
    <p class='ocr_par' dir='ltr' id='par_1_41' title="bbox 75 1131 856 1169">
     <span class='ocr_line' id='line_1_41' title="bbox 75 1131 856 1169; baseline -0.005 -8"><span class='ocrx_word' id='word_1_288' title='bbox 75 1134 106 1161; x_wconf 77' lang='grc' dir='ltr'>ὲκ</span> <span class='ocrx_word' id='word_1_289' title='bbox 123 1133 298 1169; x_wconf 79' lang='grc' dir='ltr'>σωφροσύνης</span> <span class='ocrx_word' id='word_1_290' title='bbox 313 1133 330 1168; x_wconf 75' lang='grc' dir='ltr'>ἢ</span> <span class='ocrx_word' id='word_1_291' title='bbox 345 1133 455 1167; x_wconf 84' lang='grc' dir='ltr'>σοφίας·</span> <span class='ocrx_word' id='word_1_292' title='bbox 472 1133 486 1159; x_wconf 87' lang='grc' dir='ltr'><strong>ό</strong></span> <span class='ocrx_word' id='word_1_293' title='bbox 499 1132 527 1159; x_wconf 87' lang='grc' dir='ltr'>δὲ</span> <span class='ocrx_word' id='word_1_294' title='bbox 543 1133 574 1159; x_wconf 83' lang='grc' dir='ltr'>ὲκ</span> <span class='ocrx_word' id='word_1_295' title='bbox 586 1131 765 1166; x_wconf 79' lang='grc' dir='ltr'>δικαιοσύνης,</span> <span class='ocrx_word' id='word_1_296' title='bbox 783 1131 856 1166; x_wconf 82' lang='grc' dir='ltr'>ῆάν-</span> 
     </span>
    </p>
   </div>
   <div class='ocr_carea' id='block_1_42' title="bbox 74 1177 856 1214">
    <p class='ocr_par' dir='ltr' id='par_1_42' title="bbox 74 1177 856 1214">
     <span class='ocr_line' id='line_1_42' title="bbox 74 1177 856 1214; baseline -0.003 -9"><span class='ocrx_word' id='word_1_297' title='bbox 74 1179 180 1214; x_wconf 73' lang='grc' dir='ltr'>δρείας,</span> <span class='ocrx_word' id='word_1_298' title='bbox 193 1179 210 1214; x_wconf 81' lang='grc' dir='ltr'>ἢ</span> <span class='ocrx_word' id='word_1_299' title='bbox 225 1179 304 1206; x_wconf 73' lang='grc' dir='ltr'>ἄλλου</span> <span class='ocrx_word' id='word_1_300' title='bbox 321 1178 392 1210; x_wconf 70' lang='grc' dir='ltr'>τινος</span> <span class='ocrx_word' id='word_1_301' title='bbox 402 1178 455 1204; x_wconf 83' lang='grc' dir='ltr'>τῶν</span> <span class='ocrx_word' id='word_1_302' title='bbox 467 1179 526 1205; x_wconf 85' lang='grc' dir='ltr'>κατ’</span> <span class='ocrx_word' id='word_1_303' title='bbox 542 1177 641 1213; x_wconf 79' lang='grc' dir='ltr'>ἀρετὴν</span> <span class='ocrx_word' id='word_1_304' title='bbox 657 1177 809 1212; x_wconf 81' lang='grc' dir='ltr'>νοουμένων</span> <span class='ocrx_word' id='word_1_305' title='bbox 820 1185 827 1192; x_wconf 89' lang='grc'><strong>·</strong></span> <span class='ocrx_word' id='word_1_306' title='bbox 841 1178 856 1203; x_wconf 85' lang='lat'><em>6</em></span> 
     </span>
    </p>
   </div>
   <div class='ocr_carea' id='block_1_43' title="bbox 75 1223 856 1260">
    <p class='ocr_par' dir='ltr' id='par_1_43' title="bbox 75 1223 856 1260">
     <span class='ocr_line' id='line_1_43' title="bbox 75 1223 856 1260; baseline -0.003 -9"><span class='ocrx_word' id='word_1_307' title='bbox 75 1224 104 1251; x_wconf 76' lang='grc' dir='ltr'>δὲ</span> <span class='ocrx_word' id='word_1_308' title='bbox 126 1225 206 1260; x_wconf 81' lang='grc' dir='ltr'>τυχὸν</span> <span class='ocrx_word' id='word_1_309' title='bbox 230 1225 277 1251; x_wconf 81' lang='grc' dir='ltr'>καὶ</span> <span class='ocrx_word' id='word_1_310' title='bbox 296 1226 328 1251; x_wconf 69' lang='grc' dir='ltr'>ἐκ</span> <span class='ocrx_word' id='word_1_311' title='bbox 354 1225 463 1251; x_wconf 78' lang='grc' dir='ltr'>πάντων</span> <span class='ocrx_word' id='word_1_312' title='bbox 481 1224 535 1250; x_wconf 83' lang='grc' dir='ltr'>τῶν</span> <span class='ocrx_word' id='word_1_313' title='bbox 550 1223 678 1250; x_wconf 81' lang='grc' dir='ltr'>τοιούτων</span> <span class='ocrx_word' id='word_1_314' title='bbox 702 1224 856 1258; x_wconf 79' lang='grc' dir='ltr'>ἀρωμάτων</span> 
     </span>
    </p>
   </div>
   <div class='ocr_carea' id='block_1_44' title="bbox 76 1268 855 1305">
    <p class='ocr_par' dir='ltr' id='par_1_44' title="bbox 76 1268 855 1305">
     <span class='ocr_line' id='line_1_44' title="bbox 76 1268 855 1305; baseline -0.005 -8"><span class='ocrx_word' id='word_1_315' title='bbox 76 1270 299 1305; x_wconf 76' lang='grc' dir='ltr'>συγκεκραμένην</span> <span class='ocrx_word' id='word_1_316' title='bbox 323 1269 378 1304; x_wconf 82' lang='grc' dir='ltr'>ἔχει</span> <span class='ocrx_word' id='word_1_317' title='bbox 403 1270 432 1295; x_wconf 82' lang='grc' dir='ltr'><strong>ὲν</strong></span> <span class='ocrx_word' id='word_1_318' title='bbox 449 1268 538 1304; x_wconf 77' lang='grc' dir='ltr'>ἑαυτῷ</span> <span class='ocrx_word' id='word_1_319' title='bbox 564 1268 613 1304; x_wconf 82' lang='grc' dir='ltr'>τὴν</span> <span class='ocrx_word' id='word_1_320' title='bbox 634 1268 754 1294; x_wconf 82' lang='grc' dir='ltr'>εὐωδίαν.</span> <span class='ocrx_word' id='word_1_321' title='bbox 787 1268 855 1294; x_wconf 80' lang='grc' dir='ltr'>Ἀλλ’</span> 
     </span>
    </p>
   </div>
   <div class='ocr_carea' id='block_1_45' title="bbox 74 1312 857 1350">
    <p class='ocr_par' dir='ltr' id='par_1_45' title="bbox 74 1312 857 1350">
     <span class='ocr_line' id='line_1_45' title="bbox 74 1312 857 1350; baseline -0.005 -8"><span class='ocrx_word' id='word_1_322' title='bbox 74 1316 148 1350; x_wconf 82' lang='grc' dir='ltr'>ὅμως</span> <span class='ocrx_word' id='word_1_323' title='bbox 171 1315 256 1341; x_wconf 81' lang='grc' dir='ltr'>ταῦτα</span> <span class='ocrx_word' id='word_1_324' title='bbox 275 1314 364 1342; x_wconf 84' lang='grc' dir='ltr'>πάντα</span> <span class='ocrx_word' id='word_1_325' title='bbox 377 1314 427 1341; x_wconf 75' lang='grc' dir='ltr'>οὐχ</span> <span class='ocrx_word' id='word_1_326' title='bbox 450 1315 482 1341; x_wconf 78' lang='grc' dir='ltr'><strong>ἂν</strong></span> <span class='ocrx_word' id='word_1_327' title='bbox 503 1315 543 1346; x_wconf 88' lang='grc' dir='ltr'><strong>είς</strong></span> <span class='ocrx_word' id='word_1_328' title='bbox 559 1313 701 1348; x_wconf 85' lang='grc' dir='ltr'>σύγκρισιν</span> <span class='ocrx_word' id='word_1_329' title='bbox 722 1312 792 1339; x_wconf 72' lang='grc' dir='ltr'>ἔλθοι</span> <span class='ocrx_word' id='word_1_330' title='bbox 808 1313 857 1347; x_wconf 84' lang='grc' dir='ltr'>τῆς</span> 
     </span>
    </p>
   </div>
   <div class='ocr_carea' id='block_1_46' title="bbox 75 1358 855 1396">
    <p class='ocr_par' dir='ltr' id='par_1_46' title="bbox 75 1358 855 1396">
     <span class='ocr_line' id='line_1_46' title="bbox 75 1358 855 1396; baseline -0.004 -9"><span class='ocrx_word' id='word_1_331' title='bbox 75 1360 224 1392; x_wconf 79' lang='grc' dir='ltr'>παντελοῦς</span> <span class='ocrx_word' id='word_1_332' title='bbox 237 1360 338 1396; x_wconf 81' lang='grc' dir='ltr'>ἀρετῆς</span> <span class='ocrx_word' id='word_1_333' title='bbox 357 1360 474 1395; x_wconf 77' lang='grc' dir='ltr'>ἐκείνης.</span> <span class='ocrx_word' id='word_1_334' title='bbox 491 1361 524 1395; x_wconf 86' lang='grc' dir='ltr'>ῆν</span> <span class='ocrx_word' id='word_1_335' title='bbox 537 1359 601 1391; x_wconf 83' lang='grc' dir='ltr'>τοὺς</span> <span class='ocrx_word' id='word_1_336' title='bbox 611 1359 741 1395; x_wconf 83' lang='grc' dir='ltr'>οὐρανοὺς</span> <span class='ocrx_word' id='word_1_337' title='bbox 756 1358 855 1392; x_wconf 68' lang='grc' dir='ltr'>διειλη›</span> 
     </span>
    </p>
   </div>
   <div class='ocr_carea' id='block_1_47' title="bbox 907 902 1690 937">
    <p class='ocr_par' dir='ltr' id='par_1_47' title="bbox 907 902 1690 937">
     <span class='ocr_line' id='line_1_47' title="bbox 907 902 1690 937; baseline 0 -7"><span class='ocrx_word' id='word_1_338' title='bbox 907 903 1045 931; x_wconf 83' lang='lat' dir='ltr'><strong>infantilis</strong></span> <span class='ocrx_word' id='word_1_339' title='bbox 1068 903 1206 930; x_wconf 77' lang='lat' dir='ltr'><strong>doctrina.</strong></span> <span class='ocrx_word' id='word_1_340' title='bbox 1229 902 1376 937; x_wconf 80' lang='lat' dir='ltr'><strong>Propterea</strong></span> <span class='ocrx_word' id='word_1_341' title='bbox 1402 903 1466 929; x_wconf 74' lang='lat' dir='ltr'><strong>vino</strong></span> <span class='ocrx_word' id='word_1_342' title='bbox 1489 903 1609 930; x_wconf 85' lang='lat' dir='ltr'><strong>humano</strong></span> <span class='ocrx_word' id='word_1_343' title='bbox 1633 912 1690 930; x_wconf 84' lang='lat' dir='ltr'><strong>mc-</strong></span> 
     </span>
    </p>
   </div>
   <div class='ocr_carea' id='block_1_48' title="bbox 907 947 1689 976">
    <p class='ocr_par' dir='ltr' id='par_1_48' title="bbox 907 947 1689 976">
     <span class='ocr_line' id='line_1_48' title="bbox 907 947 1689 976; baseline 0 0"><span class='ocrx_word' id='word_1_344' title='bbox 907 949 978 976; x_wconf 87' lang='lat' dir='ltr'><strong>liora</strong></span> <span class='ocrx_word' id='word_1_345' title='bbox 1004 953 1069 976; x_wconf 89' lang='lat' dir='ltr'><strong>sunt</strong></span> <span class='ocrx_word' id='word_1_346' title='bbox 1089 949 1173 976; x_wconf 87' lang='lat' dir='ltr'><strong>ubera</strong></span> <span class='ocrx_word' id='word_1_347' title='bbox 1198 949 1303 975; x_wconf 79' lang='lat' dir='ltr'><strong>divina.</strong></span> <span class='ocrx_word' id='word_1_348' title='bbox 1328 947 1402 976; x_wconf 89' lang='lat' dir='ltr'><strong>Odor</strong></span> <span class='ocrx_word' id='word_1_349' title='bbox 1421 953 1512 976; x_wconf 87' lang='lat' dir='ltr'><strong>autem</strong></span> <span class='ocrx_word' id='word_1_350' title='bbox 1533 950 1689 976; x_wconf 88' lang='lat' dir='ltr'><strong>divinorum</strong></span> 
     </span>
    </p>
   </div>
   <div class='ocr_carea' id='block_1_49' title="bbox 907 986 1691 1030">
    <p class='ocr_par' dir='ltr' id='par_1_49' title="bbox 907 986 1691 1030">
     <span class='ocr_line' id='line_1_49' title="bbox 907 986 1691 1030; baseline 0 -8"><span class='ocrx_word' id='word_1_351' title='bbox 907 999 1110 1030; x_wconf 82' lang='lat' dir='ltr'><strong>unguentorum</strong></span> <span class='ocrx_word' id='word_1_352' title='bbox 1130 999 1172 1022; x_wconf 87' lang='lat' dir='ltr'><strong>cst</strong></span> <span class='ocrx_word' id='word_1_353' title='bbox 1197 995 1293 1022; x_wconf 90' lang='lat' dir='ltr'><strong>melior</strong></span> <span class='ocrx_word' id='word_1_354' title='bbox 1313 994 1389 1021; x_wconf 92' lang='lat' dir='ltr'><strong>omni</strong></span> <span class='ocrx_word' id='word_1_355' title='bbox 1408 986 1558 1030; x_wconf 76' lang='lat' dir='ltr'><strong>fragrantia</strong></span> <span class='ocrx_word' id='word_1_356' title='bbox 1583 1002 1691 1022; x_wconf 78' lang='lat' dir='ltr'><strong>aroma-</strong></span> 
     </span>
    </p>
   </div>
   <div class='ocr_carea' id='block_1_50' title="bbox 909 1040 1690 1069">
    <p class='ocr_par' dir='ltr' id='par_1_50' title="bbox 909 1040 1690 1069">
     <span class='ocr_line' id='line_1_50' title="bbox 909 1040 1690 1069; baseline 0 0"><span class='ocrx_word' id='word_1_357' title='bbox 909 1045 978 1069; x_wconf 88' lang='lat' dir='ltr'><strong>tutn.</strong></span> <span class='ocrx_word' id='word_1_358' title='bbox 998 1040 1075 1068; x_wconf 86' lang='lat' dir='ltr'><strong>Unde</strong></span> <span class='ocrx_word' id='word_1_359' title='bbox 1099 1042 1180 1069; x_wconf 88' lang='lat' dir='ltr'><strong>nobis</strong></span> <span class='ocrx_word' id='word_1_360' title='bbox 1203 1041 1311 1068; x_wconf 88' lang='lat' dir='ltr'><strong>videtur</strong></span> <span class='ocrx_word' id='word_1_361' title='bbox 1336 1041 1407 1067; x_wconf 88' lang='lat' dir='ltr'><strong>hanc</strong></span> <span class='ocrx_word' id='word_1_362' title='bbox 1431 1041 1555 1069; x_wconf 87' lang='lat' dir='ltr'><strong>indicare</strong></span> <span class='ocrx_word' id='word_1_363' title='bbox 1580 1047 1690 1069; x_wconf 78' lang='lat' dir='ltr'><strong>senten-</strong></span> 
     </span>
    </p>
   </div>
   <div class='ocr_carea' id='block_1_51' title="bbox 907 1086 1690 1121">
    <p class='ocr_par' dir='ltr' id='par_1_51' title="bbox 907 1086 1690 1121">
     <span class='ocr_line' id='line_1_51' title="bbox 907 1086 1690 1121; baseline 0.001 -8"><span class='ocrx_word' id='word_1_364' title='bbox 907 1087 971 1114; x_wconf 92' lang='lat' dir='ltr'><strong>tiam</strong></span> <span class='ocrx_word' id='word_1_365' title='bbox 985 1096 991 1113; x_wconf 92' lang='lat'>:</span> <span class='ocrx_word' id='word_1_366' title='bbox 1003 1087 1134 1114; x_wconf 87' lang='lat' dir='ltr'><strong>Aromata</strong></span> <span class='ocrx_word' id='word_1_367' title='bbox 1155 1086 1334 1121; x_wconf 79' lang='lat' dir='ltr'><strong>intelligimus</strong></span> <span class='ocrx_word' id='word_1_368' title='bbox 1352 1087 1479 1118; x_wconf 80' lang='lat' dir='ltr'><strong>virtutes,</strong></span> <span class='ocrx_word' id='word_1_369' title='bbox 1498 1087 1625 1114; x_wconf 69' lang='lat' dir='ltr'><strong>videlicet</strong></span> <span class='ocrx_word' id='word_1_370' title='bbox 1644 1094 1690 1114; x_wconf 85' lang='lat' dir='ltr'><strong>sa-</strong></span> 
     </span>
    </p>
   </div>
   <div class='ocr_carea' id='block_1_52' title="bbox 906 1131 1692 1166">
    <p class='ocr_par' dir='ltr' id='par_1_52' title="bbox 906 1131 1692 1166">
     <span class='ocr_line' id='line_1_52' title="bbox 906 1131 1692 1166; baseline 0.001 -8"><span class='ocrx_word' id='word_1_371' title='bbox 906 1131 1053 1166; x_wconf 84' lang='lat' dir='ltr'><strong>pientiam.</strong></span> <span class='ocrx_word' id='word_1_372' title='bbox 1090 1132 1318 1166; x_wconf 81' lang='lat' dir='ltr'><strong>temperantiam,</strong></span> <span class='ocrx_word' id='word_1_373' title='bbox 1343 1131 1548 1164; x_wconf 78' lang='lat' dir='ltr'><strong>fortitudinem,</strong></span> <span class='ocrx_word' id='word_1_374' title='bbox 1572 1133 1692 1166; x_wconf 83' lang='lat' dir='ltr'><strong>pruden—</strong></span> 
     </span>
    </p>
   </div>
   <div class='ocr_carea' id='block_1_53' title="bbox 907 1177 1692 1212">
    <p class='ocr_par' dir='ltr' id='par_1_53' title="bbox 907 1177 1692 1212">
     <span class='ocr_line' id='line_1_53' title="bbox 907 1177 1692 1212; baseline 0.004 -9"><span class='ocrx_word' id='word_1_375' title='bbox 907 1177 982 1209; x_wconf 86' lang='lat' dir='ltr'><strong>tiam,</strong></span> <span class='ocrx_word' id='word_1_376' title='bbox 996 1180 1022 1204; x_wconf 91' lang='lat' dir='ltr'><strong>et</strong></span> <span class='ocrx_word' id='word_1_377' title='bbox 1042 1184 1103 1211; x_wconf 75' lang='lat' dir='ltr'><strong>qua:</strong></span> <span class='ocrx_word' id='word_1_378' title='bbox 1118 1181 1183 1204; x_wconf 91' lang='lat' dir='ltr'><strong>sunt</strong></span> <span class='ocrx_word' id='word_1_379' title='bbox 1202 1177 1371 1211; x_wconf 73' lang='lat' dir='ltr'><strong>huiusmodi,</strong></span> <span class='ocrx_word' id='word_1_380' title='bbox 1390 1178 1490 1212; x_wconf 85' lang='lat' dir='ltr'><strong>quibus</strong></span> <span class='ocrx_word' id='word_1_381' title='bbox 1510 1178 1612 1205; x_wconf 88' lang='lat' dir='ltr'><strong>oblitus</strong></span> <span class='ocrx_word' id='word_1_382' title='bbox 1629 1186 1692 1206; x_wconf 84' lang='lat' dir='ltr'><strong>con-</strong></span> 
     </span>
    </p>
   </div>
   <div class='ocr_carea' id='block_1_54' title="bbox 908 1222 1691 1256">
    <p class='ocr_par' dir='ltr' id='par_1_54' title="bbox 908 1222 1691 1256">
     <span class='ocr_line' id='line_1_54' title="bbox 908 1222 1691 1256; baseline 0.006 -9"><span class='ocrx_word' id='word_1_383' title='bbox 908 1222 1052 1249; x_wconf 82' lang='lat' dir='ltr'><strong>venienter</strong></span> <span class='ocrx_word' id='word_1_384' title='bbox 1070 1229 1127 1249; x_wconf 64' lang='lat' dir='ltr'><strong>suae</strong></span> <span class='ocrx_word' id='word_1_385' title='bbox 1141 1222 1271 1256; x_wconf 85' lang='lat' dir='ltr'><strong>potestati</strong></span> <span class='ocrx_word' id='word_1_386' title='bbox 1294 1226 1321 1249; x_wconf 85' lang='lat' dir='ltr'><strong>et</strong></span> <span class='ocrx_word' id='word_1_387' title='bbox 1345 1222 1432 1249; x_wconf 82' lang='lat' dir='ltr'><strong>libero</strong></span> <span class='ocrx_word' id='word_1_388' title='bbox 1447 1223 1532 1250; x_wconf 82' lang='lat' dir='ltr'><strong>animi</strong></span> <span class='ocrx_word' id='word_1_389' title='bbox 1547 1224 1589 1250; x_wconf 89' lang='lat' dir='ltr'><strong>sui</strong></span> <span class='ocrx_word' id='word_1_390' title='bbox 1611 1225 1691 1252; x_wconf 87' lang='lat' dir='ltr'><strong>insti-</strong></span> 
     </span>
    </p>
   </div>
   <div class='ocr_carea' id='block_1_55' title="bbox 908 1268 1691 1303">
    <p class='ocr_par' dir='ltr' id='par_1_55' title="bbox 908 1268 1691 1303">
     <span class='ocr_line' id='line_1_55' title="bbox 908 1268 1691 1303; baseline 0.006 -9"><span class='ocrx_word' id='word_1_391' title='bbox 908 1272 985 1299; x_wconf 88' lang='lat' dir='ltr'><strong>tuto,</strong></span> <span class='ocrx_word' id='word_1_392' title='bbox 1011 1268 1213 1303; x_wconf 74' lang='lat' dir='ltr'><strong>unusquisque,</strong></span> <span class='ocrx_word' id='word_1_393' title='bbox 1236 1268 1307 1296; x_wconf 84' lang='lat' dir='ltr'><strong>alius</strong></span> <span class='ocrx_word' id='word_1_394' title='bbox 1335 1268 1415 1296; x_wconf 90' lang='lat' dir='ltr'><strong>aliter</strong></span> <span class='ocrx_word' id='word_1_395' title='bbox 1443 1277 1539 1297; x_wconf 85' lang='lat' dir='ltr'><strong>sumus</strong></span> <span class='ocrx_word' id='word_1_396' title='bbox 1563 1271 1591 1297; x_wconf 90' lang='lat' dir='ltr'><strong>in</strong></span> <span class='ocrx_word' id='word_1_397' title='bbox 1619 1270 1691 1299; x_wconf 81' lang='lat' dir='ltr'><strong>bono</strong></span> 
     </span>
    </p>
   </div>
   <div class='ocr_carea' id='block_1_56' title="bbox 907 1313 1689 1351">
    <p class='ocr_par' dir='ltr' id='par_1_56' title="bbox 907 1313 1689 1351">
     <span class='ocr_line' id='line_1_56' title="bbox 907 1313 1689 1351; baseline 0.004 -11"><span class='ocrx_word' id='word_1_398' title='bbox 907 1313 1008 1346; x_wconf 87' lang='lat' dir='ltr'><strong>odore;</strong></span> <span class='ocrx_word' id='word_1_399' title='bbox 1030 1313 1101 1340; x_wconf 84' lang='lat' dir='ltr'><strong>alius</strong></span> <span class='ocrx_word' id='word_1_400' title='bbox 1117 1313 1228 1348; x_wconf 87' lang='lat' dir='ltr'><strong>quidem</strong></span> <span class='ocrx_word' id='word_1_401' title='bbox 1250 1321 1284 1341; x_wconf 82' lang='lat' dir='ltr'><strong>ex</strong></span> <span class='ocrx_word' id='word_1_402' title='bbox 1306 1314 1489 1349; x_wconf 77' lang='lat' dir='ltr'><strong>temperantia</strong></span> <span class='ocrx_word' id='word_1_403' title='bbox 1515 1320 1563 1342; x_wconf 84' lang='lat' dir='ltr'><strong>aut</strong></span> <span class='ocrx_word' id='word_1_404' title='bbox 1578 1316 1689 1351; x_wconf 83' lang='lat' dir='ltr'><strong>sapien-</strong></span> 
     </span>
    </p>
   </div>
   <div class='ocr_carea' id='block_1_57' title="bbox 907 1357 1690 1394">
    <p class='ocr_par' dir='ltr' id='par_1_57' title="bbox 907 1357 1690 1394">
     <span class='ocr_line' id='line_1_57' title="bbox 907 1357 1690 1394; baseline 0.004 -10"><span class='ocrx_word' id='word_1_405' title='bbox 907 1358 960 1390; x_wconf 78' lang='lat' dir='ltr'><strong>tia;</strong></span> <span class='ocrx_word' id='word_1_406' title='bbox 979 1358 1050 1385; x_wconf 89' lang='lat' dir='ltr'><strong>alius</strong></span> <span class='ocrx_word' id='word_1_407' title='bbox 1071 1362 1161 1385; x_wconf 84' lang='lat' dir='ltr'><strong>autem</strong></span> <span class='ocrx_word' id='word_1_408' title='bbox 1179 1365 1212 1385; x_wconf 81' lang='lat' dir='ltr'><strong>ex</strong></span> <span class='ocrx_word' id='word_1_409' title='bbox 1227 1357 1336 1392; x_wconf 83' lang='lat' dir='ltr'><strong>justitia</strong></span> <span class='ocrx_word' id='word_1_410' title='bbox 1352 1363 1400 1385; x_wconf 86' lang='lat' dir='ltr'><strong>aut</strong></span> <span class='ocrx_word' id='word_1_411' title='bbox 1423 1359 1516 1394; x_wconf 86' lang='lat' dir='ltr'><strong>magni</strong></span> <span class='ocrx_word' id='word_1_412' title='bbox 1534 1360 1618 1386; x_wconf 87' lang='lat' dir='ltr'><strong>animi</strong></span> <span class='ocrx_word' id='word_1_413' title='bbox 1633 1361 1690 1388; x_wconf 69' lang='lat' dir='ltr'><strong>vir-</strong></span> 
     </span>
    </p>
   </div>
   <div class='ocr_carea' id='block_1_58' title="bbox 75 1401 858 1439">
    <p class='ocr_par' dir='ltr' id='par_1_58' title="bbox 75 1401 858 1439">
     <span class='ocr_line' id='line_1_58' title="bbox 75 1401 858 1439; baseline -0.004 -8"><span class='ocrx_word' id='word_1_414' title='bbox 75 1405 153 1439; x_wconf 78' lang='grc' dir='ltr'>φὲναι</span> <span class='ocrx_word' id='word_1_415' title='bbox 173 1405 256 1439; x_wconf 73' lang='grc' dir='ltr'>φησὶν</span> <span class='ocrx_word' id='word_1_416' title='bbox 283 1404 438 1438; x_wconf 75' lang='grc' dir='ltr'>’Λὸὃακούμ</span> <span class='ocrx_word' id='word_1_417' title='bbox 455 1405 468 1430; x_wconf 81' lang='grc' dir='ltr'>ὁ</span> <span class='ocrx_word' id='word_1_418' title='bbox 484 1404 625 1439; x_wconf 74' lang='grc' dir='ltr'>προφήτης</span> <span class='ocrx_word' id='word_1_419' title='bbox 648 1402 732 1430; x_wconf 72' lang='grc' dir='ltr'>εἰπών</span> <span class='ocrx_word' id='word_1_420' title='bbox 744 1411 751 1418; x_wconf 81' lang='grc'>⁶</span> <span class='ocrx_word' id='word_1_421' title='bbox 778 1401 858 1428; x_wconf 82' lang='grc' dir='ltr'>Ἐκά-</span> 
     </span>
    </p>
   </div>
   <div class='ocr_carea' id='block_1_59' title="bbox 72 1444 858 1481">
    <p class='ocr_par' dir='ltr' id='par_1_59' title="bbox 72 1444 858 1481">
     <span class='ocr_line' id='line_1_59' title="bbox 72 1444 858 1481; baseline -0.003 -7"><span class='ocrx_word' id='word_1_422' title='bbox 72 1448 174 1481; x_wconf 49' lang='lat' dir='ltr'><strong>Just-er</strong></span> <span class='ocrx_word' id='word_1_423' title='bbox 190 1444 338 1480; x_wconf 76' lang='grc' dir='ltr'>οὐρανοὺς</span> <span class='ocrx_word' id='word_1_424' title='bbox 359 1445 380 1479; x_wconf 73' lang='grc' dir='ltr'>ἡ</span> <span class='ocrx_word' id='word_1_425' title='bbox 403 1444 493 1480; x_wconf 79' lang='grc' dir='ltr'>ἀρετὴ</span> <span class='ocrx_word' id='word_1_426' title='bbox 510 1445 614 1478; x_wconf 75' lang='grc' dir='ltr'>αὐτοῦ,</span> <span class='ocrx_word' id='word_1_427' title='bbox 635 1444 699 1480; x_wconf 75' lang='grc' dir='ltr'>ἥτις</span> <span class='ocrx_word' id='word_1_428' title='bbox 715 1445 788 1472; x_wconf 78' lang='grc' dir='ltr'>ἐστὶν</span> <span class='ocrx_word' id='word_1_429' title='bbox 813 1445 858 1472; x_wconf 85' lang='grc' dir='ltr'><strong>αὑ·</strong></span> 
     </span>
    </p>
   </div>
   <div class='ocr_carea' id='block_1_60' title="bbox 908 1444 1690 1481">
    <p class='ocr_par' dir='ltr' id='par_1_60' title="bbox 908 1447 1690 1480">
     <span class='ocr_line' id='line_1_60' title="bbox 908 1447 1690 1480; baseline 0.006 -6"><span class='ocrx_word' id='word_1_430' title='bbox 908 1447 1026 1480; x_wconf 87' lang='lat' dir='ltr'><strong>virtute;</strong></span> <span class='ocrx_word' id='word_1_431' title='bbox 1045 1449 1116 1476; x_wconf 85' lang='lat' dir='ltr'><strong>alius</strong></span> <span class='ocrx_word' id='word_1_432' title='bbox 1136 1452 1228 1476; x_wconf 88' lang='lat' dir='ltr'><strong>autem</strong></span> <span class='ocrx_word' id='word_1_433' title='bbox 1254 1449 1325 1476; x_wconf 76' lang='lat' dir='ltr'><strong>forte</strong></span> <span class='ocrx_word' id='word_1_434' title='bbox 1350 1450 1431 1476; x_wconf 85' lang='lat' dir='ltr'><strong>habet</strong></span> <span class='ocrx_word' id='word_1_435' title='bbox 1445 1450 1526 1477; x_wconf 85' lang='lat' dir='ltr'><strong>etiam</strong></span> <span class='ocrx_word' id='word_1_436' title='bbox 1551 1452 1577 1478; x_wconf 92' lang='lat' dir='ltr'><strong>in</strong></span> <span class='ocrx_word' id='word_1_437' title='bbox 1599 1460 1628 1479; x_wconf 88' lang='lat' dir='ltr'><strong>se</strong></span> <span class='ocrx_word' id='word_1_438' title='bbox 1648 1452 1690 1478; x_wconf 83' lang='lat' dir='ltr'><strong>bo-</strong></span> 
     </span>
    </p>
   </div>
   <div class='ocr_carea' id='block_1_61' title="bbox 73 1492 858 1532">
    <p class='ocr_par' dir='ltr' id='par_1_61' title="bbox 73 1492 858 1528">
     <span class='ocr_line' id='line_1_61' title="bbox 73 1492 858 1528; baseline -0.004 -7"><span class='ocrx_word' id='word_1_439' title='bbox 73 1493 199 1528; x_wconf 80' lang='grc' dir='ltr'>τοσοφια,</span> <span class='ocrx_word' id='word_1_440' title='bbox 225 1493 272 1519; x_wconf 78' lang='grc' dir='ltr'><strong>καὶ</strong></span> <span class='ocrx_word' id='word_1_441' title='bbox 293 1492 516 1528; x_wconf 85' lang='grc' dir='ltr'>αὐτοδικαιοσύνη</span> <span class='ocrx_word' id='word_1_442' title='bbox 533 1492 580 1519; x_wconf 81' lang='grc' dir='ltr'>καὶ</span> <span class='ocrx_word' id='word_1_443' title='bbox 600 1492 794 1527; x_wconf 85' lang='grc' dir='ltr'>αὐτοαλήθεια,</span> <span class='ocrx_word' id='word_1_444' title='bbox 816 1492 858 1519; x_wconf 67' lang='grc' dir='ltr'>καὶ</span> 
     </span>
    </p>
   </div>
   <div class='ocr_carea' id='block_1_62' title="bbox 908 1492 1691 1532">
    <p class='ocr_par' dir='ltr' id='par_1_62' title="bbox 908 1493 1691 1532">
     <span class='ocr_line' id='line_1_62' title="bbox 908 1493 1691 1532; baseline 0.008 -12"><span class='ocrx_word' id='word_1_445' title='bbox 908 1501 976 1520; x_wconf 92' lang='lat' dir='ltr'><strong>num</strong></span> <span class='ocrx_word' id='word_1_446' title='bbox 989 1493 1101 1521; x_wconf 88' lang='lat' dir='ltr'><strong>odorem</strong></span> <span class='ocrx_word' id='word_1_447' title='bbox 1121 1499 1353 1530; x_wconf 86' lang='lat' dir='ltr'><strong>contemperatum</strong></span> <span class='ocrx_word' id='word_1_448' title='bbox 1369 1504 1400 1524; x_wconf 81' lang='lat' dir='ltr'><strong>ex</strong></span> <span class='ocrx_word' id='word_1_449' title='bbox 1414 1498 1543 1525; x_wconf 89' lang='lat' dir='ltr'><strong>omnibus</strong></span> <span class='ocrx_word' id='word_1_450' title='bbox 1555 1498 1691 1532; x_wconf 84' lang='lat' dir='ltr'><strong>ejusmodi</strong></span> 
     </span>
    </p>
   </div>
   <div class='ocr_carea' id='block_1_63' title="bbox 72 1527 858 1574">
    <p class='ocr_par' dir='ltr' id='par_1_63' title="bbox 72 1527 858 1574">
     <span class='ocr_line' id='line_1_63' title="bbox 72 1527 858 1574; baseline -0.003 -8"><span class='ocrx_word' id='word_1_451' title='bbox 72 1539 107 1566; x_wconf 63' lang='lat' dir='ltr'><strong>ea:</strong></span> <span class='ocrx_word' id='word_1_452' title='bbox 128 1527 189 1566; x_wconf 76' lang='grc' dir='ltr'>καθ’</span> <span class='ocrx_word' id='word_1_453' title='bbox 213 1539 329 1566; x_wconf 67' lang='grc' dir='ltr'>ἑκαστον</span> <span class='ocrx_word' id='word_1_454' title='bbox 351 1539 448 1566; x_wconf 84' lang='grc' dir='ltr'>πάντα.</span> <span class='ocrx_word' id='word_1_455' title='bbox 477 1537 538 1565; x_wconf 87' lang='grc' dir='ltr'>Τῶν</span> <span class='ocrx_word' id='word_1_456' title='bbox 563 1538 698 1574; x_wconf 83' lang='grc' dir='ltr'>οὐρανίων</span> <span class='ocrx_word' id='word_1_457' title='bbox 725 1537 819 1574; x_wconf 85' lang='grc' dir='ltr'>μύρων</span> <span class='ocrx_word' id='word_1_458' title='bbox 845 1539 858 1573; x_wconf 74' lang='grc' dir='ltr'><strong>ἡ</strong></span> 
     </span>
    </p>
   </div>
   <div class='ocr_carea' id='block_1_64' title="bbox 908 1527 1690 1574">
    <p class='ocr_par' dir='ltr' id='par_1_64' title="bbox 912 1527 1690 1573">
     <span class='ocr_line' id='line_1_64' title="bbox 912 1527 1690 1573; baseline 0.009 -7"><span class='ocrx_word' id='word_1_459' title='bbox 912 1539 1091 1568; x_wconf 84' lang='lat' dir='ltr'><strong>aromatibus.</strong></span> <span class='ocrx_word' id='word_1_460' title='bbox 1116 1539 1170 1568; x_wconf 88' lang='lat' dir='ltr'><strong>Sed</strong></span> <span class='ocrx_word' id='word_1_461' title='bbox 1192 1527 1282 1569; x_wconf 79' lang='lat' dir='ltr'><strong>tamen</strong></span> <span class='ocrx_word' id='word_1_462' title='bbox 1301 1542 1358 1569; x_wconf 66' lang='lat' dir='ltr'><strong>haec</strong></span> <span class='ocrx_word' id='word_1_463' title='bbox 1380 1543 1472 1570; x_wconf 84' lang='lat' dir='ltr'><strong>omnia</strong></span> <span class='ocrx_word' id='word_1_464' title='bbox 1493 1527 1644 1572; x_wconf 48' lang='lat' dir='ltr'><strong>nihil-sunt</strong></span> <span class='ocrx_word' id='word_1_465' title='bbox 1667 1545 1690 1573; x_wconf 85' lang='lat' dir='ltr'><strong>si</strong></span> 
     </span>
    </p>
   </div>
   <div class='ocr_carea' id='block_1_65' title="bbox 71 1581 858 1627">
    <p class='ocr_par' dir='ltr' id='par_1_65' title="bbox 71 1581 858 1621">
     <span class='ocr_line' id='line_1_65' title="bbox 71 1581 858 1621; baseline -0.003 -10"><span class='ocrx_word' id='word_1_466' title='bbox 71 1585 156 1620; x_wconf 75' lang='grc' dir='ltr'>ὀσμὴ,</span> <span class='ocrx_word' id='word_1_467' title='bbox 170 1585 261 1621; x_wconf 75' lang='grc' dir='ltr'>φησὶν,</span> <span class='ocrx_word' id='word_1_468' title='bbox 279 1583 450 1619; x_wconf 70' lang='grc' dir='ltr'>ἀπαράϐατον</span> <span class='ocrx_word' id='word_1_469' title='bbox 469 1583 524 1618; x_wconf 76' lang='grc' dir='ltr'>ἔχει</span> <span class='ocrx_word' id='word_1_470' title='bbox 540 1583 588 1618; x_wconf 84' lang='grc' dir='ltr'>τὴν</span> <span class='ocrx_word' id='word_1_471' title='bbox 599 1583 679 1618; x_wconf 72' lang='grc' dir='ltr'>χάριν</span> <span class='ocrx_word' id='word_1_472' title='bbox 695 1582 763 1618; x_wconf 75' lang='grc' dir='ltr'>πρὸς</span> <span class='ocrx_word' id='word_1_473' title='bbox 775 1581 858 1610; x_wconf 77' lang='grc' dir='ltr'>ταῦτα</span> 
     </span>
    </p>
   </div>
   <div class='ocr_carea' id='block_1_66' title="bbox 908 1581 1692 1627">
    <p class='ocr_par' dir='ltr' id='par_1_66' title="bbox 911 1585 1692 1627">
     <span class='ocr_line' id='line_1_66' title="bbox 911 1585 1692 1627; baseline 0.012 -17"><span class='ocrx_word' id='word_1_474' title='bbox 911 1585 1089 1612; x_wconf 79' lang='lat' dir='ltr'><strong>conterantur</strong></span> <span class='ocrx_word' id='word_1_475' title='bbox 1107 1593 1168 1612; x_wconf 91' lang='lat' dir='ltr'><strong>cum</strong></span> <span class='ocrx_word' id='word_1_476' title='bbox 1194 1587 1240 1614; x_wconf 84' lang='lat' dir='ltr'><strong>illa</strong></span> <span class='ocrx_word' id='word_1_477' title='bbox 1260 1587 1380 1622; x_wconf 80' lang='lat' dir='ltr'><strong>perfecta</strong></span> <span class='ocrx_word' id='word_1_478' title='bbox 1408 1593 1436 1616; x_wconf 86' lang='lat' dir='ltr'><strong>et</strong></span> <span class='ocrx_word' id='word_1_479' title='bbox 1459 1590 1534 1617; x_wconf 87' lang='lat' dir='ltr'><strong>omni</strong></span> <span class='ocrx_word' id='word_1_480' title='bbox 1553 1598 1588 1618; x_wconf 77' lang='lat' dir='ltr'><strong>ex</strong></span> <span class='ocrx_word' id='word_1_481' title='bbox 1616 1596 1692 1627; x_wconf 84' lang='lat' dir='ltr'><strong>parte</strong></span> 
     </span>
    </p>
   </div>
   <div class='ocr_carea' id='block_1_67' title="bbox 72 1628 858 1669">
    <p class='ocr_par' dir='ltr' id='par_1_67' title="bbox 72 1629 695 1666">
     <span class='ocr_line' id='line_1_67' title="bbox 72 1629 695 1666; baseline -0.006 -8"><span class='ocrx_word' id='word_1_482' title='bbox 72 1632 108 1657; x_wconf 72' lang='grc' dir='ltr'><strong>τὰ</strong></span> <span class='ocrx_word' id='word_1_483' title='bbox 125 1631 257 1666; x_wconf 80' lang='grc' dir='ltr'>ἀρώματα</span> <span class='ocrx_word' id='word_1_484' title='bbox 270 1631 304 1657; x_wconf 80' lang='grc' dir='ltr'>τὰ</span> <span class='ocrx_word' id='word_1_485' title='bbox 321 1631 387 1665; x_wconf 81' lang='grc' dir='ltr'>παρ’</span> <span class='ocrx_word' id='word_1_486' title='bbox 403 1629 482 1664; x_wconf 83' lang='grc' dir='ltr'>ἡμῶν</span> <span class='ocrx_word' id='word_1_487' title='bbox 496 1630 695 1664; x_wconf 87' lang='grc' dir='ltr'>γινωσκόμενα.</span> 
     </span>
    </p>
   </div>
   <div class='ocr_carea' id='block_1_68' title="bbox 908 1628 1694 1669">
    <p class='ocr_par' dir='ltr' id='par_1_68' title="bbox 910 1628 1694 1669">
     <span class='ocr_line' id='line_1_68' title="bbox 910 1628 1694 1669; baseline 0.011 -14"><span class='ocrx_word' id='word_1_488' title='bbox 910 1628 1034 1656; x_wconf 68' lang='lat' dir='ltr'><strong>absoluta</strong></span> <span class='ocrx_word' id='word_1_489' title='bbox 1049 1630 1161 1661; x_wconf 88' lang='lat' dir='ltr'><strong>virtute.</strong></span> <span class='ocrx_word' id='word_1_490' title='bbox 1176 1638 1257 1665; x_wconf 87' lang='lat' dir='ltr'><strong>quam</strong></span> <span class='ocrx_word' id='word_1_491' title='bbox 1267 1631 1394 1660; x_wconf 87' lang='lat' dir='ltr'><strong>Habacuc</strong></span> <span class='ocrx_word' id='word_1_492' title='bbox 1407 1635 1539 1669; x_wconf 85' lang='lat' dir='ltr'><strong>propheta</strong></span> <span class='ocrx_word' id='word_1_493' title='bbox 1552 1636 1620 1663; x_wconf 89' lang='lat' dir='ltr'><strong>dicit</strong></span> <span class='ocrx_word' id='word_1_494' title='bbox 1636 1644 1694 1664; x_wconf 75' lang='lat' dir='ltr'><strong>caa-</strong></span> 
     </span>
    </p>
   </div>
   <div class='ocr_carea' id='block_1_69' title="bbox 75 1671 1693 1718">
    <p class='ocr_par' dir='ltr' id='par_1_69' title="bbox 75 1671 1693 1718">
     <span class='ocr_line' id='line_1_69' title="bbox 75 1671 1693 1718; baseline 0.005 -16"><span class='ocrx_word' id='word_1_495' title='bbox 75 1671 117 1702; x_wconf 74' lang='lat' dir='ltr'><strong>los</strong></span> <span class='ocrx_word' id='word_1_496' title='bbox 131 1675 381 1709; x_wconf 84' lang='lat' dir='ltr'><strong>comprehendisse,</strong></span> <span class='ocrx_word' id='word_1_497' title='bbox 403 1675 497 1703; x_wconf 86' lang='lat' dir='ltr'><strong>dicens</strong></span> <span class='ocrx_word' id='word_1_498' title='bbox 516 1684 522 1701; x_wconf 91' lang='lat'><strong>:</strong></span> <span class='ocrx_word' id='word_1_499' title='bbox 541 1675 649 1709; x_wconf 79' lang='lat' dir='ltr'><strong>Operuit</strong></span> <span class='ocrx_word' id='word_1_500' title='bbox 672 1674 749 1702; x_wconf 68' lang='lat' dir='ltr'><strong>catos</strong></span> <span class='ocrx_word' id='word_1_501' title='bbox 772 1675 856 1702; x_wconf 70' lang='lat' dir='ltr'><strong>virtus</strong></span> <span class='ocrx_word' id='word_1_502' title='bbox 875 1674 933 1709; x_wconf 75' lang='lat' dir='ltr'><strong>ejus</strong></span> <span class='ocrx_word' id='word_1_503' title='bbox 941 1674 975 1706; x_wconf 77' lang='grc'><strong>⁸⁸,</strong></span> <span class='ocrx_word' id='word_1_504' title='bbox 993 1682 1054 1709; x_wconf 66' lang='lat' dir='ltr'><strong>qua:</strong></span> <span class='ocrx_word' id='word_1_505' title='bbox 1071 1680 1114 1703; x_wconf 89' lang='lat' dir='ltr'><strong>est</strong></span> <span class='ocrx_word' id='word_1_506' title='bbox 1131 1675 1188 1711; x_wconf 81' lang='lat' dir='ltr'><strong>ipsa</strong></span> <span class='ocrx_word' id='word_1_507' title='bbox 1204 1684 1252 1711; x_wconf 87' lang='lat' dir='ltr'><strong>per</strong></span> <span class='ocrx_word' id='word_1_508' title='bbox 1267 1685 1296 1705; x_wconf 87' lang='lat' dir='ltr'><strong>se</strong></span> <span class='ocrx_word' id='word_1_509' title='bbox 1317 1679 1469 1714; x_wconf 78' lang='lat' dir='ltr'><strong>sapientia,</strong></span> <span class='ocrx_word' id='word_1_510' title='bbox 1505 1685 1533 1708; x_wconf 86' lang='lat' dir='ltr'><strong>et</strong></span> <span class='ocrx_word' id='word_1_511' title='bbox 1568 1682 1624 1717; x_wconf 89' lang='lat' dir='ltr'><strong>ipsa</strong></span> <span class='ocrx_word' id='word_1_512' title='bbox 1645 1690 1693 1718; x_wconf 82' lang='lat' dir='ltr'><strong>per</strong></span> 
     </span>
    </p>
   </div>
   <div class='ocr_carea' id='block_1_70' title="bbox 74 1721 1690 1764">
    <p class='ocr_par' dir='ltr' id='par_1_70' title="bbox 74 1721 1690 1764">
     <span class='ocr_line' id='line_1_70' title="bbox 74 1721 1690 1764; baseline 0.006 -17"><span class='ocrx_word' id='word_1_513' title='bbox 74 1721 224 1755; x_wconf 83' lang='lat' dir='ltr'><strong>sejustitia</strong></span> <span class='ocrx_word' id='word_1_514' title='bbox 241 1742 248 1754; x_wconf 87' lang='lat'><strong>,</strong></span> <span class='ocrx_word' id='word_1_515' title='bbox 266 1726 293 1749; x_wconf 87' lang='lat' dir='ltr'><strong>et</strong></span> <span class='ocrx_word' id='word_1_516' title='bbox 309 1722 366 1757; x_wconf 84' lang='lat' dir='ltr'><strong>ipsa</strong></span> <span class='ocrx_word' id='word_1_517' title='bbox 381 1722 482 1749; x_wconf 84' lang='lat' dir='ltr'><strong>veritas</strong></span> <span class='ocrx_word' id='word_1_518' title='bbox 494 1742 501 1754; x_wconf 88' lang='lat'><strong>,</strong></span> <span class='ocrx_word' id='word_1_519' title='bbox 524 1728 552 1750; x_wconf 86' lang='lat' dir='ltr'><strong>et</strong></span> <span class='ocrx_word' id='word_1_520' title='bbox 577 1722 684 1757; x_wconf 81' lang='lat' dir='ltr'><strong>singula</strong></span> <span class='ocrx_word' id='word_1_521' title='bbox 703 1721 837 1756; x_wconf 73' lang='lat' dir='ltr'><strong>ejusmodi</strong></span> <span class='ocrx_word' id='word_1_522' title='bbox 849 1741 856 1753; x_wconf 86' lang='lat'><strong>,</strong></span> <span class='ocrx_word' id='word_1_523' title='bbox 875 1729 909 1748; x_wconf 83' lang='lat' dir='ltr'><strong>ne</strong></span> <span class='ocrx_word' id='word_1_524' title='bbox 930 1721 1018 1748; x_wconf 87' lang='lat' dir='ltr'><strong>dicam</strong></span> <span class='ocrx_word' id='word_1_525' title='bbox 1037 1722 1138 1749; x_wconf 88' lang='lat' dir='ltr'><strong>omnia.</strong></span> <span class='ocrx_word' id='word_1_526' title='bbox 1157 1722 1316 1751; x_wconf 75' lang='lat' dir='ltr'><strong>leestium</strong></span> <span class='ocrx_word' id='word_1_527' title='bbox 1343 1731 1545 1761; x_wconf 79' lang='lat' dir='ltr'><strong>unguentorum</strong></span> <span class='ocrx_word' id='word_1_528' title='bbox 1558 1738 1572 1759; x_wconf 78' lang='lat'><strong>.-</strong></span> <span class='ocrx_word' id='word_1_529' title='bbox 1593 1729 1690 1764; x_wconf 81' lang='lat' dir='ltr'><strong>inquit,</strong></span> 
     </span>
    </p>
   </div>
   <div class='ocr_carea' id='block_1_71' title="bbox 909 1403 1691 1440">
    <p class='ocr_par' dir='ltr' id='par_1_71' title="bbox 909 1403 1691 1440">
     <span class='ocr_line' id='line_1_71' title="bbox 909 1403 1691 1440; baseline 0.006 -11"><span class='ocrx_word' id='word_1_530' title='bbox 909 1406 978 1433; x_wconf 85' lang='lat' dir='ltr'><strong>tute.</strong></span> <span class='ocrx_word' id='word_1_531' title='bbox 995 1406 1042 1429; x_wconf 87' lang='lat' dir='ltr'><strong>aut</strong></span> <span class='ocrx_word' id='word_1_532' title='bbox 1066 1403 1160 1437; x_wconf 83' lang='lat' dir='ltr'><strong>aliquo</strong></span> <span class='ocrx_word' id='word_1_533' title='bbox 1175 1403 1229 1430; x_wconf 87' lang='lat' dir='ltr'><strong>alio</strong></span> <span class='ocrx_word' id='word_1_534' title='bbox 1248 1410 1282 1430; x_wconf 75' lang='lat' dir='ltr'><strong>ex</strong></span> <span class='ocrx_word' id='word_1_535' title='bbox 1308 1403 1342 1431; x_wconf 84' lang='lat' dir='ltr'><strong>iis</strong></span> <span class='ocrx_word' id='word_1_536' title='bbox 1365 1411 1426 1438; x_wconf 65' lang='lat' dir='ltr'><strong>qua:</strong></span> <span class='ocrx_word' id='word_1_537' title='bbox 1448 1404 1638 1440; x_wconf 77' lang='lat' dir='ltr'><strong>intelliguntur</strong></span> <span class='ocrx_word' id='word_1_538' title='bbox 1658 1414 1691 1434; x_wconf 75' lang='lat' dir='ltr'><strong>ex</strong></span> 
     </span>
    </p>
   </div>
   <div class='ocr_carea' id='block_1_72' title="bbox 74 1766 1604 1807">
    <p class='ocr_par' dir='ltr' id='par_1_72' title="bbox 74 1766 1604 1807">
     <span class='ocr_line' id='line_1_72' title="bbox 74 1766 1604 1807; baseline 0.004 -13"><span class='ocrx_word' id='word_1_539' title='bbox 74 1766 145 1794; x_wconf 75' lang='lat' dir='ltr'><strong>odor</strong></span> <span class='ocrx_word' id='word_1_540' title='bbox 161 1767 284 1794; x_wconf 72' lang='lat' dir='ltr'><strong>laetitiam</strong></span> <span class='ocrx_word' id='word_1_541' title='bbox 298 1768 379 1795; x_wconf 88' lang='lat' dir='ltr'><strong>habet</strong></span> <span class='ocrx_word' id='word_1_542' title='bbox 395 1767 649 1802; x_wconf 84' lang='lat' dir='ltr'><strong>incomparabilem,</strong></span> <span class='ocrx_word' id='word_1_543' title='bbox 661 1768 684 1794; x_wconf 85' lang='lat' dir='ltr'><strong>si</strong></span> <span class='ocrx_word' id='word_1_544' title='bbox 698 1767 858 1794; x_wconf 78' lang='lat' dir='ltr'><strong>conferatur</strong></span> <span class='ocrx_word' id='word_1_545' title='bbox 877 1774 939 1794; x_wconf 90' lang='lat' dir='ltr'><strong>cum</strong></span> <span class='ocrx_word' id='word_1_546' title='bbox 954 1767 987 1795; x_wconf 90' lang='lat' dir='ltr'><strong>iis</strong></span> <span class='ocrx_word' id='word_1_547' title='bbox 1002 1768 1171 1796; x_wconf 84' lang='lat' dir='ltr'><strong>aromatibus</strong></span> <span class='ocrx_word' id='word_1_548' title='bbox 1188 1777 1249 1803; x_wconf 62' lang='lat' dir='ltr'><strong>qua:</strong></span> <span class='ocrx_word' id='word_1_549' title='bbox 1265 1777 1280 1796; x_wconf 88' lang='lat' dir='ltr'><strong>a</strong></span> <span class='ocrx_word' id='word_1_550' title='bbox 1294 1771 1375 1798; x_wconf 85' lang='lat' dir='ltr'><strong>nobis</strong></span> <span class='ocrx_word' id='word_1_551' title='bbox 1387 1777 1604 1807; x_wconf 79' lang='lat' dir='ltr'><strong>cognoscuntur.</strong></span> 
     </span>
    </p>
   </div>
   <div class='ocr_carea' id='block_1_73' title="bbox 113 1812 861 1848">
    <p class='ocr_par' dir='ltr' id='par_1_73' title="bbox 113 1812 861 1848">
     <span class='ocr_line' id='line_1_73' title="bbox 113 1812 861 1848; baseline -0.001 -9"><span class='ocrx_word' id='word_1_552' title='bbox 113 1813 198 1840; x_wconf 80' lang='grc' dir='ltr'>Πάλιν</span> <span class='ocrx_word' id='word_1_553' title='bbox 205 1814 233 1840; x_wconf 82' lang='grc' dir='ltr'>ὲν</span> <span class='ocrx_word' id='word_1_554' title='bbox 244 1815 298 1844; x_wconf 85' lang='grc' dir='ltr'>τοῖς</span> <span class='ocrx_word' id='word_1_555' title='bbox 307 1812 577 1848; x_wconf 79' lang='grc' dir='ltr'>ὲφεξῆςύψηλοτέρας</span> <span class='ocrx_word' id='word_1_556' title='bbox 584 1813 698 1840; x_wconf 69' lang='grc' dir='ltr'>ἅπτεται</span> <span class='ocrx_word' id='word_1_557' title='bbox 704 1813 861 1847; x_wconf 76' lang='grc' dir='ltr'>φιλοσοφίας</span> 
     </span>
    </p>
   </div>
   <div class='ocr_carea' id='block_1_74' title="bbox 73 1858 860 1894">
    <p class='ocr_par' dir='ltr' id='par_1_74' title="bbox 73 1858 860 1894">
     <span class='ocr_line' id='line_1_74' title="bbox 73 1858 860 1894; baseline 0.018 -19"><span class='ocrx_word' id='word_1_558' title='bbox 73 1861 90 1894; x_wconf 61' lang='grc' dir='ltr'><strong>ἡ</strong></span> <span class='ocrx_word' id='word_1_559' title='bbox 105 1858 179 1893; x_wconf 61' lang='grc' dir='ltr'>ψυχὴ</span> <span class='ocrx_word' id='word_1_560' title='bbox 202 1860 219 1894; x_wconf 78' lang='grc' dir='ltr'>ἡ</span> <span class='ocrx_word' id='word_1_561' title='bbox 242 1859 350 1894; x_wconf 77' lang='grc' dir='ltr'>νύμφη,</span> <span class='ocrx_word' id='word_1_562' title='bbox 368 1859 398 1885; x_wconf 77' lang='grc' dir='ltr'>τὸ</span> <span class='ocrx_word' id='word_1_563' title='bbox 418 1859 566 1894; x_wconf 83' lang='grc' dir='ltr'>ἀπρόσιτόν</span> <span class='ocrx_word' id='word_1_564' title='bbox 591 1868 621 1885; x_wconf 86' lang='grc' dir='ltr'><strong>τε</strong></span> <span class='ocrx_word' id='word_1_565' title='bbox 648 1859 694 1885; x_wconf 71' lang='grc' dir='ltr'>καὶ</span> <span class='ocrx_word' id='word_1_566' title='bbox 721 1858 860 1894; x_wconf 82' lang='grc' dir='ltr'>ἀχώρητον</span> 
     </span>
    </p>
   </div>
   <div class='ocr_carea' id='block_1_75' title="bbox 73 1904 861 1940">
    <p class='ocr_par' dir='ltr' id='par_1_75' title="bbox 73 1904 861 1940">
     <span class='ocr_line' id='line_1_75' title="bbox 73 1904 861 1940; baseline 0 -10"><span class='ocrx_word' id='word_1_567' title='bbox 73 1904 214 1939; x_wconf 83' lang='grc' dir='ltr'>λογισμοῖς</span> <span class='ocrx_word' id='word_1_568' title='bbox 231 1904 411 1939; x_wconf 85' lang='grc' dir='ltr'>ἀνθρωπίνοις</span> <span class='ocrx_word' id='word_1_569' title='bbox 423 1905 472 1940; x_wconf 83' lang='grc' dir='ltr'>τῆς</span> <span class='ocrx_word' id='word_1_570' title='bbox 486 1904 560 1936; x_wconf 82' lang='grc' dir='ltr'>θείας</span> <span class='ocrx_word' id='word_1_571' title='bbox 575 1904 716 1939; x_wconf 80' lang='grc' dir='ltr'>δυνάμεως</span> <span class='ocrx_word' id='word_1_572' title='bbox 727 1905 861 1931; x_wconf 76' lang='grc' dir='ltr'>ἐνδεικνυ-</span> 
     </span>
    </p>
   </div>
   <div class='ocr_carea' id='block_1_76' title="bbox 75 1947 858 1985">
    <p class='ocr_par' dir='ltr' id='par_1_76' title="bbox 75 1947 858 1985">
     <span class='ocr_line' id='line_1_76' title="bbox 75 1947 858 1985; baseline 0.001 -9"><span class='ocrx_word' id='word_1_573' title='bbox 75 1950 157 1985; x_wconf 82' lang='grc' dir='ltr'>μένη,</span> <span class='ocrx_word' id='word_1_574' title='bbox 171 1951 199 1976; x_wconf 84' lang='grc' dir='ltr'><strong>ὲν</strong></span> <span class='ocrx_word' id='word_1_575' title='bbox 215 1947 256 1981; x_wconf 74' lang='grc' dir='ltr'><strong>οἷς</strong></span> <span class='ocrx_word' id='word_1_576' title='bbox 273 1957 348 1984; x_wconf 82' lang='grc' dir='ltr'>φησι·</span> <span class='ocrx_word' id='word_1_577' title='bbox 366 1951 469 1984; x_wconf 79' lang='grc' dir='ltr'>Μύρον</span> <span class='ocrx_word' id='word_1_578' title='bbox 491 1950 656 1977; x_wconf 75' lang='grc' dir='ltr'>ἐκκενωθὲν</span> <span class='ocrx_word' id='word_1_579' title='bbox 674 1950 769 1985; x_wconf 73' lang='grc' dir='ltr'>ὄνομά</span> <span class='ocrx_word' id='word_1_580' title='bbox 784 1957 858 1977; x_wconf 85' lang='grc' dir='ltr'>σου·</span> 
     </span>
    </p>
   </div>
   <div class='ocr_carea' id='block_1_77' title="bbox 73 1995 861 2032">
    <p class='ocr_par' dir='ltr' id='par_1_77' title="bbox 73 1995 861 2032">
     <span class='ocr_line' id='line_1_77' title="bbox 73 1995 861 2032; baseline 0.003 -11"><span class='ocrx_word' id='word_1_581' title='bbox 73 1995 197 2022; x_wconf 77' lang='grc' dir='ltr'>τοιοῦτον</span> <span class='ocrx_word' id='word_1_582' title='bbox 210 1996 264 2031; x_wconf 88' lang='grc' dir='ltr'><strong>γάρ</strong></span> <span class='ocrx_word' id='word_1_583' title='bbox 280 2005 320 2023; x_wconf 87' lang='grc' dir='ltr'><strong>τοι</strong></span> <span class='ocrx_word' id='word_1_584' title='bbox 336 1996 408 2022; x_wconf 84' lang='grc' dir='ltr'>δοκεῖ</span> <span class='ocrx_word' id='word_1_585' title='bbox 423 2005 467 2031; x_wconf 88' lang='grc' dir='ltr'><strong>μοι</strong></span> <span class='ocrx_word' id='word_1_586' title='bbox 484 1996 528 2023; x_wconf 75' lang='grc' dir='ltr'><strong>διὰ</strong></span> <span class='ocrx_word' id='word_1_587' title='bbox 545 1996 592 2022; x_wconf 82' lang='grc' dir='ltr'><strong>τοῦ</strong></span> <span class='ocrx_word' id='word_1_588' title='bbox 607 1996 686 2031; x_wconf 84' lang='grc' dir='ltr'>λόγου</span> <span class='ocrx_word' id='word_1_589' title='bbox 703 1996 798 2023; x_wconf 83' lang='grc' dir='ltr'>τούτου</span> <span class='ocrx_word' id='word_1_590' title='bbox 813 2005 861 2032; x_wconf 86' lang='grc' dir='ltr'>ση-</span> 
     </span>
    </p>
   </div>
   <div class='ocr_carea' id='block_1_78' title="bbox 75 2040 861 2078">
    <p class='ocr_par' dir='ltr' id='par_1_78' title="bbox 75 2040 861 2078">
     <span class='ocr_line' id='line_1_78' title="bbox 75 2040 861 2078; baseline 0.004 -12"><span class='ocrx_word' id='word_1_591' title='bbox 75 2040 239 2076; x_wconf 79' lang='grc' dir='ltr'>μαίνεσθαι,</span> <span class='ocrx_word' id='word_1_592' title='bbox 254 2042 295 2067; x_wconf 75' lang='grc' dir='ltr'>ὅτι</span> <span class='ocrx_word' id='word_1_593' title='bbox 312 2041 361 2067; x_wconf 78' lang='grc' dir='ltr'><strong>οὐκ</strong></span> <span class='ocrx_word' id='word_1_594' title='bbox 375 2042 448 2068; x_wconf 74' lang='grc' dir='ltr'>ἐστιν</span> <span class='ocrx_word' id='word_1_595' title='bbox 463 2043 629 2077; x_wconf 77' lang='grc' dir='ltr'>ὀνομαστικῇ</span> <span class='ocrx_word' id='word_1_596' title='bbox 650 2042 774 2078; x_wconf 82' lang='grc' dir='ltr'>σημασίᾳ</span> <span class='ocrx_word' id='word_1_597' title='bbox 787 2051 861 2078; x_wconf 87' lang='grc' dir='ltr'>περι-</span> 
     </span>
    </p>
   </div>
   <div class='ocr_carea' id='block_1_79' title="bbox 72 2086 860 2122">
    <p class='ocr_par' dir='ltr' id='par_1_79' title="bbox 72 2086 860 2122">
     <span class='ocr_line' id='line_1_79' title="bbox 72 2086 860 2122; baseline 0.003 -10"><span class='ocrx_word' id='word_1_598' title='bbox 72 2087 209 2122; x_wconf 80' lang='grc' dir='ltr'>ληφθῆναι</span> <span class='ocrx_word' id='word_1_599' title='bbox 232 2087 266 2113; x_wconf 70' lang='grc' dir='ltr'>δι*</span> <span class='ocrx_word' id='word_1_600' title='bbox 289 2086 431 2122; x_wconf 76' lang='grc' dir='ltr'>ἀκριϐείας</span> <span class='ocrx_word' id='word_1_601' title='bbox 449 2087 498 2122; x_wconf 79' lang='grc' dir='ltr'>τὴν</span> <span class='ocrx_word' id='word_1_602' title='bbox 522 2087 647 2122; x_wconf 80' lang='grc' dir='ltr'>ἀόριστον</span> <span class='ocrx_word' id='word_1_603' title='bbox 671 2087 768 2122; x_wconf 57' lang='grc' dir='ltr'>φύσιν</span> <span class='ocrx_word' id='word_1_604' title='bbox 791 2087 860 2115; x_wconf 83' lang='grc' dir='ltr'>ἀλλὰ</span> 
     </span>
    </p>
   </div>
   <div class='ocr_carea' id='block_1_80' title="bbox 74 2132 862 2168">
    <p class='ocr_par' dir='ltr' id='par_1_80' title="bbox 74 2132 862 2168">
     <span class='ocr_line' id='line_1_80' title="bbox 74 2132 862 2168; baseline 0.003 -10"><span class='ocrx_word' id='word_1_605' title='bbox 74 2134 152 2159; x_wconf 71' lang='grc' dir='ltr'>πᾶσα</span> <span class='ocrx_word' id='word_1_606' title='bbox 166 2133 310 2167; x_wconf 87' lang='grc' dir='ltr'>νοημάτων</span> <span class='ocrx_word' id='word_1_607' title='bbox 327 2132 451 2167; x_wconf 83' lang='grc' dir='ltr'>δύναμις,</span> <span class='ocrx_word' id='word_1_608' title='bbox 468 2132 514 2159; x_wconf 77' lang='grc' dir='ltr'>καὶ</span> <span class='ocrx_word' id='word_1_609' title='bbox 531 2134 605 2159; x_wconf 83' lang='grc' dir='ltr'>πᾶσα</span> <span class='ocrx_word' id='word_1_610' title='bbox 626 2133 755 2168; x_wconf 79' lang='grc' dir='ltr'>ῥημάτων</span> <span class='ocrx_word' id='word_1_611' title='bbox 768 2142 798 2160; x_wconf 80' lang='grc' dir='ltr'><strong>τε</strong></span> <span class='ocrx_word' id='word_1_612' title='bbox 814 2135 862 2160; x_wconf 70' lang='grc' dir='ltr'>καὶ</span> 
     </span>
    </p>
   </div>
   <div class='ocr_carea' id='block_1_81' title="bbox 73 2178 858 2214">
    <p class='ocr_par' dir='ltr' id='par_1_81' title="bbox 73 2178 858 2214">
     <span class='ocr_line' id='line_1_81' title="bbox 73 2178 858 2214; baseline 0.001 -10"><span class='ocrx_word' id='word_1_613' title='bbox 73 2179 218 2212; x_wconf 77' lang='grc' dir='ltr'>νοημάτων</span> <span class='ocrx_word' id='word_1_614' title='bbox 233 2179 362 2214; x_wconf 78' lang='grc' dir='ltr'>ἔμφασις,</span> <span class='ocrx_word' id='word_1_615' title='bbox 379 2179 429 2205; x_wconf 79' lang='grc' dir='ltr'>κᾶν</span> <span class='ocrx_word' id='word_1_616' title='bbox 443 2187 469 2204; x_wconf 90' lang='grc' dir='ltr'><strong>τι</strong></span> <span class='ocrx_word' id='word_1_617' title='bbox 483 2178 552 2213; x_wconf 79' lang='grc' dir='ltr'>μέγα</span> <span class='ocrx_word' id='word_1_618' title='bbox 567 2179 613 2205; x_wconf 72' lang='grc' dir='ltr'>καὶ</span> <span class='ocrx_word' id='word_1_619' title='bbox 626 2178 776 2213; x_wconf 78' lang='grc' dir='ltr'>θεοπρεπὲς</span> <span class='ocrx_word' id='word_1_620' title='bbox 787 2179 858 2214; x_wconf 75' lang='grc' dir='ltr'>ἔχειν</span> 
     </span>
    </p>
   </div>
   <div class='ocr_carea' id='block_1_82' title="bbox 71 2218 858 2259">
    <p class='ocr_par' dir='ltr' id='par_1_82' title="bbox 71 2218 858 2259">
     <span class='ocr_line' id='line_1_82' title="bbox 71 2218 858 2259; baseline 0.001 -10"><span class='ocrx_word' id='word_1_621' title='bbox 71 2223 149 2259; x_wconf 73' lang='grc' dir='ltr'>δόξῃ,</span> <span class='ocrx_word' id='word_1_622' title='bbox 166 2223 247 2249; x_wconf 86' lang='grc' dir='ltr'>αὐτοῦ</span> <span class='ocrx_word' id='word_1_623' title='bbox 263 2218 308 2249; x_wconf 76' lang='grc' dir='ltr'><strong>τοῦ</strong></span> <span class='ocrx_word' id='word_1_624' title='bbox 322 2223 441 2258; x_wconf 78' lang='grc' dir='ltr'>ῥήματος</span> <span class='ocrx_word' id='word_1_625' title='bbox 455 2223 538 2254; x_wconf 76' lang='grc' dir='ltr'>ὅντως</span> <span class='ocrx_word' id='word_1_626' title='bbox 551 2222 704 2257; x_wconf 68' lang='grc' dir='ltr'>ἐφάψασθαι</span> <span class='ocrx_word' id='word_1_627' title='bbox 715 2223 795 2257; x_wconf 84' lang='grc' dir='ltr'>φύσιν</span> <span class='ocrx_word' id='word_1_628' title='bbox 808 2223 858 2250; x_wconf 76' lang='grc' dir='ltr'><strong>οὐκ</strong></span> 
     </span>
    </p>
   </div>
   <div class='ocr_carea' id='block_1_83' title="bbox 72 2266 859 2302">
    <p class='ocr_par' dir='ltr' id='par_1_83' title="bbox 72 2266 859 2302">
     <span class='ocr_line' id='line_1_83' title="bbox 72 2266 859 2302; baseline -0.003 -8"><span class='ocrx_word' id='word_1_629' title='bbox 72 2268 131 2302; x_wconf 79' lang='grc' dir='ltr'>ἔχει</span> <span class='ocrx_word' id='word_1_630' title='bbox 144 2277 151 2283; x_wconf 91' lang='grc'>·</span> <span class='ocrx_word' id='word_1_631' title='bbox 167 2268 223 2294; x_wconf 80' lang='grc' dir='ltr'>ἀλλ’</span> <span class='ocrx_word' id='word_1_632' title='bbox 237 2268 332 2302; x_wconf 75' lang='grc' dir='ltr'>ὥσπερ</span> <span class='ocrx_word' id='word_1_633' title='bbox 350 2266 379 2298; x_wconf 82' lang='grc' dir='ltr'><strong>ἐξ</strong></span> <span class='ocrx_word' id='word_1_634' title='bbox 396 2266 477 2301; x_wconf 76' lang='grc' dir='ltr'>ἰχνῶν</span> <span class='ocrx_word' id='word_1_635' title='bbox 490 2274 581 2292; x_wconf 68' lang='grc' dir='ltr'>τινωψ</span> <span class='ocrx_word' id='word_1_636' title='bbox 591 2266 638 2292; x_wconf 74' lang='grc' dir='ltr'>καὶ</span> <span class='ocrx_word' id='word_1_637' title='bbox 654 2266 831 2301; x_wconf 85' lang='grc' dir='ltr'>ὲναυσμάτων</span> <span class='ocrx_word' id='word_1_638' title='bbox 845 2266 859 2292; x_wconf 82' lang='grc' dir='ltr'><strong>ό</strong></span> 
     </span>
    </p>
   </div>
   <div class='ocr_carea' id='block_1_84' title="bbox 73 2311 860 2347">
    <p class='ocr_par' dir='ltr' id='par_1_84' title="bbox 73 2311 860 2347">
     <span class='ocr_line' id='line_1_84' title="bbox 73 2311 860 2347; baseline -0.001 -8"><span class='ocrx_word' id='word_1_639' title='bbox 73 2314 154 2346; x_wconf 78' lang='grc' dir='ltr'>λόγος</span> <span class='ocrx_word' id='word_1_640' title='bbox 170 2313 247 2347; x_wconf 81' lang='grc' dir='ltr'>ἡμῶν</span> <span class='ocrx_word' id='word_1_641' title='bbox 261 2312 307 2338; x_wconf 80' lang='grc' dir='ltr'><strong>τοῦ</strong></span> <span class='ocrx_word' id='word_1_642' title='bbox 325 2311 410 2345; x_wconf 82' lang='grc' dir='ltr'>Λόγου</span> <span class='ocrx_word' id='word_1_643' title='bbox 423 2311 650 2345; x_wconf 81' lang='grc' dir='ltr'>καταστοχάζεται</span> <span class='ocrx_word' id='word_1_644' title='bbox 662 2332 670 2344; x_wconf 84' lang='lat'><strong>,</strong></span> <span class='ocrx_word' id='word_1_645' title='bbox 684 2311 728 2337; x_wconf 84' lang='grc' dir='ltr'><strong>διὰ</strong></span> <span class='ocrx_word' id='word_1_646' title='bbox 743 2311 796 2337; x_wconf 83' lang='grc' dir='ltr'>τῶν</span> <span class='ocrx_word' id='word_1_647' title='bbox 810 2319 860 2338; x_wconf 86' lang='grc' dir='ltr'>κα-</span> 
     </span>
    </p>
   </div>
   <div class='ocr_carea' id='block_1_85' title="bbox 73 2354 859 2392">
    <p class='ocr_par' dir='ltr' id='par_1_85' title="bbox 73 2354 859 2392">
     <span class='ocr_line' id='line_1_85' title="bbox 73 2354 859 2392; baseline -0.004 -7"><span class='ocrx_word' id='word_1_648' title='bbox 73 2356 324 2392; x_wconf 77' lang='grc' dir='ltr'>ταλαμϐανομένων</span> <span class='ocrx_word' id='word_1_649' title='bbox 337 2354 454 2388; x_wconf 80' lang='grc' dir='ltr'>εἰκάζων</span> <span class='ocrx_word' id='word_1_650' title='bbox 469 2357 500 2383; x_wconf 80' lang='grc' dir='ltr'><strong>ἑκ</strong></span> <span class='ocrx_word' id='word_1_651' title='bbox 511 2365 582 2388; x_wconf 90' lang='grc' dir='ltr'>τινος</span> <span class='ocrx_word' id='word_1_652' title='bbox 594 2356 738 2391; x_wconf 82' lang='grc' dir='ltr'>ἀναλογίας</span> <span class='ocrx_word' id='word_1_653' title='bbox 748 2357 782 2383; x_wconf 73' lang='grc' dir='ltr'>τὸ</span> <span class='ocrx_word' id='word_1_654' title='bbox 791 2357 859 2383; x_wconf 86' lang='grc' dir='ltr'>ἀκα-</span> 
     </span>
    </p>
   </div>
   <div class='ocr_carea' id='block_1_86' title="bbox 72 2402 885 2438">
    <p class='ocr_par' dir='ltr' id='par_1_86' title="bbox 72 2402 885 2438">
     <span class='ocr_line' id='line_1_86' title="bbox 72 2402 885 2438; baseline -0.004 -7"><span class='ocrx_word' id='word_1_655' title='bbox 72 2404 223 2438; x_wconf 81' lang='grc' dir='ltr'>τάληπτον.</span> <span class='ocrx_word' id='word_1_656' title='bbox 236 2403 270 2429; x_wconf 84' lang='grc' dir='ltr'>Ὅ</span> <span class='ocrx_word' id='word_1_657' title='bbox 284 2411 309 2429; x_wconf 81' lang='grc' dir='ltr'><strong>τι</strong></span> <span class='ocrx_word' id='word_1_658' title='bbox 323 2402 377 2437; x_wconf 83' lang='grc' dir='ltr'><strong>γὰρ</strong></span> <span class='ocrx_word' id='word_1_659' title='bbox 396 2403 430 2430; x_wconf 84' lang='grc' dir='ltr'><strong>ἃν</strong></span> <span class='ocrx_word' id='word_1_660' title='bbox 448 2403 646 2438; x_wconf 67' lang='grc' dir='ltr'>ἐπινοήσωμεν,</span> <span class='ocrx_word' id='word_1_661' title='bbox 665 2402 757 2437; x_wconf 77' lang='grc' dir='ltr'>φησὶν,</span> <span class='ocrx_word' id='word_1_662' title='bbox 773 2402 858 2437; x_wconf 73' lang='grc' dir='ltr'>ὄνομα</span> <span class='ocrx_word' id='word_1_663' title='bbox 882 2426 885 2429; x_wconf 73' lang='grc'><strong>,</strong></span> 
     </span>
    </p>
   </div>
   <div class='ocr_carea' id='block_1_87' title="bbox 73 2447 857 2483">
    <p class='ocr_par' dir='ltr' id='par_1_87' title="bbox 73 2447 857 2483">
     <span class='ocr_line' id='line_1_87' title="bbox 73 2447 857 2483; baseline -0.001 -8"><span class='ocrx_word' id='word_1_664' title='bbox 73 2447 255 2483; x_wconf 80' lang='grc' dir='ltr'>γνωριστικδν</span> <span class='ocrx_word' id='word_1_665' title='bbox 271 2447 317 2473; x_wconf 89' lang='grc' dir='ltr'><strong>τοῦ</strong></span> <span class='ocrx_word' id='word_1_666' title='bbox 335 2448 385 2482; x_wconf 84' lang='grc' dir='ltr'>τῆς</span> <span class='ocrx_word' id='word_1_667' title='bbox 405 2448 454 2483; x_wconf 84' lang='grc' dir='ltr'>σῆς</span> <span class='ocrx_word' id='word_1_668' title='bbox 470 2447 596 2483; x_wconf 85' lang='grc' dir='ltr'>θεότητος</span> <span class='ocrx_word' id='word_1_669' title='bbox 616 2447 712 2483; x_wconf 81' lang='grc' dir='ltr'>μύρου,</span> <span class='ocrx_word' id='word_1_670' title='bbox 728 2447 777 2474; x_wconf 85' lang='grc' dir='ltr'><strong>οὐκ</strong></span> <span class='ocrx_word' id='word_1_671' title='bbox 792 2448 857 2474; x_wconf 74' lang='grc' dir='ltr'>αὐτὸ</span> 
     </span>
    </p>
   </div>
   <div class='ocr_carea' id='block_1_88' title="bbox 73 2492 858 2529">
    <p class='ocr_par' dir='ltr' id='par_1_88' title="bbox 73 2492 858 2529">
     <span class='ocr_line' id='line_1_88' title="bbox 73 2492 858 2529; baseline 0 -9"><span class='ocrx_word' id='word_1_672' title='bbox 73 2494 107 2520; x_wconf 77' lang='grc' dir='ltr'>τὸ</span> <span class='ocrx_word' id='word_1_673' title='bbox 124 2493 210 2528; x_wconf 83' lang='grc' dir='ltr'>μύρον</span> <span class='ocrx_word' id='word_1_674' title='bbox 229 2492 272 2519; x_wconf 82' lang='grc' dir='ltr'><strong>διὰ</strong></span> <span class='ocrx_word' id='word_1_675' title='bbox 284 2493 334 2527; x_wconf 83' lang='grc' dir='ltr'>τῆς</span> <span class='ocrx_word' id='word_1_676' title='bbox 356 2493 499 2528; x_wconf 77' lang='grc' dir='ltr'>ἐμφάσεως</span> <span class='ocrx_word' id='word_1_677' title='bbox 517 2494 571 2520; x_wconf 83' lang='grc' dir='ltr'>τῶν</span> <span class='ocrx_word' id='word_1_678' title='bbox 586 2493 738 2529; x_wconf 83' lang='grc' dir='ltr'>λεγομένων</span> <span class='ocrx_word' id='word_1_679' title='bbox 755 2494 858 2529; x_wconf 85' lang='grc' dir='ltr'>σημαί-</span> 
     </span>
    </p>
   </div>
   <div class='ocr_carea' id='block_1_89' title="bbox 73 2538 859 2574">
    <p class='ocr_par' dir='ltr' id='par_1_89' title="bbox 73 2538 859 2574">
     <span class='ocr_line' id='line_1_89' title="bbox 73 2538 859 2574; baseline -0.001 -8"><span class='ocrx_word' id='word_1_680' title='bbox 73 2547 168 2573; x_wconf 85' lang='grc' dir='ltr'>νομεν,</span> <span class='ocrx_word' id='word_1_681' title='bbox 185 2538 253 2565; x_wconf 86' lang='grc' dir='ltr'><strong>ἀλλά</strong></span> <span class='ocrx_word' id='word_1_682' title='bbox 271 2538 356 2573; x_wconf 86' lang='grc' dir='ltr'>βραχύ</span> <span class='ocrx_word' id='word_1_683' title='bbox 370 2546 397 2564; x_wconf 76' lang='grc' dir='ltr'><strong>τι</strong></span> <span class='ocrx_word' id='word_1_684' title='bbox 411 2538 535 2573; x_wconf 82' lang='grc' dir='ltr'>λείψανον</span> <span class='ocrx_word' id='word_1_685' title='bbox 549 2539 636 2574; x_wconf 81' lang='grc' dir='ltr'>ἀτμοῦ</span> <span class='ocrx_word' id='word_1_686' title='bbox 656 2539 706 2574; x_wconf 78' lang='grc' dir='ltr'>τῆς</span> <span class='ocrx_word' id='word_1_687' title='bbox 721 2538 795 2570; x_wconf 86' lang='grc' dir='ltr'>θείας</span> <span class='ocrx_word' id='word_1_688' title='bbox 815 2539 859 2565; x_wconf 82' lang='grc' dir='ltr'>εὐ-</span> 
     </span>
    </p>
   </div>
   <div class='ocr_carea' id='block_1_90' title="bbox 72 2583 860 2618">
    <p class='ocr_par' dir='ltr' id='par_1_90' title="bbox 72 2583 860 2618">
     <span class='ocr_line' id='line_1_90' title="bbox 72 2583 860 2618; baseline -0.001 -7"><span class='ocrx_word' id='word_1_689' title='bbox 72 2585 159 2615; x_wconf 88' lang='grc' dir='ltr'>ωδίας</span> <span class='ocrx_word' id='word_1_690' title='bbox 180 2585 236 2614; x_wconf 82' lang='grc' dir='ltr'>τοῖς</span> <span class='ocrx_word' id='word_1_691' title='bbox 260 2583 424 2616; x_wconf 82' lang='grc' dir='ltr'>θεολογικοῖς</span> <span class='ocrx_word' id='word_1_692' title='bbox 448 2583 576 2618; x_wconf 82' lang='grc' dir='ltr'>ὀνόμασιν</span> <span class='ocrx_word' id='word_1_693' title='bbox 591 2583 794 2618; x_wconf 74' lang='grc' dir='ltr'>ἑνδεικνύμεθα.</span> <span class='ocrx_word' id='word_1_694' title='bbox 817 2584 860 2615; x_wconf 86' lang='grc' dir='ltr'>Ὧς</span> 
     </span>
    </p>
   </div>
   <div class='ocr_carea' id='block_1_91' title="bbox 74 2625 859 2664">
    <p class='ocr_par' dir='ltr' id='par_1_91' title="bbox 74 2625 859 2664">
     <span class='ocr_line' id='line_1_91' title="bbox 74 2625 859 2664; baseline 0 -8"><span class='ocrx_word' id='word_1_695' title='bbox 74 2630 123 2656; x_wconf 65' lang='grc' dir='ltr'><strong>ἐπὶ</strong></span> <span class='ocrx_word' id='word_1_696' title='bbox 139 2629 195 2656; x_wconf 84' lang='grc' dir='ltr'><strong>τῶν</strong></span> <span class='ocrx_word' id='word_1_697' title='bbox 214 2629 346 2662; x_wconf 84' lang='grc' dir='ltr'>ἀγγείων,</span> <span class='ocrx_word' id='word_1_698' title='bbox 362 2625 400 2655; x_wconf 83' lang='grc' dir='ltr'><strong>ὦν</strong></span> <span class='ocrx_word' id='word_1_699' title='bbox 421 2628 454 2655; x_wconf 82' lang='grc' dir='ltr'>ἂν</span> <span class='ocrx_word' id='word_1_700' title='bbox 470 2629 606 2664; x_wconf 78' lang='grc' dir='ltr'>ἐκκενωθῇ</span> <span class='ocrx_word' id='word_1_701' title='bbox 624 2629 654 2655; x_wconf 82' lang='grc' dir='ltr'>τὸ</span> <span class='ocrx_word' id='word_1_702' title='bbox 682 2629 777 2664; x_wconf 73' lang='grc' dir='ltr'>μύρον,</span> <span class='ocrx_word' id='word_1_703' title='bbox 793 2629 859 2656; x_wconf 78' lang='grc' dir='ltr'>αὐτὸ</span> 
     </span>
    </p>
   </div>
   <div class='ocr_carea' id='block_1_92' title="bbox 76 2673 859 2710">
    <p class='ocr_par' dir='ltr' id='par_1_92' title="bbox 76 2673 859 2710">
     <span class='ocr_line' id='line_1_92' title="bbox 76 2673 859 2710; baseline 0 -10"><span class='ocrx_word' id='word_1_704' title='bbox 76 2675 129 2710; x_wconf 80' lang='grc' dir='ltr'>μὲν</span> <span class='ocrx_word' id='word_1_705' title='bbox 138 2675 172 2709; x_wconf 81' lang='grc' dir='ltr'><strong>τῇ</strong></span> <span class='ocrx_word' id='word_1_706' title='bbox 187 2674 283 2700; x_wconf 76' lang='grc' dir='ltr'>ἑαυτοῦ</span> <span class='ocrx_word' id='word_1_707' title='bbox 298 2673 377 2708; x_wconf 85' lang='grc' dir='ltr'>φύσει</span> <span class='ocrx_word' id='word_1_708' title='bbox 388 2674 523 2707; x_wconf 83' lang='grc' dir='ltr'>ἀγνοεῖται</span> <span class='ocrx_word' id='word_1_709' title='bbox 534 2673 564 2700; x_wconf 80' lang='grc' dir='ltr'>τὸ</span> <span class='ocrx_word' id='word_1_710' title='bbox 576 2673 660 2708; x_wconf 85' lang='grc' dir='ltr'>μύρον</span> <span class='ocrx_word' id='word_1_711' title='bbox 671 2674 701 2700; x_wconf 76' lang='grc' dir='ltr'>τὸ</span> <span class='ocrx_word' id='word_1_712' title='bbox 710 2673 859 2701; x_wconf 78' lang='grc' dir='ltr'>ὲκκενωθὲν</span> 
     </span>
    </p>
   </div>
   <div class='ocr_carea' id='block_1_93' title="bbox 73 2717 859 2755">
    <p class='ocr_par' dir='ltr' id='par_1_93' title="bbox 73 2717 859 2755">
     <span class='ocr_line' id='line_1_93' title="bbox 73 2717 859 2755; baseline -0.001 -8"><span class='ocrx_word' id='word_1_713' title='bbox 73 2721 132 2748; x_wconf 65' lang='grc' dir='ltr'><strong>τῶν</strong></span> <span class='ocrx_word' id='word_1_714' title='bbox 153 2719 281 2754; x_wconf 77' lang='grc' dir='ltr'>ἀγγείων,</span> <span class='ocrx_word' id='word_1_715' title='bbox 304 2717 360 2746; x_wconf 75' lang='grc' dir='ltr'>οἷόν</span> <span class='ocrx_word' id='word_1_716' title='bbox 378 2720 462 2746; x_wconf 69' lang='grc' dir='ltr'>ἐστιν’</span> <span class='ocrx_word' id='word_1_717' title='bbox 488 2718 518 2751; x_wconf 76' lang='grc' dir='ltr'><strong>ἐξ</strong></span> <span class='ocrx_word' id='word_1_718' title='bbox 538 2719 660 2755; x_wconf 79' lang='grc' dir='ltr'>ἁμυδρᾶς</span> <span class='ocrx_word' id='word_1_719' title='bbox 679 2719 707 2746; x_wconf 86' lang='grc' dir='ltr'>δέ</span> <span class='ocrx_word' id='word_1_720' title='bbox 722 2728 793 2752; x_wconf 80' lang='grc' dir='ltr'>τινος</span> <span class='ocrx_word' id='word_1_721' title='bbox 809 2720 859 2754; x_wconf 84' lang='grc' dir='ltr'>τῆς</span> 
     </span>
    </p>
   </div>
   <div class='ocr_carea' id='block_1_94' title="bbox 115 2807 355 2841">
    <p class='ocr_par' dir='ltr' id='par_1_94' title="bbox 115 2807 355 2841">
     <span class='ocr_line' id='line_1_94' title="bbox 115 2807 355 2841; baseline -0.004 -6"><span class='ocrx_word' id='word_1_722' title='bbox 115 2809 139 2824; x_wconf 82' lang='grc'><strong>⁹¹⁸</strong></span> <span class='ocrx_word' id='word_1_723' title='bbox 149 2807 252 2836; x_wconf 71' lang='lat' dir='ltr'><strong>Hahae.</strong></span> <span class='ocrx_word' id='word_1_724' title='bbox 272 2816 313 2841; x_wconf 87' lang='grc' dir='ltr'>ιιι,</span> <span class='ocrx_word' id='word_1_725' title='bbox 328 2807 355 2834; x_wconf 73' lang='grc'><strong>3.</strong></span> 
     </span>
    </p>
   </div>
   <div class='ocr_carea' id='block_1_95' title="bbox 947 1813 1691 1851">
    <p class='ocr_par' dir='ltr' id='par_1_95' title="bbox 947 1813 1691 1851">
     <span class='ocr_line' id='line_1_95' title="bbox 947 1813 1691 1851; baseline 0.008 -11"><span class='ocrx_word' id='word_1_726' title='bbox 947 1813 1054 1841; x_wconf 80' lang='lat' dir='ltr'><strong>Rursus</strong></span> <span class='ocrx_word' id='word_1_727' title='bbox 1071 1814 1097 1840; x_wconf 91' lang='lat' dir='ltr'><strong>in</strong></span> <span class='ocrx_word' id='word_1_728' title='bbox 1115 1814 1149 1842; x_wconf 91' lang='lat' dir='ltr'><strong>iis</strong></span> <span class='ocrx_word' id='word_1_729' title='bbox 1169 1822 1230 1849; x_wconf 75' lang='lat' dir='ltr'><strong>quze</strong></span> <span class='ocrx_word' id='word_1_730' title='bbox 1253 1815 1382 1851; x_wconf 82' lang='lat' dir='ltr'><strong>deinceps</strong></span> <span class='ocrx_word' id='word_1_731' title='bbox 1409 1822 1579 1851; x_wconf 87' lang='lat' dir='ltr'><strong>sequuntur,</strong></span> <span class='ocrx_word' id='word_1_732' title='bbox 1605 1820 1691 1846; x_wconf 81' lang='lat' dir='ltr'><strong>subli-</strong></span> 
     </span>
    </p>
   </div>
   <div class='ocr_carea' id='block_1_96' title="bbox 909 1858 1691 1897">
    <p class='ocr_par' dir='ltr' id='par_1_96' title="bbox 909 1858 1691 1897">
     <span class='ocr_line' id='line_1_96' title="bbox 909 1858 1691 1897; baseline 0.01 -13"><span class='ocrx_word' id='word_1_733' title='bbox 909 1858 1024 1886; x_wconf 89' lang='lat' dir='ltr'><strong>miorem</strong></span> <span class='ocrx_word' id='word_1_734' title='bbox 1041 1860 1129 1894; x_wconf 82' lang='lat' dir='ltr'><strong>tangit</strong></span> <span class='ocrx_word' id='word_1_735' title='bbox 1144 1860 1344 1895; x_wconf 83' lang='lat' dir='ltr'><strong>philosophiam</strong></span> <span class='ocrx_word' id='word_1_736' title='bbox 1362 1863 1452 1888; x_wconf 86' lang='lat' dir='ltr'><strong>anima</strong></span> <span class='ocrx_word' id='word_1_737' title='bbox 1470 1870 1582 1897; x_wconf 81' lang='lat' dir='ltr'><strong>sponsa,</strong></span> <span class='ocrx_word' id='word_1_738' title='bbox 1599 1870 1691 1892; x_wconf 91' lang='lat' dir='ltr'><strong>osten-</strong></span> 
     </span>
    </p>
   </div>
   <div class='ocr_carea' id='block_1_97' title="bbox 910 1903 1691 1937">
    <p class='ocr_par' dir='ltr' id='par_1_97' title="bbox 910 1903 1691 1937">
     <span class='ocr_line' id='line_1_97' title="bbox 910 1903 1691 1937; baseline 0.009 -7"><span class='ocrx_word' id='word_1_739' title='bbox 910 1903 978 1931; x_wconf 89' lang='lat' dir='ltr'><strong>dens</strong></span> <span class='ocrx_word' id='word_1_740' title='bbox 1003 1904 1131 1931; x_wconf 89' lang='lat' dir='ltr'><strong>humanis</strong></span> <span class='ocrx_word' id='word_1_741' title='bbox 1155 1905 1410 1934; x_wconf 86' lang='lat' dir='ltr'><strong>ratiocinationibus</strong></span> <span class='ocrx_word' id='word_1_742' title='bbox 1433 1915 1486 1934; x_wconf 91' lang='lat' dir='ltr'><strong>non</strong></span> <span class='ocrx_word' id='word_1_743' title='bbox 1511 1909 1569 1936; x_wconf 88' lang='lat' dir='ltr'><strong>dari</strong></span> <span class='ocrx_word' id='word_1_744' title='bbox 1587 1910 1691 1937; x_wconf 84' lang='lat' dir='ltr'><strong>aditum</strong></span> 
     </span>
    </p>
   </div>
   <div class='ocr_carea' id='block_1_98' title="bbox 911 1949 1692 1989">
    <p class='ocr_par' dir='ltr' id='par_1_98' title="bbox 911 1949 1692 1989">
     <span class='ocr_line' id='line_1_98' title="bbox 911 1949 1692 1989; baseline 0.01 -14"><span class='ocrx_word' id='word_1_745' title='bbox 911 1949 943 1975; x_wconf 80' lang='lat' dir='ltr'><strong>ad</strong></span> <span class='ocrx_word' id='word_1_746' title='bbox 964 1949 1087 1976; x_wconf 84' lang='lat' dir='ltr'><strong>divinam</strong></span> <span class='ocrx_word' id='word_1_747' title='bbox 1106 1950 1249 1982; x_wconf 83' lang='lat' dir='ltr'><strong>virtutem,</strong></span> <span class='ocrx_word' id='word_1_748' title='bbox 1265 1959 1315 1978; x_wconf 78' lang='lat' dir='ltr'><strong>nec</strong></span> <span class='ocrx_word' id='word_1_749' title='bbox 1329 1952 1402 1979; x_wconf 87' lang='lat' dir='ltr'><strong>illam</strong></span> <span class='ocrx_word' id='word_1_750' title='bbox 1421 1953 1455 1980; x_wconf 88' lang='lat' dir='ltr'><strong>ab</strong></span> <span class='ocrx_word' id='word_1_751' title='bbox 1475 1954 1510 1981; x_wconf 88' lang='lat' dir='ltr'><strong>iis</strong></span> <span class='ocrx_word' id='word_1_752' title='bbox 1523 1962 1603 1989; x_wconf 86' lang='lat' dir='ltr'><strong>posse</strong></span> <span class='ocrx_word' id='word_1_753' title='bbox 1616 1963 1692 1982; x_wconf 80' lang='lat' dir='ltr'><strong>coni-</strong></span> 
     </span>
    </p>
   </div>
   <div class='ocr_carea' id='block_1_99' title="bbox 911 1993 1692 2032">
    <p class='ocr_par' dir='ltr' id='par_1_99' title="bbox 911 1993 1692 2032">
     <span class='ocr_line' id='line_1_99' title="bbox 911 1993 1692 2032; baseline 0.009 -12"><span class='ocrx_word' id='word_1_754' title='bbox 911 1993 1054 2027; x_wconf 80' lang='lat' dir='ltr'><strong>prehendi,</strong></span> <span class='ocrx_word' id='word_1_755' title='bbox 1078 2002 1139 2022; x_wconf 93' lang='lat' dir='ltr'><strong>cum</strong></span> <span class='ocrx_word' id='word_1_756' title='bbox 1168 1996 1254 2023; x_wconf 77' lang='lat' dir='ltr'><strong>dicit:</strong></span> <span class='ocrx_word' id='word_1_757' title='bbox 1273 1995 1438 2031; x_wconf 83' lang='lat' dir='ltr'><strong>Unguentum</strong></span> <span class='ocrx_word' id='word_1_758' title='bbox 1460 1998 1574 2032; x_wconf 69' lang='lat' dir='ltr'><strong>eﬂ&#39;usum</strong></span> <span class='ocrx_word' id='word_1_759' title='bbox 1600 2009 1692 2027; x_wconf 79' lang='lat' dir='ltr'><strong>nomen</strong></span> 
     </span>
    </p>
   </div>
   <div class='ocr_carea' id='block_1_100' title="bbox 913 2038 1692 2080">
    <p class='ocr_par' dir='ltr' id='par_1_100' title="bbox 913 2038 1692 2080">
     <span class='ocr_line' id='line_1_100' title="bbox 913 2038 1692 2080; baseline 0.01 -16"><span class='ocrx_word' id='word_1_760' title='bbox 913 2042 997 2065; x_wconf 88' lang='lat' dir='ltr'><strong>tuum.</strong></span> <span class='ocrx_word' id='word_1_761' title='bbox 1013 2038 1081 2066; x_wconf 87' lang='lat' dir='ltr'><strong>Nam</strong></span> <span class='ocrx_word' id='word_1_762' title='bbox 1098 2048 1145 2074; x_wconf 89' lang='lat' dir='ltr'><strong>per</strong></span> <span class='ocrx_word' id='word_1_763' title='bbox 1159 2041 1216 2067; x_wconf 67' lang='lat' dir='ltr'><strong>haec</strong></span> <span class='ocrx_word' id='word_1_764' title='bbox 1231 2041 1313 2068; x_wconf 86' lang='lat' dir='ltr'><strong>verba</strong></span> <span class='ocrx_word' id='word_1_765' title='bbox 1334 2042 1400 2069; x_wconf 91' lang='lat' dir='ltr'><strong>mihi</strong></span> <span class='ocrx_word' id='word_1_766' title='bbox 1414 2043 1522 2071; x_wconf 84' lang='lat' dir='ltr'><strong>videtur</strong></span> <span class='ocrx_word' id='word_1_767' title='bbox 1538 2045 1588 2071; x_wconf 89' lang='lat' dir='ltr'><strong>hoc</strong></span> <span class='ocrx_word' id='word_1_768' title='bbox 1607 2046 1692 2080; x_wconf 74' lang='lat' dir='ltr'><strong>Signi~</strong></span> 
     </span>
    </p>
   </div>
   <div class='ocr_carea' id='block_1_101' title="bbox 912 2085 1692 2125">
    <p class='ocr_par' dir='ltr' id='par_1_101' title="bbox 912 2085 1692 2125">
     <span class='ocr_line' id='line_1_101' title="bbox 912 2085 1692 2125; baseline 0.009 -14"><span class='ocrx_word' id='word_1_769' title='bbox 912 2086 1005 2116; x_wconf 74' lang='lat' dir='ltr'><strong>ticare.</strong></span> <span class='ocrx_word' id='word_1_770' title='bbox 1026 2085 1098 2120; x_wconf 89' lang='lat' dir='ltr'><strong>quod</strong></span> <span class='ocrx_word' id='word_1_771' title='bbox 1117 2085 1248 2113; x_wconf 88' lang='lat' dir='ltr'><strong>immensa</strong></span> <span class='ocrx_word' id='word_1_772' title='bbox 1274 2091 1373 2114; x_wconf 84' lang='lat' dir='ltr'><strong>natura</strong></span> <span class='ocrx_word' id='word_1_773' title='bbox 1394 2089 1553 2116; x_wconf 84' lang='lat' dir='ltr'><strong>nominatim</strong></span> <span class='ocrx_word' id='word_1_774' title='bbox 1573 2091 1692 2125; x_wconf 77' lang='lat' dir='ltr'><strong>perfecte</strong></span> 
     </span>
    </p>
   </div>
   <div class='ocr_carea' id='block_1_102' title="bbox 912 2131 1690 2169">
    <p class='ocr_par' dir='ltr' id='par_1_102' title="bbox 912 2131 1690 2169">
     <span class='ocr_line' id='line_1_102' title="bbox 912 2131 1690 2169; baseline 0.009 -12"><span class='ocrx_word' id='word_1_775' title='bbox 912 2131 1107 2166; x_wconf 86' lang='lat' dir='ltr'><strong>comprehendi</strong></span> <span class='ocrx_word' id='word_1_776' title='bbox 1129 2139 1183 2158; x_wconf 89' lang='lat' dir='ltr'><strong>non</strong></span> <span class='ocrx_word' id='word_1_777' title='bbox 1199 2133 1297 2166; x_wconf 82' lang='lat' dir='ltr'><strong>possit,</strong></span> <span class='ocrx_word' id='word_1_778' title='bbox 1313 2133 1360 2159; x_wconf 87' lang='lat' dir='ltr'><strong>sed</strong></span> <span class='ocrx_word' id='word_1_779' title='bbox 1377 2134 1467 2161; x_wconf 88' lang='lat' dir='ltr'><strong>omnis</strong></span> <span class='ocrx_word' id='word_1_780' title='bbox 1483 2135 1525 2162; x_wconf 86' lang='lat' dir='ltr'><strong>vis</strong></span> <span class='ocrx_word' id='word_1_781' title='bbox 1545 2136 1690 2169; x_wconf 57' lang='lat' dir='ltr'><strong>cogitatio.</strong></span> 
     </span>
    </p>
   </div>
   <div class='ocr_carea' id='block_1_103' title="bbox 913 2177 1689 2213">
    <p class='ocr_par' dir='ltr' id='par_1_103' title="bbox 913 2177 1689 2213">
     <span class='ocr_line' id='line_1_103' title="bbox 913 2177 1689 2213; baseline 0.008 -11"><span class='ocrx_word' id='word_1_782' title='bbox 913 2184 976 2202; x_wconf 92' lang='lat' dir='ltr'><strong>num</strong></span> <span class='ocrx_word' id='word_1_783' title='bbox 989 2197 996 2209; x_wconf 87' lang='lat'><strong>,</strong></span> <span class='ocrx_word' id='word_1_784' title='bbox 1010 2181 1036 2203; x_wconf 87' lang='lat' dir='ltr'><strong>et</strong></span> <span class='ocrx_word' id='word_1_785' title='bbox 1052 2177 1141 2204; x_wconf 90' lang='lat' dir='ltr'><strong>otnnis</strong></span> <span class='ocrx_word' id='word_1_786' title='bbox 1159 2177 1322 2211; x_wconf 76' lang='lat' dir='ltr'><strong>signiﬁcatio</strong></span> <span class='ocrx_word' id='word_1_787' title='bbox 1335 2179 1479 2205; x_wconf 70' lang='lat' dir='ltr'><strong>verborum</strong></span> <span class='ocrx_word' id='word_1_788' title='bbox 1493 2187 1524 2205; x_wconf 83' lang='lat' dir='ltr'><strong>ac</strong></span> <span class='ocrx_word' id='word_1_789' title='bbox 1537 2181 1689 2213; x_wconf 87' lang='lat' dir='ltr'><strong>nominum,</strong></span> 
     </span>
    </p>
   </div>
   <div class='ocr_carea' id='block_1_104' title="bbox 910 2222 1692 2260">
    <p class='ocr_par' dir='ltr' id='par_1_104' title="bbox 910 2222 1692 2260">
     <span class='ocr_line' id='line_1_104' title="bbox 910 2222 1692 2260; baseline 0.005 -12"><span class='ocrx_word' id='word_1_790' title='bbox 910 2222 1019 2249; x_wconf 84' lang='lat' dir='ltr'><strong>etiamsi</strong></span> <span class='ocrx_word' id='word_1_791' title='bbox 1052 2222 1178 2249; x_wconf 86' lang='lat' dir='ltr'><strong>videatur</strong></span> <span class='ocrx_word' id='word_1_792' title='bbox 1203 2223 1304 2250; x_wconf 86' lang='lat' dir='ltr'><strong>habere</strong></span> <span class='ocrx_word' id='word_1_793' title='bbox 1337 2231 1465 2259; x_wconf 85' lang='lat' dir='ltr'><strong>magnum</strong></span> <span class='ocrx_word' id='word_1_794' title='bbox 1495 2225 1635 2260; x_wconf 81' lang='lat' dir='ltr'><strong>quidpiam</strong></span> <span class='ocrx_word' id='word_1_795' title='bbox 1664 2231 1692 2254; x_wconf 80' lang='lat' dir='ltr'><strong>ct</strong></span> 
     </span>
    </p>
   </div>
   <div class='ocr_carea' id='block_1_105' title="bbox 910 2266 1691 2301">
    <p class='ocr_par' dir='ltr' id='par_1_105' title="bbox 910 2266 1691 2301">
     <span class='ocr_line' id='line_1_105' title="bbox 910 2266 1691 2301; baseline 0.008 -9"><span class='ocrx_word' id='word_1_796' title='bbox 910 2269 982 2301; x_wconf 85' lang='lat' dir='ltr'><strong>quod</strong></span> <span class='ocrx_word' id='word_1_797' title='bbox 1011 2268 1095 2293; x_wconf 87' lang='lat' dir='ltr'><strong>Deum</strong></span> <span class='ocrx_word' id='word_1_798' title='bbox 1120 2266 1227 2298; x_wconf 85' lang='lat' dir='ltr'><strong>deccat,</strong></span> <span class='ocrx_word' id='word_1_799' title='bbox 1250 2275 1304 2294; x_wconf 91' lang='lat' dir='ltr'><strong>non</strong></span> <span class='ocrx_word' id='word_1_800' title='bbox 1329 2275 1390 2295; x_wconf 84' lang='lat' dir='ltr'><strong>eam</strong></span> <span class='ocrx_word' id='word_1_801' title='bbox 1411 2268 1492 2296; x_wconf 83' lang='lat' dir='ltr'><strong>habet</strong></span> <span class='ocrx_word' id='word_1_802' title='bbox 1513 2276 1636 2297; x_wconf 86' lang='lat' dir='ltr'><strong>naturam</strong></span> <span class='ocrx_word' id='word_1_803' title='bbox 1661 2277 1691 2298; x_wconf 88' lang='lat' dir='ltr'><strong>ut</strong></span> 
     </span>
    </p>
   </div>
   <div class='ocr_carea' id='block_1_106' title="bbox 911 2312 1689 2351">
    <p class='ocr_par' dir='ltr' id='par_1_106' title="bbox 911 2312 1689 2351">
     <span class='ocr_line' id='line_1_106' title="bbox 911 2312 1689 2351; baseline 0.005 -11"><span class='ocrx_word' id='word_1_804' title='bbox 911 2316 1004 2347; x_wconf 73' lang='lat' dir='ltr'><strong>tangat</strong></span> <span class='ocrx_word' id='word_1_805' title='bbox 1024 2313 1049 2339; x_wconf 91' lang='lat' dir='ltr'><strong>id</strong></span> <span class='ocrx_word' id='word_1_806' title='bbox 1071 2312 1142 2348; x_wconf 89' lang='lat' dir='ltr'><strong>quod</strong></span> <span class='ocrx_word' id='word_1_807' title='bbox 1166 2317 1208 2340; x_wconf 87' lang='lat' dir='ltr'><strong>est</strong></span> <span class='ocrx_word' id='word_1_808' title='bbox 1225 2321 1286 2340; x_wconf 87' lang='lat' dir='ltr'><strong>vere</strong></span> <span class='ocrx_word' id='word_1_809' title='bbox 1307 2313 1447 2341; x_wconf 78' lang='lat' dir='ltr'><strong>Verbum:</strong></span> <span class='ocrx_word' id='word_1_810' title='bbox 1464 2313 1510 2341; x_wconf 87' lang='lat' dir='ltr'><strong>sed</strong></span> <span class='ocrx_word' id='word_1_811' title='bbox 1526 2315 1606 2343; x_wconf 79' lang='lat' dir='ltr'><strong>veluti</strong></span> <span class='ocrx_word' id='word_1_812' title='bbox 1626 2318 1689 2351; x_wconf 84' lang='lat' dir='ltr'><strong>qui-</strong></span> 
     </span>
    </p>
   </div>
   <div class='ocr_carea' id='block_1_107' title="bbox 910 2357 1689 2389">
    <p class='ocr_par' dir='ltr' id='par_1_107' title="bbox 910 2357 1689 2389">
     <span class='ocr_line' id='line_1_107' title="bbox 910 2357 1689 2389; baseline 0.008 -6"><span class='ocrx_word' id='word_1_813' title='bbox 910 2357 1024 2384; x_wconf 83' lang='lat' dir='ltr'><strong>busdam</strong></span> <span class='ocrx_word' id='word_1_814' title='bbox 1044 2357 1166 2389; x_wconf 75' lang='lat' dir='ltr'><strong>vestigiis</strong></span> <span class='ocrx_word' id='word_1_815' title='bbox 1189 2362 1218 2384; x_wconf 88' lang='lat' dir='ltr'><strong>et</strong></span> <span class='ocrx_word' id='word_1_816' title='bbox 1245 2357 1476 2386; x_wconf 87' lang='lat' dir='ltr'><strong>illustrationibus</strong></span> <span class='ocrx_word' id='word_1_817' title='bbox 1503 2360 1574 2386; x_wconf 90' lang='lat' dir='ltr'><strong>ratio</strong></span> <span class='ocrx_word' id='word_1_818' title='bbox 1594 2366 1689 2389; x_wconf 83' lang='lat' dir='ltr'><strong>nostra</strong></span> 
     </span>
    </p>
   </div>
   <div class='ocr_carea' id='block_1_108' title="bbox 910 2403 1689 2439">
    <p class='ocr_par' dir='ltr' id='par_1_108' title="bbox 910 2403 1689 2439">
     <span class='ocr_line' id='line_1_108' title="bbox 910 2403 1689 2439; baseline 0.004 -9"><span class='ocrx_word' id='word_1_819' title='bbox 910 2403 1030 2431; x_wconf 81' lang='lat' dir='ltr'><strong>Verbum</strong></span> <span class='ocrx_word' id='word_1_820' title='bbox 1048 2403 1171 2437; x_wconf 88' lang='lat' dir='ltr'><strong>conjicit,</strong></span> <span class='ocrx_word' id='word_1_821' title='bbox 1198 2410 1245 2437; x_wconf 87' lang='lat' dir='ltr'><strong>per</strong></span> <span class='ocrx_word' id='word_1_822' title='bbox 1270 2411 1301 2430; x_wconf 84' lang='lat' dir='ltr'><strong>ea</strong></span> <span class='ocrx_word' id='word_1_823' title='bbox 1325 2411 1385 2438; x_wconf 66' lang='lat' dir='ltr'><strong>qua;</strong></span> <span class='ocrx_word' id='word_1_824' title='bbox 1407 2405 1689 2439; x_wconf 80' lang='lat' dir='ltr'><strong>uomprehetnlnntnr,</strong></span> 
     </span>
    </p>
   </div>
   <div class='ocr_carea' id='block_1_109' title="bbox 909 2446 1690 2486">
    <p class='ocr_par' dir='ltr' id='par_1_109' title="bbox 909 2446 1690 2486">
     <span class='ocr_line' id='line_1_109' title="bbox 909 2446 1690 2486; baseline 0.006 -12"><span class='ocrx_word' id='word_1_825' title='bbox 909 2455 942 2475; x_wconf 85' lang='lat' dir='ltr'><strong>ex</strong></span> <span class='ocrx_word' id='word_1_826' title='bbox 963 2446 1080 2482; x_wconf 88' lang='lat' dir='ltr'><strong>quadam</strong></span> <span class='ocrx_word' id='word_1_827' title='bbox 1091 2448 1270 2482; x_wconf 85' lang='lat' dir='ltr'><strong>proportione</strong></span> <span class='ocrx_word' id='word_1_828' title='bbox 1282 2454 1309 2475; x_wconf 83' lang='lat' dir='ltr'><strong>ct</strong></span> <span class='ocrx_word' id='word_1_829' title='bbox 1324 2450 1515 2477; x_wconf 82' lang='lat' dir='ltr'><strong>convenientia</strong></span> <span class='ocrx_word' id='word_1_830' title='bbox 1530 2452 1690 2486; x_wconf 62' lang='lat' dir='ltr'><strong>coniectans</strong></span> 
     </span>
    </p>
   </div>
   <div class='ocr_carea' id='block_1_110' title="bbox 910 2491 1691 2532">
    <p class='ocr_par' dir='ltr' id='par_1_110' title="bbox 910 2491 1691 2532">
     <span class='ocr_line' id='line_1_110' title="bbox 910 2491 1691 2532; baseline 0.006 -13"><span class='ocrx_word' id='word_1_831' title='bbox 910 2491 936 2519; x_wconf 87' lang='lat' dir='ltr'><strong>id</strong></span> <span class='ocrx_word' id='word_1_832' title='bbox 961 2493 1033 2528; x_wconf 93' lang='lat' dir='ltr'><strong>quod</strong></span> <span class='ocrx_word' id='word_1_833' title='bbox 1064 2500 1120 2519; x_wconf 91' lang='lat' dir='ltr'><strong>non</strong></span> <span class='ocrx_word' id='word_1_834' title='bbox 1148 2496 1237 2528; x_wconf 88' lang='lat' dir='ltr'><strong>potest</strong></span> <span class='ocrx_word' id='word_1_835' title='bbox 1268 2494 1474 2528; x_wconf 89' lang='lat' dir='ltr'><strong>comprehendi.</strong></span> <span class='ocrx_word' id='word_1_836' title='bbox 1501 2495 1691 2532; x_wconf 79' lang='lat' dir='ltr'><strong>Quodcunque</strong></span> 
     </span>
    </p>
   </div>
   <div class='ocr_carea' id='block_1_111' title="bbox 910 2538 1691 2577">
    <p class='ocr_par' dir='ltr' id='par_1_111' title="bbox 910 2538 1691 2577">
     <span class='ocr_line' id='line_1_111' title="bbox 910 2538 1691 2577; baseline 0.008 -13"><span class='ocrx_word' id='word_1_837' title='bbox 910 2538 995 2569; x_wconf 88' lang='lat' dir='ltr'><strong>enim,</strong></span> <span class='ocrx_word' id='word_1_838' title='bbox 1030 2538 1131 2572; x_wconf 80' lang='lat' dir='ltr'><strong>inquit,</strong></span> <span class='ocrx_word' id='word_1_839' title='bbox 1157 2546 1256 2566; x_wconf 87' lang='lat' dir='ltr'><strong>nomen</strong></span> <span class='ocrx_word' id='word_1_840' title='bbox 1282 2540 1542 2574; x_wconf 78' lang='lat' dir='ltr'><strong>excogitaverimus,</strong></span> <span class='ocrx_word' id='word_1_841' title='bbox 1569 2550 1624 2577; x_wconf 80' lang='lat' dir='ltr'><strong>quo</strong></span> <span class='ocrx_word' id='word_1_842' title='bbox 1648 2551 1691 2570; x_wconf 55' lang='lat' dir='ltr'><strong>co.</strong></span> 
     </span>
    </p>
   </div>
   <div class='ocr_carea' id='block_1_112' title="bbox 910 2585 1690 2622">
    <p class='ocr_par' dir='ltr' id='par_1_112' title="bbox 910 2585 1690 2622">
     <span class='ocr_line' id='line_1_112' title="bbox 910 2585 1690 2622; baseline 0.008 -13"><span class='ocrx_word' id='word_1_843' title='bbox 910 2586 1059 2617; x_wconf 88' lang='lat' dir='ltr'><strong>gnoscatur</strong></span> <span class='ocrx_word' id='word_1_844' title='bbox 1080 2588 1247 2617; x_wconf 81' lang='lat' dir='ltr'><strong>unguentum</strong></span> <span class='ocrx_word' id='word_1_845' title='bbox 1274 2589 1326 2611; x_wconf 65' lang='lat' dir='ltr'><strong>tua:</strong></span> <span class='ocrx_word' id='word_1_846' title='bbox 1347 2585 1511 2619; x_wconf 82' lang='lat' dir='ltr'><strong>divinitatis,</strong></span> <span class='ocrx_word' id='word_1_847' title='bbox 1528 2595 1576 2622; x_wconf 80' lang='lat' dir='ltr'><strong>per</strong></span> <span class='ocrx_word' id='word_1_848' title='bbox 1596 2596 1690 2615; x_wconf 86' lang='lat' dir='ltr'><strong>eorum</strong></span> 
     </span>
    </p>
   </div>
   <div class='ocr_carea' id='block_1_113' title="bbox 911 2628 1692 2668">
    <p class='ocr_par' dir='ltr' id='par_1_113' title="bbox 911 2628 1692 2668">
     <span class='ocr_line' id='line_1_113' title="bbox 911 2628 1692 2668; baseline 0.009 -14"><span class='ocrx_word' id='word_1_849' title='bbox 911 2636 971 2663; x_wconf 70' lang='lat' dir='ltr'><strong>quae</strong></span> <span class='ocrx_word' id='word_1_850' title='bbox 987 2628 1115 2656; x_wconf 90' lang='lat' dir='ltr'><strong>dicuntur</strong></span> <span class='ocrx_word' id='word_1_851' title='bbox 1129 2629 1357 2664; x_wconf 78' lang='lat' dir='ltr'><strong>signiﬁcationem</strong></span> <span class='ocrx_word' id='word_1_852' title='bbox 1378 2639 1432 2658; x_wconf 89' lang='lat' dir='ltr'><strong>non</strong></span> <span class='ocrx_word' id='word_1_853' title='bbox 1450 2632 1537 2667; x_wconf 87' lang='lat' dir='ltr'><strong>ipsum</strong></span> <span class='ocrx_word' id='word_1_854' title='bbox 1554 2634 1692 2668; x_wconf 72' lang='lat' dir='ltr'><strong>significa-</strong></span> 
     </span>
    </p>
   </div>
   <div class='ocr_carea' id='block_1_114' title="bbox 912 2675 1692 2713">
    <p class='ocr_par' dir='ltr' id='par_1_114' title="bbox 912 2675 1692 2713">
     <span class='ocr_line' id='line_1_114' title="bbox 912 2675 1692 2713; baseline 0.005 -12"><span class='ocrx_word' id='word_1_855' title='bbox 912 2681 974 2701; x_wconf 79' lang='lat' dir='ltr'><strong>mus</strong></span> <span class='ocrx_word' id='word_1_856' title='bbox 1004 2679 1193 2709; x_wconf 84' lang='lat' dir='ltr'><strong>unguentum.</strong></span> <span class='ocrx_word' id='word_1_857' title='bbox 1223 2675 1270 2703; x_wconf 81' lang='lat' dir='ltr'><strong>sed</strong></span> <span class='ocrx_word' id='word_1_858' title='bbox 1300 2683 1400 2710; x_wconf 85' lang='lat' dir='ltr'><strong>parvas</strong></span> <span class='ocrx_word' id='word_1_859' title='bbox 1425 2678 1531 2712; x_wconf 68' lang='lat' dir='ltr'><strong>aliquas</strong></span> <span class='ocrx_word' id='word_1_860' title='bbox 1563 2679 1692 2713; x_wconf 64' lang='lat' dir='ltr'><strong>reliquias</strong></span> 
     </span>
    </p>
   </div>
   <div class='ocr_carea' id='block_1_115' title="bbox 912 2720 1692 2759">
    <p class='ocr_par' dir='ltr' id='par_1_115' title="bbox 912 2720 1692 2759">
     <span class='ocr_line' id='line_1_115' title="bbox 912 2720 1692 2759; baseline 0.005 -13"><span class='ocrx_word' id='word_1_861' title='bbox 912 2720 1021 2755; x_wconf 76' lang='lat' dir='ltr'><strong>vaporis</strong></span> <span class='ocrx_word' id='word_1_862' title='bbox 1039 2721 1104 2747; x_wconf 88' lang='lat' dir='ltr'><strong>boni</strong></span> <span class='ocrx_word' id='word_1_863' title='bbox 1131 2720 1216 2748; x_wconf 86' lang='lat' dir='ltr'><strong>divini</strong></span> <span class='ocrx_word' id='word_1_864' title='bbox 1236 2721 1329 2749; x_wconf 89' lang='lat' dir='ltr'><strong>odoris</strong></span> <span class='ocrx_word' id='word_1_865' title='bbox 1355 2723 1515 2759; x_wconf 83' lang='lat' dir='ltr'><strong>theologicis</strong></span> <span class='ocrx_word' id='word_1_866' title='bbox 1537 2724 1692 2751; x_wconf 82' lang='lat' dir='ltr'><strong>nominibus</strong></span> 
     </span>
    </p>
   </div>
  </div>
