1989 3070
66 113 112 141 785

566 113 596 139 l.\'
617 114 767 142 CANI'ICA
787 114 923 142 CANTIC.
945 115 1086 142 IIOMILM
1107 115 1138 143 ll.

1632 118 1683 146 786

64 179 119 205 ρων
126 178 179 197 σου
190 170 385 204 δραμούμεθα.
395 170 425 196 'll
439 170 466 196 δὲ
479 171 631 207 τελεωτέρα
643 172 716 207 ψυχὴ
729 173 840 208 σφοδρός

906 181 987 200 ποτυιη
1004 182 1064 208 qua:
1081 177 1154 201 retro
1167 178 1230 201 sunt
1242 173 1348 206 obtine,
1374 175 1406 201 ad
1424 183 1455 202 ea
1469 184 1529 210 qua!
1541 181 1606 203 sunt
1621 182 1684 204 aule

66 225 133 252 τιρον
147 215 326 242 ὲπεκτσθεῖσα
341 216 397 246 τοῖς
412 215 578 251 ἔμπροσθεν,
596 217 644 251 1ἤδη
659 217 787 251 τυγχάνει
800 216 845 244 τοῦ

67 260 175 291 σκοποῦ,
202 260 235 286 δι’
251 260 279 286 ὃν
297 261 310 286 ὁ
335 260 433 295 δρόμος
452 260 581 294 ἀνύεται,
606 261 654 287 καὶ
674 260 727 286 τῶν
743 261 772 286 ἐν
791 261 847 292 τοῖς

66 306 177 340 ταμείοις
197 305 343 341 θησαυρῶν
366 305 498 339 ἀξιοῦται.
521 306 590 341 Φησὶ
616 305 686 341 γὰρ,
711 306 752 332 ὅτι
775 308 845 332 Elv-

66 351 163 387 ήνεγκέ
172 360 209 386 με
224 353 240 378 ὁ
256 351 406 384 ,ϐασιλεὺς
426 353 469 384 εἰς
483 351 604 386 ταμεῖον
621 352 724 378 αὐτοῦ.
746 351 778 378 Ἦ
793 351 847 387 γὰρ

67 398 153 432 ἄκροις
168 397 287 432 χείλεσιν
300 397 402 431 ἀγαθοῦ
414 397 516 432 ψαῦσαι
530 397 682 432 ποθήσασα,
696 397 742 424 καὶ
754 397 848 424 τοσοῦ-

66 451 107 469 τον
122 442 197 477 μόνον
208 442 371 477 ἐφαψαμένη
387 442 432 468 τοῦ
448 442 574 474 κάλλους,
591 443 652 469 ὅσον
667 443 684 478 ἡ
698 442 749 477 τῆς
763 442 848 477 εὐχῆς

67 489 222 515 ἐνδείκνυται
236 486 349 522 δύναμις
360 507 368 519 ,
380 487 483 522 ηὓξατο
497 487 525 514 δὲ
539 485 594 514 οἷόν
609 497 682 520 τινος
695 487 848 523 φιλήματος

66 533 204 568 ἀξιωθῆναι
222 532 266 559 διὰ
282 533 331 568 τῆς
350 532 396 559 τοῦ
417 533 502 566 Λόγου
522 532 690 567 ὲλλάμψεως.
713 533 787 568 Αὕτη
813 533 848 560 δι’

65 575 99 604 ὧν
115 578 188 613 ἔτυχε
199 598 206 608 ,
223 577 270 604 καὶ
286 577 333 604 ἐπὶ
351 577 381 603 τὸ
397 577 532 612 ἐνδότερον
554 577 608 603 τῶν
630 578 795 612 ἀπορῤήτων
809 576 848 612 τῷ

53 619 181 658 λογισμῷ
196 623 344 654 διαδυεῖσα,
364 621 413 656 βοᾷ
432 622 468 657 μὴ
487 622 566 656 μόνον
584 622 614 648 ὲν
631 621 779 657 προθύροις
795 621 848 648 τῶν

67 669 169 702 ἀγαθῶν
181 667 251 695 εἶναι
264 668 309 695 τὸν
323 668 433 704 δρόμον,
451 667 520 695 ἀλλά
530 669 563 703 τῇ
577 669 688 703 ἀπαρχῇ
703 667 751 694 τοῦ
765 667 849 694 Πνεύ-

68 723 155 750 ματος,
172 709 203 740 οὗ
219 714 263 740 διὰ
277 714 327 749 τῆς
342 714 463 750 χάριτος,
479 712 535 740 οἷον
550 714 594 740 διά
609 722 681 745 τινος
699 713 849 748 φιλήματος

67 760 164 795 ἡξιὼοη
189 758 329 795 διερευνᾷν
351 759 398 786 τοῦ
423 758 489 786 Θεοῦ
509 759 542 785 τὰ
569 759 639 794 βάοη
653 778 659 790 ,
682 759 727 785 καὶ
750 759 778 784 ὲν
795 760 850 790 τοῖς

66 805 165 836 ἀδύτοις
189 805 235 831 τοῦ
262 802 437 840 παραδείσου,
459 805 530 831 κατὰ
555 804 600 831 τὸν
625 804 712 839 μέγαν
733 804 848 834 Παῦλον,

899 226 929 245 se
943 219 1104 246 extendunt.
1136 219 1201 245 Post
1224 223 1247 245 te
1264 219 1345 251 enim,
1370 220 1469 254 inquit,
1496 229 1630 248 curramus
1658 223 1684 249 in

900 263 1006 291 odorem
1026 268 1217 299 unguentorum
1235 266 1368 292 tuorum'.
1384 265 1436 293 Sed
1449 274 1488 293 ea:
1498 267 1607 301 quidem
1623 276 1684 302 qua:

897 309 1007 337 virtutis
1025 309 1147 337 nondum
1166 310 1268 338 habent
1283 310 1489 344 perfectionem,
1513 315 1539 339 ct
1554 317 1618 339 sunt
1633 313 1683 339 ad-

899 355 953 381 huc
969 358 1050 382 :etate
1067 355 1192 390 juvenes,
1212 356 1375 390 proﬁtentur
1390 365 1419 384 se
1434 365 1495 385 esse
1509 365 1639 386 cursurus
1651 359 1684 386 ad
1705 382 1719 394 ,

899 407 1013 435 scopum
1041 409 1122 436 quem
1150 402 1190 429 eis
1221 403 1339 430 ostendit
1367 403 1435 429 odor
1472 409 1683 438 unguentorum.

899 445 997 473 Dicunt
1005 446 1076 473 enim
1091 456 1097 474 :
1113 446 1256 474 Curi-emus
1270 448 1297 474 in
1308 448 1412 475 odorem
1420 454 1611 483 unguentorum
1624 455 1679 476 tuo-

901 498 971 518 rum.
987 491 1137 519 Perfectior
1162 496 1253 520 autem
1276 493 1367 520 anima
1387 493 1577 521 vehementius
1598 495 1631 521 ad
1654 502 1685 522 ea

903 545 964 572 qua:
976 542 1041 564 sunt
1064 542 1127 565 ante
1153 542 1277 570 extensa,
1294 539 1350 572 jam
1378 547 1490 574 scopum
1517 540 1685 574 assequitur,

899 586 1010 617 propter
1027 590 1107 617 quem
1133 591 1231 610 cursus
1248 584 1397 618 perficitur,
1417 589 1444 611 et
1459 584 1540 619 digna
1561 590 1687 611 censetur

900 629 1037 655 thesauris
1062 629 1107 663 qui
1131 633 1197 656 sunt
1224 629 1250 655 in
1269 630 1466 664 penetralibus.
1496 631 1566 657 Dicit
1590 631 1684 658 enim:

899 672 1055 700 Introduxit
1074 683 1114 701 me
1134 682 1179 701 rex
1194 675 1222 701 in
1236 683 1285 702 sua
1302 676 1458 709 penetralia.
1479 673 1545 702 Nam
1567 675 1612 702 illa
1628 676 1687 710 qui-

899 717 960 745 dem
978 726 1039 745 cum
1059 720 1174 746 summis
1190 720 1274 747 labris
1290 719 1389 746 bonum
1406 724 1518 759 tangere
1528 719 1687 747 desideras—

901 767 952 795 set,
968 768 996 790 et
1017 764 1248 798 pulchritutlincm
1273 765 1446 792 solummodo
1461 769 1565 791 tantum
1580 765 1686 799 attigis«

902 812 953 840 set,
967 814 1099 844 quantum
1116 810 1220 836 indicat
1236 810 1276 837 vis
1295 810 1419 844 optandi,
1444 811 1516 837 votis
1532 811 1609 844 petiit
1621 818 1688 844 qun-

65 852 127 886 ὁρᾷν
138 851 166 877 τέ
180 859 246 885 φησι
256 850 291 877 τὰ
305 851 418 884 ἀθέατα,
433 850 479 877 καὶ.
489 849 543 877 τῶν
553 849 694 885 ἀλαλήτων
709 850 844 886 ἐπακροᾶ-

906 851 958 878 lam
990 853 1071 880 veluti
1089 854 1184 880 osculo
1207 853 1289 888 digna
1314 854 1422 881 censeri
1445 861 1492 888 per
1517 853 1599 881 Verbi
1626 854 1688 880 illu-

67 897 125 924 σθαι
145 897 282 932 ῥημάτων.
640 903 644 908 '
685 907 690 914 ί

906 898 1085 925 uitiatione").
1100 898 1161 926 “see
1174 904 1264 926 autem
1291 904 1429 931 assecuta,
1459 903 1486 926 et
1502 900 1535 926 ad
1567 899 1684 926 interius

65 949 189 970 arcanum
204 943 366 978 cogitatione
380 943 622 978 iugressa,clamat
633 951 688 970 non
717 943 804 972 solum
816 950 877 971 esse
897 951 1008 972 cursum
1034 945 1060 972 in
1089 945 1231 973 vestibulis
1259 947 1405 977 bonorum,
1433 945 1481 973 sed
1503 946 1531 972 in
1558 945 1689 980 primitiis

65 993 190 1028 Spiritus,
205 999 252 1024 per
277 991 358 1026 cujus
377 991 504 1026 gratiam,
525 991 608 1018 veluti
638 999 686 1026 per
712 991 848 1026 quoddam
876 992 1012 1023 osculum,
1037 992 1118 1027 digna
1154 992 1248 1020 habita
1274 996 1316 1020 est
1340 1000 1400 1027 quae
1422 996 1591 1019 scrutaretur
1625 999 1689 1025 pro-

66 1040 146 1066 funda
175 1039 231 1070 Dei.
258 1043 284 1067 et
307 1047 369 1067 cum
386 1045 459 1067 esset
492 1040 520 1067 in
551 1039 640 1074 adytis
667 1039 796 1074 paradisi,
821 1044 852 1065 ut
890 1046 1005 1074 magnus
1039 1039 1106 1066 dicit
1135 1038 1246 1071 Paulus,
1282 1038 1384 1066 videret
1410 1046 1471 1074 quae
1502 1039 1553 1066 sub
1579 1038 1688 1066 oculum

66 1094 119 1114 non
150 1087 260 1119 cadunt,
301 1091 328 1114 et
352 1087 460 1114 audiret
492 1087 574 1114 verba
604 1094 665 1121 quae
692 1094 747 1112 non
782 1085 846 1112 licet
865 1085 965 1120 eloqui.

105 1133 134 1159 Ἦ
155 1133 182 1159 δὲ
200 1133 298 1169 ἑφεξῆς
325 1134 402 1168 ῥῆσις
418 1134 467 1168 τὴν
493 1133 721 1169 ὲκκλησιαστικὴν
744 1135 848 1159 οἰκονο-

67 1178 129 1213 μίαν
143 1178 307 1205 ὲκκαλύπτει
324 1178 363 1214 τῷ
377 1179 457 1214 λόγῳ.
474 1179 505 1205 Ol
523 1179 577 1214 γὰρ
592 1178 695 1213 πρῶτοι
714 1177 850 1212 μαθητευ-

65 1225 154 1256 Θέντες
164 1225 196 1259 τῇ
211 1225 312 1261 χάριτι,
326 1225 372 1251 καὶ
386 1225 519 1252 αὐτόπται
529 1225 576 1252 καὶ
589 1224 723 1260 ὑπηρέται
737 1225 850 1259 γενόμε-

65 1279 113 1303 νοι,
128 1271 176 1297 οὐκ
191 1272 219 1296 ὲν
233 1271 338 1302 ἑαυτοῖς
354 1271 383 1297 τὸ
398 1271 498 1305 ἀγαθὸν
515 1270 683 1306 περιώρισαν
693 1291 700 1302 ,
721 1270 790 1297 ἀλλὰ
803 1271 850 1296 καὶ

64 1317 120 1347 τοῖς
135 1316 191 1351 μετ’
206 1316 326 1347 ἐκείνους
342 1317 374 1342 ἐκ
392 1316 535 1347 διαδόσεως
545 1316 594 1351 τὴν
614 1316 699 1350 αὐτὴν
719 1315 849 1351 ἐποίησαν

65 1362 153 1396 χάριν.
168 1361 217 1387 Διὰ
226 1361 305 1387 τοῦτο
320 1362 387 1397 πρὸς
400 1361 448 1397 τὴν
463 1361 573 1396 νύμφην
585 1361 665 1396 φασὶν
679 1361 706 1387 αἱ
718 1361 848 1393 νεάνιδες,

65 1407 113 1441 τὴν
129 1406 250 1442 πρώτην,
259 1407 304 1433 διὰ
317 1407 364 1433 τοῦ
380 1407 451 1434 κατά
464 1407 551 1442 στόμα
562 1407 687 1442 γενέσθαι
696 1407 742 1434 τοῦ
751 1407 848 1441 Λόγου,

65 1453 120 1479 ’τῶν
142 1453 481 1488 ἀγαθῶνσπληρωθεῖσαν,
507 1454 555 1480 καὶ
577 1453 631 1480 τῶν
653 1454 851 1489 κεκρυμμένων

67 1499 224 1534 μυστηρίων
247 1499 426 1532 ἀξιωθεῖσαν,
445 1500 486 1526 ὅτι
520 1499 781 1534 ’Δγαλλιασώμεθα
803 1499 852 1526 καὶ

65 1544 278 1579 εὐφρανθῶμεν
288 1545 323 1571 ἐν
332 1545 392 1571 σοί.
410 1544 492 1580 Κοινὴ
504 1545 557 1579 γὰρ
572 1544 649 1580 ήμῶν
664 1545 722 1571 ἐστι
736 1543 809 1580 χαρὰ
823 1544 854 1571 τὸ

67 1590 114 1617 σὸν
133 1590 307 1625 ἀγαλλίαμα,
323 1592 364 1617 ὅτι
381 1590 419 1622 ὡς
439 1591 471 1617 σὺ
489 1591 537 1616 καὶ
555 1590 664 1625 ἀγαπᾷς
690 1590 759 1625 ὑπὲρ
783 1588 854 1616 οῐνον

65 1636 128 1666 τοὺς
150 1636 251 1670 μαζοὺς
269 1635 316 1662 τοῦ
332 1637 429 1670 Λόγου,
444 1636 515 1662 οὓτω
537 1635 584 1662 καὶ
607 1637 686 1671 ἡμεῖς
703 1636 744 1663 σέ.
761 1636 854 1671 Μιμη-

66 1680 179 1715 σώμεθα.
194 1681 257 1712 σοὺς
275 1681 387 1716 μαζοὺς,
401 1681 433 1707 δι’
449 1678 485 1707 ὧν
500 1681 563 1712 τοὺς
575 1681 686 1715 νηπίους
700 1681 729 1707 ὲν
744 1680 855 1716 Χριστῷ

65 1727 136 1760 γάλα
162 1727 291 1758 ποτίζεις.
322 1726 409 1762 ’Υπὲρ
429 1727 475 1753 τὸν
500 1726 642 1761 ἄνθρωπον
667 1727 855 1762 ἀγαπήσωμεν

65 1770 146 1799 οἶνον.
165 1773 221 1800 Καὶ
237 1773 275 1804 ὡς
295 1773 327 1800 ἄν
346 1781 386 1804 τις
407 1773 452 1798 ἐπὶ
470 1773 501 1798 τὸ
518 1772 685 1807 σαφεστερον
703 1773 855 1808 προαγάγοι

66 1818 97 1844 τὸ
123 1818 227 1853 νόημα,
254 1818 373 1844 τοιοῦτόν
393 1819 449 1844 ἐστι
475 1818 505 1844 τὸ
529 1818 690 1853 λεγόμενον·
715 1819 856 1854 Ἠγάπησε

65 1863 131 1894 τοὺς
149 1863 251 1898 μαζοὺς
268 1862 314 1889 τοῦ
330 1863 427 1897 Λόγου,
443 1864 457 1889 ό
474 1863 519 1889 ἐπὶ
533 1863 563 1889 τὸ
577 1864 673 1898 στῆθος
689 1864 736 1890 τοῦ
754 1865 856 1900 Κυρίου

66 1907 215 1935 ἀναπεσὼν
233 1907 369 1942 Ἰωάννης,
385 1908 432 1934 καὶ
444 1905 498 1934 οἶόν
510 1917 571 1935 τινα
584 1909 718 1944 σπογγιὰν
730 1910 779 1944 τὴν
792 1911 857 1936 ἑαυι

66 1953 116 1980 τοῦ
137 1952 252 1988 καρδίαν
270 1953 401 1988 παραθεὶς
417 1955 450 1989 τῇ
467 1955 541 1989 πηγῇ
561 1954 610 1990 τῆς
626 1954 709 1990 ζωῆς,
726 1955 773 1982 καὶ
788 1956 857 1991 πλή-

69 2008 120 2035 ρης
133 1999 166 2026 ἐκ
183 2008 255 2030 τινος
271 2000 389 2035 ἀρρήτου
407 2000 552 2032 διαδόσεως
567 2000 621 2027 τῶν
632 2001 857 2038 ἐγκειμένων

66 2045 115 2071 τοῦ
133 2044 251 2080 Χριστοῦ
272 2045 428 2087 μυστηρίων
445 2046 605 2080 γενόμενος,
623 2047 669 2072 καὶ
686 2046 750 2081 ἡμῖν
766 2046 857 2081 ἐπέχει

938 1133 1004 1166 Quae
1018 1137 1108 1161 autem
1125 1134 1256 1169 deinceps
1271 1134 1394 1170 sequitur
1409 1134 1505 1167 dictio,
1520 1132 1689 1161 ecclesiasti-

902 1185 961 1205 cam
975 1180 1157 1206 ceconomiam
1189 1179 1279 1207 verbis
1291 1179 1389 1215 aperit.
1415 1178 1482 1206 Nam
1498 1179 1544 1214 qui
1570 1179 1688 1213 primum

902 1224 1013 1251 fuerunt
1027 1225 1115 1259 gratia
1127 1225 1240 1257 eruditi,
1267 1229 1293 1253 et
1313 1225 1359 1260 qui
1372 1225 1490 1253 Verbum
1510 1225 1628 1260 primum
1647 1224 1689 1251 vi-

903 1270 1014 1302 derunt,
1037 1276 1065 1299 et
1076 1271 1101 1298 ei
1119 1271 1325 1304 ministrarunt,
1341 1278 1396 1298 non
1419 1270 1446 1297 in
1469 1271 1568 1305 seipsis
1587 1271 1689 1297 bonum

902 1318 1194 1352 circumscripserunt,
1224 1317 1272 1346 sed
1292 1317 1374 1345 etiam
1410 1317 1530 1352 posteris
1565 1316 1690 1344 eamdem

903 1365 1068 1398 paraverunt
1083 1363 1198 1397 gratiam
1210 1362 1230 1390 ".
1247 1361 1394 1397 Propterea
1412 1361 1506 1388 dicunt
1525 1361 1687 1388 adolescen-

903 1409 966 1436 tula:
980 1408 1013 1435 ad
1031 1415 1170 1443 sponsam,
1195 1416 1255 1443 qum
1267 1408 1353 1442 prima
1367 1407 1445 1434 bonis
1460 1407 1509 1434 fuit
1526 1407 1637 1441 repleta,
1661 1409 1688 1433 et

903 1456 1019 1483 occultis
1044 1456 1183 1491 mysteriis
1205 1455 1258 1482 fuit
1278 1456 1360 1490 digna
1376 1463 1383 1483 :
1399 1459 1544 1490 propterea
1561 1453 1635 1488 quod
1655 1460 1689 1480 ex

902 1509 950 1529 ore
964 1502 1046 1529 verba
1064 1509 1095 1528 ea
1111 1501 1251 1528 hauserit:
1265 1501 1434 1527 Exsultemus
1452 1504 1476 1526 et
1490 1499 1608 1526 themur
1620 1499 1690 1525 inte.

904 1547 1064 1575 Communis
1089 1547 1162 1574 enim
1183 1551 1277 1574 nostra
1295 1547 1389 1573 laetitia
1410 1549 1451 1573 est
1470 1550 1516 1572 tua
1534 1544 1691 1576 exsultatio,

904 1592 1032 1627 quoniam
1053 1592 1125 1619 sicut
1146 1595 1174 1618 tu
1190 1599 1266 1618 amas
1285 1599 1366 1626 supra
1387 1591 1479 1618 vinum
1500 1590 1584 1617 ubera
1598 1589 1692 1622 Verbi,

905 1637 941 1664 ita
957 1644 1008 1664 nos
1020 1644 1129 1672 quoque
1144 1641 1178 1663 te.
1194 1635 1334 1663 Imitemur
1348 1636 1432 1662 ubera
1451 1639 1496 1662 tua
1519 1642 1568 1670 per
1591 1642 1651 1669 qua:
1665 1639 1692 1660 tu

904 1683 975 1709 lacte
995 1686 1072 1717 potas
1084 1689 1131 1709 eos
1147 1681 1269 1716 quisunt
1292 1681 1412 1707 infantes
1423 1680 1449 1706 in
1462 1680 1585 1706 Christo.
1604 1678 1693 1712 Supra

907 1727 1042 1754 hominem
1061 1734 1184 1754 amemus
1201 1726 1307 1752 vinum.
1325 1726 1358 1752 Et
1376 1720 1406 1752 ut
1419 1732 1518 1752 sensus
1534 1724 1579 1750 ﬁat
1595 1723 1695 1750 diluci-

907 1771 977 1804 dior,
997 1772 1050 1799 tale
1072 1776 1115 1799 est
1132 1772 1157 1799 id
1171 1770 1244 1806 quod
1256 1770 1357 1798 dicitur
1372 1780 1378 1798 :
1395 1769 1476 1797 Verbi
1494 1769 1595 1795 amavit
1608 1768 1694 1795 ubera

907 1818 953 1852 qui
969 1825 1050 1853 supra
1063 1821 1160 1852 pectus
1176 1816 1282 1844 Domini
1300 1817 1326 1843 in
1341 1823 1420 1844 ccena
1437 1816 1572 1847 recubuit,
1594 1809 1621 1842 et
1642 1815 1696 1842 Vel-

908 1865 946 1892 uti
968 1864 1114 1899 quamdam
1138 1864 1279 1898 spongiam
1303 1870 1350 1890 cor
1375 1870 1455 1890 suum
1479 1862 1607 1897 apposuit
1628 1861 1695 1888 fonti

908 1911 979 1940 vitat.
998 1915 1024 1938 et
1047 1919 1079 1938 ex
1105 1909 1234 1937 ineifabili
1263 1908 1380 1944 quadam
1404 1908 1554 1935 traditione
1574 1907 1695 1942 repletus

907 1956 1008 1984 Christi
1021 1956 1169 1991 mysteriis,
1193 1955 1272 1982 nobis
1292 1962 1400 1990 quoque
1418 1955 1527 1981 exhibet
1546 1954 1696 1981 mamillam

910 2002 1025 2030 aVcrbo
1042 2001 1192 2036 impletum,
1215 2008 1321 2035 nosque
1345 2000 1439 2035 implet
1461 2000 1541 2027 bonis
1563 2007 1622 2034 quae
1644 1999 1696 2026 eia

910 2048 985 2075 fonte
1006 2050 1071 2075 sunt.
1104 2047 1200 2078 indita,
1230 2054 1327 2081 magna
1354 2053 1420 2073 voce
1449 2045 1602 2080 praadicaus
1626 2044 1697 2079 quod

65 2092 118 2127 τὴν
136 2091 327 2126 πληρωθεῖσαν
342 2091 393 2118 ὑπὸ
407 2091 453 2118 τοῦ
468 2091 553 2126 Λόγου
571 2091 664 2127 θηλὴν,
680 2092 728 2118 καὶ
748 2092 854 2127 πλήρεις

913 2101 1023 2128 semper
1035 2096 1078 2120 est
1093 2093 1223 2120 Verbum.
1241 2091 1318 2119 Unde
1339 2099 1389 2119 uos
1413 2099 1522 2126 quoque
1547 2091 1643 2118 merito
1658 2091 1697 2117 illi

66 2139 143 2164 ποιεῖ
157 2137 212 2164 τῶν
226 2137 388 2164 ὲντεθέντων
397 2137 471 2172 αὐτῷ
486 2138 561 2172 παρά
572 2138 622 2173 τῆς
634 2137 725 2173 πηγῆς
735 2138 859 2172 ἀγαθῶν,

66 2183 216 2218 κηρύσσων
231 2184 259 2209 ὲν
280 2183 471 2218 μεγαλοφωνία
485 2183 529 2210 τὸν
547 2183 589 2209 ἀεὶ
605 2183 670 2210 ὄντα
685 2183 781 2217 Λόγον·
800 2184 861 2210 ὅθεν

66 2229 185 2260 εἰκότως
205 2230 251 2256 καὶ
275 2230 354 2265 ἡμεῖς
371 2229 439 2264 πρὸς
455 2229 536 2256 αὑτὸν
555 2229 671 2265 ἐροῦμεν
683 2249 690 2261 ,
706 2230 746 2256 ὅτι
775 2230 859 2263 Ἀγα-

65 2274 216 2309 πήσωμεν
224 2276 362 2309 λιασοούς
371 2283 430 2302 σου
440 2274 516 2309 ὑπὲρ
528 2273 623 2302 οἶνον.
635 2275 721 2309 Εῐπερ
732 2274 764 2309 δὴ
779 2274 863 2301 τοιοῦ-

65 2328 109 2346 τοι
140 2321 310 2355 γεγόναμεν,
333 2322 372 2353 ὡς
390 2321 509 2352 νεάνιδες
533 2319 613 2353 εἶναι,
638 2321 685 2348 καὶ
711 2322 779 2356 μήτε
802 2322 861 2352 ταῖς

65 2367 153 2402 φρεσὶ
171 2367 312 2401 νηπιάζειν
328 2368 378 2394 ὑπὸ
392 2368 442 2403 τῆς
455 2369 488 2403 τῇ
507 2367 666 2402 ματαιότητι
683 2367 862 2402 συνεζευγμέ-

65 2421 118 2447 vr‘;
136 2412 273 2447 νεότητος,
293 2414 359 2448 μήτε
375 2413 545 2448 ρυτιδοῦσθαι
558 2413 591 2440 δι’
606 2413 744 2449 ἁμαρτίας
758 2414 787 2440 ἐν
809 2422 861 2439 πα-

65 2457 196 2492 λαιότητι
213 2458 247 2492 τῇ
264 2459 302 2489 εἰς
322 2458 474 2493 ἀιρανισμὸν
493 2459 703 2495 καταληγούσῃο
723 2459 768 2485 διὰ
784 2459 863 2486 τοῦτο

65 2503 96 2530 δὲ
118 2503 274 2538 ἀγαπῶμεν
298 2504 347 2538 τὴν
373 2504 428 2530 τῶν
453 2505 507 2531 σῶν
530 2505 702 2541 διδαγμάτων
720 2505 862 2541 ὲπιρῤοὴν,
886 2515 891 2520 ·

65 2550 110 2576 ὅτι
132 2549 174 2575 Σὲ
189 2549 207 2582 ἠ
227 2549 354 2582 εὐθύτης
369 2548 537 2583 ἠγάπησεν-ι
552 2547 629 2582 οὗτος
644 2551 697 2587 γὰρ
712 2553 725 2578 ό
739 2551 863 2586 μαθητὴς

63 2595 97 2620 ὃν
123 2594 223 2629 ἠγάπα
240 2595 254 2621 ὁ
283 2594 405 2629 Ἰησοῦς⁸
429 2595 532 2630 Ἰησοῦς
553 2595 581 2622 δέ
599 2597 671 2623 ἐστιν
697 2598 713 2632 ὴ
738 2596 862 2632 εὐθύτης.

66 2640 192 2666 Κάλλιον
206 2640 295 2666 δὲκαὶ
314 2639 547 2675 θεοπρεπέστερον
566 2642 580 2667 ὁ
599 2641 676 2676 λόγος
694 2640 770 2673 οὗτος
789 2643 864 2677 παρὰ

63 2686 114 2712 τὸν
141 2686 286 2721 προφήτην
310 2685 392 2712 Δαὸὶδ
411 2685 537 2720 ὀνομάζει
558 2687 602 2713 τὸν
621 2687 733 2723 Κύριον,
760 2688 788 2714 'U
817 2688 864 2723 μὲν

65 2729 125 2764 γάρ
143 2738 238 2764 φησιν,
256 2730 296 2756 ὅτι
317 2729 415 2762 Εὐθὺς
430 2731 536 2763 Κύρνος
555 2733 571 2758 ὁ
586 2733 671 2764 Θεός-
688 2731 763 2764 οὗτος
778 2733 803 2759 δὲ
821 2734 864 2759 εὑ-

105 2817 203 2844 IPhil.
223 2826 264 2852 tu,
283 2820 323 2846 15.
364 2820 404 2847 ‘ll
424 2822 486 2848 Cor.
505 2829 553 2854 xu,
576 2822 584 2848 i
608 2830 668 2857 sqq.

724 2823 731 2837 ⁵
744 2822 823 2849 Joan.
843 2831 897 2855 xu,
912 2824 937 2850 7.

911 2139 1052 2166 dicemus:
1074 2137 1222 2172 Diligamus
1247 2137 1328 2163 ubera
1369 2141 1414 2163 tua
1445 2144 1526 2170 supra
1553 2135 1652 2162 vinum.
1670 2135 1697 2162 Si

912 2186 1003 2220 itaque
1021 2191 1116 2211 sumus
1140 2182 1287 2218 ejusmodi,
1309 2186 1338 2209 ut
1367 2183 1454 2210 simus
1479 2181 1696 2213 adolescentuke.

911 2236 938 2259 et
952 2238 1040 2266 neque
1070 2235 1161 2257 mente
1181 2229 1269 2256 simus
1291 2228 1410 2255 infantes
1439 2228 1474 2254 ob
1491 2228 1605 2254 vanitati
1631 2235 1698 2254 eun-

909 2277 1032 2312 junctam
1044 2276 1227 2310 iuventutem,
1248 2282 1335 2310 neque
1350 2274 1425 2309 rugis
1440 2273 1624 2300 deformcmur
1642 2281 1699 2308 pro-

913 2329 972 2358 pter
988 2326 1143 2358 peccatum,
1160 2320 1230 2356 quod
1245 2320 1272 2347 iu
1294 2323 1431 2347 vetustate
1447 2319 1547 2346 desinit
1563 2319 1588 2345 in
1606 2320 1699 2346 inlcri-

912 2372 986 2400 tum;
1005 2371 1150 2403 propterea
1165 2370 1256 2393 autem
1274 2365 1413 2400 diligimus
1430 2363 1700 2392 tuorumducumen-

913 2418 1003 2441 torum
1017 2412 1163 2444 inﬂuxum,
1190 2411 1261 2445 Quia
1275 2415 1298 2438 te
1310 2411 1406 2438 dilexit
1430 2411 1570 2438 rectitude.
1593 2410 1641 2438 llic
1658 2415 1698 2439 cst

914 2460 986 2487 enim
1004 2458 1167 2493 discipulus,
1183 2465 1263 2492 quem
1284 2456 1412 2492 diligebat
1428 2455 1539 2484 Jcsus‘:
1553 2456 1633 2483 JCSIIS
1656 2465 1701 2483 au-

914 2511 968 2532 tem
984 2509 1025 2532 cst
1041 2504 1188 2532 rectitudo.
1204 2502 1351 2529 Pulchrius
1373 2506 1464 2529 autem
1483 2505 1509 2528 et
1526 2501 1581 2529 Deo
1601 2510 1700 2529 eome-

916 2551 1035 2578 nientius
1048 2550 1091 2576 hic
1110 2550 1178 2576 liber
1202 2548 1324 2575 nominat
1357 2547 1500 2574 Dominum
1529 2556 1610 2583 quant
1635 2557 1698 2583 pto-

917 2597 996 2632 phcta
1015 2595 1109 2623 David.
1127 2594 1210 2622 David
1228 2594 1301 2622 enim
1328 2593 1393 2620 dicit
1409 2603 1415 2620 :
1431 2592 1525 2620 Rectus
1544 2599 1582 2621 eat
1612 2593 1701 2620 Dein-

917 2651 964 2669 nus
977 2642 997 2668 '.
1016 2641 1065 2669 llic
1082 2645 1242 2668 autcmcum
1259 2639 1613 2674 vocatrcctitudincm,quo
1625 2640 1704 2674 quid—

916 2689 981 2724 quid
999 2693 1042 2715 est
1061 2687 1202 2722 obliquum
1215 2686 1362 2720 corrigitur
1376 2690 1403 2713 ct
1417 2685 1560 2712 deducitur
1574 2685 1606 2712 ad
1625 2686 1706 2711 recti-

918 2734 1050 2761 tudiuem.
1063 2732 1116 2760 Sed
1130 2736 1155 2761 in
1171 2733 1249 2760 nobis
1263 2739 1370 2767 quoque
1389 2732 1444 2762 iiut,
1466 2735 1493 2757 ut
1508 2731 1639 2765 quidquid
1659 2737 1700 2758 cst

989 2822 998 2837 ³
1009 2822 1081 2850 l'sul.
1101 2831 1153 2854 xei,
1178 2824 1218 2850 te.
