1989 3070
75 127 124 155 789

603 128 635 155 IN
656 128 801 156 CANTICA
822 127 1101 158 CANTICJIOMILIA
1123 131 1153 158 ll.

1635 135 1688 162 790

74 186 161 220 μένοις
174 185 206 220 τῇ
220 184 290 217 λέξει
302 185 434 220 νοήμασιν
449 185 536 218 ἐστιν,
551 187 575 212 εὶ
592 186 671 220 μόνον
684 186 852 221 ἐπιτηδείους

907 188 1046 216 sententiis
1058 194 1117 223 qna:
1131 189 1214 217 latent
1225 190 1251 217 in
1265 190 1421 222 dictione,si
1434 191 1514 218 modo
1521 192 1582 218 vilze
1591 199 1689 218 curram.

74 231 139 266 πρὸς
153 230 201 266 τὴν
216 231 255 262 εἰς
271 230 304 257 τὰ
317 231 399 265 ’Ἅγια
413 231 465 257 τῶν
481 232 564 265 ἁγίων
579 231 680 259 εἴσοδον
694 232 806 263 ἑαυτοὺς
822 232 854 258 δι’

74 275 230 310 ἐπιμελείας
245 275 291 302 τοῦ
310 275 367 310 βίου
381 277 553 311 ποιήσαιμεν,
566 277 605 312 τῷ
619 277 728 312 λουτῆρι
745 277 791 304 τοῦ
805 278 856 304 A6-

75 329 122 354 γου
142 320 232 347 πάντα
255 320 339 355 ῥύπον
363 321 478 357 αίσχρᾶς
501 321 604 353 ἑννοίας
626 322 854 358 ἀποκλυσὰμενοι,

76 367 178 401 μήποτε
195 366 356 401 θνήσκοντες
372 367 448 402 παρὰ
466 367 497 394 τὸ
511 367 693 402 παράγγελμα
703 368 750 394 τοῦ
762 368 854 404 νόμου,

75 411 233 446 θνησιμαίου
254 412 404 446 νοήματος,
423 412 440 447 ἦ
464 420 535 444 τινος
554 413 608 439 τῶν
635 412 795 449 ἀκαθάρτων
814 414 856 440 ὲν-

75 457 177 492 θυμίων
200 457 346 492 ἁψάμενοι,
378 457 486 485 ἀθέατοι
509 459 564 485 τῶν
588 459 662 490 ἐντὸς
680 459 730 492 τῆς
753 459 855 495 σκηνῆς

75 502 220 538 θαυμάτων
235 503 467 538 ἀποκλεισθῶμεν.
480 503 517 530 Οὐ
528 503 582 540 γὰρ
602 505 782 540 παραδέχεται
802 505 856 532 τῶν

74 551 199 577 τοιούτων
218 551 268 586 τὴν
293 551 393 578 εἴσοδον
412 552 426 578 ὁ
447 551 494 578 τοῦ
519 551 672 586 πνεύματος
696 553 792 587 νόμος,
809 553 856 580 ἐὰν

77 597 111 632 μή
131 605 172 628 τις
196 597 282 632 πλύνῃ
304 597 334 623 τὸ
348 598 397 633 τῆς
417 598 593 633 συνειδήσεως
617 598 712 624 ἑαυτοῦ
736 599 854 633 ἱμάτιον,

75 642 144 669 κατὰ
162 643 192 669 τὸ
213 643 349 674 Μωῡσέως
364 644 556 679 παράγγελμα,
570 644 585 670 ὁ
602 645 701 680 νεκρᾶς
717 654 788 677 τινος
809 647 856 673 καὶ

77 687 220 722 βδελυκτῆς
235 687 339 718 ἑννοίας
355 688 503 722 ἁψάμενος.

112 733 187 765 Ἀγει
208 732 236 759 δὲ
258 733 304 759 τὸν
332 733 409 767 λόγον
437 735 453 768 ὴ
472 733 615 761 ἀκολουθία
636 735 690 762 τῶν
706 735 855 771 προεξητα-

77 778 180 811 σμένων
193 779 260 814 πρὸς
272 779 321 814 τὴν
332 779 446 814 θεωρίαν
457 780 511 806 τῶν
524 781 599 816 παρὰ
610 781 660 816 τῆς
669 782 778 817 νύμφης
789 782 856 817 πρὸς

75 824 122 854 τὰς
137 824 257 855 νεάνιδας
281 825 442 860 εἰρημένων.
462 827 539 853 Ἐστι
558 826 687 854 δὲταῦτα
699 836 705 842 -
721 827 855 854 Μέλαινά

75 870 130 902 εἰμι
142 869 189 896 καὶ
204 870 292 903 καλὴ,
305 871 462 905 θυγατέρες
479 872 681 907 Ἰερουσαλὴμ,
694 873 733 905 ὡς
744 872 856 906 σκηνώ-

72 923 149 948 ματα
165 915 263 949 Κηὸὰρ
275 936 283 948 ,
296 917 335 949 ὡς
352 916 464 951 δέρῤεις
481 917 630 952 Σολομὼν.
643 918 740 950 Καλῶς
754 919 770 954 ὴ
785 918 856 946 διδά-

76 961 171 992 σκαλος
183 961 228 994 ἀφ’
240 958 277 988 ὧν
290 962 343 989 ἔδει
353 965 413 995 ταῖς
427 963 658 999 μαθητευομέναις
668 965 764 999 ψυχαῖς
775 965 856 999 ἄρχε-

75 1015 117 1032 ται
131 1007 263 1034 ποιεῖσθαι
275 1009 328 1035 τῶν
342 1009 452 1043 ἀγαθῶν
464 1011 513 1045 τὴν
530 1011 667 1045 ὑφήγησιν
677 1018 683 1024 “
699 1011 727 1036 αἱ
743 1010 790 1044 μὲν
802 1010 856 1045 γὰρ

75 1051 221 1086 προθύμως
237 1053 339 1088 ἔχουσι,
353 1055 386 1081 δι’
398 1051 435 1081 ὦν
454 1055 679 1090 ἐπαγγέλλονται,
693 1055 791 1086 παντὸς
807 1055 855 1081 ἀν-

74 1096 207 1130 θρωπίνου
239 1098 336 1132 λόγου,
367 1099 396 1126 ὃν
425 1097 495 1126 οἶνον
521 1101 658 1136 τροπικῶς
683 1101 854 1135 ὀνομάζουσι,

75 1143 272 1178 προτιμοτέραν
287 1144 420 1172 ποιεῖσθαι.
442 1145 491 1180 τὴν
513 1147 545 1172 ἐκ
563 1146 618 1172 τῶν
642 1145 757 1179 λογικῶν
771 1146 856 1181 αὐτῆς

75 1186 168 1220 μαζῶν
182 1187 367 1222 ἀπορρέουσαν
393 1189 471 1225 χάριν
484 1209 490 1220 ,
508 1189 593 1221 οὕτως
611 1190 735 1216 είποῦσαι
749 1190 786 1225 τῷ
809 1192 857 1226 ῥή-

75 1240 138 1265 ματι
149 1251 156 1262 ,
171 1232 211 1258 ὅτι
229 1233 436 1268 Ἀγαπήσομεν
448 1236 586 1268 μασθούς
599 1244 657 1263 σου
674 1235 749 1270 ὺπέρ
761 1234 854 1269 οἶνον,

73 1276 175 1309 ἐπειδή
190 1285 227 1304 σε
244 1279 262 1312 ἠ
277 1279 404 1313 εὐθύτης
418 1280 586 1314 ἠγάπησεν.
605 1281 637 1308 Ἠ
653 1281 681 1308 δὲ
697 1282 856 1318 προσθήκην

75 1323 145 1347 ποιεῖ
159 1324 220 1354 ταῖς
240 1323 471 1359 μαθητευομὲναις
489 1326 536 1352 τοῦ
561 1328 625 1362 περὶ
642 1327 727 1362 αὐτὴν
751 1327 855 1363 Θαύμα-

74 1374 118 1398 τος
129 1373 136 1380 ·
145 1367 182 1398 ὡς
192 1367 224 1394 ἂν
236 1368 334 1402 μᾶλλον
348 1369 480 1404 μάθοιμεν
494 1371 543 1406 τὴν
557 1372 710 1407 ἀμέτρητον
725 1372 771 1399 τοῦ
787 1382 856 1408 νυμ-

73 1412 134 1446 φίου
162 1413 382 1448 φιλανθρωπίαν,
411 1415 457 1441 τοῦ
484 1416 527 1442 διὰ
547 1417 595 1451 τῆς
618 1418 728 1452 ἀγάπης
743 1419 855 1446 ἐπιϐαλ-

73 1457 164 1489 λοντος
174 1459 206 1493 τῇ
217 1459 392 1495 ἀγαπηθείσῃ
404 1460 433 1487 τὸ
449 1461 554 1494 κάλλος.
565 1462 608 1497 Μὴ
621 1463 778 1500 θαυμάσητε
790 1465 854 1500 γὰρ,

905 238 1040 268 gerentes,
1060 242 1110 262 nos
1129 239 1206 270 aptos
1228 236 1426 264 reddiderimus
1445 241 1476 263 ut
1501 237 1686 272 ingrediantur

907 280 933 306 in
947 279 1045 307 Sancta
1058 286 1227 313 sanctorum,
1243 282 1350 308 lavacro
1367 281 1446 309 Verbi
1457 282 1541 309 abluti
1557 282 1686 309 sordibus

906 323 1041 352 obscmnze
1053 326 1234 361 cogitationis.
1247 334 1279 354 ne
1295 327 1318 354 si
1332 332 1428 361 praeter
1443 327 1509 362 legis
1521 331 1685 362 praeceptum

907 371 1076 398 morticinam
1101 372 1200 400 mentis
1216 373 1431 406 conceptionem.
1456 376 1502 400 aut
1518 373 1684 400 immundam

907 416 1024 451 aliquam
1053 417 1223 451 attigerimus
1256 418 1467 452 cogitationem,
1496 417 1684 450 excludamur,

906 468 956 488 nec
971 462 1186 496 contemplemur
1199 463 1329 489 miracula
1349 455 1410 497 quia
1426 467 1489 490 sunt
1507 463 1576 489 intra
1597 463 1687 490 taber-

905 508 1045 534 naculum.
1067 507 1120 534 Lex
1135 508 1206 535 enim
1229 509 1342 543 spiritus
1363 516 1416 535 non
1435 509 1566 543 permittit
1587 513 1617 535 nt
1640 508 1686 543 qui

907 558 1040 580 mortuam
1063 559 1090 581 et
1108 554 1316 582 abominandam
1340 555 1458 588 tetigerit
1483 555 1685 588 cogitationem.

907 599 1084 634 ingrediatur.
1112 600 1174 631 nisi,
1211 604 1239 626 ut
1264 600 1386 635 praecipit
1423 600 1511 628 Moses
1523 599 1546 632 ⁸,
1571 600 1687 627 abluerit

906 650 1009 674 vestem
1022 654 1078 673 sum
1095 646 1279 674 censcientiae.

940 735 1096 764 Orationem
1126 739 1215 763 autem
1231 736 1341 763 deducit
1367 735 1560 770 consequentia
1592 743 1686 762 eorum

905 789 966 817 quae
989 781 1065 816 prius
1094 785 1158 809 sunt
1179 781 1352 813 examinata,
1377 781 1410 808 ad
1431 780 1685 814 contemplationem

906 835 999 856 corum
1021 835 1081 862 qua:
1106 834 1120 854 a
1148 834 1247 862 sponsa
1273 826 1344 853 dicta
1373 830 1437 853 sunt
1463 825 1685 853 adolescentulis.

907 873 969 900 llzee
991 877 1079 900 autem
1096 876 1159 900 sunt
1179 881 1186 899 :
1207 871 1290 906 Nigra
1305 879 1363 898 sum
1378 875 1401 897 et
1416 871 1549 906 formosa,
1564 870 1627 904 filiai
1642 869 1687 897 ,ιε-

906 919 1032 950 rusalem.
1048 919 1114 944 sicut
1133 916 1302 944 tabernacula
1318 915 1415 949 Cedar,
1431 916 1498 942 sicut
1517 915 1595 949 pelles
1609 915 1688 942 Salo-

906 965 999 991 monis.
1023 964 1106 991 Recte
1125 967 1216 990 autem
1240 962 1337 997 incipit
1355 962 1485 997 magistra
1509 969 1543 989 ex
1569 961 1603 988 iis
1627 969 1688 996 qua:

904 1011 1025 1046 oportuit
1045 1010 1188 1036 animabus
1206 1018 1266 1044 qua:
1285 1010 1392 1036 disrnnt
1413 1009 1546 1036 bonorum
1567 1008 1688 1042 praebere

904 1057 1126 1090 explicationem.
1141 1055 1207 1082 Nam
1221 1055 1273 1082 illa:
1286 1054 1406 1089 quidem,
1418 1062 1465 1088 per
1483 1062 1515 1081 ea
1529 1062 1589 1088 qua:
1606 1054 1687 1089 proli-

905 1107 1006 1133 tentur,
1023 1104 1086 1128 sunt
1101 1104 1225 1135 prompto
1236 1104 1263 1127 et
1278 1100 1361 1127 alacri
1378 1099 1481 1131 animo.
1496 1103 1525 1126 ut
1538 1099 1625 1126 cuivis
1639 1099 1688 1125 hu—

905 1154 992 1174 manae
1006 1147 1116 1177 rationi.
1131 1153 1212 1180 quam
1235 1145 1339 1180 tropice
1354 1145 1445 1172 vinum
1456 1145 1607 1174 nominant.
1622 1152 1688 1179 prae.

906 1191 992 1219 ferant
1002 1199 1062 1226 qum
1070 1199 1101 1218 ex
1114 1192 1217 1218 ratione
1229 1190 1350 1225 przeditis
1363 1190 1422 1224 ejus
1435 1190 1565 1217 uberibus
1579 1190 1687 1224 proﬂuit

905 1239 1031 1273 gratiam,
1045 1237 1088 1265 his
1112 1237 1202 1264 verbis
1223 1237 1345 1264 dicentes
1361 1244 1367 1262 :
1388 1235 1531 1270 Diligemus
1546 1235 1625 1262 ubera
1640 1240 1687 1262 tua

905 1291 986 1317 supra
1000 1283 1102 1315 uinum,
1119 1282 1181 1316 quia
1200 1286 1224 1308 te
1249 1281 1345 1308 dilexit
1364 1281 1504 1308 rectitudo.
1523 1281 1581 1315 Ipsa
1595 1284 1686 1308 autent

905 1328 1073 1356 discentibus
1095 1328 1168 1355 addit
1192 1327 1370 1358 miraculum,
1394 1326 1466 1362 quod
1490 1327 1517 1353 in
1534 1334 1563 1353 se
1585 1326 1685 1353 factum

904 1379 955 1406 est,
970 1378 999 1401 ut
1013 1374 1099 1408 magis
1111 1373 1250 1400 discamus
1269 1373 1427 1400 immensam
1446 1372 1538 1406 sponsi
1558 1373 1666 1406 benigni
1677 1387 1684 1393 -

905 1424 998 1450 tatem,
1013 1419 1059 1454 qui
1074 1419 1178 1446 dilecta-
1195 1426 1241 1453 per
1257 1418 1430 1446 dilectionem
1449 1418 1547 1445 indidit
1566 1419 1685 1452 pulchri-4

906 1458 1037 1492 tudinem.
1059 1463 1156 1496 Nolite,
1174 1464 1273 1498 inquit,
1290 1463 1394 1495 mirari,
1413 1463 1485 1498 quod
1503 1471 1545 1490 me
1559 1463 1687 1490 dilexerit

74 1503 166 1550 φησιν,
181 1505 221 1531 ὅτι
241 1505 275 1540 μὲ
293 1505 406 1543 εὐθύτης
424 1508 575 1543 ἠγάπησεν,
596 1509 653 1535 ἀλλ’
667 1510 708 1536 ὅτι
727 1510 855 1545 μέλαιναν

908 1511 1060 1542 rectitude;
1077 1509 1125 1537 sed
1141 1509 1213 1544 quod
1223 1528 1231 1542 ,
1246 1517 1306 1536 cum
1320 1509 1396 1544 nigra
1411 1517 1500 1536 essem
1518 1513 1644 1544 peccato.
1660 1513 1687 1536 ct

73 1547 156 1576 οὖσαν
173 1550 202 1582 ἐξ
228 1550 364 1586 ἁμαρτίας
375 1572 382 1584 ,
400 1553 446 1579 καὶ
466 1555 709 1590 προσῳκειωμένην
725 1555 764 1590 τῷ
780 1555 854 1591 ζόφῳ

73 1595 119 1622 διὰ
134 1596 188 1622 τῶν
200 1596 304 1632 ἔργων,
324 1597 408 1633 καλὴν
425 1598 468 1625 διὰ
483 1599 532 1634 τῆς
545 1600 655 1636 ἀγάπης
666 1600 808 1636 ἐποίησεν,
825 1601 854 1628 τὸ

74 1641 138 1667 ἴδιον
152 1641 247 1673 κάλλος
270 1642 338 1677 πρὸς
360 1643 390 1669 τὸ
413 1643 477 1678 ἐμὸν
495 1643 586 1679 αἶσχος
611 1646 853 1681 ἀνταλλαξάμενος.

73 1685 208 1717 Μεταθεὶς
221 1686 275 1721 γὰρ
289 1687 357 1722 πρὸς
373 1688 467 1715 ἑαυτὸν
482 1689 527 1716 τὸν
549 1690 602 1716 τῶν
618 1690 693 1725 ἐμῶν
714 1691 855 1727 ἁμαρτιῶν

74 1731 170 1766 ῥύπον,
188 1732 323 1766 μετέδωκέ
338 1741 382 1767 μοι
398 1733 447 1767 τῆς
461 1734 558 1761 ἑαυτοῦ
576 1735 760 1771 καθαρότητος
771 1757 778 1769 ,
797 1745 855 1763 κοι-

72 1776 157 1803 νωνὸν
177 1785 210 1811 με
236 1778 282 1804 τοῦ
308 1777 404 1804 ἑαυτοῦ
429 1778 543 1810 κάλλους
567 1780 807 1816 ἀπεργασάμενος·
827 1781 856 1814 ὃς

73 1821 182 1856 πρῶτον
195 1821 320 1856 ἐποίησεν
335 1822 364 1854 ἐξ
379 1822 512 1856 είδεχθοῦς
536 1823 670 1858 ἐρασμίαν
680 1844 687 1856 ,
703 1825 750 1851 καὶ
771 1824 857 1857 οὕτως

73 1867 228 1901 ἠγάπησεν,
245 1867 322 1893 Μετὰ
349 1867 434 1893 ταῦτα
458 1868 641 1903 προτρέπεται
664 1869 713 1901 τὰς
736 1869 857 1902 νεάνιδας

73 1912 122 1938 καὶ
137 1912 222 1943 αὐτὰς
248 1912 373 1946 γενέσθαι
394 1913 493 1945 καλὰς,
511 1915 542 1940 τὺ
564 1914 623 1940 καθ’
647 1914 745 1950 ἑαυτὴν
763 1915 858 1948 κάλλος

74 1957 297 1992 προδεικνύουσα,
315 1958 374 1984 καθ’
391 1959 535 1994 ὁμοιότητα
548 1959 595 1986 τοῦ
618 1960 735 1995 μεγάλου
752 1961 857 1988 Παύλου

73 2003 216 2037 λέγοντος·
231 2004 358 2031 Γίνεσθε
372 2004 412 2037 ὡς
434 2004 491 2039 ἐγὼ
503 2025 511 2038 ,
526 2005 570 2032 ὅτι
590 2005 670 2040 κάγὼ
692 2006 733 2038 ὡς
755 2006 838 2040 ὑμεῖς
849 2014 856 2022 ·

74 2050 132 2082 καὶ,
150 2049 279 2084 Mummi
293 2059 352 2084 μου
368 2050 496 2084 γίνεσθε,
511 2051 607 2084 καθὼς
625 2051 704 2086 κάγὼ
718 2052 856 2086 Χριστοῦ.

73 2096 124 2122 Διὸ.
138 2095 216 2122 τοῦτο
231 2096 284 2130 γὰρ
299 2096 350 2123 οὐκ
363 2097 396 2131 ἐᾷ
412 2096 461 2128 τὰς
484 2096 703 2132 μαθητευομένας
723 2098 790 2133 αὐτῇ
807 2098 858 2133 ψυ-

73 2142 125 2177 χὰς
139 2142 208 2178 πρὸς
221 2142 251 2168 τὸ
266 2143 428 2178 παρῳχηκὸς
441 2142 487 2169 τοῦ
503 2143 561 2178 βίου
579 2143 728 2178 βλεπούσας
742 2144 858 2171 ἀπελπί-

73 2187 131 2219 ζειν
155 2187 201 2214 τοῦ
224 2187 346 2222 γίνεσθαι
362 2188 447 2220 καλάς
457 2197 464 2204 ⁸
480 2188 547 2215 ἀλλὰ
562 2189 629 2224 πρὸς
643 2189 727 2224 αὐτὴν
751 2189 857 2226 ὁρώσας

71 2233 151 2260 τοῦτο
169 2233 313 2268 μανθάνειν
327 2233 371 2260 διὰ
380 2234 428 2260 τοῦ
448 2234 658 2270 ὑποδείγματος,
672 2235 712 2261 ὃτι
728 2234 758 2261 τὸ
770 2235 857 2271 παρὸν

72 2277 177 2312 γίνεται
195 2278 242 2304 τοῦ
257 2279 450 2313 παρῳχηκὸτος
463 2279 649 2314 προκάλυμμα
659 2300 666 2312 ,
684 2279 730 2306 ἐὰν
745 2280 858 2315 ἄμωμον

71 2322 101 2359 ᾖ.
120 2324 201 2357 Λέγει
214 2324 283 2359 γὰρ,
300 2325 340 2351 ὅτι
352 2324 411 2351 Κᾶν
428 2323 475 2350 νῦν
490 2333 540 2360 μου
555 2324 696 2359 ἐπιλάμπῃ
707 2324 737 2350 τὺ
750 2324 856 2358 κάλλος,

72 2370 87 2395 ὅ
101 2377 148 2404 μοι
169 2368 212 2395 διὰ
232 2369 278 2395 τοῦ
297 2369 471 2404 ἀγαπηθῆναι
487 2369 562 2405 παρὰ
581 2370 630 2404 τῆς
651 2370 795 2405 εὐθύτητος
811 2371 858 2397 ἐπ-

73 2413 233 2450 εμορφώθη,
249 2414 306 2440 ἀλλ’
321 2411 378 2440 οῖδα
395 2415 515 2450 ἐμαυτὴν
531 2415 562 2441 οὺ
579 2415 708 2450 λαμπρὰν
727 2413 810 2442 οὖσαν
829 2416 860 2442 τὸ

74 2459 216 2494 καταρχὰς
226 2478 233 2490 ,
250 2459 317 2485 ἀλλὰ
333 2459 469 2494 μέλαιναν.
485 2461 520 2486 Τὸ
534 2460 562 2487 δὲ
576 2460 696 2487 τοιοῦτον
713 2459 782 2492 εἶδος
798 2462 860 2496 περὶ

73 2505 136 2539 ἐμὲ,
153 2504 183 2530 τὸ
209 2503 344 2529 σκοτεινὸν
367 2503 414 2530 καὶ
442 2503 576 2538 ζοφῶδες,
598 2505 613 2530 ὁ
640 2504 781 2540 προλαϐὼν
805 2504 860 2538 βίος

73 2550 213 2584 ἐποίησεν.
236 2548 304 2575 Ἀλλ’
318 2549 391 2583 ὅμως
406 2549 493 2575 ἐκεῖνο
505 2547 570 2576 οὖσα
583 2569 590 2580 ,
602 2549 681 2576 τοῦτὸ
699 2551 768 2585 εἰμι.
787 2551 861 2576 Μετ-

73 2594 228 2629 εσκευάετθη
245 2594 299 2629 γὰρ
312 2594 342 2620 τὸ
355 2594 479 2629 ὁμοίωμα
495 2595 541 2621 τοῦ
557 2596 668 2630 αἴσχους
684 2597 722 2627 εἰς
748 2596 861 2626 κάλλους

75 2641 195 2676 μορφήν.
207 2640 261 2666 Καὶ
274 2640 351 2674 ὑμεῖς
362 2640 460 2672 τοίνυν,
473 2637 495 2666 ὦ
505 2640 656 2675 θυγατέρες
674 2641 858 2676 Ἰερουσαλὴμ,

73 2686 244 2720 ἀναῦλέψατε
261 2686 329 2721 πρὸς
344 2686 391 2720 τὴν
408 2686 513 2722 μητέρα
533 2686 609 2721 ὑμῶν
625 2687 673 2722 τὴν
690 2687 746 2714 ἄνω
766 2688 860 2722 Ἰερου-

75 2731 177 2765 σαλήμ.
197 2731 227 2756 Et
251 2730 298 2756 καὶ
317 2731 482 2766 σκηνώματα
507 2730 553 2757 τοῦ
573 2731 667 2766 Κηδὰρ
688 2729 752 2766 ἦτε,
771 2732 814 2758 διὰ
830 2731 860 2758 τὸ

111 2821 120 2834 ⁶
135 2819 213 2846 Νινυ.
232 2829 285 2851 xix,
297 2820 313 2847 ἓ
326 2829 385 2855 Sqq.
425 2822 433 2836 ⁷
456 2821 539 2848 Hier.
555 2829 601 2852 vn,
615 2821 640 2847 7.

905 1563 953 1593 per
967 1563 1049 1590 opera
1073 1554 1160 1582 aliinis
1174 1561 1262 1582 essem
1285 1557 1312 1581 et
1326 1554 1474 1588 conjuncta
1495 1554 1626 1585 tenebris,
1644 1561 1687 1581 me

905 1601 1045 1637 pulchram
1065 1599 1159 1627 fecerit
1179 1607 1226 1634 per
1250 1599 1440 1631 dilectionem,
1465 1607 1514 1626 sua
1533 1599 1686 1634 pulchritu-

905 1647 968 1674 dine
982 1649 1147 1672 commntata
1169 1652 1231 1672 cum
1249 1651 1308 1672 mea
1329 1645 1507 1679 turpitudine.
1523 1645 1551 1672 In
1566 1652 1596 1672 se
1611 1645 1684 1672 enim

906 1691 1045 1720 translatis
1069 1691 1196 1718 sordibus
1214 1698 1337 1721 meorum
1358 1696 1547 1725 peccatorum.
1569 1699 1611 1717 me
1636 1699 1686 1718 sua

906 1736 1026 1772 puritate
1050 1735 1196 1769 impertiit,
1223 1734 1342 1762 etliciens
1367 1735 1525 1769 participem
1551 1742 1607 1762 sua:
1627 1736 1686 1769 pul-

907 1780 1087 1811 chritudinis,
1111 1779 1157 1814 qui
1177 1787 1210 1806 ex
1230 1779 1344 1806 deformi
1367 1778 1484 1813 primum
1505 1778 1569 1806 fecit
1584 1779 1687 1806 amabi-

907 1826 971 1857 lem.
987 1830 1013 1853 et
1031 1825 1071 1853 sic
1085 1825 1187 1852 dilexit.
1204 1824 1299 1851 Postea
1312 1824 1473 1851 adhortatur
1488 1824 1562 1858 ipsas
1578 1831 1687 1858 quoque

908 1871 1124 1898 adolescentulus
1134 1889 1142 1902 ,
1160 1874 1190 1897 ut
1201 1870 1255 1898 sint
1270 1869 1397 1904 pulchra,
1412 1869 1487 1904 prius
1502 1877 1578 1896 suam
1594 1874 1687 1896 osten-

908 1918 976 1946 dens
1002 1917 1246 1953 pulchritudinem,
1278 1924 1331 1943 non
1357 1923 1437 1943 secus
1460 1920 1542 1950 atque
1572 1923 1687 1950 magnus

897 1962 1008 1991 Paulus
1037 1962 1083 1997 qui
1106 1961 1172 1989 dicit
1187 1961 1197 1976 ⁷
1215 1970 1221 1988 :
1241 1960 1332 1988 Estote
1355 1961 1422 1987 sicut
1444 1968 1500 1995 ego.
1524 1968 1585 1987 nam
1602 1965 1626 1987 et
1641 1969 1688 1994 ego

908 2007 976 2033 sicut
997 2015 1058 2039 vos;
1078 2010 1124 2034 et:
1143 2005 1233 2033 Estoto
1253 2005 1302 2033 mei
1329 2005 1494 2036 imitatores,
1518 2004 1585 2031 sicut
1603 2008 1628 2031 et
1642 2013 1688 2038 ego

909 2051 1037 2078 Christi“.
1057 2051 1107 2078 Per
1121 2051 1178 2078 haec
1194 2050 1265 2078 enim
1279 2057 1336 2077 non
1355 2050 1420 2078 sinit
1436 2054 1465 2076 ut
1479 2057 1540 2084 quae
1555 2057 1570 2076 a
1595 2057 1624 2077 se
1638 2050 1688 2076 do-

909 2099 1004 2122 centur
1019 2095 1132 2127 animas,
1156 2095 1189 2122 ad
1210 2095 1292 2123 vitam
1316 2094 1481 2129 aspicientes
1505 2095 1687 2130 praeteritam,

909 2140 1053 2175 desperent
1067 2148 1100 2168 ne
1122 2140 1242 2175 pulchrae
1257 2139 1323 2167 (iant
1339 2148 1347 2167 :
1362 2140 1409 2169 sed
1427 2140 1461 2167 ad
1478 2140 1563 2174 ipsam
1582 2140 1690 2166 intuen-

874 2184 896 2211 D
910 2191 950 2214 tcs
973 2186 1024 2213 hoc
1047 2185 1170 2220 exemplo
1191 2185 1312 2217 discant,
1333 2185 1404 2220 quod
1421 2192 1540 2220 praesens
1566 2186 1602 2212 sit
1621 2193 1689 2220 prae-

910 2232 981 2261 teriti
1006 2231 1182 2265 operculum,
1210 2230 1232 2258 si
1257 2231 1283 2258 id
1299 2231 1367 2257 nulli
1389 2231 1425 2258 sit
1449 2230 1527 2258 aliine
1544 2231 1690 2265 reprehen-

909 2277 990 2304 sioni.
1016 2275 1085 2304 Dicit
1102 2276 1174 2303 enim
1190 2283 1196 2302 :
1212 2275 1286 2303 Licet
1306 2283 1363 2303 mea
1386 2284 1459 2303 nunc
1474 2276 1614 2310 splendeat
1631 2277 1691 2310 pul-

910 2322 1053 2354 chritudo,
1068 2329 1127 2356 quae
1144 2322 1210 2348 mihi
1225 2321 1274 2348 l'uit
1291 2321 1448 2353 informata,
1461 2327 1602 2357 propterea
1618 2323 1690 2357 quod

909 2367 1007 2394 dilecta
1024 2367 1121 2393 luerim
1136 2375 1151 2393 a
1169 2367 1342 2400 rectitudine,
1358 2367 1415 2394 srio
1431 2372 1518 2394 tamen
1532 2375 1574 2395 me
1588 2375 1603 2394 a
1615 2369 1693 2402 prin-

910 2413 982 2448 cipio
996 2420 1050 2440 non
1067 2413 1151 2440 fuisse
1164 2413 1314 2448 elegantem
1328 2421 1359 2440 ac
1373 2413 1497 2445 nitidam,
1511 2412 1557 2441 sed
1574 2414 1690 2448 nigram.

911 2458 985 2485 lianc
1004 2462 1095 2485 autem
1118 2462 1205 2485 atram
1228 2466 1260 2485 ac
1286 2459 1499 2491 tenebricosam,
1522 2467 1582 2494 qua:
1607 2460 1633 2486 in
1650 2467 1692 2485 nn:

909 2509 978 2536 erat,
995 2503 1110 2531 formam
1129 2511 1187 2531 mea
1206 2504 1268 2531 fecit
1288 2505 1352 2531 vita.
1370 2503 1423 2531 Sed
1441 2508 1530 2531 tamen
1545 2512 1606 2531 cum
1625 2505 1691 2531 illud

911 2557 1009 2581 essent.
1029 2549 1079 2575 hoc
1099 2557 1170 2575 sum.
1190 2549 1235 2575 llla
1250 2548 1322 2575 enim
1341 2553 1434 2576 nostra
1453 2549 1626 2576 tenebrarum
1654 2550 1692 2576 si-

915 2595 1038 2622 militudo
1053 2598 1233 2622 transmutata
1249 2598 1290 2621 est
1302 2595 1328 2621 in
1338 2593 1452 2621 formam
1467 2594 1690 2628 pulchritudinis.

914 2638 945 2665 Et
960 2647 1007 2666 ros
1021 2647 1095 2674 ergo,
1112 2646 1128 2665 ο
1143 2638 1203 2665 lilia!
1217 2637 1376 2670 Jerusalem,
1395 2639 1507 2672 aspicite
1523 2639 1555 2665 ad
1572 2643 1691 2665 vestram

914 2689 1028 2712 matrem
1055 2692 1199 2719 supernam
1216 2683 1376 2712 Jerusalem.
1400 2684 1511 2712 Etiamsi
1535 2684 1632 2711 essetis
1650 2689 1691 2710 ta—

915 2731 1060 2758 bernacula
1074 2731 1170 2762 (Zedar,
1194 2735 1333 2766 prnn'm‘t-a
1354 2729 1425 2755 nnnul
1444 2730 1469 2755 in
1494 2730 1569 2756 vnltis
1586 2729 1694 2756 inhabi—

679 2821 688 2834 ¹¹
703 2821 709 2847 l
724 2821 787 2848 Cur.
804 2829 840 2851 tv.
866 2821 904 2848 16.
