1989 3070
113 119 159 147 795

635 119 668 147 lN
683 120 832 149 CANTICA
850 121 986 150 CANTIC.
1007 121 1149 150 HOMILIA
1164 122 1195 150 ll.

1676 121 1728 149 7M

109 174 140 212 ἦν
150 176 208 207 ταῖς
219 176 362 210 φωτειναῖς
378 175 423 202 τοῦ
434 175 501 203 Θεοῦ
519 176 598 212 χερσὶ
609 177 810 213 πλασσομένην,
830 186 891 204 σκο-
906 203 910 210 λ

962 178 1026 209 nim,
1042 178 1141 213 inquit,
1161 181 1220 205 erat
1233 181 1459 208 consentaneum,
1473 179 1503 203 ut
1518 176 1542 203 ei
1564 183 1624 210 quae
1638 175 1729 203 lucida

111 220 185 255 τεινῷ
208 229 260 247 τινι
280 221 326 247 καὶ
346 221 443 255 μέλανι
459 221 678 257 περιχρωσθῆναι
692 223 730 257 τῷ
745 223 817 249 εῖδει.
837 223 893 249 Οὐκ

111 265 180 301 ήμην
195 266 306 301 τοιαύτη
317 286 324 297 ,
341 267 422 302 φησιν
433 286 440 298 ,
457 267 648 302 ἁλλὰ’γέγονα.
663 269 700 294 Οὐ
717 268 771 303 γὰρ
797 269 828 295 ἐκ
842 269 892 303 φύ-

113 310 176 342 σεώς
199 312 257 346 εἰμι
285 312 517 348 μεμελανωμένη·
535 313 590 339 ἀλλ’
611 314 771 340 ἐπείσακτον
795 323 838 349 μοι
865 315 894 341 τὺ

111 357 226 384 τοιοῦτον
244 355 337 392 αἶσχος
351 358 466 392 ἐγένετο,
481 359 527 385 τοῦ
540 359 616 394 ἡλίου
635 359 700 394 πρὸς
719 360 749 386 τὸ
767 360 851 394 μέλαν
863 361 896 386 ἑκ

112 403 236 439 λαμπροῦ
269 403 317 438 τὴν
349 405 454 439 μορφὴν
489 396 722 440 μεταχρώσαντος.
754 405 784 432 '0
811 405 896 439 ἥλιος

113 450 180 483 γὰρ,
198 450 284 484 φησὶ,
303 449 491 484 προσέϐλεψέ
513 459 560 484 με.
582 450 614 476 Τί
630 448 675 477 οὖν
692 451 706 477 ὃ
730 451 774 477 διὰ
794 450 896 478 τούτων

117 495 301 530 μανθάνομεν;
314 496 394 530 Λέγει
411 495 454 522 διὰ
470 496 626 531 παραϐολῆς
641 498 697 528 τοῖς
713 497 801 531 ὄχλοις
815 499 828 524 ὁ
841 498 898 524 Κύ-

117 549 185 576 ριος,
199 542 239 567 ὅτι
254 541 268 567 ὁ
282 541 401 576 σπείρων
415 541 461 568 τὸν
477 541 554 575 λόγον
564 562 571 573 ,
584 542 614 567 οὺ
630 542 677 577 τὴν
693 543 797 578 ἀγαθὴν
818 543 897 578 μόνον

115 585 290 621 κατασπείρει
306 585 418 620 καρδίαν
428 606 435 617 ,
448 585 515 612 ἀλλὰ
530 585 580 612 κᾶν
593 586 706 621 λιθώδης
722 595 762 618 τις
777 585 811 622 ἦν
823 588 834 618 ,⁷
848 587 898 614 κᾶν

116 633 172 663 ταῖς
185 631 316 662 ἀκάνθαις
332 631 518 666 ὒλομανοῦσα,
538 631 589 658 κᾶν
609 632 734 667 παρόδιὸς
746 641 775 658 τε
789 633 835 659 καὶ
850 642 899 659 πε-

116 676 376 712 πατημένη,-πᾶσιν
395 677 440 702 ἐπὶ
459 676 662 712 φιλανθρωπίας
687 677 826 704 ἐπιϐάλλει
851 677 899 705 τοῦ

116 722 193 756 λόγου
209 722 245 749 τὰ
267 723 421 758 σπέρματα..
446 723 500 749 Καὶ⁴
527 723 640 750 ἑκάστου
657 724 690 750 τὰ
708 723 838 759 ἰδιώματα
855 725 900 760 ἐρ-

119 768 242 804 μηνεύων
254 768 293 803 τῷ
317 768 387 803 λόγῳ
400 788 408 801 ,
428 769 506 795 τοῦτό
523 777 603 803 φησιν
629 769 674 795 ἐπὶ
698 769 749 803 τῆς
775 769 901 802 λιθώδους

119 814 274 849 συμϐαίνειν
301 814 408 849 ψυχῆς,
437 815 478 840 ὅτι
498 814 547 841 οὐκ
572 815 601 840 ὲν
619 814 695 849 βάθει
724 814 844 850 ῥιζοῠται
871 816 901 842 τὸ

118 860 305 896 ἐσπαρμένον,
332 859 399 886 ἀλλὰ.
423 860 591 895 παραχρῆμα
616 860 665 894 μὲν
689 860 723 886 δι’
742 861 900 887 ἐπιπολαίου

119 905 236 940 βλάστης
251 905 297 931 τὸν
317 904 416 940 στάχυν
437 905 687 939 κατεπαγγέλλεται
703 914 710 920 ·
738 905 901 942 θερμότερον

117 951 144 978 δὲ
159 951 206 977 τοῦ
222 950 298 985 ἡλίου
309 951 340 977 τὸ
354 950 532 985 ὑποκείμενον
545 950 694 985 θάλψαντος
704 972 710 980 ,
724 951 763 986 τῷ
785 951 822 986 μὴ
837 952 902 978 ὑπο-

119 997 223 1023 κεῖσθαι
237 997 297 1026 ταῖς
320 995 407 1031 ῥίζαις
424 995 539 1030 ἰκμάδα,
555 996 791 1032 καταξηραίνεται.
804 997 903 1031 Πειρα-

119 1041 185 1076 σμὺν
197 1042 225 1068 δὲ
240 1041 283 1068 διὰ
294 1041 343 1076 τῆς
355 1041 501 1077 ἑρμηνείας
513 1040 638 1076 ὀνομάζει
648 1042 693 1067 τὸν
707 1042 790 1076 ἥλιον.
799 1041 903 1068 Οὐκοῦν

118 1086 196 1113 τοῦτο
210 1087 285 1122 παρὰ
306 1087 355 1122 τῆς
376 1086 535 1112 διδασκάλου
561 1087 591 1112 τὸ
609 1086 696 1121 δόγμα
722 1087 902 1122 μανθάνομεν,

119 1132 159 1158 ὅτι
172 1131 265 1166 γέγονε
282 1131 330 1167 μὲν
343 1132 360 1167 ἡ
382 1131 538 1166 ἀνθρωπίνη
554 1131 634 1165 φύσις
647 1131 694 1157 τοῦ
711 1131 836 1167 ἀληθινοῦ
849 1140 904 1165 φω-

119 1177 164 1210 τὸς
176 1177 472 1213 ἀπεικόνισμα,πὸρρω
486 1176 540 1203 τῶν
557 1176 701 1203 σκοτεινῶν
712 1177 903 1212 χαρακτήρων,

119 1224 151 1258 τῇ
170 1222 215 1249 τοῦ
233 1223 387 1258 ἀρχετύπου
413 1222 528 1253 κάλλους
552 1222 690 1258 ὁμοιότητι
707 1222 868 1249 στίλϐουσα·
891 1224 906 1249 ὁ

119 1269 148 1295 δὲ
162 1269 312 1304 πειρασμὸς
326 1268 371 1294 τὸν
387 1268 510 1302 φλογώδη
535 1267 662 1294 καύσωνα
678 1268 710 1294 δι’
724 1268 830 1303 ἀπάτης
847 1270 906 1295 ὲπι-

120 1313 208 1341 ὄαλὼν
219 1334 226 1345 ,
246 1313 351 1349 ἁπαλὴν
372 1314 410 1340 ἔτι
426 1313 473 1340 καὶ
497 1313 589 1349 ἀριζον
601 1314 651 1349 τὴν
663 1313 773 1348 πρώτην
790 1313 906 1349 βλάστην

121 1359 253 1386 κατέϐαλε
263 1368 270 1374 ·
283 1359 329 1385 καὶ
341 1359 406 1393 πρὶν
422 1359 479 1392 ἕξιν
491 1359 552 1386 τινὰ
568 1359 615 1385 τοῦ
629 1359 730 1393 ἁγαθοῦ
744 1359 905 1394 κτήσασθαι,

121 1405 168 1432 καὶ
179 1405 223 1431 διὰ
239 1405 287 1440 τῆς
301 1405 355 1430 τῶν
371 1404 508 1440 λογισμῶν
529 1405 666 1440 γεωργίας
681 1404 772 1432 δοῦναι
795 1406 853 1436 ταῖς
868 1406 908 1440 ῥί-

121 1450 182 1482 ζαις
197 1450 278 1477 πότον
304 1450 350 1476 ἐπὶ
364 1450 395 1476 τὺ
419 1449 499 1484 βάθος
511 1470 517 1482 ,
535 1450 614 1481 εὐθὺς
632 1450 675 1477 διὰ
693 1450 744 1484 τῆς
767 1451 907 1486 παρακοῆς

946 224 992 251 Dei
1010 225 1134 253 manibus
1160 225 1317 259 ﬁngebatur,
1333 216 1492 251 \illineretur
1522 223 1608 250 forma
1638 223 1729 257 aliqua

947 270 1117 298 tenebricosa
1132 274 1159 296 et
1174 270 1262 304 nigra.
1279 269 1337 296 Non
1353 277 1425 296 cram
1443 276 1517 304 ergo,
1539 268 1638 302 inquit.
1656 268 1728 300 talis,

947 316 994 343 St'd
1010 316 1080 343 facta
1097 324 1167 342 sum.
1178 314 1237 342 Non
1254 317 1324 342 enim
1341 314 1410 341 facta
1426 322 1485 342 sum
1499 315 1574 348 nigra
1590 321 1604 340 a
1621 318 1730 342 natura.

947 361 993 388 sed
1008 362 1156 388 adventitia
1172 362 1198 388 in
1216 369 1258 388 me
1280 361 1330 387 fuit
1355 360 1411 387 haec
1430 359 1583 394 turpitudo,
1605 367 1665 385 cum
1688 359 1731 385 sol

948 413 1034 432 meam
1051 405 1165 432 formam
1181 413 1215 432 ex
1233 404 1376 439 splendido
1392 404 1485 431 colore
1508 403 1624 430 mutavit
1646 403 1672 429 in
1688 404 1731 430 ni-

947 459 1035 486 grum.
1050 449 1098 477 Sol
1113 451 1192 482 enim,
1213 451 1310 485 inquit,
1328 450 1430 484 aspexit
1445 458 1495 476 me.
1511 450 1582 482 Quid
1599 457 1665 483 ergo
1690 453 1733 476 est

948 496 1019 530 quod
1038 504 1085 530 per
1101 497 1152 523 hoc
1168 497 1322 524 discimus?
1334 496 1401 523 Dicit
1418 496 1548 523 Dominus
1573 495 1661 523 turbis
1687 502 1738 531 per.

949 542 1117 576 parabolam,
1135 542 1207 576 quod
1225 542 1271 576 qui
1291 542 1402 568 Verbum
1426 542 1553 573 seminat,
1571 549 1626 569 non
1647 541 1734 568 solum

950 587 977 614 in
996 588 1066 614 bono
1080 588 1163 614 corde
1181 590 1307 619 seminat,
1326 587 1372 614 sed
1400 588 1482 614 etiam
1501 587 1524 613 si
1543 587 1578 613 sit
1597 586 1734 621 quispiam

950 633 1101 668 lapidosus,
1116 637 1144 660 et
1159 634 1180 661 si
1196 633 1283 668 spinis
1298 633 1427 664 luxuriet,
1441 637 1470 669 et
1484 633 1505 660 si
1520 633 1555 659 sit
1566 633 1645 666 juxta
1663 632 1735 658 viam

950 682 977 706 et
1005 680 1202 711 conculcatus,
1232 679 1360 706 omnibus
1386 679 1421 705 ob
1454 678 1647 713 benignitatem
1669 676 1737 711 jacit

950 725 1024 752 verbi
1056 726 1205 753 semina".
1231 724 1263 751 Et
1293 725 1511 758 uniuscujusque
1543 723 1735 758 proprietatem

952 778 1079 798 sermone
1108 770 1262 805 explicans,
1291 771 1353 801 hoc.
1377 770 1476 804 inquit,
1493 769 1593 796 accidit
1609 770 1635 796 in
1665 773 1737 795 terra

954 815 1168 851 lapidosa.quod
1179 825 1233 844 non
1247 817 1273 844 in
1287 816 1423 851 profundo
1437 816 1542 842 radices
1554 815 1609 850 agit
1627 814 1654 841 id
1665 813 1738 848 quod

955 866 996 887 est
1011 862 1186 893 srminatum,
1202 861 1249 888 sed
1265 861 1391 896 protinus
1404 860 1513 894 quidem
1538 867 1586 894 per
1603 859 1739 894 germina-

954 906 1066 938 tionem,
1081 913 1142 940 quae
1155 907 1243 933 oritur
1258 907 1284 933 in
1300 906 1455 941 superﬁcie,
1473 913 1588 933 messem
1608 904 1740 939 promittit

953 956 979 979 et
994 953 1108 986 spicam,
1124 952 1170 979 sed
1186 960 1247 979 cum
1261 950 1301 979 soi
1317 953 1434 980 calidius
1448 953 1537 979 solum
1554 951 1661 983 foverit,
1681 958 1741 985 pro—

954 1001 1045 1031 pterea
1063 997 1135 1031 quod
1151 998 1241 1024 nullus
1259 997 1357 1024 humor
1375 997 1462 1024 subsit
1476 998 1502 1023 in
1518 996 1671 1028 radicibus,
1683 1003 1741 1022 'ex-

955 1042 1086 1069 siccatur.
1103 1042 1294 1069 Tentationem
1315 1047 1406 1070 autem
1432 1041 1638 1076 interpretando
1654 1041 1742 1068 nomi-

954 1092 1001 1114 nat
1016 1088 1111 1116 sulem.
1128 1088 1184 1115 lloc
1199 1096 1265 1123 ergo
1289 1089 1387 1123 dogma
1404 1096 1418 1115 a
1446 1088 1574 1122 magistra
1597 1087 1740 1117 discimus,

955 1133 1025 1166 quod
1043 1132 1114 1159 facta
1132 1132 1240 1167 quidem
1256 1139 1297 1160 est
1315 1133 1434 1159 humana
1451 1136 1549 1160 natura
1564 1132 1743 1159 simulacrum

956 1186 1026 1205 vera:
1047 1178 1129 1211 lucis,
1145 1178 1239 1212 procul
1254 1186 1268 1204 a
1285 1179 1438 1205 tenebrosis
1462 1177 1557 1212 ﬁguris
1582 1177 1688 1212 fulgens
1704 1177 1743 1203 si-

956 1223 1112 1251 militudine
1129 1224 1295 1258 exemplaris
1309 1222 1524 1259 pulchritudinis
1538 1232 1546 1257 ;
1563 1223 1677 1250 tentatio
1695 1229 1745 1249 au-

957 1275 1010 1298 tem
1025 1270 1164 1297 ardentem
1177 1275 1273 1298 aestum
1289 1278 1336 1305 per
1355 1265 1478 1296 fraudem
1492 1269 1630 1304 injiciens,
1645 1267 1744 1302 dejecit

958 1317 1075 1352 primum
1093 1324 1204 1352 germen
1221 1316 1310 1343 adhuc
1326 1315 1515 1350 imperfectum
1541 1318 1568 1341 et
1582 1321 1679 1341 carens
1698 1320 1744 1339 ra-

957 1362 1085 1388 dicibus:
1105 1365 1132 1388 et
1148 1361 1307 1395 priusquam
1324 1361 1445 1395 aliquem
1466 1360 1640 1394 arquisiisset
1665 1357 1744 1384 habi-

958 1410 1027 1438 tum,
1044 1410 1071 1432 et
1097 1413 1144 1440 per
1167 1405 1362 1440 agriculturam
1390 1405 1539 1437 rationum,
1557 1404 1583 1430 in
1606 1401 1744 1438 profundo

959 1459 1051 1487 pouun
1067 1451 1187 1478 dedisset
1202 1451 1351 1480 radicibus,
1366 1451 1456 1478 statim
1469 1457 1516 1484 per
1531 1448 1745 1476 inohedientiam

122 1496 295 1532 ἀποξηράνας
307 1495 337 1522 τὸ
353 1496 456 1531 χλωρόν
467 1505 497 1522 τε
516 1496 562 1522 καὶ
579 1495 690 1527 εὐθαλὲς
707 1494 774 1527 εἶδος
784 1516 791 1528 ,
805 1496 849 1523 διὰ
859 1497 908 1531 τῆς

962 1498 1041 1525 viridi
1065 1502 1091 1524 et
1105 1497 1219 1524 ﬂorente
1237 1496 1324 1523 forma
1340 1496 1488 1527 exsiccata,
1513 1502 1561 1530 per
1581 1498 1677 1521 aestum
1704 1492 1748 1519 ni-

123 1542 247 1574 καύσεως
266 1541 348 1577 μέλαν
368 1542 505 1577 ἐποίησεν.
524 1542 553 1567 Εἰ
573 1541 599 1567 δὲ
614 1542 690 1575 ἥλιος
706 1541 722 1576 ή
737 1541 909 1577 ἀντικειμένη

123 1589 171 1615 τοῦ
196 1588 349 1624 πειρασμοῦ
368 1587 505 1623 προσὸολὴ
525 1587 703 1622 ὀνομάζεται,
723 1588 816 1622 μηδεὶς
846 1587 912 1618 ξενι·

125 1634 212 1666 ζέσθω
223 1633 276 1661 τῶν
293 1634 460 1665 ἀκουόντων,
479 1635 507 1660 ἐν
525 1633 630 1664 πολλοῖς
648 1633 678 1659 τὺ
698 1633 817 1659 τοιοῦτον
837 1633 912 1668 παρὰ

124 1681 173 1715 τῆς
196 1680 373 1707 θεοπνεύστου
389 1680 502 1715 Γραφῆς
519 1679 719 1714 διδασκόμενος.
737 1679 791 1705 Καὶ
815 1679 869 1714 γὰρ
884 1680 912 1704 ὲν

125 1726 240 1762 δευτέρᾳ
257 1725 311 1752 τῶν
327 1725 504 1759 ἀναϐαθμῶν
518 1724 602 1759 ᾨδιῇ
616 1724 718 1758 ταύτην
733 1725 848 1750 ποιεῖται
865 1724 913 1759 τὴν

127 1771 252 1805 εὐλογίαν
265 1771 304 1806 τῷ
319 1771 367 1805 τὴν
384 1769 509 1805 βοήθειαν
527 1769 613 1803 ἔχοντι
633 1768 679 1795 τοῦ
698 1769 858 1804 ποιήσαντος
869 1768 915 1794 τὸν

126 1817 241 1852 οὐρανὸν
255 1817 301 1842 καὶ
314 1816 362 1850 τὴν
376 1815 428 1850 γῆν
440 1835 447 1847 ,
467 1815 496 1841 τὸ
515 1815 553 1849 μὴ
577 1814 754 1848 συγκαίεσθαι
769 1814 847 1840 αὑτὸν
863 1814 915 1840 ὑπὸ

127 1863 175 1889 τοῦ
191 1862 267 1897 ἡλίου
282 1860 326 1887 διὰ
337 1861 388 1895 τῆς
405 1859 520 1896 ἡμέρας.
537 1859 590 1886 Καὶ
609 1861 622 1886 ό
642 1859 785 1894 προφήτης
806 1857 917 1890 Ἡσαΐας

129 1908 179 1944 τὴν
193 1908 242 1942 τῆς
261 1906 421 1941 Ἐκκλησίας
433 1906 600 1932 κατάστασιν
620 1905 807 1940 προφητεύων,
824 1905 917 1940 ὥσπερ

131 1954 193 1981 τινὰ
206 1953 317 1988 πομπὴν
334 1952 486 1988 ὑπογράφει
505 1953 538 1987 τῇ
556 1951 687 1986 πολιτείᾳ,
703 1950 856 1986 φαιδρύνων
879 1951 918 1985 τῷ

131 2000 213 2034 Λόγῳ
244 1999 283 2033 τῷ
314 1999 472 2033 διηγήματι.
500 1998 580 2031 Λέγει
603 1997 657 2032 γὰρ
692 1997 844 2031 Θυγατέρας
875 1996 918 2022 ἐπ’

131 2045 217 2081 ὤμων
242 2044 403 2080 αἰρομένας,
422 2043 468 2069 καὶ
489 2043 585 2073 παῖδας
608 2044 637 2068 ὲν
661 2042 816 2079 λαμπήναις
839 2050 920 2077 κομι-

132 2091 281 2127 ζομένους,
309 2092 356 2117 καὶ
382 2089 512 2120 σκιαδίοις
540 2089 585 2115 τὸν
617 2088 756 2123 φωτισμὸν
783 2088 920 2122 ἀποκρού-

134 2144 243 2167 σαντας.
262 2135 300 2161 Δι’
313 2132 349 2161 ὧν
371 2135 399 2160 ὲν
415 2134 556 2168 αἰνίγμασι
569 2133 614 2159 τὸν
632 2134 660 2159 ὲν
680 2134 761 2168 ἀρετῇ
777 2133 920 2168 διαγράφει

135 2183 193 2217 βίον
207 2201 214 2214 ,
226 2181 270 2208 διὰ
286 2181 334 2216 μὲν
351 2182 399 2212 τῆς
413 2179 563 2214 νηπιώδους
577 2178 683 2213 ἡλικίας
700 2178 879 2204 ὑποδεικνύων
891 2178 922 2204 τὸ

134 2227 276 2264 ὰρτιγενὲς
293 2235 322 2252 τε
338 2227 383 2252 καὶ
396 2225 497 2252 ἄκακον
511 2232 517 2239 ·
532 2223 576 2250 διὰ
594 2223 647 2250 τῶν
665 2223 792 2249 σκιαδίων
804 2243 811 2255 ,
828 2223 876 2258 τὴν
897 2223 926 2255 ἐξ

136 2274 301 2309 ἐγκρατείας
318 2282 348 2300 τε
369 2273 415 2299 καὶ
433 2270 619 2307 καθαρότητος
636 2271 851 2306 προσγινομένην
867 2272 926 2303 ταῖς

135 2321 235 2356 ψυχαῖς
257 2320 430 2355 παραμυθίαν
445 2318 491 2345 τοῦ
512 2317 660 2348 καύσωνος.
679 2317 717 2343 Δι’
739 2315 776 2343 ὧν
792 2317 926 2352 μανθάνο-

139 2375 202 2401 μεν,
219 2366 259 2391 ὅτι
270 2365 322 2400 χρὴ
332 2365 373 2391 ἐπ’
384 2364 467 2399 ὤμων
477 2363 602 2399 αἴρεσθαι
615 2363 663 2398 τὴν
678 2362 725 2389 τοῦ
742 2362 808 2388 Θεοῦ
821 2371 927 2398 νυμφο-

140 2410 320 2444 στολουμέντγν
330 2410 418 2445 ψυχὴν
428 2429 435 2442 ,
454 2410 484 2435 οὐ
499 2409 671 2444 πατουμένην
685 2408 737 2434 ὑπὸ
752 2409 800 2442 τῆς
816 2409 926 2444 σαρκὸς,

139 2456 197 2483 ἀλλ’
214 2455 419 2490 ἐπικαθημένην
432 2455 472 2489 τῷ
494 2455 567 2489 ὄγκῳ
587 2454 634 2480 τοῦ
661 2453 797 2489 σώματος.
812 2454 929 2488 Λαμπή-

141 2511 191 2538 νην
211 2502 239 2528 δὲ
254 2501 434 2533 ἀκούσαντες,
451 2500 498 2535 τὴν
511 2500 699 2535 ὲκλαμπτικὴν
716 2499 762 2526 τοῦ
776 2499 930 2534 βαπτίσμα-

141 2558 188 2580 τος
200 2548 280 2583 χάριν
293 2547 473 2582 μανθάνομεν,
487 2546 519 2572 δι’
533 2544 566 2582 ἧς
579 2547 672 2578 παῖδες
685 2546 824 2580 γινόμεθα,
837 2545 929 2571 οὐκέτι

142 2596 177 2630 τῇ
195 2595 229 2629 γῇ
244 2594 274 2619 τδ
291 2593 362 2628 ἴχνος
377 2591 524 2627 ἐρείδοντες
535 2611 541 2623 ,
556 2592 612 2618 ἀλλ’
627 2593 668 2618 ἐπ’
685 2592 790 2626 ἐκείνης
805 2591 872 2626 πρὸς
883 2589 931 2625 τὴν

142 2639 268 2674 οὐράνιον
283 2636 355 2671 ζωὴν
371 2635 555 2671 κομιζόμενοι.
572 2636 682 2670 Σκιερὸς
696 2637 725 2662 δὲ
745 2636 848 2670 γίνεται
865 2635 930 2669 ἡμῖν

144 2685 191 2712 καὶ
204 2683 338 2720 δροσώδης
357 2684 372 2710 ὁ
391 2683 462 2718 βίος,
486 2682 529 2709 διὰ
543 2682 597 2709 τῶν
613 2683 660 2717 τῆς
682 2682 781 2718 ὰρετίς
805 2680 932 2708 σκιαδίων

187 2823 302 2852 “Matii.
320 2831 380 2857 xui,
403 2822 434 2850 l8
451 2829 511 2856 sqq.

963 1551 1042 1579 grum
1057 1543 1157 1570 eﬁecit.
1174 1543 1202 1570 Si
1220 1547 1309 1570 autem
1326 1543 1366 1570 sol
1381 1542 1541 1568 nominatur
1557 1540 1670 1567 adversa
1694 1542 1750 1566 ten-

966 1589 1077 1616 tationis
1097 1588 1224 1623 irruptio,
1242 1587 1308 1614 nulli
1328 1587 1485 1614 auditorum
1503 1585 1531 1613 id
1554 1585 1680 1612 videatur
1698 1591 1751 1610 no-

966 1642 1040 1665 vum,
1057 1641 1120 1660 cum
1137 1633 1163 1660 in
1183 1633 1276 1659 multis
1295 1632 1348 1658 tale
1363 1631 1503 1666 quidpiam
1519 1637 1570 1658 nos
1591 1630 1686 1656 doceat
1709 1628 1752 1654 di-

966 1680 1069 1706 viuilus
1100 1679 1232 1713 inspirata
1256 1677 1407 1712 Scriptura.
1435 1675 1541 1703 Etenim
1572 1675 1599 1702 in
1624 1673 1752 1701 secundo

967 1727 1071 1754 cantico
1089 1725 1234 1761 graduum,
1257 1725 1327 1751 hanc
1344 1722 1408 1749 facit
1420 1721 1649 1752 benedictionem,
1665 1720 1690 1746 ei
1706 1718 1752 1753 qui

967 1773 1048 1799 habet
1062 1771 1193 1798 auxilium
1211 1777 1225 1796 a
1243 1769 1357 1796 Domino
1374 1768 1420 1802 qui
1441 1767 1505 1794 fecit
1525 1766 1624 1793 caelum
1647 1769 1674 1792 et
1699 1768 1753 1790 ter-

968 1826 1043 1848 ram.
1071 1825 1105 1844 ne
1119 1817 1177 1851 ipSe
1204 1824 1218 1842 a
1236 1816 1294 1842 sole
1311 1813 1488 1842 comburatur
1516 1820 1565 1847 per
1583 1811 1666 1838 diem.
1684 1809 1754 1836 Pro-

971 1864 1050 1899 pheta
1065 1861 1276 1898 quoquelsaias
1304 1860 1456 1895 praedicens
1483 1863 1583 1886 statum
1614 1856 1754 1887 Ecclesiae,

970 1908 1102 1935 describit
1118 1907 1201 1934 veluti
1228 1904 1373 1940 quamdam
1393 1910 1532 1938 pompam,
1548 1900 1632 1929 Verbi
1661 1907 1756 1927 narra-

971 1954 1055 1980 tione.
1077 1953 1147 1979 Dicit
1164 1951 1252 1982 enim,
1269 1950 1337 1977 ﬁlias
1355 1953 1473 1983 gestatas
1489 1946 1609 1973 humeris
1621 1966 1628 1976 ,
1644 1948 1671 1971 et
1686 1944 1756 1970 ﬁlios

972 2004 1063 2027 vectos
1090 1998 1204 2029 lecticis,
1224 2001 1251 2023 et
1276 1999 1400 2022 arcentes
1421 1994 1518 2020 aestum
1545 1990 1680 2018 umbellis.
1707 1988 1759 2015 Per

973 2053 1033 2079 quae
1049 2043 1180 2071 describit
1198 2043 1224 2069 in
1251 2042 1396 2075 mnigmate
1412 2040 1494 2066 vitam
1517 2045 1578 2072 quae
1595 2037 1703 2071 degitur
1730 2035 1758 2061 in

974 2092 1084 2121 virtute,
1101 2097 1148 2124 per
1165 2088 1296 2123 puerilem
1311 2086 1420 2121 quidem
1442 2088 1550 2112 aetatem
1569 2082 1717 2110 ostendens
1733 2081 1758 2107 id

974 2137 1046 2172 quod
1055 2140 1095 2163 est
1104 2143 1190 2169 nuper
1203 2138 1306 2164 natum,
1319 2131 1488 2166 simplexque
1495 2133 1523 2156 et
1533 2135 1631 2155 carens
1644 2127 1758 2158 malitia,

940 2190 962 2218 ι)
977 2170 1024 2218 per
1038 2180 1171 2208 mrtbcllas
1189 2182 1291 2208 autem.
1309 2176 1437 2204 solatium
1455 2178 1550 2205 aestus,
1567 2171 1640 2207 quod
1655 2170 1760 2198 accedit

977 2228 1076 2255 animis
1088 2234 1120 2254 ex
1133 2224 1300 2253 continentia
1310 2228 1337 2250 et
1351 2219 1541 2257 puritate.Per
1555 2225 1615 2253 qua;
1627 2217 1761 2244 discimus

978 2273 1099 2300 humeris
1116 2271 1216 2306 gestari
1241 2271 1359 2296 animam
1374 2267 1428 2294 Deo
1443 2265 1648 2300 desponsatam,
1665 2269 1719 2289 non
1746 2269 1761 2288 a

977 2323 1062 2345 carne
1079 2317 1282 2347 conculcatam,
1297 2313 1343 2342 sed
1361 2312 1424 2340 moli
1442 2309 1567 2345 corporis
1584 2309 1762 2336 insidentem.

979 2363 1130 2390 Audientes
1140 2366 1230 2388 autem
1243 2359 1336 2386 Grtcce
1346 2357 1491 2392 λαμπήνην
1501 2354 1648 2382 didicimus
1662 2351 1764 2378 illumi-

977 2409 1109 2437 nalricem
1139 2405 1267 2441 baptismi
1297 2403 1431 2439 gratiam,
1460 2409 1507 2436 per
1527 2407 1608 2435 quam
1634 2397 1765 2425 etﬁcimur

978 2454 1068 2490 pueri,
1085 2461 1139 2480 non
1155 2451 1273 2485 amplius
1289 2450 1314 2476 in
1334 2454 1406 2476 terra
1423 2447 1535 2482 ﬁgentes
1551 2445 1706 2490 vestigium,
1717 2443 1765 2469 sed

977 2487 1059 2533 super
1074 2498 1146 2524 illam
1166 2495 1267 2531 portati
1289 2494 1322 2521 ad
1343 2494 1426 2520 vitam
1451 2491 1603 2518 cwlcstem.
1630 2487 1765 2514 Umbrosa

979 2549 1069 2572 autem
1088 2543 1116 2569 ﬁt
1131 2542 1211 2569 nobis
1232 2541 1287 2567 vita
1303 2543 1328 2566 et
1346 2537 1464 2567 roscida,
1479 2535 1616 2562 exstincto
1636 2536 1703 2559 aestu
1720 2538 1767 2565 per

983 2589 1115 2617 umbellas
1129 2586 1249 2614 virtutis.
1268 2584 1317 2611 llic
1333 2589 1374 2611 est
1388 2583 1428 2610 sol
1445 2581 1556 2610 laedens,
1572 2578 1682 2614 quando
1706 2575 1767 2611 ejus

984 2641 1068 2663 aestus
1081 2641 1133 2660 non
1148 2636 1257 2659 arcetur
1280 2638 1295 2656 a
1322 2629 1394 2656 nube
1403 2627 1534 2662 Spiritus,
1552 2632 1633 2660 quam
1665 2623 1705 2649 eis
1721 2629 1769 2649 cx-

987 2680 1081 2716 pandit
1098 2678 1229 2706 Dominus
1245 2676 1277 2703 ad
1294 2677 1492 2710 legumentum.
1504 2670 1553 2697 llic
1566 2669 1638 2697 cui!“
1655 2667 1695 2694 sol
1715 2669 1767 2698 est,
