1989 3070
233 120 284 148 795

844 123 872 150 S.
891 122 1054 152 Gl‘tEGORll
1073 125 1219 154 NYSSENI

1797 128 1847 156 τεο
1874 123 1876 126 ’

232 176 277 209 qui
303 175 414 202 nitidum
432 178 556 211 corporis
577 178 749 212 superficiem
766 179 889 207 accendit
909 180 1012 208 insultu

1071 183 1314 219 ιατασϐεννυμένου
1330 184 1376 211 τοῦ
1399 184 1544 216 καύσωνος.
1560 182 1643 217 Οὗτος
1667 184 1713 212 οὖν
1738 187 1810 214 ἐστιν
1835 190 1849 214 ό

232 221 424 252 tentationum,
436 227 462 249 et
480 223 578 250 format
591 225 694 259 nigram
710 226 891 253 deformitate.

1066 227 1270 262 παραϐλάπτων
1296 229 1380 264 ἥλιος,
1396 229 1459 255 ὅταν
1477 230 1513 264 μὴ
1538 230 1735 266 διατειχίζηται
1753 234 1767 258 ὁ
1785 235 1848 268 παρ’

231 265 312 290 αὐτοῦ
327 266 446 301 φλογμὸς
461 269 493 303 τῇ
509 269 605 304 νεφέλῃ
622 270 669 296 τοῦ
682 269 850 304 Πνεύματος,
867 270 900 305 ἦν
922 270 1079 296 διεπέτασεν
1093 272 1182 304 αὐτοῖς
1195 274 1208 299 ὁ
1223 273 1323 309 Κύριος
1353 275 1393 306 εἰς
1410 275 1512 309 σκέπην
1547 276 1648 306 αὐτοῖς.
1681 275 1764 308 Οὗτος
1797 265 1850 313 γάρ

231 311 304 336 ἐστιν
328 313 342 337 ὁ
357 312 432 346 ἥλιος
446 331 453 343 ,
476 314 490 338 ὁ
509 313 557 349 τὴν
592 314 720 350 λαμπρὰν
734 315 779 341 τοῦ
813 315 937 351 σώματος
972 314 1130 349 ἐπιφάνειαν
1154 319 1186 353 τῇ
1211 319 1345 355 προσσολῇ
1368 320 1421 346 τῶν
1447 321 1604 356 πειρασμῶν
1637 322 1767 349 ἐπικαίων
1805 311 1850 350 καὶ

233 356 365 390 μελαίνων
381 360 409 385 ἐν
422 359 576 397 δυσμορφίᾳ
589 362 618 388 τὸ
636 359 715 394 εἶδος.

270 402 371 431 Deinde
385 410 476 432 narrat
490 406 561 433 unde
573 408 736 442 principium
752 410 861 438 duxerit
885 410 950 438 boni
967 417 1014 437 co-

234 448 300 474 loris
320 449 352 474 ad
375 449 482 484 nigrum
500 454 705 482 transmutatio.
721 454 787 482 Filii
801 462 898 487 autem,
918 457 1014 491 inquit,

234 494 327 520 matris
340 503 403 521 mea:
419 503 599 530 pugnaverunt
614 499 639 525 iu
657 508 712 526 me:
745 506 888 533 posuerunt
913 510 951 528 me
969 510 1014 527 cu-

232 539 333 565 stodem
348 540 372 566 in
388 541 477 572 vineis,
492 543 593 569 vineam
607 549 694 571 autent
712 554 794 572 meam
807 555 858 573 non
875 547 1013 573 custodiri.

234 584 263 610 lu
277 584 327 611 hoc
341 585 406 612 mihi
417 591 526 614 attenta
539 590 709 622 praebeantur
721 599 811 622 aures,
828 599 882 618 non
898 593 922 618 in
933 600 1015 619 accu-

235 633 292 655 rate
304 629 476 657 discutienda
506 632 633 661 dictionis
666 637 883 668 constructione,
914 638 961 663 sed
990 638 1016 664 in

234 675 433 703 consideranda
458 685 557 705 sensus
579 681 759 708 conoexiouc.
775 682 851 714 Quod
866 682 888 710 si
916 683 938 709 is
962 691 1016 709 non

235 720 271 746 sit
289 727 419 750 accttrale
438 731 589 758 connexus,
606 725 632 753 id
659 727 808 761 imputetur
839 728 1016 755 imbecillitati

235 766 468 800 interpretationis
496 777 590 797 eorum
623 772 671 805 qui
701 772 820 807 linguam
856 773 1016 801 llebraicam

234 811 402 838 transferunt
415 813 442 839 in
465 821 558 841 vocem
570 815 701 843 Grazcam.
717 816 735 843 li
751 825 822 844 enttn
835 819 879 852 qui
896 818 1015 844 studium

234 861 383 890 posuerunt
395 863 424 884 ut
438 860 611 887 erudirentur
627 862 653 888 in
669 870 796 889 sermone
808 863 932 895 Hebraeo,
947 865 1014 890 nihil

220 895 376 930 'inveniunt
394 905 568 938 cjusmodi,ut
584 907 710 935 videatur
727 917 780 935 non
796 910 934 937 cohaerere
955 918 985 937 ac
1001 918 1015 937 a

234 954 263 973 se
278 947 392 974 invicem
407 949 570 983 dependere.
595 951 707 987 Linguae
724 957 815 981 autem
834 961 934 982 nostra:
949 956 1016 990 figit-

235 997 292 1019 rata
306 994 416 1027 locutio,
430 1003 483 1022 non
501 998 666 1025 conveniens
685 1000 826 1034 elcgantiw
849 1001 947 1035 lingua»:
962 1001 1016 1029 He-

235 1038 415 1069 braxe,atl‘a-t
445 1042 588 1075 quamdam
622 1044 812 1072 confttsioncm
845 1046 878 1073 iis
903 1048 949 1081 qui
975 1055 1017 1075 se-

234 1088 357 1118 quuntur
371 1086 397 1112 in
413 1087 557 1120 superficie
569 1089 796 1124 significationem
815 1091 952 1119 dictionis.
970 1093 1018 1119 At-

234 1137 286 1163 que
303 1130 346 1156 hic
363 1135 405 1158 est
419 1133 529 1166 quidem
539 1141 637 1161 sensus
651 1136 794 1162 verborum
807 1145 867 1171 qua:
883 1141 947 1164 sunt
958 1145 1018 1172 pro-

234 1176 334 1208 posita,
351 1182 484 1210 quanttnu
503 1187 553 1206 ttos
571 1181 829 1214 comprehetnlimns
844 1191 849 1208 :
869 1181 966 1209 Factus
977 1187 1018 1210 est

235 1221 316 1248 homo
335 1222 369 1249 ab
384 1223 461 1249 initio
477 1224 578 1252 nullius
599 1225 684 1252 divini
718 1227 781 1253 boni
799 1228 933 1262 indigetis.
952 1227 1017 1262 Ejus

234 1271 294 1293 erat.
311 1268 398 1295 solum
415 1278 515 1298 munus
536 1271 607 1298 bona
635 1280 757 1305 servare,
785 1282 839 1301 non
865 1275 1015 1309 acquirere.

235 1311 408 1340 lnimicorum
430 1320 519 1342 autem
537 1316 642 1344 insidiae
658 1326 719 1345 eum
751 1319 783 1346 iis
811 1328 872 1354 qua:
902 1321 1018 1348 habebat

235 1358 383 1392 nudarunt,
405 1361 487 1395 tttqui
508 1370 561 1388 non
584 1363 746 1391 custodierit
769 1369 893 1392 naturam
917 1374 977 1400 quae,
993 1367 1017 1393 ei

235 1403 297 1430 data
309 1404 397 1432 fuerat
411 1413 425 1432 a
444 1405 491 1433 Dei
513 1407 689 1442 benignitate.
712 1409 761 1436 llic
773 1415 814 1437 est
836 1418 900 1446 ergo
918 1419 1016 1439 sensus

235 1451 390 1478 verborum.
407 1452 472 1484 Qum
480 1457 569 1480 autem
590 1462 638 1488 per
655 1455 736 1482 verba
748 1456 918 1490 aenigmatica
936 1457 1017 1492 hujus

236 1503 334 1523 sensus
348 1497 383 1524 sit
401 1497 522 1532 traditio,
551 1507 580 1527 se
594 1500 675 1528 habet
686 1501 737 1529 hoc
749 1502 844 1530 modo:

273 1585 348 1619 Filii,
367 1587 466 1622 inquit,
485 1589 576 1616 matris
588 1598 650 1617 mea”
665 1598 844 1626 pugnaverunt
859 1593 886 1620 in
899 1602 954 1621 me:
971 1602 1018 1629 po-

235 1637 344 1659 suerunt
369 1642 408 1660 me
428 1635 561 1662 custodem
580 1638 606 1662 in
630 1637 720 1669 uineis,
743 1639 843 1666 vineam
861 1648 945 1666 meam
967 1648 1018 1667 non

235 1678 373 1705 cttstodivi.
393 1678 474 1707 Multa
490 1681 583 1715 paucis
601 1682 754 1717 dogmatice
772 1692 822 1711 nos
833 1685 911 1712 docet
920 1687 1016 1713 oratio.

237 1722 355 1751 Primum
371 1724 479 1759 quidem
499 1726 524 1753 id
539 1727 612 1761 quod
634 1735 748 1764 magnus
763 1732 887 1758 enuntiat
906 1731 1017 1766 Paulus,

234 1769 308 1803 quod
324 1770 415 1797 omnia
431 1777 493 1798 sunt
508 1779 539 1799 ex
553 1772 617 1805 Deo,
628 1777 655 1801 et
667 1782 739 1802 unus
753 1780 795 1803 est
808 1776 878 1804 Deus
891 1777 971 1805 Pater
985 1786 1018 1805 ex

235 1822 290 1849 quo
309 1816 410 1848 omnia,
426 1821 453 1843 et
472 1818 540 1845 nihil
553 1823 595 1846 est
609 1827 641 1846 ex
663 1820 695 1847 iis
709 1828 769 1855 qua;
787 1827 861 1855 sunt,
876 1823 947 1857 quod
963 1831 1018 1850 non

236 1863 349 1894 propter
370 1861 446 1888 illum
464 1866 491 1889 et
503 1870 534 1890 ex
551 1863 597 1890 illo
608 1864 708 1892 habeat
718 1867 864 1893 essentiam
877 1866 909 1893 ι’.
924 1867 1020 1895 Omnia

235 1906 318 1938 enim,
335 1907 433 1941 inquit,
450 1915 495 1940 per
509 1909 593 1942 ipsum
607 1910 678 1942 facta
691 1916 759 1942 sunt,
777 1916 802 1937 et
813 1911 869 1938 sine
879 1920 908 1938 eo
920 1912 1019 1946 factum

235 1956 274 1977 est
301 1952 411 1978 nihil”.
439 1954 490 1980 Sed
519 1955 647 1988 quoniam
668 1963 838 1991 quaecunque
866 1956 937 1984 Deus
955 1957 1020 1985 facit

237 1995 316 2023 valde
343 1997 413 2023 bona
432 2003 496 2024 sunt
515 1999 621 2031 (omnia
641 2002 713 2026 enim
732 2001 795 2027 fecit
815 2001 841 2028 in
860 2003 1018 2036 sapientia),

236 2042 312 2068 dedit
331 2048 434 2069 natura:
459 2044 574 2071 rationis
598 2046 722 2079 participi
744 2046 858 2080 gratiam
883 2051 911 2073 ut.
926 2048 961 2074 sit
977 2049 1019 2074 sui

235 2088 318 2124 juris,
333 2092 358 2115 et
372 2088 476 2115 addidit
489 2088 642 2117 facultatem
664 2091 817 2118 inveniendi
833 2100 864 2120 ea
876 2101 936 2128 quae
956 2099 1021 2122 sunt

238 2134 290 2160 sibi
305 2140 391 2168 grata,
415 2139 442 2162 ut
464 2131 551 2163 locum
569 2137 680 2164 haberet
697 2138 722 2165 id
738 2139 809 2172 quod
823 2144 865 2167 est
885 2141 910 2167 in
927 2147 1019 2169 nostra
1035 2149 1059 2178 ο

239 2183 384 2212 p0lestate,
401 2183 427 2206 et
445 2187 497 2206 non
511 2184 583 2208 esset
600 2181 700 2207 bottom
716 2188 839 2210 eoactutn
853 2187 881 2217 et
899 2185 1023 2212 involun-

239 2225 413 2257 tarium,-sed
438 2231 512 2253 recte
538 2226 638 2253 factum
656 2231 728 2254 esset
743 2228 882 2256 electionis
898 2235 924 2257 et
947 2231 1023 2258 liberi

239 2270 356 2297 arbitrii.
375 2271 442 2298 Cum
468 2271 512 2298 hic
533 2277 622 2299 autem
649 2273 725 2299 liberi
742 2273 846 2301 arbitrii
860 2279 950 2303 tuotus
972 2277 1023 2303 im-

239 2316 316 2350 perio
342 2322 368 2343 et
394 2317 519 2344 absoluta
549 2322 682 2352 potestate
703 2327 752 2347 nos
775 2320 921 2349 deduceret
938 2322 972 2349 ad
996 2322 1023 2350 id

240 2362 312 2396 quod
329 2363 480 2394 videbatur,
502 2363 628 2392 inventus
642 2369 683 2393 est
699 2366 809 2401 qttidam
826 2368 851 2395 in
867 2376 957 2396 rerum
974 2377 1023 2396 na-

240 2412 312 2439 tura,
333 2408 378 2442 qui
395 2408 465 2435 male
479 2417 545 2436 ttsus
558 2415 600 2438 est
614 2415 746 2445 potestate
760 2417 786 2439 et
800 2413 885 2441 libero
898 2415 1023 2448 arbitrio,

239 2459 267 2480 et
283 2459 466 2487 congruenter
480 2455 504 2482 ei
525 2456 597 2489 qttod
619 2456 686 2483 dicit
700 2457 859 2492 Apostolus,
880 2457 968 2486 factus
983 2463 1024 2487 est

241 2501 365 2527 inventor
378 2502 523 2530 malorttm.
544 2501 595 2534 Qui
614 2503 733 2537 quidem,
754 2504 826 2538 qttod
841 2505 874 2532 ad
887 2505 912 2532 id
928 2506 1024 2533 attinet

239 2546 313 2581 quod
333 2551 374 2573 est
390 2554 405 2573 a
422 2547 487 2577 Deo.
511 2552 553 2575 est
567 2547 652 2576 frater
668 2554 776 2583 noster;
799 2558 831 2578 eo
845 2557 935 2578 autem
951 2553 1024 2586 quod

241 2600 289 2618 sua
305 2596 403 2626 sponte
421 2592 534 2619 defluxit
551 2601 566 2620 a
581 2594 645 2620 boni
663 2595 883 2630 participatione,
899 2601 926 2624 et
940 2597 1026 2624 maloa

243 2645 302 2663 rum
320 2638 473 2672 ingressum
493 2639 644 2672 innovavit,
657 2646 684 2667 et
699 2640 787 2668 factus
802 2645 843 2668 est
857 2647 934 2676 pater
948 2651 1025 2669 men-

241 2684 325 2715 dacii,
342 2691 391 2718 pro
407 2684 485 2711 hoste
502 2685 622 2719 seipsum
642 2687 786 2714 constituit
799 2687 825 2714 in
841 2689 979 2720 omnibus,
998 2689 1024 2716 in

241 2729 342 2765 quibus
355 2737 454 2764 scopus
467 2730 544 2758 libcri
562 2731 665 2758 arbitrii
681 2732 769 2759 tendit
782 2733 814 2760 ad
830 2734 940 2761 bonurn.
960 2734 1024 2762 Ριο-

278 2817 322 2845 ιιι
340 2818 402 2846 Cor.
426 2827 484 2851 \‘Ill,
505 2821 529 2846 6.
589 2819 700 2847 “Joan.
716 2829 733 2850 ι,
749 2822 775 2847 5.

1104 407 1169 436 Εἶτα
1192 409 1322 445 διηγεῖται
1336 430 1343 441 ,
1359 410 1419 437 ὅθεν
1440 411 1488 446 τὴν
1507 411 1591 446 ἀρχὴν
1607 412 1684 446 ἔσχεν
1699 413 1715 447 ἡ
1739 413 1806 445 πρὸς
1820 415 1851 441 τὸ

1071 453 1153 487 μέλαν
1171 455 1219 489 τῆς
1231 455 1354 490 εὐχροίας
1366 456 1444 491 ἡμῶν
1460 457 1646 491 μεταποίησις.
1667 458 1725 484 ΥΙοὶ
1739 460 1852 493 μητρός

1066 507 1136 532 μου,
1153 500 1234 534 φησὶν
1246 519 1253 531 ,
1273 501 1458 534 ἐμαχέσαντο
1475 502 1509 528 ἐν
1522 502 1601 536 ἐμοι·
1623 502 1725 529 anm;
1737 512 1776 537 με
1793 513 1851 538 φυ-

1069 545 1223 572 λίὶκισσαν
1251 546 1285 574 ἐν
1303 546 1495 581 ἀμπελῶσιν,
1516 547 1676 582 ἀμπελῶνα
1702 548 1772 582 ἐμὸν
1796 550 1852 577 οὐκ

1069 591 1215 625 ἐφύλαξα.
1236 592 1290 617 Καί
1314 600 1358 626 μοι
1381 592 1458 618 τοῦτο
1485 592 1666 628 παρασχέσθω
1692 594 1792 629 ὴὰκοὴ
1813 594 1850 630 μὴ

1066 637 1125 663 λίαν
1139 637 1373 672 ἀκριϐολογεῖσθαι
1387 637 1454 673 πρὸς
1469 637 1517 673 τὴν
1537 639 1586 673 τῆς
1603 638 1700 670 λέξεως
1713 639 1848 673 σύνταξιν,

1065 683 1133 710 ἀλλὰ
1157 684 1225 719 πρὸς
1242 684 1287 710 τὸν
1312 683 1406 718 εἱρμὸν
1421 683 1467 709 τοῦ
1488 684 1622 718 νοήματος
1642 684 1758 719 βλέπειν.
1779 686 1850 712 Ειδὲ

1065 738 1091 756 τι
1111 729 1147 764 μὴ
1164 729 1285 764 ἀκριϐῶς
1303 729 1514 764 συνηρτημένον,
1531 729 1713 764 συμφράσεως
1724 732 1756 765 τῇ
1772 730 1852 757 ἀσθε-

1067 774 1126 809 νείᾳ
1140 774 1292 808 λογισάσθω
1306 774 1358 800 τῶν
1373 774 1421 808 τὴν
1437 774 1568 808 Ἐὃραίων
1583 774 1706 808 γλῶτταν
1719 775 1852 810 μεταϐαλ-

1034 813 1054 838 B
1069 819 1167 845 λόντων
1181 820 1220 851 εἰς
1234 819 1282 853 τὴν
1298 819 1410 846 Ἐλλάδα
1426 819 1527 853 φωνήν.
1540 817 1588 850 Οἷς
1599 819 1652 854 γὰρ
1665 818 1697 845 ἂν
1708 819 1851 854 ἐπιμέλεια

1069 867 1164 900 γέγονε
1191 864 1364 900 παιδευῢῆναι
1380 865 1429 900 τὴν
1453 865 1581 899 Ἐϐραίαν
1602 865 1754 897 διάλεκτον,
1776 865 1852 892 οὐδὲν

1069 910 1223 944 εὑρίσκεται
1238 910 1372 941 τοιοῦτον,
1388 906 1445 936 οἷον
1459 909 1547 936 δοκεῖν
1562 910 1754 945 ὰσυναρτήτως
1769 910 1850 944 ἔχειν.

1074 956 1104 982 '0
1120 956 1146 982 δὲ
1159 955 1346 990 σχηματισμὸς
1359 955 1409 989 τῆς
1428 955 1566 990 ἡμετέρας
1578 955 1720 990 γλώττης,
1731 956 1767 990 μὴ
1782 964 1852 989 συμ-

1071 1002 1169 1028 ϐαίνων
1182 1001 1220 1036 τῷ
1243 1001 1424 1036 σχηματισμῷ
1439 1001 1488 1034 τῆς
1509 1000 1657 1035 Ἐϐραῖκῆς
1671 1001 1834 1034 εὐγλωττίας
1844 1022 1851 1032 ,

1071 1047 1199 1083 σύγχυσίν
1222 1055 1282 1073 τινα
1307 1047 1362 1078 τοῖς
1387 1045 1607 1081 ἐπιπολαιότερον
1633 1045 1805 1072 ἀκολουθοῦσι
1819 1047 1852 1081 τῇ

1071 1093 1194 1129 σημασίᾳ
1215 1092 1264 1126 τῆς
1285 1091 1381 1124 λέξεως
1398 1091 1593 1126 ἀπεργάζεται.
1616 1091 1647 1117 Ἠ
1671 1091 1720 1126 μὲν
1738 1088 1784 1117 οὖν
1801 1091 1854 1118 διά-

1070 1147 1129 1165 νοια
1142 1137 1195 1164 τῶν
1208 1137 1414 1172 προειρημένων
1428 1136 1557 1171 ῥημάτων
1568 1156 1574 1165 .
1599 1135 1667 1171 αὕτη
1683 1136 1771 1168 ἐστὶν,
1789 1136 1854 1163 ὅσον

1071 1186 1150 1219 ἡμεῖς
1166 1184 1369 1218 κατειλήφαμεν
1384 1191 1391 1198 ·
1411 1183 1452 1209 ὅτι
1469 1182 1564 1216 Γέγονε
1584 1181 1613 1208 τὺ
1629 1181 1768 1217 καταρχὰς
1779 1183 1793 1208 6
1807 1181 1854 1208 ἄν-

1071 1230 1178 1265 θρωπος
1193 1229 1297 1259 οὐδενὸς
1311 1227 1365 1254 τῶν
1377 1227 1457 1254 θείων
1473 1227 1583 1262 ἀγαθῶν
1603 1227 1703 1262 ἐνδεής.
1720 1225 1753 1262 ᾮ
1773 1227 1853 1262 ἔργον

1069 1272 1103 1309 ἦν
1119 1273 1234 1308 φυλάξαι
1254 1273 1333 1308 μόνον
1348 1272 1381 1298 τὰ
1399 1272 1502 1306 ἀγαθὰ,
1517 1273 1574 1307 οὐχὶ
1595 1272 1756 1307 κτήσασθαι.
1777 1273 1809 1298 'H
1825 1272 1853 1298 δὲ

1070 1319 1123 1346 τῶν
1138 1318 1241 1354 ἐχθρῶν
1266 1318 1395 1353 ἐπιϐουλὴ
1411 1319 1513 1353 γυμνὸν
1534 1318 1613 1344 αὐτὸν
1629 1318 1683 1344 τῶν
1700 1318 1854 1352 προσόντων

1071 1364 1198 1399 ἐποίησε.
1221 1363 1257 1399 μὴ
1282 1363 1436 1397 φυλάξαντα
1460 1363 1509 1398 τὴν
1533 1363 1656 1389 δοθεῖσαν
1681 1363 1754 1397 αὐτῷ
1773 1362 1853 1397 φύσει

1071 1408 1146 1444 παρὰ
1163 1408 1209 1435 τοῦ
1235 1408 1302 1434 Θεοῦ
1324 1408 1480 1443 εὐκληρίαν.
1507 1407 1582 1442 Αὕτη
1607 1407 1655 1443 μὲν
1680 1406 1726 1434 οὖν
1747 1408 1819 1434 ἐστιν
1836 1408 1854 1442 ἡ

1071 1453 1124 1480 τῶν
1141 1454 1270 1490 ῥημάτων
1280 1453 1393 1480 διάνοια.
1419 1454 1450 1479 Ἡ
1475 1453 1502 1480 δὲ
1517 1453 1560 1480 διὰ
1578 1453 1632 1479 τῶν
1647 1452 1854 1488 αἰνιγματωδῶν

1069 1499 1154 1533 λόγων
1178 1498 1224 1525 τοῦ
1246 1499 1380 1534 νοήματος
1399 1497 1492 1525 τούτου
1513 1498 1662 1533 παράδοσις
1682 1497 1776 1524 τοῦτον
1797 1497 1856 1533 ἔχει

1067 1545 1113 1572 τὸν
1125 1545 1236 1581 τρόπον·

1107 1591 1166 1618 Υἱοὶ
1179 1590 1292 1625 μητρός
1309 1598 1379 1624 μου,
1403 1588 1499 1624 φησὶν,
1516 1588 1702 1623 ἐμαχέσαντο
1716 1587 1751 1614 ἐν
1773 1587 1853 1622 ἐμοι·

1068 1638 1171 1665 ἕθειτό
1183 1645 1222 1671 με
1239 1635 1436 1671 φυλάκισσαν
1456 1635 1490 1661 ἐν
1509 1633 1677 1668 ἀμπελῶνι,
1694 1632 1858 1668 ἀμπελῶνα

1068 1684 1141 1718 ἐμὸν
1161 1684 1215 1709 οὐκ
1235 1682 1382 1716 ἐφύλαξα.
1407 1680 1495 1707 Πολλὰ
1517 1680 1550 1706 δι’
1569 1680 1664 1714 ὀλίγων
1686 1679 1858 1714 δογματικῶς

1069 1727 1224 1755 ὲκπαιδεύει
1246 1727 1261 1753 ὁ
1275 1726 1361 1759 λόγος.
1381 1724 1491 1760 Πρῶτον
1517 1724 1565 1759 μὲν
1576 1724 1644 1759 ὅπερ
1660 1724 1706 1750 καὶ
1727 1723 1827 1759 ὁμοίως
1841 1723 1857 1749 ό

1069 1773 1174 1804 Παῦλος
1186 1772 1350 1806 ἀπεφήνατο,
1362 1771 1402 1796 ὅτι
1416 1769 1449 1796 τὰ
1465 1769 1552 1795 πάντα
1566 1770 1598 1795 ὲκ
1614 1768 1659 1795 τοῦ
1671 1768 1737 1795 Θεοῦ
1751 1769 1797 1795 καὶ
1813 1766 1856 1800 εἷς

1069 1819 1135 1851 Θεὸς
1147 1819 1192 1845 καὶ
1203 1817 1296 1852 Πατὴρ
1310 1816 1339 1849 ἐξ
1353 1812 1383 1842 οὗ
1395 1815 1429 1842 τὰ
1442 1815 1540 1844 πάντα.
1550 1815 1596 1841 καὶ
1612 1814 1688 1840 οὐδὲν
1705 1814 1758 1840 τῶν
1771 1813 1857 1840 ὄντων

1070 1863 1154 1894 ἐστὶν,
1163 1863 1176 1889 ὃ
1196 1861 1233 1897 μὴ
1247 1862 1280 1888 δι’
1296 1860 1398 1887 ἐκεῖνόν
1411 1868 1439 1886 τε
1450 1859 1495 1886 καὶ
1507 1859 1536 1891 ἐξ
1550 1859 1653 1886 ἐκείνου
1664 1859 1693 1885 τὸ
1706 1857 1774 1885 εἶναι
1787 1858 1856 1893 ἔχει.

1069 1908 1170 1936 Πάντα
1184 1908 1247 1942 γὰρ,
1259 1908 1336 1941 φησὶ,
1347 1906 1383 1932 δι’
1396 1906 1488 1933 αὑτοῦ
1499 1905 1627 1940 ἐγένετο,
1637 1905 1685 1932 καὶ
1705 1905 1794 1940 χωρὶς
1800 1905 1857 1932 αὺ-

1068 1954 1122 1981 τοῦ
1147 1953 1265 1988 ἐγένετο
1292 1952 1362 1979 οὐδὲ
1392 1951 1437 1978 ἓν.
1474 1951 1543 1977 Ἀλλ’
1568 1951 1660 1986 ἐπειδὴ
1689 1950 1777 1977 πάντα
1805 1950 1859 1977 ὅσα

1070 2000 1195 2036 ἐποίησεν
1220 2000 1234 2026 ὁ
1250 1999 1328 2031 Θεὸς,
1346 1998 1415 2025 καλὰ
1433 1998 1492 2023 λίαν
1510 1997 1568 2023 ἐστὶ
1582 1996 1682 2032 (πάντα
1701 1995 1755 2030 γὰρ
1773 1995 1800 2021 ἐν
1816 2003 1856 2021 σο-

1071 2047 1119 2082 φίᾳ
1131 2045 1278 2080 ἐποίησεν),
1288 2045 1369 2070 ἔδωκε
1381 2045 1413 2078 τῇ
1426 2043 1520 2078 λογικῇ
1531 2043 1608 2076 φύσει
1621 2042 1669 2076 τὴν
1684 2040 1858 2072 αὐτεξούσιον

1070 2092 1149 2128 χάριν
1159 2112 1165 2124 ,
1182 2091 1230 2118 καὶ
1246 2089 1398 2125 προσέθηκε
1413 2088 1525 2122 δύναμιν
1540 2087 1680 2123 εὑρετικὴν
1698 2086 1750 2112 τῶν
1771 2093 1858 2112 κατα-

1072 2137 1232 2172 ϐυμίων,ὠς
1242 2134 1274 2161 ἂν
1291 2134 1321 2160 τὸ
1334 2135 1376 2168 ἐφ’
1394 2134 1459 2168 ἡμῖν
1480 2132 1570 2167 χώραν
1589 2132 1660 2166 ἔχοι,
1675 2131 1721 2157 καὶ
1739 2130 1775 2166 μὴ
1793 2139 1860 2157 κατ-

1072 2182 1276 2218 ηναγκασμένον
1285 2180 1327 2214 εἴη
1334 2180 1364 2206 τὺ
1374 2178 1474 2213 ἀγαθὸν
1487 2179 1532 2205 καὶ
1542 2177 1676 2209 ἀκούσιον,
1687 2177 1754 2202 ἀλλὰ
1765 2176 1860 2211 κατόρ-

1072 2230 1150 2264 θωμα
1170 2227 1350 2263 προαιρέσεως
1365 2227 1491 2260 γίγνοιτο.
1513 2225 1611 2251 Τούτου
1627 2225 1655 2251 δὲ
1672 2224 1717 2250 τοῦ
1733 2223 1860 2256 αὐτεξου-

1073 2276 1129 2302 σίου
1146 2274 1293 2308 κινήματος
1308 2270 1544 2307 αὐτοκρατορικῶς
1561 2270 1628 2305 πρὸς
1640 2270 1669 2296 τὸ
1680 2269 1774 2296 δοκοῦν
1785 2270 1860 2304 ἡμᾶς

1072 2320 1228 2355 ἀγαγόντος,
1240 2318 1337 2354 εὑρέθη
1355 2326 1396 2349 τις
1413 2318 1442 2344 ὲν
1466 2318 1498 2351 τῇ
1516 2316 1594 2350 φύσει
1616 2315 1669 2342 τῶν
1687 2316 1771 2342 ὄντων
1784 2317 1797 2342 ὁ
1812 2325 1861 2342 κα-

1074 2366 1129 2396 κῶς
1147 2367 1180 2401 τῇ
1194 2364 1302 2399 ἐξουσίᾳ
1316 2363 1496 2398 χρησάμενος,
1512 2363 1559 2389 καὶ
1575 2361 1645 2388 κατὰ
1659 2362 1708 2397 τὴν
1718 2361 1764 2388 τοῦ
1780 2362 1862 2388 Ἀπο-

1075 2412 1166 2438 στόλου
1193 2410 1299 2445 φωνὴν,
1314 2409 1407 2436 κακῶν
1428 2408 1574 2444 ἐφευρετὴς
1589 2409 1740 2442 γενόμενος.
1757 2409 1805 2439 Ὃς
1821 2407 1861 2442 τῷ

1077 2456 1124 2492 μὲν
1135 2457 1166 2482 ἐκ
1176 2455 1243 2481 Θεοῦ
1257 2454 1303 2481 καὶ
1315 2453 1395 2480 αὐτὸν
1410 2450 1489 2485 εἶναι,
1500 2453 1611 2487 ἀδελφός
1623 2454 1696 2479 ἐστιν
1707 2454 1842 2488 ἡμέτερος
1852 2461 1860 2468 ·

1074 2502 1112 2537 τῷ
1122 2503 1150 2528 δὲ
1167 2501 1216 2536 τῆς
1231 2500 1278 2527 τοῦ
1295 2499 1396 2533 ἀγαθοῦ
1415 2499 1557 2534 μετουσίας
1573 2499 1703 2530 ἑκουσίως
1721 2497 1862 2533 ἀπορρυῆ-

1075 2559 1127 2581 ναι,
1141 2548 1190 2584 τὴν
1203 2547 1257 2574 τῶν
1278 2546 1371 2573 κακῶν
1394 2545 1495 2572 εἴσοδον
1519 2545 1725 2580 καινοτομήσας,
1741 2545 1788 2571 καὶ
1807 2553 1858 2570 πα-

1074 2596 1124 2631 τὴρ
1155 2594 1267 2629 ψεύδους
1283 2592 1437 2627 γενόμενος,
1451 2592 1490 2623 εἰς
1507 2591 1636 2626 πολεμίου
1664 2591 1740 2623 τάξιν
1766 2590 1861 2616 έαυτδν

1075 2642 1253 2677 κατέστησεν,
1266 2640 1294 2666 ὲν
1311 2640 1393 2665 πᾶσιν
1409 2635 1448 2670 οἷς
1461 2639 1475 2664 ὁ
1495 2637 1593 2668 σκοπὸς
1610 2638 1659 2672 τῆς
1675 2637 1863 2672 προαιρέσεως

1074 2689 1111 2719 ὡς
1125 2687 1191 2722 πρὸς
1209 2686 1239 2711 τὸ
1258 2686 1382 2720 κρεῖττον
1403 2683 1503 2718 βλέπει.
1522 2682 1572 2708 Διὰ
1592 2681 1687 2708 τούτου
1709 2683 1796 2708 τοίνυν
1814 2682 1863 2709 καὶ

1074 2735 1128 2766 τοῖς
1141 2733 1241 2764 λοιποῖς
1259 2731 1308 2766 τῆς
1321 2730 1374 2757 τῶν
1391 2728 1499 2763 ἀγαθῶν
1517 2728 1694 2764 ἀποπτήσεως
1709 2729 1756 2762 τῆς
1776 2729 1862 2764 ἀφορ-
