1989 3070
125 156 176 184 797

630 155 662 182 IN
683 155 834 182 CANTlCA
852 153 987 182 CANTIC.
1005 153 1144 182 llO.\llLlA
1163 153 1194 182 ll.

1203 78 1218 86 υ

1692 155 1742 183 798

125 217 178 251 μῆς
194 215 381 251 ἐγγινομένης,
399 216 413 242 ὃ
427 215 458 252 δ¹η
482 217 529 243 καὶ
546 218 579 252 τῇ
594 216 672 251 φύσει
688 217 742 243 τῶν
756 216 905 252 ἀνδρώπων

961 219 1047 249 ptcrca
1067 222 1132 249 ergo
1147 222 1209 241 cum
1233 214 1336 248 reliqua
1351 219 1431 241 etiam
1450 215 1567 243 accessit
1589 215 1697 243 occasio
1713 221 1740 242 ct

123 259 240 293 ιγένετο,
258 259 346 290 καλῶς
362 260 378 294 ἦ
393 269 458 286 ποτε
476 261 598 296 μέλαινα,
616 261 661 287 νῦν
675 261 702 287 δὲ
715 261 793 296 καλὴ,
807 261 856 295 τὴν
868 262 909 287 αἰ-

124 302 184 329 τίαν
200 303 249 337 τῆς
268 301 402 337 ζοφώδους
415 304 501 339 ὅψεως
516 305 554 336 εἰς
570 305 632 336 τοὺς
645 305 781 336 τοιούτους
795 305 843 339 τῆς
859 313 910 340 μην

124 347 187 382 ’πρὸς
200 347 274 378 υἱοὺς
293 348 444 384 ἀνατίθησι,
458 348 621 375 παιδεύουσα
633 348 677 375 διὰ
690 349 743 375 τῶν
756 349 909 384 λεγομένων

125 394 207 428 ἡμᾶς,
221 393 261 419 ὅτι
280 394 329 428 μία
345 394 394 428 μὲν
411 395 476 421 πᾶσι
489 395 544 426 τοῖς
558 392 632 421 οὖσίν
643 395 725 426 ἐστιν,
736 392 789 421 οἷόν
801 403 842 426 τις
859 403 910 421 πα-

125 439 186 474 τὴρ,
202 439 218 474 ἠ
230 438 284 465 τῶν
298 439 382 465 ὅντων
396 439 477 466 αἰτία.
495 440 548 466 Καὶ
558 440 601 466 διὰ
615 439 693 466 τοῦτο
706 439 806 473 ἀδελφὰ
821 440 909 466 πάντα

125 483 199 509 ἐστὶν
214 483 343 518 ἀλλήλων,
356 484 390 509 τὰ
415 484 443 509 ἐν
466 485 521 514 τοῖς
546 481 605 509 οὖσι
628 483 757 518 νοούμενα
769 485 797 518 ’ἡ
815 483 842 509 δὲ
859 482 910 517 τῆς

126 529 310 564 προαιρέσεως
325 529 438 564 διαφορὰ
449 548 456 559 ,
475 529 541 564 πρὸς
553 529 583 554 τὸ
607 529 693 563 φίλιόν
708 537 736 555 τε
764 529 811 555 καὶ
832 528 909 554 πολέ-

128 582 189 610 μιον
207 574 254 609 τὴν
282 574 361 608 φύσιν
380 568 522 610 διέσχισεν.
548 576 578 601 Οἱ
601 574 655 609 γὰρ
683 574 837 608 ἀφεστῶτες
860 574 909 609 τῆς

127 621 194 655 πρὸς
211 621 240 647 τὸ
253 621 354 654 ἀγαθὸν
371 621 499 655 σχέσεως,
514 621 559 646 καὶ
569 621 611 647 διὰ
623 620 672 656 τῆς
686 621 732 646 τοῦ
759 622 909 656 κρείττονος

127 667 301 698 ἀποστάσεως
317 666 346 692 τὸ
366 666 448 693 κακὸν
464 666 665 701 ὑποστήσαντες
679 667 749 701 (οὐδὲ
765 667 821 702 γάρ
835 667 909 693 ἐστιν

126 712 191 747 ἄλλη
218 720 258 743 τις
284 712 368 738 κακοῦ
393 711 549 743 ὑπόστασις,
574 712 599 738 εἰ
618 711 654 748 μὴ
671 713 685 738 ὁ
705 712 844 747 χωρισμὸς
861 713 908 739 τοῦ

127 757 287 792 βελτίονος),
309 757 398 783 πᾶσαν
419 753 555 784 ποιοῦνται
580 757 629 792 τὴν
651 758 767 793 σπουδὴν
789 759 834 784 καὶ
851 758 910 784 ὲπί-

126 809 200 827 νοιαν
214 800 260 827 τοῦ
281 801 327 827 καὶ
340 801 435 832 ἄλλους
449 801 516 836 πρὸς
529 802 578 836 τὴν
596 802 650 828 τῶν
664 802 755 828 κακῶν
768 803 909 829 κοινωνίαν

126 844 393 880 προσεταιρίσασθαι.
422 845 477 872 Καὶ
502 845 547 872 διὰ
567 846 645 872 τοῦτό
669 855 759 882 φησιν,
785 848 826 873 ὅτι
850 847 908 874 Υἱοὶ

125 893 173 927 τῆς
189 891 291 928 μητρός
306 900 356 926 μου
388 890 430 926 (τῇ
446 890 498 926 γὰρ
515 891 678 928 πληθυντικῇ
692 893 812 928 σημασίᾳ
822 893 852 919 τὸ
862 902 909 919 ποι

126 934 248 970 λυςχιδὲς
275 936 323 970 τῆς
338 936 436 967 κακίας
458 936 644 968 ἐνδείκνυται),
664 938 780 973 πόλεμον
803 940 832 964 ὲν
848 939 909 974 ὲμοὶ

127 981 334 1016 συνεστήσαντο,
345 981 394 1008 οὐκ
410 981 508 1014 ἔξωθεν
520 982 549 1015 ἐξ
560 983 709 1018 ἐπιδρομῆς
720 984 908 1018 πολεμοῦντες,

127 1025 184 1052 ἀλλ’
195 1025 278 1061 αὐτὴν
293 1026 341 1061 τὴν
357 1026 446 1062 ψυχὴν
466 1028 643 1063 ποιησάμενοι
659 1028 705 1054 τοῦ
722 1029 750 1055 ὲν
772 1029 840 1063 αὐτῇ
863 1037 911 1055 πο-

125 1071 208 1106 λέμου
221 1072 388 1107 μεταίχμιον.
405 1073 449 1099 Ἐν
465 1073 571 1108 ἑκάστῳ
586 1074 639 1108 γὰρ
654 1075 669 1100 ό
681 1074 805 1108 πόλεμος,
819 1073 910 1106 καοὼς

127 1117 270 1152 ὲρμηνεὺει
283 1119 297 1144 ὁ
316 1118 385 1150 θεῖος
402 1118 660 1152 Ἀπόστολος,λέγων
669 1127 676 1133 ·
688 1119 792 1145 Βλέπω
806 1119 840 1145 δὲ
848 1119 910 1146 ἕτε-

122 1170 180 1196 ρον
191 1163 284 1196 νόμον
292 1163 328 1189 ἐν
343 1163 404 1195 τοῖς
413 1163 522 1197 μέλεσι
538 1172 596 1198 μου
609 1164 867 1197 ὰι-τιστρατευόμει
878 1173 911 1190 ον

126 1205 167 1239 τῷ
183 1207 262 1240 νόμῳ
285 1206 337 1233 τοῦ
360 1207 431 1239 νοός
446 1216 515 1241 μου,
535 1206 583 1233 καὶ
611 1207 859 1241 αἰχμαλωτίζοντά
873 1217 910 1242 με

126 1251 166 1284 τῷ
190 1253 270 1286 νόμῳ
292 1252 345 1286 τῆς
365 1252 508 1287 ἁμαρτίας
534 1252 574 1285 τῷ
598 1252 660 1280 ὄντι
679 1253 714 1279 ἐν
733 1253 793 1286 τοῖς
804 1255 912 1287 μέλεσι

123 1305 193 1332 μου.
211 1297 317 1333 Ταύτης
335 1298 422 1324 τοίνυν
442 1298 491 1333 τῆς
506 1298 634 1333 ἐμφυλίου
650 1299 738 1333 μάχης
749 1300 777 1325 ὲν
789 1300 850 1334 ἐμοὶ
863 1308 909 1325 συ·

127 1342 228 1377 στάσης
242 1342 317 1380 παρὰ
330 1343 384 1369 τῶν
396 1343 517 1377 ἀδελφῶν
537 1351 597 1378 μου,
618 1342 723 1378 ἐχθρῶν
739 1343 767 1370 δὲ
779 1343 828 1378 τῆς
843 1345 911 1379 ἐμῆς

128 1388 274 1423 σωτηρίας,
292 1388 404 1422 μέλαινα
415 1388 558 1423 ἐγενόμην,
574 1388 722 1424 ἡττηθεῖσα
735 1389 786 1415 ὑπὸ
799 1389 851 1415 τῶν
867 1398 912 1415 πο-

126 1433 228 1469 λεμίων
248 1435 295 1461 καὶ
313 1434 358 1460 τὸν
379 1434 529 1469 ἀμπελῶνα
548 1434 593 1461 τὸν
616 1434 680 1469 ἐμὸν
703 1434 752 1461 οὐκ
780 1434 910 1469 ἐφύλαξα.

127 1480 149 1506 Τ
148 1480 230 1507 αὑτὸν
244 1480 297 1516 χρὴ
314 1481 383 1507 νοεῖν
395 1479 434 1515 τῷ
455 1479 609 1516 παραδείσῳ
623 1480 669 1506 τὸν
684 1479 842 1515 ἀμπελῶνα.
857 1480 911 1506 Καὶ

127 1525 181 1561 γὰρ
197 1526 276 1552 κάκεῖ
293 1525 438 1560 φυλάσσειν
456 1525 555 1561 enim
569 1526 583 1552 ὁ
601 1525 742 1561 ἄνθρωπος
761 1525 806 1552 τὸν
823 1526 911 1560 παρά‹
925 1541 948 1571 C

127 1572 212 1598 δεισον
222 1580 229 1587 ν
241 1572 257 1607 ἡ
267 1572 295 1598 δὲ
305 1572 355 1606 τῆς
366 1571 489 1606 φυλακῆς
501 1571 614 1606 ἀμέλεια
626 1571 750 1598 ἐκϐάλλει
763 1571 809 1597 τοῦ
822 1579 912 1606 παρα-

127 1619 215 1644 δείσου
229 1618 274 1644 τὸν
289 1618 441 1653 ἄνθρωπον,
454 1618 501 1645 καὶ
513 1618 641 1653 οἰκήτορα
655 1617 707 1643 τῶν
723 1616 831 1651 δυσμῶν
843 1618 913 1643 ποιεῖ

127 1663 177 1698 τῆς
193 1663 322 1698 ἀνατολῆς
341 1663 527 1698 ἀποστήσασα.
545 1662 592 1688 Διά
607 1662 711 1698 τοῦτοή
727 1662 840 1697 ἀνατολὴ
855 1663 913 1693 ταῖς

127 1709 240 1744 δυσμαῖς
260 1709 438 1743 ἐπιφαίνεται.
459 1708 595 1735 Ψάλλετε
616 1708 680 1743 γὰρ,
696 1709 771 1743 φησὶ,
791 1708 829 1740 τῷ
855 1710 912 1734 Κυ-

124 1754 180 1789 ρίῳ
192 1753 232 1786 τῷ
246 1754 430 1787 ἐπιϐεϐηκότι
447 1753 496 1779 ἐπὶ
513 1751 647 1786 δυσμῶν,
662 1752 706 1778 ἴνα
721 1751 767 1778 τοῦ
783 1751 870 1785 φωτὸς
884 1751 913 1778 ὲν

127 1800 160 1834 τῇ
187 1799 282 1833 σκοτίᾳ
297 1799 458 1834 λάμποντος,
478 1797 646 1832 μεταποιηθῇ
664 1796 731 1831 πρὸς
754 1797 804 1831 τὴν
818 1796 913 1822 ἀκτῖνα

128 1845 158 1870 τὺ
176 1845 279 1875 σκότος.
296 1844 342 1870 καὶ
358 1844 470 1878 γένηται
483 1843 552 1877 καλὴ
569 1842 649 1869 πάλιν
665 1843 682 1876 ἡ
698 1841 818 1876 μέλαινα.
836 1841 872 1866 Τὸ
885 1841 912 1867 δὲ

128 1889 222 1916 δοκοῦν
236 1889 420 1924 ἀσυνάρτητον
435 1888 484 1922 τῆς
498 1887 595 1919 λέξεως
604 1887 672 1922 πρὸς
690 1887 737 1922 τὴν
757 1886 912 1922 εὑρεθεῖσαν

128 1935 257 1964 διάνοιαν,
269 1934 354 1968 τούτῳ
367 1933 405 1968 τῷ
418 1933 509 1968 τρόπῳ
521 1932 630 1959 δυνατόν
642 1934 699 1958 ἐστι
714 1931 912 1967 παραμυθήσα-

130 1980 200 2006 σοαι“
217 1979 341 2006 Ἔθεντό
353 1987 399 2013 με,
419 1979 495 2014 φησὶ,
514 1977 711 2013 φυλάκισσαν
726 1978 760 2003 ἐν
778 1975 912 2011 ἀμπελῶ-

129 2034 190 2052 σιν.
207 2026 294 2060 Ὅπερ
311 2025 366 2051 ἴσον
382 2025 439 2051 ἐστὶ
453 2024 500 2056 τῷ,
517 2024 637 2050 Ἔθεντο
658 2021 855 2056 Ἰερουσαλὴμ
869 2022 913 2054 εἷς

130 2071 387 2106 όπωροφυλάκιον.
403 2070 440 2097 Οὐ
453 2070 506 2105 γὰρ
529 2070 626 2095 ἐκεῖνοι
640 2069 809 2102 κατέστησαν
827 2067 912 2102 αὐτὴν

128 2119 236 2152 φύλακα
247 2117 294 2144 τοῦ
308 2117 380 2144 Θείου
399 2116 566 2152 ἀμπελῶνος,
585 2115 623 2147 ὡς
639 2116 671 2142 ἄν
683 2107 724 2146 τίς
737 2115 769 2141 ἐκ
782 2113 829 2140 τοῦ
844 2122 911 2148 προ-

128 2165 219 2199 χείρου
236 2163 368 2199 νοήσειεν·
379 2162 435 2189 ἀλλ’
447 2163 461 2188 ὁ
473 2162 646 2196 καταστήσας
663 2161 712 2196 μέν
728 2161 799 2187 ἐστιν
809 2160 823 2186 ὁ
834 2159 910 2191 Θεὸς,

960 259 1098 294 impulsio,
1128 264 1156 285 ut
1183 267 1197 285 a
1219 259 1298 286 bonis
1317 260 1515 293 exciderelnus,
1545 259 1616 295 quod
1634 260 1742 294 quidem

959 305 1040 332 etiam
1056 305 1083 332 in
1101 308 1198 332 natura
1216 304 1268 331 l‘uit
1281 305 1410 337 humana,
1432 309 1505 333 recte
1519 313 1580 340 quae
1598 306 1743 340 aliquando

959 350 1068 385 quidem
1090 349 1142 376 fuit
1165 350 1252 384 nigra,
1280 358 1352 377 nunc
1371 355 1462 377 autem
1485 351 1608 386 pulchra,
1631 358 1742 378 causam

960 395 1033 431 quod
1049 399 1177 430 appareat
1195 396 1283 429 nigra,
1303 395 1399 422 tribuit
1414 396 1547 429 ejusmodi
1566 396 1628 423 ﬁliis
1648 395 1743 422 matris

960 448 1027 472 suae,
1040 448 1088 475 per
1100 448 1130 467 ea
1150 447 1210 475 quae
1229 440 1358 466 dicuntur
1373 447 1425 467 nos
1441 440 1580 471 erudiens,
1601 440 1671 475 quod
1685 448 1744 467 om-

960 486 1042 512 nibus
1064 485 1174 520 quidem
1197 493 1257 520 quae
1279 489 1354 517 sunt,
1370 489 1412 512 est
1429 485 1513 512 veluti
1528 485 1639 520 quidam
1654 489 1743 520 pater,

959 539 1053 558 eorum
1076 539 1136 565 qum
1149 536 1212 558 sunt
1227 538 1324 557 causa:
1339 535 1366 557 et
1388 534 1532 565 propterea
1554 535 1617 558 sunt
1631 531 1701 558 inter
1716 538 1746 558 se

935 592 937 594 τ
960 575 1075 602 invicem
1087 575 1218 607 fraterna,
1230 583 1260 602 ea
1273 583 1332 611 qum
1345 576 1372 602 in
1388 576 1421 602 iis
1432 583 1492 609 qua:
1508 579 1573 602 sunt
1584 576 1745 611 intelligun-

961 625 1022 654 tur;
1036 621 1153 648 instituti
1171 625 1261 648 autent
1279 627 1305 647 et
1322 621 1414 648 libera:
1431 621 1574 648 eleétiultis
1592 621 1754 652 dilfercntizb

933 685 937 694 ι
959 667 1052 694 divisit
1065 672 1203 700 naturam,
1215 667 1280 693 utin
1289 674 1320 693 ea
1331 670 1404 694 esset
1414 667 1535 694 amicitia
1545 671 1571 694 et
1584 667 1744 694 inimicitiae.

960 712 1010 744 Qui
1033 713 1104 739 enim
1117 713 1311 740 abscesserunt
1323 712 1357 739 ab
1369 712 1528 739 habitudine
1540 712 1573 739 ad
1588 713 1701 744 bonum,
1719 716 1746 739 et

960 764 1009 790 per
1025 764 1164 784 recessum
1178 764 1193 782 a
1210 759 1281 783 bono
1301 757 1401 784 malum
1425 757 1627 784 constituerunt
1644 757 1747 793 (neque

959 801 1030 827 enim
1042 805 1084 828 est
1095 801 1216 828 aliamali
1224 801 1377 828 substantia
1388 809 1490 835 quama
1501 801 1572 828 bono
1581 801 1745 836 separatio),

960 845 1089 872 adhibent
1103 853 1182 873 omne
1193 846 1312 872 studium
1323 851 1350 873 et
1363 846 1538 878 industriam,
1555 849 1585 872 ut
1597 846 1667 873 alios
1678 853 1747 880 quo-

962 898 1015 924 que
1031 891 1083 918 sibi
1095 891 1242 918 concilient
1258 891 1290 917 ad
1305 891 1440 917 malorum
1455 891 1623 918 societatem.
1640 890 1673 916 Et
1687 891 1749 917 ideo

962 936 1038 968 dicit,
1048 935 1108 962 Filii
1126 936 1220 963 matris
1238 944 1304 963 mete
1321 936 1380 971 (per
1398 936 1530 971 pluralem
1548 936 1620 963 enim
1644 936 1746 971 signiti-

962 982 1108 1013 cationcm,
1129 982 1248 1009 ostendit
1261 982 1401 1016 multiplex
1419 981 1526 1017 vitium)
1545 981 1572 1008 in
1590 989 1632 1008 me
1648 981 1748 1008 bellum

963 1027 1126 1059 condar-ant,
1146 1035 1198 1054 non
1214 1028 1335 1054 externis
1352 1027 1556 1054 incursionibus
1586 1027 1749 1061 belligeran-

963 1077 1014 1105 tes,
1043 1071 1091 1100 scd
1106 1073 1134 1098 in
1158 1074 1217 1106 ipsa
1241 1072 1330 1098 anima
1351 1072 1414 1099 belli
1439 1073 1532 1099 sedem
1559 1072 1682 1107 ﬁgentes.
1700 1071 1749 1098 Est

963 1119 1034 1145 enim
1050 1117 1076 1144 in
1100 1125 1265 1151 unoquoque
1291 1117 1402 1148 bellum,
1427 1122 1455 1143 ut
1476 1117 1585 1144 divinus
1601 1116 1749 1151 Apostolus

963 1163 1109 1198 signiﬁcat,
1129 1163 1241 1190 dicens:
1272 1161 1351 1188 Video
1374 1162 1457 1188 aliam
1479 1162 1559 1196 legem
1581 1162 1607 1188 in
1626 1163 1750 1189 membris

963 1208 1026 1234 meis
1047 1212 1232 1241 repugnante»:
1248 1206 1300 1241 legi
1314 1206 1406 1232 mentis
1426 1213 1499 1237 meae,
1531 1210 1556 1232 ιι
1573 1206 1749 1239 captivantem

964 1261 1003 1279 me
1026 1253 1052 1279 in
1074 1252 1152 1287 legem
1177 1251 1287 1285 peccati,
1313 1259 1371 1285 qua:
1388 1255 1426 1277 est
1450 1252 1476 1277 in
1498 1250 1621 1277 membris
1637 1251 1700 1277 meis
1714 1250 1748 1277 ¹¹.

963 1298 1031 1325 Cum
1051 1297 1101 1324 hoc
1120 1305 1184 1332 ergo
1206 1297 1305 1323 bellum
1322 1296 1494 1329 intestinum,
1523 1304 1538 1323 a
1554 1298 1622 1323 meis
1639 1296 1749 1331 quidem

964 1343 1105 1374 fratribus,
1123 1342 1241 1371 inimicis
1258 1345 1348 1369 autem
1365 1349 1431 1369 mea:
1448 1342 1553 1374 salutis,
1574 1342 1601 1369 in
1619 1350 1661 1369 me
1677 1344 1751 1370 esset

964 1388 1123 1421 conﬂatum,
1142 1387 1223 1425 facta
1241 1395 1301 1415 sum
1326 1387 1404 1421 nigra
1429 1387 1500 1414 victa
1523 1388 1557 1415 ab
1573 1388 1703 1420 inimicis,
1722 1392 1750 1415 et

963 1435 1071 1462 vineam
1087 1442 1174 1461 meam
1189 1442 1242 1461 non
1255 1433 1401 1461 custodiri.
1417 1433 1594 1468 lntelligenda
1607 1438 1697 1461 autem
1708 1438 1752 1462 est
1791 1460 1796 1466 ,
1824 1451 1826 1454 -

964 1481 1041 1508 vinea
1060 1481 1129 1507 idem
1147 1479 1220 1514 quod
1238 1479 1395 1514 paradisus.
1408 1478 1476 1506 Nam
1491 1480 1547 1506 illic
1561 1487 1672 1514 quoque
1687 1480 1751 1514 jus-

963 1533 1010 1553 sus
1021 1530 1064 1553 est
1081 1526 1162 1552 homo
1180 1524 1319 1552 custodire
1332 1525 1500 1559 paradisum.
1520 1523 1548 1552 In
1566 1525 1750 1553 custodiendo

963 1577 1052 1599 autem
1070 1571 1233 1606 negligentia
1252 1570 1390 1597 hominem
1406 1570 1523 1598 exclusit
1534 1578 1549 1597 a
1565 1570 1704 1605 paradiso,
1719 1574 1749 1598 et

962 1617 1052 1645 etl‘ecit
1063 1622 1091 1644 ut
1103 1617 1206 1643 habitet
1217 1616 1249 1642 ad
1263 1615 1435 1643 occidentem
1445 1616 1582 1643 abductus
1591 1616 1624 1643 ab
1632 1617 1749 1644 oriente.

963 1662 1109 1697 Propterea
1135 1661 1245 1688 occasui
1269 1664 1381 1694 apparet
1403 1661 1506 1688 oriens.
1529 1659 1642 1688 Cantate
1663 1661 1749 1693 enim,

963 1708 1062 1743 inquit.
1084 1707 1206 1738 Domino,
1234 1707 1279 1740 qui
1301 1706 1418 1733 ascendit
1435 1713 1512 1739 super
1526 1714 1648 1733 occasum
1661 1706 1695 1739 ι’,
1717 1710 1748 1733 ut

962 1763 1024 1782 cum
1040 1755 1086 1781 ιυτ
1108 1753 1229 1781 tenebris
1247 1753 1380 1785 illuxerit,
1401 1759 1415 1779 a
1439 1752 1516 1779 radio
1533 1755 1750 1780 transmutcntur

963 1799 1091 1829 tenebraz.
1117 1801 1145 1825 et
1172 1797 1218 1824 ﬁat
1243 1803 1340 1824 rursus
1362 1795 1476 1831 pulchra
1499 1802 1560 1830 qua
1580 1798 1640 1822 erat
1658 1795 1751 1829 nigra.

963 1843 1039 1876 Quod
1057 1847 1145 1870 autem
1166 1842 1192 1868 in
1209 1842 1327 1869 dictione
1350 1848 1412 1867 cum
1437 1847 1519 1868 sensu
1537 1840 1647 1866 invento
1673 1839 1750 1867 vide-

963 1893 1008 1915 tur
1021 1895 1073 1914 non
1095 1887 1241 1917 cohaerere,
1255 1886 1280 1912 id
1298 1886 1349 1912 hoc
1369 1885 1449 1912 modo
1471 1885 1569 1920 poterit
1582 1883 1724 1910 conciliari
1740 1893 1747 1910 :

962 1933 1015 1964 Me,
1033 1930 1131 1966 inquit,
1151 1935 1293 1965 posuerunt
1320 1931 1452 1958 riu-(oden:
1462 1931 1490 1957 in
1501 1926 1669 1960 vincisﬂuod
1687 1927 1750 1961 qui-

963 1979 1023 2004 dem
1039 1975 1149 2011 pcrinde
1161 1979 1212 2008 est,
1229 1979 1258 2001 ut
1277 1974 1347 2009 quod
1362 1973 1464 2000 dicitur
1477 1981 1483 1999 :
1507 1972 1654 1999 Posuerunt
1667 1971 1749 1998 Jeru-

962 2023 1043 2050 salem
1060 2023 1086 2048 in
1104 2029 1241 2056 pomorum
1254 2020 1402 2047 custodiam
1417 2019 1449 2047 ”.
1469 2018 1527 2045 Non
1545 2019 1616 2045 enim
1633 2018 1669 2044 illi
1689 2025 1750 2044 eam

963 2066 1311 2096 eonstitueruntcustodem
1323 2065 1421 2092 divinae
1437 2064 1534 2094 vineae,
1553 2067 1582 2090 ut
1597 2070 1629 2090 cx
1645 2062 1749 2093 verbis,

963 2122 1023 2148 qua:
1036 2117 1101 2140 sunt
1127 2113 1154 2139 in
1173 2115 1311 2147 promptu,
1337 2114 1428 2145 posset
1453 2109 1585 2143 intelligi;
1615 2107 1662 2135 sed
1678 2106 1751 2134 Deus

962 2159 1072 2194 quidem
1092 2161 1135 2185 est
1152 2158 1198 2192 qui
1222 2155 1373 2187 constituit,
1401 2155 1438 2182 illi
1459 2158 1548 2180 autem
1569 2153 1656 2180 solmn
1675 2152 1702 2178 in
1718 2159 1751 2178 ea

129 2198 225 2238 ἐκεῖνοι
239 2210 267 2236 δὲ
278 2198 448 2245 ἐμαχέσαντο
465 2208 544 2244 μόνον
556 2208 584 2233 ὲν
599 2207 678 2242 αὐτῇ,
695 2206 741 2232 καὶ
754 2206 844 2232 ἔθεντο
862 2205 908 2231 αὺ-

965 2208 1164 2240 pugnaverunt,
1182 2207 1209 2230 et
1229 2204 1378 2237 posuerunt
1395 2208 1454 2228 eam
1476 2203 1605 2233 tanquam
1621 2198 1751 2224 tabernae

128 2255 176 2291 τὴν
194 2255 231 2286 ὠς
250 2254 351 2290 σκηνὴν
365 2255 393 2280 ὲν
411 2252 562 2288 ἀμπελῶνι,
575 2251 622 2277 καὶ
639 2251 676 2282 ὡς
690 2249 913 2285 ὁπωροφυλάκιον

129 2303 157 2328 ὲν
177 2301 340 2336 σικυηλάτῳ.
355 2300 411 2335 Τῆς
435 2298 489 2334 γὰρ
513 2297 718 2333 φυλασσομένης
740 2295 850 2331 ὀπώρας
870 2295 915 2321 διὰ

128 2346 178 2380 τὴν
196 2346 337 2380 παρακοὴν
358 2343 534 2380 στερηθεῖσα,
548 2342 682 2378 ἄχρηστον
696 2341 785 2376 θέαμα
799 2339 916 2367 κατελεί-

129 2391 247 2426 φθη,τοῦ
260 2390 461 2425 φυλασσομένου
474 2389 502 2415 ὲν
516 2389 584 2423 αὐτῇ
600 2387 636 2423 μὴ
651 2387 736 2419 ὄντος.
752 2387 807 2413 Καὶ
821 2385 914 2421 ἐπειδὴ

129 2437 205 2464 ἔθετο
221 2437 235 2462 ὁ
249 2436 314 2468 Θεὸς
331 2435 471 2471 ἄνθρωπον
485 2433 630 2470 ἄργάζεθαι
645 2434 693 2460 καὶ
708 2433 854 2467 φυλάσσειν
867 2432 914 2458 τὸν

129 2483 302 2518 παράδεισον,
314 2481 392 2508 τοῦτό
404 2489 485 2516 φησιν
495 2481 512 2515 ή
522 2479 626 2515 νύμφη.
639 2479 680 2506 ὅτι
695 2478 748 2505 Τοῦ
760 2478 826 2504 Θεοῦ
844 2477 913 2513 [τοῦ]

131 2528 244 2563 θεμένου
259 2527 308 2562 τὴν
325 2526 412 2561 ψυχήν
429 2535 478 2560 μου
491 2527 530 2556 εἰς
544 2525 615 2559 ζωὴν
631 2525 699 2560 (ζωὴ
714 2524 768 2559 γὰρ
787 2522 820 2559 ἦν
837 2524 854 2559 ἡ
867 2523 913 2550 τοῦ

132 2573 296 2608 παραδείσου
305 2572 405 2607 τρυφὴ,
414 2571 442 2596 ὲν
449 2567 471 2604 ᾧ
482 2570 555 2597 ἔθετο
564 2570 651 2601 ὀΘεὸς
663 2570 707 2596 τὸν
718 2569 858 2605 ἄνθρωπον
870 2570 914 2604 ἑρ-

131 2618 261 2653 γᾶζεσθαι
276 2618 323 2644 καὶ
338 2616 483 2651 φυλάσσειν
498 2616 631 2650 αὑτὸν),οἰ
644 2615 735 2650 ὲχῦροὶ
747 2615 913 2650 μετέστησαν

130 2665 214 2699 uiti-p4
222 2663 308 2697 ὲκτῆς
318 2662 364 2688 τοῦ
374 2661 538 2697 παραδείσου
548 2660 662 2696 τρυφῆς,
671 2661 709 2691 εἰς
719 2660 749 2686 τὸ
756 2659 916 2691 σπουδάζειν

130 2711 194 2746 περὶ
204 2710 249 2735 τὸν
260 2708 348 2736 αὐτῶν
357 2707 516 2742 ἀμπελῶνα,
523 2703 552 2732 οὗ
563 2707 576 2733 ὁ
585 2706 678 2740 βότρυς
687 2706 804 2740 γεωργεῖ
812 2705 861 2739 τὴν
873 2714 916 2731 πι-

130 2766 156 2793 κ(
170 2756 263 2782 ίινκαὶ
272 2756 288 2790 ή
297 2754 417 2788 σταφυλὴ
429 2753 477 2788 τὴν
490 2752 582 2788 χολήν.
598 2751 721 2782 Τοιοῦτος
727 2750 855 2786 ἀμπελὼν
868 2748 917 2776 Σό-

172 2843 279 2870 ¹⁵ιὶοιιι.
297 2850 344 2874 vn,
360 2841 395 2868 25
444 2841 464 2856 ”
477 2840 547 2867 Psal.
568 2846 651 2869 ann,
670 2840 685 2864 5

961 2252 1052 2278 culum
1077 2250 1105 2276 in
1125 2250 1214 2280 vinea,
1239 2252 1266 2274 et
1282 2252 1410 2281 tanquam
1436 2245 1573 2272 fructuum
1595 2242 1749 2271 custodiam

962 2297 989 2324 in
1003 2295 1202 2324 cucumerarjo.
1215 2292 1359 2319 Fructibus
1372 2290 1444 2318 enim
1461 2289 1507 2324 qui
1524 2287 1752 2315 custodiebantur

963 2342 1068 2376 privata
1095 2343 1205 2375 propter
1227 2336 1450 2367 inobedientiam,
1479 2334 1573 2361 relicta
1591 2336 1632 2359 est
1656 2331 1753 2358 inutile

964 2385 1160 2422 spectaculum.
1177 2391 1240 2410 cum
1260 2383 1288 2409 in
1304 2389 1335 2409 ea
1360 2388 1414 2408 non
1432 2383 1504 2407 esset
1526 2378 1552 2405 id
1572 2377 1644 2412 quod
1660 2381 1753 2422 custos

965 2421 1102 2460 diebatur.
1130 2429 1164 2456 Et
1180 2428 1308 2464 quoniam
1337 2426 1410 2454 Deus
1434 2424 1526 2460 posuit
1551 2423 1689 2450 hominem
1717 2421 1751 2448 ad

966 2477 1134 2513 operandum
1151 2479 1177 2502 et
1192 2472 1400 2501 custodiendum
1419 2469 1588 2506 paradisum,
1616 2467 1668 2494 hoc
1681 2465 1750 2513 dixit

965 2509 1082 2559 sponsa:
1099 2520 1167 2548 Cum
1183 2519 1254 2546 Deus
1269 2518 1386 2544 animam
1401 2523 1489 2542 meam
1511 2513 1647 2548 posuisset
1665 2510 1698 2538 ad
1710 2509 1750 2537 vi-

967 2557 1040 2595 tam:
1058 2565 1162 2593 delicia).
1175 2564 1247 2591 enim
1270 2561 1386 2597 paradisi
1407 2560 1461 2587 vita
1477 2563 1545 2589 erat,
1566 2558 1592 2585 in
1607 2564 1662 2592 quo
1677 2557 1748 2583 Deus

968 2611 1058 2647 posuit
1065 2610 1201 2637 hominem
1210 2607 1243 2634 ad
1252 2605 1418 2642 operandum
1428 2609 1453 2631 et
1460 2611 1521 2631 eum
1528 2599 1747 2647 custodiendum:

967 2645 1069 2685 inimici
1076 2663 1118 2683 me
1127 2654 1305 2681 traduxerunt
1312 2660 1326 2678 a
1332 2649 1455 2678 custodia
1465 2649 1581 2684 paradisi
1592 2647 1624 2673 ad
1632 2645 1751 2673 studium

967 2701 1121 2738 ponendum
1137 2700 1164 2726 in
1177 2699 1297 2730 vineam,
1312 2695 1392 2730 cujus
1408 2695 1504 2722 botrus
1515 2695 1625 2727 generat
1639 2697 1749 2738 amaru-

968 2733 1036 2779 icttt,
1049 2750 1076 2773 et
1087 2754 1136 2773 uva
1147 2745 1238 2772 bilem.
1250 2741 1387 2778 Ejusmodi
1395 2741 1474 2767 vinea
1481 2737 1672 2766 eratSodoma.
1682 2733 1751 2761 'l'alo

670 2838 695 2864 5.
739 2838 757 2853 "
777 2837 846 2864 Psal.
863 2842 976 2866 waxn,
996 2836 1017 2862 ι.
