1984 3068
214 129 264 156 799

837 125 866 152 S.
880 122 1044 152 GREGORII
1061 120 1209 148 NYSSENI

1792 110 1845 138 800

213 190 382 213 sarmentum
403 184 554 211 Gomorrha
565 205 572 216 ,
591 192 650 218 qua:
666 184 791 210 dannmta
807 188 847 210 est
863 190 923 210 cmn
942 181 994 208 So-

1058 187 1113 213 ομα
1127 175 1160 212 ἦν
1189 175 1300 209 τοιαύτη
1318 173 1450 208 κληματὶς
1466 172 1604 207 Γόμορρα.
1619 170 1635 205 ἡ
1648 169 1846 203 συγκαταδικα-

212 233 302 259 (lamnis
316 252 323 264 ,
349 240 396 267 per
414 240 482 266 quas
503 232 541 258 ira
560 232 709 258 draconum
732 230 940 258 immedicabilis
963 230 1004 257 cf-

214 277 273 304 t'usa
294 281 336 304 est
353 277 379 303 in
401 277 480 303 malis
495 277 680 303 torcularibus
697 275 910 302 Sodontitarum.
928 274 1004 302 Licet

213 328 303 349 autem
330 324 357 349 in
387 323 550 349 hodiernum
579 329 665 356 usque
689 322 759 348 diem
786 321 877 348 videre
904 321 1004 348 umltos

214 367 342 394 homines
357 372 501 394 turatores
517 371 542 393 et
556 366 684 394 custodes
699 366 834 400 ejusmodi
850 367 1002 399 vinearum,

213 413 260 447 qui
281 413 429 448 diligenter
445 414 471 440 in
493 421 522 440 se
543 421 592 440 sua
612 413 675 440 vitia
696 412 874 445 custodiunt,
892 414 1004 447 perinde

214 466 245 484 ac
261 459 282 484 si
301 459 414 485 timeant
435 466 467 485 ne
489 459 589 485 malum
611 458 737 493 perdant.
758 457 842 486 Vides
863 459 1003 493 improbos

214 504 345 531 custodes
373 503 551 536 idololatrize,
572 511 632 538 qua:
651 508 797 530 exercetur
817 503 844 530 in
865 503 1004 538 impietate

213 552 240 577 et
257 551 284 578 in
300 551 415 577 avaritia
427 572 434 582 ,
453 550 682 585 quemadmodum
697 551 810 584 vigilant
825 550 852 577 in
869 551 1002 577 malorum

214 596 355 627 custodia,
382 597 513 624 damnum
537 604 597 624 esse
620 597 810 624 existimantes
831 597 933 631 privari
953 597 1004 623 ini-

214 633 330 677 quitate.
352 641 381 668 In
403 642 465 669 aliis
480 650 591 677 quoque
604 642 668 669 licet
684 642 778 669 videre
794 650 842 669 eos
858 642 904 676 qui
925 642 1003 677 peni-

214 704 259 728 tus
279 704 463 735 suscrperunt
482 701 648 735 voluptatem
664 721 671 732 .
695 704 742 727 aut
761 700 936 735 superbiam.
958 706 1005 728 aut

215 745 315 773 fastum
327 765 334 776 ,
347 750 393 772 aut
407 746 510 780 aliquid
522 746 656 780 ejusmodi
668 765 675 777 ,
688 747 917 781 quemadmodum
929 747 1004 773 omni

214 791 307 818 studio
326 799 357 819 ea
391 792 462 818 mala
493 792 708 826 amplectantur,
731 785 837 819 lucrum
864 800 926 820 esse
951 793 1004 820 du-

214 842 325 869 centes,
342 838 375 864 ab
395 838 552 872 hujusmodi
571 839 644 865 vitiis
665 846 806 873 nunquam
828 845 924 873 puram
942 846 1004 866 esse

215 884 347 910 animam.
363 883 426 911 Haec
439 892 505 919 ergo
521 883 602 912 deﬂet
617 892 730 919 sponsa.
747 885 842 912 dicens
855 895 860 911 :
874 884 1004 920 Propter-

214 937 246 957 ea
278 929 349 956 facta
375 939 436 958 sum
468 931 565 966 nigra,
596 931 668 965 quod
701 931 803 958 inimici
831 932 953 963 zizania.
977 935 1004 958 et

219 977 291 1002 mala
307 981 401 1004 nostra
421 983 561 1004 sarmenta
577 977 736 1004 custodiens
752 983 778 1004 et
801 981 879 1005 tuens
890 999 897 1010 ,
916 985 1003 1004 meam

215 1022 322 1049 vineam
339 1030 394 1049 non
409 1024 540 1050 custodii.
555 1023 577 1050 Ο
595 1027 713 1057 quantos
728 1024 829 1050 excitat
845 1024 959 1051 alTectus
977 1024 1003 1050 in

215 1067 250 1094 iis
269 1068 315 1101 qui
330 1069 387 1094 acri
411 1076 494 1096 sensu
521 1069 573 1096 ista
593 1069 768 1103 percipiunt:
794 1068 901 1096 Vincunt
920 1078 1004 1096 meam

215 1120 268 1139 mm
297 1114 428 1141 custodiet"
443 1115 452 1140 !
467 1114 528 1142 [late
560 1123 612 1141 vox
637 1119 679 1142 est
705 1119 798 1150 aperte
822 1116 1002 1142 lamentatio:

216 1158 394 1192 lamentatio,
418 1168 478 1194 qum
495 1162 691 1195 prophetarmn
709 1161 827 1196 gemitus
845 1165 870 1188 et
886 1162 1004 1196 ejulatus

217 1209 309 1232 movet
333 1206 366 1232 ad
391 1207 672 1234 commiserationem.
701 1207 844 1239 Quomodo
868 1207 939 1234 facta
963 1212 1005 1235 est

217 1252 346 1279 meretrix
365 1252 462 1280 civitas
480 1253 568 1280 ﬁdelis
594 1253 659 1280 Sion
687 1254 765 1287 plena
782 1253 911 1288 judicio?
929 1253 1004 1286 Quo-

217 1297 298 1323 modo
316 1297 409 1324 relicta
425 1302 466 1324 est
486 1297 538 1324 ﬁlia
560 1297 624 1324 Sion
644 1302 774 1333 tanquam
796 1299 1004 1325 tabernaculum

218 1341 244 1368 in
259 1342 357 1368 vinea?
369 1342 512 1375 Quomodo
526 1342 596 1369 sedit
607 1343 666 1370 sola
681 1343 779 1370 civitas
792 1344 870 1378 plena
889 1345 1003 1378 populo,

218 1388 362 1415 dominans
388 1388 415 1414 in
445 1388 621 1422 regionibus,
650 1388 720 1415 facta
740 1394 781 1416 est
807 1390 858 1417 sub
882 1391 1006 1418 tributo?

180 1456 186 1464 ,
217 1433 361 1467 Quomodo
385 1435 564 1461 obscuratum
589 1440 631 1462 est
656 1443 768 1467 aurum,
792 1437 936 1463 alteratum
965 1441 1006 1465 est

218 1484 360 1515 argentum
390 1481 492 1508 bonum
512 1481 556 1507 ‘3?
578 1481 722 1514 Quomodo
748 1479 822 1509 facta
847 1486 889 1509 est
907 1483 1003 1517 nigra,

216 1533 278 1560 quae
293 1533 355 1553 vera
372 1526 432 1553 luce
452 1527 572 1561 primum
598 1527 739 1562 fulgebat?
756 1527 817 1555 Hazc
833 1529 925 1555 omnia
939 1549 945 1560 ,
963 1529 1005 1556 in—

217 1572 295 1606 quit,
320 1571 385 1598 mihi
409 1572 481 1599 facta
506 1577 587 1605 sunt,
615 1573 681 1608 quia
703 1574 812 1601 vineam
837 1581 926 1601 meam
950 1583 1004 1602 non

218 1617 348 1644 custodii.
366 1617 452 1645 Vinea
469 1623 512 1645 est
530 1619 742 1651 immortalitas,
756 1620 837 1647 vinea
854 1625 896 1647 est
921 1621 1006 1655 impa-

218 1660 351 1696 tibilitas,
382 1669 409 1691 et
437 1664 492 1692 Deo
519 1665 701 1697 assimilatio,
726 1670 752 1693 et
778 1666 813 1693 ab
837 1667 911 1693 omni
936 1668 1008 1694 malo

219 1708 358 1736 alienatio.
378 1709 466 1744 Hujus
484 1710 570 1737 vinea:
587 1709 694 1737 fructus
709 1714 751 1738 est
768 1711 883 1746 puritas.
904 1712 952 1739 llic
967 1716 1008 1739 est

219 1755 382 1789 splendidus
401 1755 572 1790 pulcherque
586 1760 613 1783 et
630 1760 756 1784 maturus
772 1757 816 1783 ille
835 1757 944 1789 botrus,
961 1758 1007 1793 qui

219 1801 387 1835 peculiarem
410 1806 433 1828 et
458 1801 586 1828 eximiam
614 1802 730 1830 formam
755 1810 812 1837 pra;
835 1812 864 1831 se
892 1804 958 1837 fert,
982 1810 1009 1832 et

219 1845 347 1872 casntate
373 1844 468 1872 dulces
494 1846 584 1873 reddit
609 1855 708 1875 sensus
728 1849 836 1876 animm.
858 1849 1008 1884 Capreolus

219 1890 305 1916 vineze
319 1894 360 1917 est
374 1897 437 1916 cum
455 1890 509 1917 vita
527 1894 627 1918 azterna
645 1893 803 1926 eonjunctio
820 1899 846 1921 et
861 1896 1007 1924 connexio.

220 1934 418 1963 Excrescentes
434 1936 559 1970 palmites
571 1956 578 1969 ,
595 1942 660 1965 sunt
676 1939 806 1966 virtutum
821 1940 1008 1974 celsitudines,

220 1988 281 2015 qua;
301 1981 457 2008 ascendunt
485 1988 572 2017 usque
597 1984 631 2010 ad
654 1984 813 2013 altitudines
838 1987 1007 2021 angelorum.

220 2025 295 2053 Folia
316 2032 405 2054 autem
424 2035 483 2062 qua:
498 2029 687 2062 germinarunt
700 2050 706 2060 .
724 2034 750 2058 et
765 2039 824 2065 quae
841 2033 934 2066 quieto
954 2033 1011 2067 spi-

221 2073 274 2098 ritu
296 2073 409 2106 pulchre
429 2073 456 2100 in
479 2075 564 2102 ramis
585 2076 755 2109 quatiuntur,
781 2081 846 2104 sunt
866 2079 1009 2114 multiplex

221 2117 376 2144 divinarum
390 2119 522 2146 virtutum
537 2124 667 2152 ornatus,
685 2129 746 2154 qua:
760 2122 841 2149 simul
855 2124 1010 2158 germinant

221 2170 283 2188 cum
301 2164 409 2197 spiritu.
427 2163 489 2191 llmc
503 2165 596 2192 Omnia
612 2166 756 2200 possidens
767 2187 774 2199 ,
793 2173 820 2195 et
835 2177 896 2195 cum
913 2177 1008 2197 eorum

222 2208 354 2237 fruitione
375 2211 518 2245 gloriarer,
542 2215 686 2246 propterea
713 2213 786 2247 quod
815 2215 923 2242 vincam
954 2224 1009 2243 non

221 2256 377 2288 custodivi,
402 2249 476 2283 facta
504 2265 565 2284 sum
593 2258 689 2293 nigra,
709 2263 736 2286 et
756 2259 823 2286 vitio
847 2268 861 2287 a
890 2262 1009 2296 puritate

222 2303 297 2337 lapsa
309 2322 316 2334 ,
336 2304 451 2330 formam
469 2304 545 2330 indui
564 2309 650 2332 atram
665 2309 691 2333 et
705 2308 917 2336 tenebricosam.
937 2311 1010 2340 Talis

221 2347 293 2373 enim
306 2348 400 2374 forma:
411 2352 453 2375 est
463 2349 555 2376 tunica
568 2350 691 2384 pellicea.
702 2349 780 2380 Nunc
793 2358 883 2382 autem
898 2361 1010 2391 propter

221 2392 416 2419 rectitudinem
428 2401 488 2427 quae
502 2402 544 2421 me
560 2403 656 2424 rursus
666 2396 770 2430 dilexit.
785 2399 880 2427 ell‘ecta
896 2402 1010 2436 pulchra

221 2438 249 2464 et
269 2438 423 2470 luminosa,
444 2444 599 2474 suspectam
624 2441 711 2470 habeo
736 2452 822 2471 meam
843 2448 1011 2482 prosperita-

224 2488 289 2515 lem.
306 2491 339 2511 ne
355 2491 452 2512 rursus
467 2486 578 2520 perdam
594 2488 839 2523 pulchritudinem,
861 2500 909 2526 per
930 2494 1010 2528 igno-

222 2530 340 2557 rantiam
350 2539 405 2558 non
415 2538 540 2560 assecuta
549 2534 658 2562 modum
668 2537 729 2570 ejus
741 2540 800 2564 tuto
809 2539 1007 2567 custodiendae.

258 2577 406 2612 Propterea
436 2586 549 2608 cessans
578 2581 651 2616 loqui
682 2590 744 2609 cum
778 2584 1010 2617 adolescentulis,

223 2623 295 2649 votis
323 2628 435 2651 revocat
455 2633 604 2660 sponsum,
623 2627 648 2654 ei
669 2636 748 2663 quem
770 2629 944 2658 desiderabat
962 2640 1013 2658 no-

223 2669 297 2696 mine
311 2668 397 2697 indito
411 2678 443 2698 ex
460 2679 510 2698 sua
527 2673 554 2699 in
571 2673 660 2708 ipsum
679 2674 834 2703 affectione.
852 2676 923 2709 Quid
939 2677 1012 2704 enim

223 2713 313 2741 dicit?
341 2714 474 2744 Renuntia
500 2719 575 2752 milii,
601 2728 676 2754 quem
695 2720 784 2756 diligit
817 2724 907 2749 anima
934 2732 1009 2756 mea,

223 2759 267 2786 ubi
284 2769 390 2794 pascas,
417 2763 462 2789 ubi
477 2764 554 2791 cubes
579 2766 605 2791 in
632 2767 741 2794 meridie
755 2775 762 2794 ;
778 2776 808 2795 ne
820 2768 925 2803 quando
949 2771 1012 2804 ﬁam

265 2850 400 2880 "Thrcn.
416 2860 446 2886 Il,
466 2853 473 2879 t
494 2861 554 2888 sqq.

1055 224 1149 250 σθεῐσα
1175 221 1317 256 Σοδόμοις,
1331 220 1363 245 δι’
1380 215 1417 245 ὧν
1438 219 1452 244 ὁ
1478 218 1531 243 τῶν
1556 215 1707 252 δρακόντων
1731 213 1814 248 θυμὸς
1831 215 1846 240 ὁ

1055 268 1161 300 ἀνίατος
1174 269 1201 293 ὲν
1213 267 1272 298 ταῖς
1284 266 1413 300 πονηραῖς
1424 264 1513 298 ληνοῖς
1526 263 1580 289 τῶν
1593 261 1744 296 Σοδομιτῶν
1761 261 1845 295 ὑπερ-

1055 313 1145 348 εχέθη.
1176 314 1253 338 Ἔστι
1277 310 1304 337 δὲ
1329 310 1375 336 καὶ
1395 309 1475 344 μέχρι
1498 307 1544 334 τοῦ
1568 307 1615 333 νῦν
1642 306 1694 332 τῶν
1718 303 1845 332 τοιούτων

1056 358 1224 394 ἀμπελώνων
1239 356 1406 392 ἐπιμελητάς
1418 364 1446 382 τε
1464 355 1510 381 καὶ
1526 353 1646 388 φύλακας
1657 353 1720 382 τοὺς
1732 351 1845 382 πολλοὺς

1054 405 1108 431 τῶν
1124 403 1273 438 ἀνθρώπων
1297 402 1371 430 ἰδεῖν,
1395 401 1419 426 οἳ
1443 399 1543 434 σπουδῇ
1560 398 1593 424 τὰ
1608 397 1680 432 πάθη
1700 398 1764 432 παρ’
1779 397 1843 423 ἑαυ-

1054 451 1109 481 τοῖς
1124 449 1263 484 τηροῦσιν,
1282 445 1376 480 ὥσπερ
1399 445 1547 474 δεδοικότες
1565 443 1602 478 μὴ
1624 442 1654 468 τὸ
1676 442 1761 468 κακὸν
1777 441 1846 467 ἀπο-

1054 495 1177 522 λέσωσιν.
1207 493 1289 528 Ὁρᾷς
1313 492 1375 522 τοὺς
1401 490 1535 525 πονηροὺς
1560 488 1610 522 τῆς
1626 485 1845 521 εἰδωλολατρείας

1055 541 1188 575 φύλακας,
1207 539 1257 574 τῆς
1276 546 1306 564 τε
1323 536 1393 563 κατὰ
1417 536 1465 570 τὴν
1491 533 1617 560 ἀσέϐειαν
1633 532 1679 558 καὶ
1703 531 1753 566 τῆς
1775 530 1846 557 κατὰ.

1055 586 1103 621 τὴν
1119 585 1278 617 πλεονεξίαν
1295 581 1503 618 ἐνεργουμένης,
1520 579 1577 610 πῶς
1595 576 1798 612 ἐπαγρυπνοῦσι
1812 577 1845 611 τῇ

1055 631 1161 666 φυλακῇ
1176 630 1230 656 τῶν
1249 629 1352 658 κακῶν,
1368 624 1469 662 ζημίαν
1486 625 1516 652 τὸ
1533 623 1696 659 στερηθῆναι
1719 622 1768 656 τῆς
1784 622 1846 648 ἀνο-

1057 678 1119 712 μίας
1138 676 1301 711 νομίζοντες.
1320 674 1374 700 Καὶ
1389 671 1434 698 ἐπὶ
1448 671 1502 698 τῶν
1517 670 1603 697 ἄλλων
1619 666 1749 699 ὡσαύτως
1773 667 1847 693 ἔστιν

1056 711 1119 750 ίδεῐν
1143 723 1205 753 τοὺς
1231 722 1259 747 ἐν
1283 720 1359 755 βάθει
1375 716 1615 754 παραδεξαμένους
1634 714 1683 749 τὴν
1698 713 1803 749 ἡδονὴν,
1829 711 1846 748 ἢ

1055 766 1253 802 ὑπερηφανίαν,
1280 763 1296 800 ἢ
1325 764 1420 799 τῦφον,
1445 763 1461 799 ἢ
1487 762 1550 789 ἄλλο
1579 769 1605 787 τι
1629 759 1684 786 τῶν
1707 758 1846 788 τοιούτων,

1055 813 1114 844 πῶς
1130 811 1301 847 περιέχονται
1318 810 1362 836 διὰ
1384 809 1474 843 πάσης
1491 805 1612 842 φυλακῆς
1636 804 1689 830 τῶν
1709 802 1846 834 τοιούτων,

1022 851 1042 879 Β
1058 858 1151 894 κέρδος
1176 856 1329 892 ποιούμενοι
1352 855 1383 881 τὸ
1410 853 1545 890 μηδέποτε
1560 850 1608 886 τὴν
1622 850 1710 886 ψυχὴν
1726 849 1779 875 τῶν
1795 857 1848 894 πα-

1056 893 1109 930 θῶν
1130 902 1308 937 καθαρεῦσαι.
1334 898 1425 927 Ταῦτα
1441 897 1487 926 οὖν
1500 900 1516 933 ή
1540 899 1634 932 νύμφη
1651 896 1785 931 ὀδύρεται,
1803 893 1847 920 λέ-

1055 958 1158 984 γουσα,
1176 950 1216 975 ὅτι
1243 947 1292 973 Διὰ
1307 946 1387 973 τοῦτο
1409 945 1542 980 ἐγενόμην
1560 943 1683 978 μέλαινα,
1707 940 1800 975 ἐπειδὴ
1814 940 1849 968 τὰ

1056 994 1162 1027 ζιζάνια
1178 993 1223 1020 τοῦ
1247 992 1356 1028 ἐχθροῦ,
1380 991 1427 1018 καὶ
1443 990 1491 1020 τὰς
1507 989 1627 1024 πονηρὰς
1643 988 1730 1014 αὐτῶν
1745 987 1849 1020 κλημα-

1055 1040 1128 1072 τίδας
1144 1038 1317 1074 φυλάσσουσα
1338 1045 1367 1063 ’τε
1383 1036 1430 1062 καὶ
1447 1034 1625 1070 περιέπουσα,
1641 1033 1685 1058 τὸν
1701 1031 1849 1066 ἀμπελῶνα

1055 1085 1100 1111 τὸν
1113 1085 1177 1120 ἒμὺν
1193 1084 1242 1110 οὑκ
1255 1082 1386 1117 ἐφύλαξα.
1406 1081 1438 1107 Ὢ
1459 1079 1540 1106 πόσον
1558 1079 1628 1105 κινεῖ
1647 1077 1731 1108 πάθος
1743 1077 1771 1103 ἐν
1792 1078 1848 1108 τοῖς

1056 1131 1221 1167 αἰτίιητικῶς
1238 1130 1390 1160 ἐπαΐουσιν,
1415 1125 1590 1161 Ἀμπελῶνα
1615 1123 1689 1158 ἐμὸν
1706 1124 1759 1150 οὐκ
1778 1122 1849 1156 ἐφύ-

1055 1178 1151 1210 λαξα]
1175 1177 1278 1212 Θρῆνος
1305 1173 1433 1205 ἄντικρύς
1459 1173 1533 1198 ἐστιν
1556 1172 1573 1206 ἡ
1600 1167 1685 1205 φωνὴ,
1711 1169 1774 1199 τοὺς
1795 1168 1848 1194 τῶν

1056 1222 1203 1258 προφητῶν
1228 1219 1398 1254 στεναγμοὺς
1423 1217 1505 1244 κινῶν
1526 1218 1565 1248 εἰς
1580 1215 1759 1250 συμπάθειαν.
1786 1213 1850 1244 Πῶς

1055 1269 1163 1302 ἐγένετο
1181 1268 1267 1302 πόρνη
1279 1267 1296 1301 ἡ
1313 1265 1390 1296 πόλις
1406 1262 1488 1299 πιστὴ
1506 1260 1574 1288 Σιὼν
1591 1261 1696 1296 πλήρης
1714 1262 1847 1294 κρίσεως;

1055 1314 1117 1346 Πῶς
1132 1311 1296 1346 κατελείφθη
1315 1311 1332 1346 ἡ
1355 1310 1477 1344 Θυγάτηρ
1494 1307 1561 1334 Σιὼν
1576 1307 1613 1339 ὡς
1634 1306 1720 1341 σκηνὴ
1744 1306 1772 1331 ὲν
1790 1305 1845 1339 ἁμ-

1056 1358 1174 1389 πελῶνι;
1190 1356 1252 1387 Πῶς
1269 1355 1378 1382 ἐκάθισε
1396 1351 1463 1388 μόνη
1477 1354 1493 1387 ἡ
1516 1352 1602 1384 πόλις,
1621 1352 1637 1386 ἡ
1653 1349 1848 1385 πεπληθυμὲνη

1056 1405 1144 1437 λαῶν;
1170 1404 1290 1439 ἄρχουσα
1319 1401 1364 1426 ἐπὶ
1395 1398 1508 1434 χώραις,
1535 1398 1651 1432 ἐγενήθη
1683 1397 1723 1428 είς
1749 1396 1849 1430 (primm;

1057 1451 1118 1482 Πῶς
1132 1448 1284 1485 ὴμαυρώθη
1299 1447 1330 1473 τὸ
1345 1445 1466 1481 χρυσίον1
1482 1444 1614 1479 ἠλλοιώθη
1631 1444 1661 1470 τὸ
1674 1443 1803 1479 ἀργύριον
1820 1442 1864 1468 τδ’

1057 1495 1175 1529 ἀγαθόνς
1195 1493 1256 1524 Πῶς
1271 1492 1379 1526 ἐγένετο
1395 1491 1519 1526 μέλαινα,
1546 1490 1562 1525 ἡ
1586 1490 1625 1524 τῷ
1646 1488 1763 1523 ἀληθινῷ
1781 1487 1851 1522 φωτὶ

1056 1542 1090 1568 τὰ
1107 1541 1203 1576 πρῶτα
1220 1537 1487 1572 συναναλὰμπουσα;
1514 1537 1605 1562 Πάντα
1630 1534 1716 1561 ταῦτα
1742 1533 1850 1567 ἐγένετό

1059 1596 1113 1623 μοι,
1129 1586 1222 1621 φησιν,
1237 1585 1277 1611 ὅτι
1292 1584 1337 1610 τὸν
1352 1582 1500 1618 ἀμπελῶνα
1517 1582 1562 1608 τὸν
1578 1581 1642 1616 ἐμὸν
1653 1581 1703 1607 οὐκ
1717 1579 1849 1614 ἐφύλαξα.

1063 1632 1204 1668 Ἀμπελὼν
1227 1632 1300 1657 ἐστιν
1317 1631 1334 1665 ὴ
1358 1629 1508 1656 ἀθανασία·
1527 1627 1655 1664 ἀμπελὼν
1675 1628 1691 1662 ἡ
1719 1626 1850 1658 ἀπάθεια,

1057 1681 1134 1715 καὶὴ
1160 1678 1227 1714 πρὸς
1251 1677 1280 1703 τὸ
1291 1678 1366 1704 Θεῖον
1380 1675 1526 1710 ὁμοίωσις,
1543 1675 1589 1701 καὶ
1612 1674 1628 1709 ἡ
1645 1673 1743 1704 παντὸς
1765 1672 1851 1699 κακοῦ

1057 1723 1242 1758 ἀλλοτρίωσις.
1258 1720 1358 1747 Τούτου
1374 1719 1420 1761 τοῦ
1435 1718 1596 1761 ἀμπελῶνος
1610 1718 1716 1753 καρπὸς
1732 1718 1748 1752 ὴ
1766 1717 1852 1743 καθα-

1060 1768 1150 1804 ρότης,
1174 1768 1188 1793 ὁ
1206 1763 1331 1801 λαμπρὸς
1357 1760 1434 1795 οὗτος
1450 1764 1496 1790 καὶ
1510 1762 1614 1798 ὥριμος
1629 1762 1736 1797 βότρυς,
1749 1761 1763 1787 ὁ
1784 1761 1852 1788 ἰδιά-

1059 1814 1112 1846 ζων
1127 1813 1165 1847 τῷ
1187 1812 1252 1838 εἴδει
1266 1811 1313 1837 καὶ
1329 1808 1552 1844 καταγλυκαίνων
1574 1809 1603 1834 ἐν
1625 1807 1721 1842 ἁγνείᾳ
1743 1806 1778 1833 τὰ
1801 1807 1852 1841 τῆς

1059 1859 1146 1894 ψυχῆς
1163 1857 1337 1892 αἰσθητήρια.
1360 1855 1437 1886 Ἔλιξ
1451 1855 1479 1880 δὲ
1498 1853 1544 1880 τοῦ
1559 1853 1730 1888 ἀμπελῶνος,
1746 1854 1762 1888 ἡ
1784 1852 1854 1888 πρὸς

1060 1905 1108 1940 τὴν
1131 1904 1216 1930 ἀΐδιον
1236 1902 1307 1936 ζωὴν
1332 1899 1483 1936 περιπλοκὴ
1506 1907 1538 1925 τε
1563 1899 1611 1925 καὶ
1627 1898 1767 1933 συμφυῖα·
1787 1898 1854 1932 κλή-

1062 1959 1134 1986 ματα
1161 1949 1189 1976 δὲ
1211 1948 1379 1982 αὐξανόμενα
1392 1967 1399 1977 ,
1427 1946 1460 1972 τὰ
1478 1946 1531 1972 τῶν
1553 1945 1658 1981 ἀρετῶν
1680 1946 1755 1972 ἐστιν
1778 1944 1854 1979 ὑψῶ-

1062 2005 1135 2033 ματα
1152 1995 1219 2031 πρὸς
1240 1994 1270 2020 τὸ
1294 1993 1360 2028 ὕψος
1381 1993 1433 2019 τῶν
1456 1992 1580 2026 ἀγγέλων
1603 1991 1852 2026 ἀναδενδρούμενα·

1062 2042 1148 2077 φύλλα
1163 2041 1190 2067 δὲ
1204 2040 1333 2075 τεθηλότα
1356 2039 1402 2065 καὶ
1425 2037 1464 2073 τῷ
1488 2037 1614 2072 ὴρεμαίῳ
1638 2036 1771 2072 πνεύματι
1785 2036 1852 2070 γλα-

1062 2088 1154 2124 φυρῶς
1177 2088 1233 2118 τοῖς
1250 2085 1358 2116 κλάδοις
1385 2083 1570 2118 ἐπισειόμενα,
1596 2083 1610 2108 ὁ
1634 2082 1775 2118 πολυειδὴς
1800 2082 1854 2109 τῶν

1062 2135 1141 2162 θείων
1155 2132 1259 2168 ἀρετῶν
1276 2132 1378 2166 κόσμος
1395 2130 1462 2162 ἐστὶ,
1478 2129 1530 2156 τῶν
1551 2128 1802 2155 συναναθαλλόντων
1815 2128 1854 2163 τῷ

1063 2179 1211 2213 πνεύματι.
1227 2177 1320 2204 Ταῦτα
1337 2176 1426 2203 πάντα
1440 2174 1606 2209 κεκτημένη,
1623 2174 1700 2209 φησὶ,
1717 2174 1762 2200 καὶ
1779 2174 1808 2200 ὲν
1819 2175 1852 2209 τῇ

1060 2224 1208 2253 ἀπολαύσει
1223 2224 1323 2250 τούτων
1337 2221 1564 2257 λαμπρυνομένη,
1580 2219 1624 2246 διὰ
1639 2220 1668 2246 τὸ
1686 2220 1722 2256 μὴ
1737 2219 1854 2254 φυλάξαι

1058 2272 1102 2299 τὸν
1131 2269 1288 2306 ἀμπελῶνα,
1307 2266 1510 2301 κατεμελάνθην
1532 2266 1570 2301 τῷ
1604 2266 1715 2293 πένθει·
1733 2266 1782 2301 τῆς
1797 2265 1854 2300 γὰρ

1059 2317 1242 2352 καθαρότητος
1269 2313 1433 2345 ἐκπεσοῦσα,
1451 2313 1482 2339 τὸ
1500 2311 1618 2346 ζοφῶδες
1641 2310 1711 2344 εἶδος
1727 2311 1854 2338 ὲνεδυσά‹

1061 2372 1124 2398 μην.
1143 2361 1269 2392 Τοιοῦτος
1293 2360 1347 2395 γὰρ
1370 2359 1408 2393 τῷ
1430 2358 1494 2384 εῖδει
1519 2358 1533 2383 ὁ
1556 2357 1665 2392 χιτὼνὸ
1681 2356 1852 2392 δερμάτινος.

1064 2408 1122 2434 Νῦν
1133 2406 1160 2433 δὲ
1173 2406 1217 2433 διὰ
1230 2407 1279 2441 τὴν
1294 2403 1475 2438 ἀγαπήσασάν
1489 2411 1522 2438 με
1533 2402 1614 2429 πάλιν
1626 2402 1769 2437 εὐθύτητα,
1781 2401 1852 2436 καλή

1064 2461 1093 2478 τε
1118 2453 1164 2478 καὶ
1180 2449 1324 2485 φωτοειδὴς
1338 2449 1482 2484 γενομένη,
1510 2447 1655 2474 ὑποπτεύω
1679 2446 1728 2482 τὴν
1753 2447 1854 2481 εὐκλη-

1067 2498 1126 2533 ρίαν
1137 2518 1143 2530 ,
1159 2497 1195 2532 μὴ
1206 2496 1286 2522 πάλιν
1300 2494 1425 2521 ἀπολέσω
1437 2494 1467 2520 τὸ
1479 2492 1576 2524 κάλλος
1585 2513 1591 2523 ,
1604 2493 1700 2528 ἀγνοίᾳ
1714 2492 1761 2519 τοῦ
1782 2493 1854 2519 κατά

1065 2543 1113 2579 τὴν
1127 2541 1275 2576 ἀσφάλειαν
1286 2539 1397 2575 τρόπου,
1410 2539 1474 2575 περὶ
1485 2539 1533 2574 τὴν
1545 2538 1668 2574 φυλακὴν
1683 2539 1852 2573 ἁτυχήσασα.

1097 2588 1144 2614 Δια
1163 2587 1241 2613 τοῦτο
1254 2585 1441 2612 καταλιποῦσα
1454 2585 1499 2611 τὸν
1520 2585 1588 2620 πρὸς
1602 2585 1652 2616 τὰς
1665 2584 1788 2615 νεάνιδας
1806 2584 1853 2610 λύ-

1062 2642 1118 2668 γον,
1138 2632 1218 2659 πάλιν
1240 2631 1274 2658 δι’
1297 2630 1378 2666 εὐχῆς
1401 2630 1529 2657 ἀνακαλεῖ
1553 2629 1597 2656 τὸν
1615 2630 1740 2665 νυμφίον,
1766 2630 1852 2664 ὄνομα

1063 2678 1232 2713 ποιησαμένη
1249 2676 1294 2703 τοῦ
1314 2675 1480 2710 ποθουμένου
1498 2676 1547 2710 τὴν
1573 2675 1641 2710 πρὸς
1664 2676 1744 2701 αὐτον
1765 2674 1852 2701 ἐνδιά-

1063 2725 1138 2751 θετον
1155 2723 1256 2759 σχέσιν.
1274 2722 1305 2748 Τί
1326 2722 1384 2757 γάρ
1400 2729 1498 2756 φησιν;
1531 2720 1794 2755 'Azdnwldryot,
1815 2719 1852 2746 ὃν

1066 2771 1224 2806 ἠγάπησεν
1247 2770 1262 2802 ἡ
1288 2768 1371 2802 ψυχή
1386 2776 1455 2801 μου,
1475 2766 1533 2792 ποῦ
1552 2767 1726 2800 arm/miram,
1753 2764 1770 2799 ἢ
1792 2762 1852 2792 ποῦ
