1984 3068
138 93 184 119 8N

665 88 697 115 ΙΝ
708 86 856 114 CANTICA
872 85 1006 114 CANTIC.
1030 87 1169 115 lllMllLlA
1194 89 1225 115 ll.

1710 91 1762 119 802

138 148 276 180 admirere
306 148 340 173 ὲν
367 147 554 182 μεσημϐρίᾳ’
585 146 701 181 μήποτε
730 145 855 181 γένωμαι
883 146 921 177 ὡς

975 149 1101 179 (unquam
1133 146 1229 171 amicta
1264 146 1289 172 in
1322 147 1442 180 gregibus
1476 146 1608 174 sodalium
1646 152 1760 174 tuorum.

138 193 374 228 ,τεριϐαλλομέιηι
399 194 444 220 ἐπ’
473 193 596 228 ἀγέλαις
623 192 683 219 τῶν
704 192 828 226 ἑταίρων
853 200 921 217 σου.

138 240 190 266 Ποῦ
206 240 368 275 ποιμαίνεις,
387 240 401 265 ὁ
423 240 525 274 ποιμὴν
539 240 552 265 ὁ
569 238 659 270 καλὸς,
675 239 689 264 ὁ
706 238 788 272 αἴρων
803 236 848 262 ἐπὶ
870 236 923 262 τῶν

137 285 217 320 ὤμων
234 285 293 312 ὅλον
311 284 351 311 τὸ⁹
361 285 500 320 ποίμνιον;
517 285 545 311 ἓν
558 284 611 320 γάρ
632 285 689 309 ἐστι
704 283 838 318 πρόϐατον
849 283 924 308 πᾶσα

137 331 151 366 ή
178 329 335 364 ἀνθρωπίνη
364 330 454 364 φύσις,
481 331 514 365 ἣν
538 330 583 355 ἐπὶ
609 330 662 355 τῶν
683 328 765 363 ὠμων
785 327 921 358 ἀνέλαϐες.

137 376 228 408 Δεῖξόν
257 384 300 410 μοι
327 376 372 402 τὸν
389 376 469 401 τόπον
495 375 544 410 τῆς
567 375 656 410 χλόης,
673 373 805 408 γνώρισον
826 381 869 408 μοι
894 373 923 401 τὸ

138 422 208 457 ὕδωρ
222 422 271 457 τῆς
288 421 476 452 ἀναπαύσεως,
492 421 608 454 ἐξάγαγε
625 429 658 455 με
680 419 746 455 πρὸς
768 419 816 454 τὴν
831 419 923 453 τρόφι.-

138 477 186 503 μον
207 467 285 499 πόαν,
303 467 415 494 κάλεσόν
432 476 464 502 με
486 468 517 493 ἐκ
531 466 576 493 τοῦ
593 466 734 501 ὀνόματος,
752 466 794 491 ἴνα
815 466 923 492 ἀκούσω

136 513 184 547 τῆς
202 512 292 547 φωνῆς
308 521 365 544 σου,
389 512 443 546 ἐγὼ
465 512 495 538 τὸ
511 512 556 538 σὺν
571 512 706 547 πρόϐατον
719 521 726 527 ·
753 511 800 538 καὶ
814 511 857 543 δός
880 521 922 546 μοι

135 559 176 585 διὰ
196 560 245 594 τῆς
262 558 354 593 φωνῆς
371 567 418 584 σου
437 558 485 593 τὴν
505 558 576 594 ζωὴν
600 558 648 593 τὴν
670 558 787 584 αἰώνιον.
820 557 922 591 Ἆπιίγ-

136 605 236 638 γειλόν
249 613 310 638 μοι,
321 603 357 630 ὃν
370 603 529 638 ἠγάπησεν
545 605 563 637 ὴ
579 603 662 638 ψυχή
684 613 753 638 μου.
774 603 851 630 Οὕτω
870 604 923 640 γάρ

136 658 163 675 σε
178 649 364 684 κατονομάζω,
380 650 472 684 ἐπειδὴ
486 649 516 676 τὸ
529 650 614 684 ὄνομά
638 658 684 676 σου
700 650 769 685 ὑπὲρ
784 651 836 676 πᾶν
849 650 923 676 ἐστιν

135 695 229 729 ὄνομα,
246 695 293 720 καὶ
308 695 382 730 πάσῃ
393 694 487 730 λογικῇ
501 695 579 728 φύσει
593 695 727 730 ἄφραστον
743 704 772 721 τε
788 696 833 722 καὶ
852 696 923 730 ἀχώ-

137 748 224 775 ρητον.
256 740 359 766 Οὐκοῦν
388 740 474 775 ὄνομά
499 741 557 766 ἐστι
589 741 767 775 γνωριστικὺν
797 741 845 775 τῆς
874 741 923 776 σῆς

135 783 309 819 ἀγαθὸτητος.
325 785 341 819 ὴ
358 785 405 819 τῆς
422 784 509 819 ψυχῆς
527 793 575 820 μου
593 785 656 820 περὶ
681 785 710 811 σὲ
734 785 833 820 σχέσις.
861 785 923 816 Πῶς

135 828 188 863 γάρ
206 837 234 855 σε
251 829 288 864 μὴ
303 830 447 864 ἀγαπήσω,
470 829 513 856 τὸν
531 830 601 856 οὕτω
622 838 655 864 με
670 831 861 865 ἀγαπήσαντα,
877 831 922 857 καὶ

135 873 219 900 ταῦτα
245 874 375 908 μέλαιναν
396 873 489 906 οὖσαν,
514 875 583 901 ὥστε
607 875 654 911 τὴν
673 876 762 912 ψυχήν
780 885 826 902 σου
853 877 923 912 ὑπὲρ

135 919 188 946 τῶν
201 920 343 954 προϐάτων
355 920 450 952 θεῖναι,
466 921 484 948 ἃ.
499 921 529 948 σὺ
544 923 696 957 ποιμαίνεις
709 932 716 956 ;
730 922 847 954 Μείζονα
858 923 922 949 ταύ-

134 974 183 1001 της
207 967 316 1002 ἀγάπην
339 967 389 995 οὐκ
412 967 485 994 ἔστιν
501 968 683 1003 ὲπινοῆσαι,ἢ
704 968 734 994 τὸ
749 969 780 1003 τῇ
803 970 835 1003 σῇ
849 968 920 1003 ψυχῇ

133 1011 183 1046 τὴν
205 1012 340 1046 σωτηρίαν
354 1012 403 1047 τὴν
418 1012 487 1048 ὲμὴν
511 1014 737 1046 ἀνταλλάξασθαι.
763 1015 853 1048 Δεῖξον
876 1014 922 1042 οὖν

136 1063 190 1088 μοι,
209 1055 286 1088 φησι,
304 1054 354 1080 ποῦ
378 1057 540 1090 ποιμαίνεις,
557 1057 599 1084 ἵνα
624 1058 742 1094 εὑροῦσα
762 1059 811 1095 τὴν
837 1061 923 1094 σωτή-

135 1107 192 1134 ριον
204 1100 299 1135 νομὴν,
315 1101 463 1136 ἐμφορηθῶ
477 1103 526 1137 τῆς
539 1103 666 1138 οὐρανίας
679 1105 791 1139 τροφῆς,
804 1102 837 1140 ἧς
853 1107 866 1132 ὁ
885 1106 920 1141 μὴ

135 1145 238 1179 φαγὼν,
255 1147 284 1172 οὐ
299 1146 407 1174 δύναται
430 1148 469 1180 είς
482 1148 531 1183 τὴν
547 1148 618 1184 ζωὴν
634 1149 762 1176 εἰσελθεῖν
773 1159 779 1165 ·
799 1151 845 1177 καὶ
856 1151 921 1186 δρα-

137 1191 223 1225 μοῦσα
240 1191 306 1227 πρὸς
322 1192 350 1218 σὲ
364 1192 413 1227 τὴν
438 1193 538 1228 πηγὴν,
555 1195 650 1221 σπάσω
671 1195 717 1221 τοῦ
744 1196 815 1222 θείου
832 1197 922 1231 πόμα-

134 1242 190 1266 τος,
205 1234 218 1260 ὃ
242 1235 274 1260 σὺ
290 1237 346 1267 τοῖς
361 1236 457 1270 διψῶσι
475 1237 618 1272 πηγάζεις,
644 1240 783 1274 προσχέων
797 1241 826 1267 τὺ
850 1241 921 1276 ὕδωρ

133 1281 166 1306 ἐκ
180 1280 230 1315 τῆς
249 1280 380 1316 πλευρᾶς,
396 1282 442 1308 τοῦ
460 1283 567 1318 σιδήρου
583 1284 631 1319 τὴν
646 1284 730 1319 φλέϐα
743 1286 843 1322 ταύτην
855 1287 921 1313 ἀνα-

135 1326 341 1360 στημιὶισαντος’
361 1324 391 1353 οὗ
407 1329 421 1354 ὁ
435 1330 602 1364 γευσάμενος
624 1332 698 1367 πηγὴ
721 1333 824 1366 γίνεται
844 1334 921 1360 ἀλλο-

135 1370 356 1407 μένου⁴είςζωὴν
375 1373 492 1400 αἰώνιον.
509 1375 558 1402 “Av
572 1375 625 1411 γὰρ
640 1378 668 1403 ἐν
692 1377 795 1410 τούτοις
816 1388 849 1413 με
864 1388 921 1408 ποι-

136 1415 234 1453 μάνῃς,
249 1416 384 1448 κοιτάςεις
401 1418 434 1452 μὲ
450 1418 556 1450 πάντως
577 1420 605 1445 ἐν
628 1422 795 1458 μεσημϐρίᾳ,
808 1423 871 1451 ὅταν
891 1425 921 1451 ἐν

134 1461 228 1496 εἰρήνῃ
251 1462 296 1487 ἐπὶ
315 1462 345 1488 τὸ
364 1462 428 1489 αὐτὸ
451 1465 622 1499 κοιμηθεῖσα,
640 1466 667 1491 ὲν
687 1466 725 1501 τῷ
745 1468 831 1503 ἀσκίῳ
852 1470 921 1503 φωτὶ

133 1506 342 1541 ὸναπαύσομαι·
361 1508 454 1540 ἄσκιος
467 1510 520 1544 γὰρ
537 1512 703 1546 πανταχόθεν
720 1513 735 1548 ἡ
752 1515 920 1549 μεσημϐρία,

133 1550 181 1576 τοῦ
196 1551 270 1586 ἡλίου
285 1552 332 1587 τῆς
353 1555 472 1589 κορυφῆς
489 1555 720 1591 ὑπερλάμποντος,
742 1559 771 1586 ἐν
820 1560 852 1586 σὺ
867 1570 922 1588 κοι-

133 1596 226 1628 τάζεις
248 1597 311 1628 τοὺς
326 1598 377 1624 ὑπὸ
399 1599 446 1625 σοῦ
465 1601 672 1635 ποιμανθέντας,
691 1604 754 1630 ὅταν
774 1605 806 1631 τὰ
828 1606 922 1633 παιδία

134 1649 181 1666 σου
196 1641 258 1678 δέξῃ
274 1643 341 1677 μετὰ
355 1644 468 1670 σεαυτοῦ
482 1646 521 1677 εἰς
536 1646 585 1681 τὴν
604 1647 706 1683 κοίτην.
725 1650 817 1682 Οὐδεὶς
830 1651 858 1677 δὲ
873 1652 920 1687 τῆς

132 1685 310 1731 ἀναπαύσεως
324 1686 374 1721 τῆς
389 1689 577 1725 μεσημϐρινῆς
592 1691 723 1723 ἀξιοῦται,
740 1694 777 1730 μὴ
792 1696 847 1727 υἱὸς
866 1705 922 1731 (ρω-

132 1725 178 1756 τδς
193 1728 238 1753 καὶ
248 1729 354 1764 ἡμέρας
375 1732 520 1767 γενόμενος
531 1742 538 1749 ο
552 1736 565 1760 ὁ
586 1735 614 1761 δὲ
632 1737 700 1763 κατὰ
712 1725 745 1764 τό
757 1725 812 1766 ἴσον
827 1725 921 1768 ἑαυτὸν

132 1770 179 1796 τοῦ
195 1780 223 1797 τε
239 1773 381 1808 ἐσπερινοῦ
397 1777 443 1802 καὶ
459 1777 504 1803 τοῦ
521 1778 644 1814 ὀρθρινοῦ
659 1782 768 1814 σκότους
790 1786 920 1821 χωρίσας,

131 1817 270 1867 τρυτέστιν
283 1819 350 1845 ὅπου
363 1821 474 1856 ἄρχεται
488 1823 516 1849 τὸ
528 1825 610 1852 κακὸν
622 1827 667 1853 καὶ
681 1828 721 1859 είς
733 1828 746 1854 ὃ

131 1858 220 1909 οἶιτος,
236 1863 264 1888 ὲν
278 1865 308 1898 τῇ
335 1867 492 1902 μεσημϐρίᾳ
507 1869 581 1903 παρὰ
599 1871 645 1897 τοῦ
662 1858 737 1907 ἡλίου
759 1874 808 1909 τῆς
821 1858 921 1903 δυίάιοζ

133 1905 217 1940 σύνης
244 1908 406 1940 κοιτάζεται.
436 1911 571 1948 Γνώρισον
594 1913 639 1942 οὖν
667 1926 728 1951 μοι,
752 1920 835 1955 φησι,
864 1922 921 1954 πῶς

132 1951 186 2002 ᾈρὴ
209 1953 393 2003 κοιτάζεσθαι,
410 1956 460 2003 και
479 1958 522 1990 τίς
545 1960 561 1995 ἡ
586 1961 647 1992 ὁδὸς
662 1963 712 1998 τῆς
734 1951 921 2003 μέέημὲρινῆξ

131 1996 329 2045 ἀναπαύσεως·
357 2001 461 2035 μήποτέ
486 2011 520 2037 με
543 2005 591 2039 τῆς
614 1996 718 2042 ἀγαθῆς
734 1996 921 2045 ’χειράγῴγιάξ

131 2041 335 2076 ἀποσφαλεῖσαν
360 2047 421 2078 ταῖς
443 2047 598 2084 ἀλλοτρίαις
620 2051 674 2077 τῶν
698 2041 760 2080 βῶν
784 2041 921 2090 ,ποιμνίων

131 2086 244 2135 ἀγέλαις
290 2089 340 2124 τῆς
360 2091 489 2126 ἀληθείας
513 2094 608 2127 ἄγνοια
624 2098 803 2135 συναγελάσῃ.
829 2086 921 2129 ’Ῠαῦτα

130 2130 192 2184 εἷπε
206 2134 270 2169 περὶ
283 2135 335 2184 ,τομῦ
353 2138 500 2172 γενομένου
518 2139 635 2173 κάλλους
648 2130 733 2178 αὐτῆς
745 2130 837 2171 θεέθεν
849 2147 920 2181 ἀγω-
934 2157 956 2184 ι)

129 2179 227 2211 νιῶσα,
247 2181 294 2207 καὶ
312 2181 387 2214 ὅπως
407 2183 440 2210 ἂν
455 2185 495 2216 είς
509 2185 539 2212 τὺ
553 2186 675 2222 διηνεκὲς
687 2191 839 2225 παραμένοι
853 2179 920 2229 aut?)

130 2226 146 2260 ὴ
164 2226 309 2262 εὐμορφία,
329 2229 423 2263 μαθεῖν
447 2230 569 2263 ἀξιοῦσα.
595 2232 664 2259 Ἀλλ’
679 2234 755 2261 οὔπω
779 2226 923 2269 καταξιοῦζ

129 2279 174 2296 ται
194 2272 242 2306 τῆς
265 2273 311 2299 τοῦ
334 2275 454 2309 ,νυμφίου
471 2277 573 2311 φωνῆς,
588 2278 635 2304 τοῦ
664 2279 730 2306 Θεοῦ
755 2282 816 2316 περὶ
838 2284 922 2320 αὐτῆς

127 2317 251 2351 κρεῖττόν
273 2326 298 2344 τι.
322 2320 542 2356 προϐλεψαμένου
557 2332 563 2337 ·
588 2323 625 2354 ὡς
644 2323 676 2350 ἂν
693 2326 733 2356 είς
750 2327 860 2360 μείζονα
878 2317 923 2356 πο.

128 2361 175 2413 θον
260 2365 406 2399 ἐπιθυμίαν
422 2367 507 2403 αὐτῆς
522 2369 724 2406 ἀναφλέξειενή
740 2373 858 2410 ἀναϐολὴ
869 2377 919 2413 τῆς

127 2406 314 2440 ἀπολαύσεως,
333 2411 402 2438 ὥστε
420 2414 619 2450 συναυξηθῆναι
640 2416 678 2451 τῷ
704 2417 778 2452 πόθῳ
801 2420 850 2455 τὴν
871 2406 917 2448 sd-

127 2452 267 2501 fpposdqu
277 2462 284 2468 '
302 2455 358 2501 ἀλλ’
372 2457 395 2482 οἱ
407 2458 477 2491 φίλοι
494 2460 540 2486 τοῦ
555 2461 672 2496 νυμφίου
686 2464 753 2498 πρὸς
765 2452 849 2501 αὐτ-ην
860 2468 917 2496 δια-

126 2497 263 2531 λέγονται,
283 2500 329 2526 τὸν
350 2501 449 2536 τρόπον
475 2506 524 2539 τῆς
550 2505 604 2531 τῶν
630 2497 785 2541 προσόντων
806 2497 915 2545 ἀγαθῶν

124 2543 278 2589 ἀσφαλείας
298 2546 341 2573 διὰ
366 2549 520 2585 συμϐουλῆς
541 2551 734 2589 ὑφηγούμενοι.

126 2587 207 2623 Ἔχει
222 2590 275 2624 γὰρ
289 2590 376 2623 οὕτως
388 2593 404 2627 ἠ
419 2593 501 2626 λέξις·

170 2633 237 2683 Ἐἷὰν
250 2635 292 2683 μὴ
314 2637 391 2671 γνῷς
407 2640 550 2675 σεαυτὴν,
567 2643 585 2676 ἡ
607 2645 684 2679 καλὴ
708 2646 742 2672 ἑν
765 2649 913 2683 γυναιξὶν,

122 2679 231 2711 ἔξελθε
253 2682 293 2708 σὺ
315 2683 350 2710 ὲν
371 2685 511 2719 πτέρναις
530 2687 588 2714 τῶν
608 2692 751 2725 ποιμνίων
768 2679 843 2728 eor,
862 2679 913 2723 καί

164 2764 187 2780 ¹³
198 2765 364 2801 Matinum,
382 2767 424 2795 12.

976 190 1023 218 υιιί
1052 192 1159 225 pascis,
1190 199 1206 219 ο
1234 196 1326 226 pastor
1351 193 1437 225 bone,
1456 194 1500 228 qui
1527 201 1609 224 super
1631 193 1761 220 humeros

974 237 1047 263 tollis
1072 240 1158 263 totum
1183 245 1291 271 gregem
1319 238 1340 253 η
1365 239 1434 271 (una
1460 239 1531 265 enim
1554 244 1594 265 est
1616 238 1674 265 ovis
1698 238 1760 264 uni-

973 290 1051 309 versa
1071 282 1189 308 humana
1211 289 1306 309 natura
1320 303 1328 314 ,
1345 291 1425 317 quam
1444 283 1588 318 suscepisti
1612 291 1693 318 super
1711 283 1761 309 hn-

973 327 1097 363 meros)?
1109 328 1223 356 ostende
1244 329 1310 354 mihi
1327 329 1415 354 locum
1434 329 1554 363 quietis,
1572 330 1641 355 educ
1665 337 1707 356 mc
1727 328 1760 354 ad

973 373 1085 401 herbam
1103 373 1200 400 bonam
1219 375 1252 400 ad
1267 373 1461 406 nutriendum,
1478 382 1545 400 voca
1564 383 1606 401 me
1621 382 1653 401 ex
1670 374 1761 401 nomi-

973 428 1023 453 ne,
1041 423 1069 446 ut
1082 427 1133 455 ego
1148 420 1193 454 qui
1211 428 1270 447 sum
1289 421 1347 447 Ovis
1360 440 1366 452 ,
1384 420 1492 447 audiam
1507 424 1581 447 tuam
1600 428 1692 447 vocem
1708 430 1714 446 :
1734 424 1761 447 et

972 471 1084 501 propter
1120 471 1193 493 tuam
1221 474 1314 493 vocem
1343 467 1376 493 da
1403 466 1469 492 mihi
1494 466 1577 492 vitam
1603 470 1758 493 :eternam:

973 511 1101 538 Rcuuntia
1128 512 1282 547 mihi,qtmn
1298 513 1385 547 diligit
1406 513 1496 538 animo
1529 521 1597 539 mea.
1626 512 1664 538 Ita
1688 512 1760 538 enim

973 562 998 584 te
1014 558 1143 588 nomino,
1167 558 1296 592 quoniam
1320 566 1419 586 nomen
1443 563 1520 587 tuum
1543 562 1655 593 supcrat
1681 565 1761 584 elnne

973 610 1071 629 nomen
1085 610 1250 636 omnemque.
1265 602 1473 637 intelligentiam
1487 622 1493 634 ,
1507 610 1556 629 nec
1572 604 1701 629 universa
1714 610 1762 628 na—

973 651 1035 674 tura
1051 648 1187 682 particeps
1203 648 1318 675 rationis
1334 647 1359 674 id
1378 648 1453 675 citari
1470 652 1557 682 potest
1575 652 1621 674 aut
1640 655 1762 682 compre-

974 693 1102 720 hendere.
1125 693 1228 720 Nomen
1254 701 1319 729 ergo
1337 697 1414 722 tuum
1428 713 1435 725 ,
1449 701 1504 727 quo
1520 697 1565 720 tua
1584 694 1762 728 cognoscitur

974 740 1100 773 bonitas,
1129 743 1172 767 est
1200 747 1266 766 mete
1291 740 1389 766 animae
1414 746 1478 774 erga
1505 744 1531 766 te
1560 739 1760 767 benevolentia.

975 785 1117 818 Quomodo
1136 777 1251 812 enim-te
1267 792 1320 811 non
1335 784 1463 819 diligam,
1490 785 1537 820 qui
1561 793 1603 812 me
1627 785 1667 812 sic
1691 784 1761 811 dile-

976 831 1038 857 xisti
1053 849 1060 861 ,
1078 830 1188 857 etiamsi
1204 829 1272 856 adeo
1289 830 1366 864 nigra
1382 837 1470 856 essem
1482 848 1489 861 ,
1505 833 1534 856 ut
1550 829 1668 856 animam
1687 835 1761 855 tuam

975 876 1101 912 posueris
1118 883 1168 911 pro
1192 875 1291 903 ovibus
1316 883 1385 910 quas
1407 879 1436 902 tu
1461 874 1572 910 pasciS?
1588 874 1646 902 Non
1673 878 1762 909 potest

975 922 1088 956 eugitari
1119 922 1169 949 hac
1201 922 1289 956 major
1323 921 1456 952 dilectio,
1488 928 1569 955 quant
1597 925 1643 947 tua
1671 922 1762 947 anima

976 972 1062 993 meam
1079 970 1237 1001 permutare
1254 967 1384 997 salutem,
1399 965 1469 992 Doce
1487 973 1529 992 me
1544 965 1636 999 igitur,
1654 965 1742 999 inquit
1754 984 1761 995 ,

975 1011 1022 1038 ubi
1041 1018 1156 1047 pascas,
1174 1015 1203 1037 ut
1229 1011 1343 1038 salutari
1370 1011 1480 1038 inventa
1509 1011 1633 1046 pastione
1656 1009 1762 1037 cwlesti

974 1057 1088 1092 implcar
1105 1057 1293 1089 nutrimento,
1316 1056 1389 1091 quod
1410 1057 1456 1091 qui
1475 1064 1529 1084 non
1551 1056 1683 1087 comedit.
1708 1063 1762 1082 non

975 1105 1064 1136 potest
1079 1101 1183 1136 ingredi
1199 1101 1224 1128 in
1242 1102 1324 1128 vitam
1345 1106 1475 1128 aeternam
1490 1109 1497 1133 ;
1514 1106 1541 1129 et
1563 1109 1712 1129 accurrens
1729 1101 1763 1128 ad

974 1147 1075 1174 fontem
1089 1167 1097 1179 ,
1123 1147 1245 1174 divinum
1267 1151 1361 1181 potum
1383 1147 1523 1180 hauriam,
1546 1155 1626 1183 quem
1652 1153 1678 1174 tu
1701 1151 1762 1174 tan-

974 1199 1056 1228 quam
1069 1199 1101 1221 ex
1111 1190 1185 1218 fonte
1196 1191 1301 1226 praebes
1312 1191 1477 1224 sitientibus,
1487 1200 1584 1227 aquam
1594 1191 1762 1228 profundens

974 1245 1006 1264 ex
1033 1242 1080 1263 tuo
1096 1237 1200 1269 latere,
1226 1236 1298 1263 ferro
1316 1236 1366 1263 hac
1386 1245 1454 1264 vena
1474 1242 1567 1272 aperta
1582 1259 1588 1270 ,
1607 1245 1688 1272 quam
1715 1238 1761 1272 qui

973 1281 1134 1316 gustaverit,
1144 1281 1171 1307 lit
1182 1281 1242 1308 fons
1252 1289 1329 1316 aqua
1339 1282 1463 1310 salientis
1475 1283 1507 1310 ad
1523 1284 1606 1310 vitam
1620 1287 1760 1311 mternam.
1770 1307 1777 1312 .

975 1327 1001 1354 Si
1018 1328 1090 1354 enim
1105 1327 1132 1354 in
1148 1327 1191 1354 his
1204 1335 1246 1354 me
1258 1335 1368 1362 pascas,
1384 1337 1426 1356 me
1441 1329 1552 1356 omnino
1567 1329 1651 1356 iacies
1661 1329 1763 1356 cubare

973 1373 1000 1400 in
1019 1373 1149 1404 meridie.
1166 1374 1277 1407 quando
1295 1376 1321 1400 in
1341 1382 1432 1409 pacem
1449 1375 1530 1401 simul
1546 1374 1704 1406 dormiens,
1720 1382 1762 1402 re-

974 1419 1112 1453 quiescam
1124 1418 1151 1444 in
1167 1418 1225 1444 luce
1240 1426 1301 1454 qua:
1313 1423 1387 1446 caret
1399 1420 1514 1452 umbra;
1532 1419 1666 1454 siquidem
1684 1419 1763 1446 meri-

974 1463 1032 1490 dies
1044 1463 1140 1490 umbra
1153 1468 1238 1494 caret,
1248 1464 1304 1491 sole
1317 1464 1423 1491 lucente
1435 1473 1517 1499 super
1525 1466 1666 1498 verticem,
1675 1465 1762 1500 inqua

973 1513 1002 1535 ιιι
1020 1509 1121 1535 cubare
1134 1508 1202 1535 facis
1216 1517 1264 1536 eos
1279 1517 1348 1544 quos
1363 1513 1390 1537 tu
1409 1511 1636 1548 pavisti,quando
1652 1515 1680 1538 tu
1698 1519 1763 1546 puc-

972 1561 1017 1581 ros
1032 1559 1093 1580 tuos
1105 1553 1226 1589 excipies
1245 1559 1334 1582 tecum
1352 1556 1378 1582 in
1397 1556 1497 1583 cubile.
1511 1556 1595 1583 Nemo
1609 1563 1697 1584 autem
1712 1557 1762 1584 hac

973 1599 1124 1626 meridiana
1143 1601 1238 1633 requie
1257 1600 1355 1635 dignus
1383 1607 1521 1635 censetur,
1545 1603 1590 1638 qui
1610 1611 1663 1630 non
1681 1602 1762 1630 fuerit

972 1646 1045 1673 ﬁlius
1061 1647 1140 1679 lucis,
1157 1652 1184 1673 et
1203 1647 1275 1674 lilius
1296 1647 1359 1676 diei.
1370 1648 1420 1681 Qui
1436 1653 1525 1675 autem
1537 1657 1565 1676 se
1581 1657 1612 1676 ex
1624 1657 1702 1683 aequo
1719 1657 1763 1677 se—

973 1691 1080 1728 paravit
1112 1699 1126 1718 a
1152 1692 1317 1726 vespertinis
1341 1697 1366 1720 et
1387 1695 1530 1722 matutinis
1556 1695 1688 1728 tenebris,
1710 1696 1762 1722 hoc

972 1743 1026 1768 est,
1045 1737 1089 1764 ubi
1104 1738 1199 1773 incipit
1213 1738 1313 1765 malum
1322 1741 1348 1765 et
1364 1738 1391 1765 in
1406 1739 1478 1773 quod
1495 1740 1607 1773 desinit,
1619 1741 1641 1767 is
1659 1741 1684 1768 in
1702 1749 1759 1769 me-

973 1785 1052 1815 ridie,
1075 1785 1145 1811 utin
1169 1792 1201 1811 eo
1217 1785 1309 1817 cubet,
1332 1786 1485 1813 collocatur
1511 1794 1525 1813 ο
1552 1788 1610 1814 sole
1633 1787 1757 1821 justitia‘.

974 1830 1102 1866 Signiﬁca
1119 1838 1184 1865 ergo
1201 1830 1278 1862 mihi,
1296 1830 1396 1866 inquit,
1418 1832 1556 1866 quomodo
1571 1836 1693 1866 oporteat
1709 1841 1761 1860 cu-

973 1877 1038 1907 bare
1060 1882 1088 1903 et
1114 1884 1238 1912 pascere,
1254 1881 1279 1903 et
1297 1884 1422 1911 quamam
1449 1877 1485 1905 sit
1501 1878 1542 1905 via
1562 1879 1663 1913 quietis
1682 1880 1760 1906 meri-

971 1922 1076 1956 dianae;
1101 1930 1133 1948 ne
1150 1922 1218 1949 forte
1240 1930 1254 1949 a
1277 1930 1375 1950 manus
1400 1929 1452 1950 tuae
1467 1923 1631 1951 deductione
1648 1924 1760 1959 delapsa

971 1967 1097 1995 veritatis
1128 1968 1292 2002 ignorantia,
1320 1968 1400 1996 simul
1421 1976 1571 2003 congreger
1592 1977 1653 1996 cum
1675 1971 1760 2005 gregi-

972 2014 1023 2041 bus
1040 2013 1137 2040 alienis
1152 2021 1165 2040 a
1187 2015 1243 2041 tuis
1260 2015 1367 2042 ovibus.
1384 2014 1446 2042 Haec
1463 2015 1540 2047 dixit,
1554 2016 1587 2043 de
1602 2016 1757 2050 pulchritu-

972 2059 1037 2086 dine
1055 2067 1115 2094 qua:
1131 2059 1156 2086 ei
1169 2059 1268 2086 accidit
1284 2061 1416 2088 divinitus
1433 2061 1597 2093 sollicita,et
1614 2063 1705 2090 volens
1719 2063 1759 2089 in-

974 2106 1095 2140 telligere
1107 2114 1161 2140 quo
1179 2111 1259 2141 pacto
1284 2108 1307 2134 ei
1338 2108 1364 2134 in
1385 2112 1545 2143 perpetuum
1570 2115 1676 2136 maneat
1696 2117 1759 2144 pro-

973 2152 1100 2185 speritas.
1135 2151 1187 2178 Sed
1217 2161 1283 2180 voce
1307 2155 1400 2188 sponsi
1424 2154 1544 2181 nondum
1569 2158 1611 2182 est
1635 2154 1755 2190 dignata,

971 2205 1032 2223 cum
1052 2196 1123 2224 Deus
1140 2197 1174 2225 de
1192 2205 1223 2224 ea
1240 2199 1337 2227 melius
1362 2200 1526 2234 provideret,
1560 2204 1588 2227 ut
1603 2201 1636 2227 ad
1668 2201 1757 2235 majus

972 2241 1138 2269 desiderium
1169 2243 1230 2277 ejus
1261 2246 1423 2272 accenderet
1458 2245 1634 2279 cupiditatem
1662 2245 1758 2274 dilatio

972 2287 1095 2315 fruenda:
1106 2289 1266 2324 voluptatis,
1283 2294 1312 2317 ιιι
1325 2299 1386 2317 cum
1408 2291 1546 2319 desiderio
1571 2291 1652 2319 simul
1674 2301 1758 2327 ange-

972 2337 1048 2360 retur
1061 2334 1173 2367 lzetitia;
1193 2336 1240 2362 sed
1260 2336 1340 2363 amici
1365 2338 1459 2372 sponsi
1482 2345 1541 2365 eam
1568 2339 1757 2373 alloquuntur,

972 2380 1111 2414 quomodo
1126 2380 1181 2407 sint
1196 2381 1221 2407 in
1235 2385 1294 2408 tuto
1310 2382 1413 2415 futura,
1435 2391 1496 2418 quae
1509 2384 1534 2411 ei
1550 2385 1650 2412 adsunt
1674 2385 1757 2416 b0na,

972 2425 1144 2452 consulendo
1168 2431 1346 2461 exponentes.
1365 2427 1412 2455 Est
1438 2433 1528 2456 autem
1551 2433 1622 2457 tecta
1648 2438 1757 2465 quoque

970 2478 1065 2497 eorum
1082 2471 1171 2498 oratio
1187 2477 1301 2507 propter
1317 2473 1526 2502 obscuritatem.
1552 2475 1598 2503 Sic
1620 2477 1691 2503 enim
1710 2476 1755 2503 lia-

971 2515 1017 2542 bet
1032 2515 1118 2543 dictio
1132 2525 1138 2542 :

765 2557 841 2605 Ἔσξι
866 2559 893 2586 δὲ
919 2562 1125 2598 κεκαλυμμένος
1141 2563 1174 2590 δι’
1196 2565 1330 2600 ἀσαφείας
1356 2567 1403 2594 καὶ
1423 2568 1438 2594 ὁ
1454 2569 1518 2604 παρ’
1538 2569 1650 2595 ἐκείνων
1667 2569 1754 2603 λόγος.

1005 2653 1035 2680 Si
1072 2663 1123 2681 non
1158 2663 1300 2690 cognoscas
1342 2657 1469 2692 teipsam,
1504 2668 1517 2686 ο
1547 2659 1657 2693 pulchra
1687 2661 1753 2687 inter

969 2699 1101 2731 mulieres,
1123 2701 1242 2735 egredere
1267 2707 1293 2728 ιιι
1312 2702 1339 2728 in
1362 2703 1475 2739 vestigiis
1501 2713 1607 2739 gregum
1637 2711 1753 2735 riturum,
