1984 3068
10 1424 208 1481 δίιίμιυιίῗ

232 100 284 128 803

875 97 903 124 S.
919 95 1085 125 GREGORH
1104 95 1251 123 NYSSENI

1813 94 1859 122 804

233 164 256 186 el
286 166 364 192 pasce
395 157 485 185 Iurst
510 156 538 183 iu
565 156 744 183 tabernaculis
777 160 926 189 pastorum.
957 154 1025 181 Sen-

1080 155 1217 188 :ro/yatre
1231 153 1300 186 τοὺς
1314 154 1339 187 ἑ]
1349 152 1492 187 [φοι-ςὲπὶ
1505 149 1679 187 σκηνώμασι
1692 151 1750 178 τῶν
1765 153 1859 186 ποιμέ-

233 213 281 232 sus
296 208 385 231 autem
401 204 497 231 herum
513 203 660 230 verborum
677 207 719 230 est
728 201 892 229 manifestus
910 209 943 228 ex
957 208 1023 227 con-

233 251 375 285 sequentia
394 257 490 277 eorum
502 257 564 284 quae
576 253 640 277 sunt
654 249 823 276 examinata.
839 248 1022 276 Constructio

233 299 324 323 autem
343 296 462 327 videtur,
491 295 586 323 nesrio
610 295 761 330 quomodo,
783 302 845 322 esse
864 293 956 321 minus
980 294 1024 320 lu-

234 341 306 368 cida.
323 341 454 373 Quisnam
466 345 508 368 est
523 348 589 376 ergo
601 340 722 368 sensus?
732 339 884 368 Tutissima
900 347 950 367 nos
960 346 1024 366 con-

234 386 362 413 survaudi
385 387 467 418 ratio,
493 391 532 413 est
552 386 674 420 seipsqu
698 393 752 412 non
774 386 913 421 ignorare.
935 393 1024 419 neque

234 431 337 467 aliquid
355 432 428 459 aliud
444 439 526 467 quant
551 432 624 466 quod
645 432 672 458 in
690 440 719 459 se
733 435 775 459 cst
795 431 943 463 videntem,
966 431 1024 458 exi-

237 477 352 504 stimare
375 478 497 512 seipsum
525 478 647 512 aspicere
664 486 671 504 :
689 477 761 512 quod
781 477 889 512 quidem
904 477 939 504 iis
951 476 1025 504 acci-

235 522 274 549 dit
286 523 330 556 qui
350 523 523 557 seipsosuou
547 523 767 554 considerantes.
796 523 881 554 Vires,
907 526 953 549 aut
964 522 1025 557 pul-

233 570 426 601 chritmliuem,
444 575 491 596 aut
505 570 632 604 gloriam,
654 574 700 596 aut
721 569 883 604 potentiam,
910 572 956 595 aut
974 568 1023 595 ali-

234 624 303 650 quas
321 615 390 642 alias
403 615 559 646 facultates,
576 618 623 641 aut
642 615 754 645 fastum,
768 618 814 640 aut
827 614 952 649 corporis
968 621 1026 640 mo-

234 661 287 689 lem
307 669 338 688 ac
353 660 580 696 magnitudinem,
597 664 644 686 aut
661 659 758 686 formae
778 659 954 694 elegantiam,
978 664 1026 687 aut

234 707 337 742 aliquid
356 706 430 733 aliud
443 706 469 733 iu
487 706 587 741 seipsis
606 705 743 737 videntes,
759 713 788 732 se
806 706 876 732 tales
891 712 954 733 esse
969 706 1027 732 exi-

235 753 358 781 stimant.
391 752 539 787 Propterea
571 755 637 778 sunt
666 751 708 778 sui
729 758 783 781 non
806 751 855 777 tuti
880 751 1023 782 custodes,

235 807 284 834 per
301 798 487 825 habitudinem
501 798 534 824 ad
551 798 683 828 alienum,
697 798 837 832 proprium
857 797 1027 832 negligentes

235 844 443 872 incustoditum.
476 843 714 876 Quemadmodum
751 843 824 870 enim
863 831 1064 870 custodieritB

235 891 370 926 quispiam
390 889 414 915 id
426 890 498 924 quod
517 889 624 915 nescit?
637 889 737 915 Eorum
755 896 820 923 ergo
836 896 896 923 quae
918 893 982 915 sunt
1000 889 1026 916 in

234 937 314 964 nobis
331 935 464 962 bonorum
480 934 728 962 custodiendorum
746 939 789 962 est
813 935 951 962 tutissima
981 943 1027 961 ra—

235 980 284 1011 tio,
299 979 418 1014 seipsum
438 986 492 1005 non
515 979 654 1013 ignorare,
680 982 831 1013 exacteque
847 982 876 1006 et
899 983 1028 1008 accurate

235 1033 265 1053 se
277 1025 350 1052 scire
363 1032 586 1059 unumquemque
600 1024 665 1060 quid
682 1024 729 1056 sit,
742 1029 769 1052 et
783 1025 903 1060 seipsum
921 1025 1026 1053 discer-

235 1079 300 1099 nere
318 1071 351 1098 ab
367 1071 400 1099 iis
417 1079 477 1105 qua:
491 1075 555 1098 sunt
571 1071 645 1098 circa
658 1079 699 1102 se,
723 1079 757 1099 ne
784 1071 944 1107 imprudens
961 1073 1028 1100 alie-

235 1125 301 1144 num
322 1124 370 1152 pro
385 1116 478 1151 seipso
498 1117 646 1144 custodiat.
664 1117 716 1151 Qui
732 1117 806 1145 enim
819 1118 919 1153 aspicit
939 1118 972 1146 ad
987 1119 1028 1146 vi-

235 1166 290 1189 tam
307 1169 368 1196 qua?
396 1161 488 1196 agitur
515 1162 542 1189 in
562 1162 612 1190 hoc
639 1163 753 1195 mundo,
775 1167 802 1191 et
824 1171 884 1198 quae
901 1164 944 1192 hic
965 1169 1029 1192 sunt

235 1209 357 1245 pretiosa
371 1208 513 1236 existimat
529 1207 612 1243 digna
629 1217 691 1243 qua),
714 1208 918 1242 Custodiantur,
938 1211 1028 1238 nescit

235 1254 394 1282 discernere
410 1254 552 1289 proprium
574 1255 609 1281 ab
625 1253 725 1282 alieno.
735 1254 807 1282 Nihil
820 1256 894 1282 enim
915 1260 957 1283 est
979 1264 1027 1283 no-

235 1305 323 1328 strum
341 1308 435 1328 eorum
447 1307 507 1335 qua;
524 1303 679 1327 transeunt.
692 1300 838 1333 Quomodo
856 1301 928 1332 enim
939 1302 1028 1329 domi-

235 1349 329 1374 natum
344 1346 496 1373 obtinueris
512 1346 540 1372 in
561 1345 588 1372 id
601 1345 674 1380 quod
693 1346 794 1373 transit
809 1351 836 1373 et
852 1345 934 1373 ﬂuit?
955 1346 1025 1374 Cum

235 1400 302 1428 ergo
316 1399 347 1419 ea
363 1400 423 1426 quae
437 1391 618 1426 intelligentia
634 1392 786 1427 percipitur
805 1395 832 1420 et
847 1396 890 1420 est
906 1393 1028 1421 materia:

235 1445 334 1471 expers
349 1442 458 1470 natura,
471 1437 580 1464 stabilis
609 1437 655 1469 sit,
675 1440 701 1464 et
720 1445 830 1472 semper
851 1439 979 1466 similiter
1001 1444 1029 1467 et

236 1482 332 1509 eodem
357 1481 439 1509 modo
465 1490 494 1509 se
518 1481 637 1516 habeat;
656 1486 781 1510 transeat
800 1481 895 1512 autem'
913 1486 1027 1513 materia
1041 1503 1063 1532 ϐ

236 1536 285 1564 per
299 1528 403 1554 ﬂuxum
414 1528 594 1563 quetndamet
610 1533 714 1556 motum
729 1537 839 1565 semper
854 1536 957 1559 mutata
967 1542 973 1560 :
984 1540 1032 1560 ne—

236 1583 314 1602 cesse
330 1579 371 1602 est
387 1579 416 1602 ut
429 1576 475 1609 qui
493 1576 527 1602 ab
543 1583 575 1603 eo
587 1575 658 1610 quod
675 1579 1028 1611 stat,separatur,omniuo

235 1621 450 1648 circumferatur
469 1628 532 1648 cum
555 1629 587 1648 eo
609 1622 683 1656 quod
703 1627 746 1650 est
773 1623 919 1656 instabile;
933 1629 960 1652 et
979 1626 1027 1661 qui

237 1667 409 1701 persequitur
423 1667 448 1694 id
463 1666 535 1701 quod
557 1667 666 1698 transit,
694 1672 721 1695 et
738 1669 871 1703 relinquit
895 1670 922 1697 id
950 1671 1024 1706 quod

237 1716 281 1740 est
302 1713 412 1743 stabile,
430 1717 548 1747 utroque
561 1712 761 1745 frustratur,ut
778 1714 948 1748 quialterum
964 1716 1027 1750 qui-

236 1757 298 1785 dem
315 1757 446 1790 dimittat,
474 1758 591 1785 alterum
612 1765 677 1785 vero
698 1766 752 1785 non
781 1760 870 1793 possit
899 1760 1024 1788 retinere.

237 1802 382 1838 Propterea
399 1803 550 1830 amicorum
568 1804 660 1837 sponsi
678 1804 823 1831 consilium
839 1805 907 1831 dicit
919 1813 950 1832 ea
967 1813 1028 1840 qua)

236 1847 310 1874 dicta
336 1851 411 1880 sunt,
441 1855 539 1883 nempe
556 1847 606 1875 :Si
630 1856 680 1874 non
701 1857 845 1883 cognoscas
870 1850 993 1883 leipsam,
1013 1858 1028 1876 ο

236 1894 426 1928 pulrhraimer
450 1894 585 1927 mulieres,
598 1895 719 1930 egredere
736 1896 805 1922 tuin
831 1897 945 1931 vestigiis
968 1905 1028 1931 gre-

236 1947 316 1975 gum:
328 1945 353 1966 et
368 1947 444 1973 pasce
463 1940 552 1967 Itazdos
569 1945 627 1967 tuos
646 1941 673 1966 in
689 1940 868 1968 tabernaculis
880 1946 1028 1975 pastorum.

237 1986 294 2013 Hoc
315 1991 405 2013 autem
431 1990 484 2018 est,
510 1986 583 2021 quod
607 1987 654 2021 qui
685 1987 807 2021 seipsqu
835 1987 982 2021 ignoravit,
1015 1996 1030 2014 a

239 2039 322 2066 grege
337 2031 447 2066 quidem
464 2032 588 2058 oumium
601 2031 714 2064 excidit,
731 2032 812 2059 simul
826 2036 917 2060 autem
937 2033 1030 2068 pasci-

238 2082 283 2103 tur
297 2084 359 2103 cum
372 2077 469 2107 laedis.
486 2085 604 2111 quormn
618 2078 702 2104 statio
724 2078 828 2111 rejecta
845 2083 888 2105 est
909 2079 942 2105 ad
961 2079 1030 2106 siui-

238 2129 333 2154 stram,
351 2131 413 2150 cum
426 2123 515 2150 bonus
540 2127 634 2157 pastor
652 2130 716 2150 oves
731 2124 860 2151 statuerit
878 2132 891 2151 a
914 2126 1031 2158 dextris,

1075 207 1147 226 νων.
1167 199 1275 225 Τούτων
1294 198 1321 224 δὲ
1336 198 1390 225 τῶν
1406 197 1537 234 ῥημάτων
1550 198 1566 233 ἡ
1587 197 1636 232 μὲν
1649 196 1752 223 διάνοια
1765 197 1858 232 πρόδη-

1074 244 1120 277 λος
1139 246 1172 272 ἐκ
1188 245 1238 281 τῆς
1251 245 1305 271 τῶν
1329 244 1528 277 ὲξετασθέντων
1550 242 1711 274 ἀκολουθίας
1734 243 1823 276 ἐστὶν,
1844 245 1858 278 ή

1074 291 1103 318 δὲ
1119 290 1244 323 σύνταξις
1261 290 1334 317 δοκεῖ
1354 298 1412 321 πως
1431 289 1480 324 τὴν
1495 288 1629 323 ἀσάφειαν
1651 287 1733 323 ἔχειν.
1751 288 1799 319 Τίς
1817 285 1859 315 οὖν

1075 337 1092 372 ή
1107 337 1209 364 διάνοια
1222 343 1230 368 ;
1248 335 1464 371 Ἀσφαλέστατὸν
1477 336 1534 362 ἐστι
1550 334 1734 369 φυλακτήριον
1746 334 1823 369 ἡμῶν
1834 335 1860 360 τὸ

1075 382 1170 409 ἑαυτὸν
1201 381 1238 417 μὴ
1260 382 1403 417 ἀγνοῆσαι,
1420 380 1487 416 μηδέ
1507 388 1533 406 τι
1552 379 1615 407 ἄλλο
1632 379 1688 405 τῶν
1704 379 1768 415 περὶ
1784 379 1859 406 αὑτὸν

1076 426 1219 462 βλέποντα,
1240 425 1334 453 ἑαυτὸν
1353 425 1456 452 οἴεσθαι
1473 424 1581 460 βλέπειν
1591 433 1598 439 ·
1614 424 1683 459 ὅπερ
1700 423 1732 460 δὴ
1746 424 1860 458 πάσχου-

1076 481 1118 499 σιν
1131 473 1156 499 οἱ
1166 471 1270 498 ἑαυτῶν
1285 471 1489 503 ἀνεπίσκεπτοι,
1506 469 1583 506 ἰσχὺν
1594 470 1611 506 ἦ
1627 469 1735 502 κάλλος,
1747 470 1764 504 ἢ
1777 469 1859 503 δόξαν,

1075 518 1092 554 ἢ
1109 517 1278 550 δυναστείαν,
1294 518 1311 552 ἥ
1332 524 1393 544 τινα
1411 517 1525 544 πλούτου
1550 517 1719 553 περιουσίαν,
1740 515 1756 550 ἢ
1771 512 1859 548 τῦφον,

1076 563 1092 599 ἢ
1107 563 1197 597 όγκον,
1214 563 1230 598 ἦ
1246 563 1370 598 σώματος
1388 563 1510 597 μέγεθος,
1527 562 1543 598 ἥ
1564 564 1671 598 μορφῆς
1688 560 1860 597 εὐμοιρίαν,ἢ

1076 608 1140 636 ἄλλο
1155 618 1181 635 τι
1195 608 1313 635 τοιοῦτον
1334 609 1362 635 ἐν
1380 609 1484 641 ἑαυτοῖς
1501 608 1628 644 ὁρῶντες,
1650 607 1785 638 τοιούτους
1804 607 1863 633 ἐαυ-

1077 656 1140 686 τοὺς
1159 653 1228 682 εἶναι
1247 654 1399 689 νομίζουσι.
1420 655 1470 681 Διὰ
1491 654 1570 681 τοῦτο
1593 655 1723 690 σφαλεροὶ
1747 653 1863 688 φύλακές

1077 703 1146 728 εἰσιν
1159 702 1274 733 ἑαυτῶν,
1299 703 1333 737 τῇ
1358 703 1422 737 περὶ
1438 702 1468 727 τὸ
1485 701 1624 736 ἀλλότριον
1641 701 1742 736 σχέσει,
1763 699 1864 734 ἀφύλα-

1078 757 1141 775 κτον
1156 747 1336 783 περιορῶντες
1351 747 1380 773 τὺ
1395 747 1469 774 ἴδιον.
1488 746 1550 778 Πῶς
1562 747 1616 783 γὰρ
1630 747 1662 774 ἄν
1675 756 1716 778 τις
1726 746 1864 780 φυλάξειεν

1078 795 1091 821 ὃ
1110 794 1147 829 μὴ
1169 794 1327 826 inierant;
1354 793 1458 819 Οὐκοῦν
1482 793 1671 826 ἀσφαλεστάτη
1693 792 1797 828 φρουρὰ
1814 791 1865 817 τῶν

1079 841 1107 867 ἐν
1135 841 1202 875 ἡμῖν
1223 839 1341 872 ἀγαθῶν.
1368 838 1398 865 τὸ
1422 839 1535 870 ἑαυτοὺς
1561 838 1598 873 μὴ
1622 839 1738 872 ἀγνοεῖν,
1765 837 1810 863 καὶ
1837 836 1865 862 τὸ

1078 885 1179 920 γνῶναι
1207 885 1322 912 ἕκαστον
1349 884 1445 911 ἑαυτὸν
1475 885 1543 920 ὅπερ
1571 884 1639 915 ἐστὶ,
1668 885 1714 910 καὶ
1747 883 1866 918 ἀκριϐῶς

1078 931 1174 960 ἑαυτὸν
1196 932 1250 958 ἀπὸ
1271 931 1325 958 τῶν
1353 931 1417 966 περὶ
1434 931 1514 957 αὑτὸν
1535 930 1693 965 διακρίνειν,
1714 930 1751 961 ὡς
1775 929 1807 955 ἂν
1831 928 1866 964 μὴ

1077 979 1153 1006 λάϐοι
1172 978 1316 1013 φυλάσσων
1333 977 1391 1004 ἀνθ’
1413 976 1510 1004 ἑαυτοῦ
1536 976 1566 1003 τὸ
1587 976 1733 1012 ἀλλότριον.
1759 976 1788 1002 '0
1812 974 1865 1010 γὰρ

1079 1025 1148 1062 πρὸς
1161 1024 1210 1059 τὴν
1233 1025 1261 1050 ἐν
1282 1023 1321 1059 τῷ
1340 1024 1435 1058 κόσμῳ
1449 1023 1536 1057 τούτῳ
1552 1022 1657 1057 βλέπων
1670 1022 1752 1057 ζωὴν,
1767 1020 1814 1047 καὶ
1833 1020 1866 1046 τὰ

1078 1070 1196 1098 ἐνταῦθα
1218 1070 1297 1105 τίμια
1320 1069 1445 1104 φυλακῆς
1469 1068 1532 1101 ἄξια
1555 1068 1666 1103 κρίνων,
1692 1061 1741 1094 oux
1764 1064 1818 1093 οἶδε
1838 1066 1867 1092 τὸ

1080 1118 1143 1145 ἴδιον
1160 1117 1296 1152 διακρῖναι
1306 1115 1353 1143 τοῦ
1367 1116 1518 1152 ἀλλοτρίου.
1533 1115 1616 1142 Οὐδὲν
1630 1114 1684 1150 γὰρ
1698 1115 1752 1141 τῶν
1769 1109 1898 1149 παρερ-’Ἶ

1079 1164 1201 1199 χομένων
1225 1163 1298 1190 ἐστὶν
1320 1163 1464 1198 ἡμέτερον.
1481 1161 1543 1193 Πῶς
1554 1161 1608 1196 γὰρ
1622 1161 1653 1188 ἄν
1666 1169 1707 1192 τις
1723 1159 1866 1195 κρατήσειε

1078 1210 1126 1236 τοῦ
1152 1208 1299 1244 παροδικοῦ
1321 1217 1352 1235 τε
1373 1209 1420 1235 καὶ
1444 1208 1569 1244 ῥέοντος;
1593 1207 1669 1233 Ἐπεὶ
1684 1204 1729 1233 οὖν
1752 1206 1868 1241 ἔμμονον
1899 1225 1902 1228 .

1079 1255 1126 1281 καὶ
1139 1253 1270 1285 ὡσαύτως
1284 1253 1341 1288 ἔχει
1360 1253 1376 1288 ἡ
1396 1253 1477 1288 νοητή
1491 1261 1519 1278 τε
1534 1253 1581 1279 καὶ
1596 1252 1678 1283 ᾶῦλος
1693 1251 1773 1285 φύσις
1784 1271 1790 1282 ,
1808 1250 1825 1285 ἡ
1841 1250 1868 1276 δὲ

1080 1301 1131 1336 ὖλη
1145 1300 1312 1336 παρέρχεται
1323 1299 1367 1326 διὰ
1383 1300 1447 1334 ῥοῆς
1460 1307 1532 1329 τινος
1549 1299 1595 1324 καὶ
1610 1298 1742 1333 κινήσεως
1753 1297 1868 1323 πάντοτε

1079 1346 1267 1381 άλλοιουμένη·
1283 1344 1440 1379 ἀναγκαίως
1454 1345 1468 1371 ὁ
1482 1343 1529 1370 τοῦ
1545 1344 1661 1375 ἑστῶτος
1676 1343 1868 1378 χωριζόμενος,

1079 1391 1117 1427 τῷ
1132 1390 1292 1418 ἁστατοῦντι
1315 1390 1424 1422 πάντως
1448 1389 1709 1425 ωμπαραφέρεται·
1737 1388 1783 1414 καὶ
1802 1389 1817 1414 ὁ
1840 1387 1870 1414 τὺ

1081 1437 1353 1476 παρερχόμενονικαὶ
1371 1437 1401 1464 τὸ
1421 1436 1498 1468 ἑστὸς
1518 1435 1686 1468 καταλιπὼν,
1709 1434 1870 1470 ἀμφοτέρων

1079 1485 1268 1521 διαμαρτάνει,
1280 1480 1312 1510 f:3
1325 1484 1374 1519 μὲν
1388 1483 1489 1517 ἀφιεὶς,
1505 1483 1535 1509 τὸ
1551 1482 1578 1509 δὲ
1593 1481 1717 1516 κατέχειν
1732 1481 1769 1516 μὴ
1791 1480 1871 1507 δυνά-

1085 1539 1175 1566 μενος,
1195 1529 1244 1555 Διὰ
1262 1528 1339 1555 τοῦτό
1362 1536 1444 1563 φησιν
1466 1528 1482 1562 ἡ
1504 1527 1557 1553 τῶν
1584 1527 1669 1561 φίλων
1690 1525 1736 1552 τοῦ
1754 1525 1872 1560 νυμφίου

1066 1576 1223 1612 ⁴συμϐουλὴ
1243 1575 1279 1602 τὰ
1300 1575 1433 1610 εἰρημένα
1465 1574 1505 1600 ὅτι
1525 1574 1596 1600 Ἐὰν
1619 1572 1662 1607 μὴ
1680 1571 1760 1606 γνῷς
1779 1578 1873 1598 σεαυ-

1081 1622 1149 1656 τὴν,
1162 1622 1182 1654 ἢ
1200 1621 1278 1654 καλὴ
1293 1621 1327 1647 ἐν
1339 1619 1486 1655 γυναιξὶν,
1507 1618 1611 1651 ἔξελθε
1627 1617 1668 1644 σὺ
1683 1617 1718 1643 ἐν
1732 1616 1872 1650 πτέρναις

1080 1671 1140 1698 τῶν
1162 1669 1327 1704 ποιμνίων
1350 1668 1398 1695 καὶ
1425 1669 1562 1702 ποίμαινε
1584 1667 1654 1699 τοὺς
1676 1666 1798 1700 ἐρίφους
1821 1666 1871 1692 ἐπὶ

1080 1715 1258 1750 σκηνώμασι
1277 1714 1338 1740 τῶν
1351 1713 1508 1747 ποιμένων.
1525 1712 1609 1740 Τοῦτο
1628 1712 1657 1739 δέ
1677 1714 1734 1739 ἐστι
1752 1713 1792 1746 τί;
1812 1713 1873 1738 Ὀτι

1081 1763 1095 1789 ὁ
1112 1761 1206 1788 ἑαυτὸν
1221 1760 1358 1795 ἀγνοήσας
1373 1759 1501 1785 ἐκπίπτει
1518 1757 1567 1794 μὲν
1586 1758 1635 1793 τῆς
1654 1758 1708 1784 τῶν
1727 1758 1873 1793 προϐάτων

1081 1807 1192 1842 ἀγέλης,
1217 1807 1348 1840 σύννομος
1363 1806 1391 1832 δὲ
1406 1805 1510 1838 γίνεται
1525 1805 1581 1835 τοῖς
1596 1803 1711 1838 ἐρίφοις,
1725 1801 1762 1830 ὧν
1777 1805 1792 1838 ἡ
1807 1803 1875 1830 στά-

1083 1862 1125 1885 σις
1141 1854 1187 1880 ὲπὶ
1203 1852 1232 1879 τὸ
1249 1851 1341 1878 σκαιὸν
1360 1850 1505 1885 ἁπεώσθη·
1525 1849 1596 1877 οὕτω
1612 1850 1658 1876 τοῦ
1679 1849 1761 1876 καλοῦ
1773 1850 1876 1884 ποιμέ-

1083 1909 1137 1932 νος,
1153 1901 1185 1926 ὲκ
1208 1898 1302 1930 δεξιῶν
1320 1898 1369 1932 μὲν
1385 1896 1418 1923 τὰ
1438 1896 1562 1932 πρόϐατα
1586 1896 1750 1930 στήσαντος,
1773 1895 1875 1930 ἀφορί-

1082 1953 1178 1976 σαντος
1198 1943 1226 1970 δὲ
1244 1945 1293 1979 τῆς
1313 1943 1466 1978 κρείττονος
1485 1941 1588 1977 λήξεως
1610 1941 1655 1968 ἐπὶ
1677 1941 1707 1968 τὸ
1729 1940 1875 1976 ἀριστερὸν

1079 1991 1114 2018 τὰ
1128 1991 1230 2026 ἐρίφια.
1246 1989 1331 2016 Τοῦτο
1351 1988 1440 2015 τοίνυν
1458 1989 1490 2014 ἐκ
1504 1989 1553 2023 τῆς
1567 1988 1621 2014 τῶν
1637 1988 1720 2022 φίλων
1735 1987 1782 2013 τοῦ
1802 1995 1876 2021 νυμ-

1080 2037 1142 2072 φίου
1158 2035 1312 2071 συμϐουλῆς
1328 2034 1520 2069 παιδευόμεθα,
1531 2033 1562 2060 τὸ
1581 2034 1636 2060 δεῖν
1658 2035 1698 2065 εἰς
1712 2033 1796 2069 αὐτὴν
1813 2033 1876 2068 βλέ-

1083 2091 1144 2109 πειν
1159 2082 1207 2117 τὴν
1228 2081 1283 2108 τῶν
1306 2081 1477 2116 πραγμάτων
1501 2080 1593 2115 φύσιν,
1614 2080 1711 2115 καὶμὴ
1732 2081 1876 2114 πεπλανη-

1084 2128 1174 2163 μένοις
1188 2127 1273 2162 ἷχνεσι
1290 2127 1340 2162 τῆς
1351 2125 1482 2161 ἀληθείας
1498 2125 1762 2161 παραστοχάζεσοαι.

238 2167 331 2195 luetlos
347 2172 437 2195 autem
456 2175 470 2195 a
490 2168 595 2195 meliori
613 2172 688 2195 sorte
703 2170 889 2203 segregarerit
913 2170 945 2197 ad
962 2171 1115 2200 sinistram.
1132 2173 1170 2199 Ex
1187 2173 1338 2199 amicorum
1356 2170 1422 2207 ergo
1454 2172 1549 2206 sponsi
1580 2172 1697 2198 consilio
1725 2171 1875 2203 discimus,

238 2219 366 2249 oportere
381 2213 503 2248 aspicere
516 2213 549 2240 ad
565 2213 651 2248 ipsam
667 2221 757 2240 rerum
774 2219 912 2248 naturam,
931 2220 958 2243 et
977 2225 1032 2244 uou
1050 2218 1175 2253 vestigiis
1186 2218 1343 2246 errantibus
1365 2226 1380 2244 a
1400 2217 1515 2245 veritate
1535 2218 1675 2244 aberrare.

276 2260 448 2286 Suutuutem
468 2258 525 2285 lucc
542 2259 624 2285 verba
641 2258 743 2286 clarius
758 2260 932 2294 explicanda.
951 2260 1026 2289 Multi
1045 2268 1067 2295 ι)

239 2306 365 2333 homines
393 2312 447 2331 non
467 2303 593 2338 judicant
612 2304 663 2339 ipsi
687 2305 916 2340 quemadmodum
938 2315 968 2334 se
989 2307 1034 2334 ha-

240 2352 322 2378 beant
334 2359 378 2378 res
395 2355 509 2382 natum,
534 2350 583 2377 sed
603 2357 699 2378 eorum
716 2351 763 2386 qui
780 2351 907 2378 vixerunt
924 2353 1034 2379 intuen-

240 2401 282 2425 tes
293 2397 532 2429 consuetudinem,
543 2397 675 2424 aberrant
688 2405 703 2424 a
720 2405 788 2424 sano
803 2405 896 2424 rerum
912 2398 1031 2433 judicio.

241 2451 294 2470 non
316 2443 477 2477 prudentem
504 2443 624 2478 aliquam
646 2443 900 2475 ratiocinationem,
918 2444 966 2471 sed
989 2452 1034 2471 ra-

241 2489 326 2516 tionis
362 2493 501 2524 cxpertem
532 2489 760 2516 consuetudinem
786 2489 850 2516 boui
870 2493 898 2516 et
926 2489 1035 2517 honesti

240 2535 443 2563 constituentes
456 2535 589 2570 judicem,
613 2535 685 2562 unde
702 2536 809 2570 seipsos
833 2536 987 2570 provehunt
1001 2535 1035 2562 ad

241 2581 355 2616 imperia
374 2584 401 2608 et
427 2582 618 2617 magistratus,
630 2582 806 2617 honoresque
821 2585 848 2608 ct
873 2581 1035 2616 splendores

240 2627 287 2662 qui
307 2632 370 2655 sunt
386 2627 413 2654 in
425 2627 477 2655 hoc
493 2629 644 2660 mundo,et
656 2627 1034 2663 magnifaciuntmundanam

242 2674 389 2710 potentiam
406 2678 434 2701 et
451 2674 682 2709 magnitudinem,
695 2682 757 2701 cum
774 2673 808 2701 sit
825 2672 962 2700 incertum
978 2681 1033 2709 quo

242 2721 278 2748 sit
292 2720 508 2755 unumquodque
520 2728 614 2748 eorum
631 2720 786 2748 rediturum
812 2723 875 2754 post
899 2719 970 2748 hanc
991 2721 1033 2747 vi-

242 2768 308 2792 tam.
325 2763 383 2791 Non
398 2765 470 2792 enim
489 2764 523 2792 de
536 2764 635 2792 futuris
656 2765 722 2792 satis
737 2769 795 2791 tuto
820 2764 951 2799 lidejubet
965 2772 1033 2792 con-

242 2810 370 2843 suetudo,
402 2810 481 2845 cujus
503 2810 565 2839 ﬁnis
593 2818 783 2845 srpcnumero
807 2811 946 2840 invenitur
966 2819 1032 2847 grex

1128 2263 1298 2298 Σαφέστερον
1323 2262 1351 2289 δὲ
1379 2262 1432 2298 χρὴ
1457 2263 1503 2289 τὸν
1526 2262 1590 2297 περὶ
1613 2262 1715 2289 τούτων
1744 2262 1877 2289 ἐκθέσθαι

1083 2307 1171 2342 λόγον.
1190 2307 1287 2334 Πολλοὶ
1313 2306 1367 2333 τῶν
1390 2306 1541 2345 ἀνθρώπων
1563 2307 1614 2333 οὐκ.
1634 2306 1711 2333 αὐτοὶ
1734 2307 1878 2341 κρίνουσιν

1083 2353 1156 2385 ὅπως
1183 2352 1239 2388 ἔχει
1262 2352 1301 2383 τὰ
1325 2352 1476 2387 πράγματα
1493 2351 1612 2386 φύσεως,
1636 2351 1704 2378 ἀλλὰ
1730 2352 1798 2386 πρὸς
1824 2351 1879 2387 τὴν

1084 2399 1227 2434 συνήθειαν
1246 2398 1298 2424 τῶν
1323 2397 1534 2433 προϐεϐηκότων
1560 2397 1690 2432 ὁρῶντες,
1716 2399 1765 2432 τῆς
1780 2398 1881 2432 ὑγιοῦς

1083 2444 1137 2470 τῶν
1147 2444 1230 2470 όντων
1244 2444 1362 2480 κρίσεως
1373 2444 1587 2479 ἁμαρτάνουσιν,
1604 2444 1654 2470 οὐκ
1674 2444 1798 2480 ἔμφρονά
1811 2453 1881 2471 τινα

1083 2489 1224 2525 λογισμὸν,
1241 2489 1309 2517 ἀλλὰ
1331 2490 1475 2525 συνήθειαν
1488 2490 1594 2525 ἄλογον,
1608 2490 1654 2516 τοῦ
1673 2490 1756 2517 καλοῦ
1776 2492 1882 2526 κριτή-

1084 2543 1143 2570 ριον
1161 2534 1392 2570 προϐαλλόμενοι·
1417 2535 1478 2562 ὅθεν
1495 2537 1535 2567 εἰς
1557 2536 1644 2571 ἀρχάς
1667 2544 1696 2562 τε
1724 2537 1770 2563 καὶ
1794 2537 1883 2564 δυνα-

1085 2580 1175 2611 στείας
1188 2580 1299 2612 ἑαυτοὺς
1311 2579 1464 2612 είσωθοῦσι,
1476 2581 1522 2607 καὶ
1535 2581 1584 2613 τὰς
1597 2582 1625 2607 ὲν
1636 2580 1675 2616 τῷ
1689 2581 1785 2616 κόσμῳ
1795 2589 1884 2617 περι-

1084 2626 1215 2660 φανείας,
1245 2625 1293 2654 καὶ
1322 2627 1385 2658 τοὺς
1412 2626 1521 2659 ὑλικους
1550 2627 1648 2661 ὄγκους
1678 2627 1742 2663 περὶ
1776 2628 1883 2655 πολλοῦ

1085 2671 1235 2705 ποιοῦνται,
1254 2672 1350 2707 ἄδηλον
1365 2673 1394 2699 ὃν
1408 2674 1447 2704 εἰς
1464 2673 1478 2699 ὅ
1503 2682 1528 2699 τι
1544 2674 1647 2701 τούτων
1662 2674 1776 2701 ἕκαστον
1789 2682 1884 2702 κατα-

1085 2719 1160 2755 λήξει
1179 2720 1248 2753 μετὰ
1264 2719 1310 2747 τὸν
1323 2721 1384 2756 τῇδε
1400 2720 1466 2755 βίον.
1483 2721 1520 2747 Οὐ
1534 2720 1587 2756 γὰρ
1602 2721 1725 2757 ἀσφαλὴς
1739 2722 1793 2748 τῶν
1810 2721 1885 2758 μελ-

1086 2765 1186 2792 λόντων
1206 2766 1342 2802 ἐγγυητὴς
1361 2767 1377 2801 ἡ
1396 2766 1532 2801 συνήθεια,
1549 2764 1582 2802 ἧς
1608 2766 1637 2793 τὸ
1665 2767 1749 2804 πέρας
1773 2768 1887 2803 ἐρίφων

1087 2811 1244 2846 εὑρίσκεται
1259 2812 1398 2845 πολλάκις,
1414 2812 1474 2847 οὐχὶ
1487 2812 1630 2848 προϐάτων
1645 2813 1739 2848 ἀγέλη.
1758 2814 1840 2846 Νοεῖς
1853 2814 1886 2841 δὲ
