1984 3068
119 95 162 122 805

639 95 673 123 IN
688 96 836 124 CANTlCA
853 92 988 123 CANTIC.
1013 95 1154 123 llOMlLlA
1175 95 1206 122 Ιῐ.

1682 93 1733 120 806

118 155 215 185 πάντως
231 155 273 181 τὸν
293 154 371 188 λόγον
387 156 419 182 ἐκ
432 156 480 191 τῆς
500 155 546 182 τοῦ
563 156 728 190 Εὑαγγελίου
745 157 843 190 φωνῆς.
866 156 894 181 Ὀ

950 154 1100 187 haedorum,
1117 163 1170 183 non
1184 155 1287 182 ovium.
1305 154 1384 188 Quod
1400 158 1490 182 autem
1511 154 1573 182 dico
1588 154 1668 190 plane
1691 155 1733 181 in-

118 198 141 225 δὲ
163 199 227 234 πρὸς
244 199 273 225 τὸ
296 199 360 226 ἴδιον
382 201 430 235 τῆς
451 200 624 236 ἀνθρωπίνης
646 201 752 235 φύσεως
778 200 894 236 βλέπων.

115 246 184 273 τοῦτο
203 246 231 273 δέ
254 247 327 273 ἐστιν
346 247 359 273 ὁ
375 247 463 282 λόγος,
487 249 686 284 καταφρονήσει
704 249 754 284 μὲν
771 249 821 283 τῆς
835 248 895 274 ἁλό-

116 301 157 326 γου
171 292 326 328 συνηθείας,
343 293 419 320 οὐδὲν
439 293 467 320 δὲ
491 294 529 326 ὡς
550 295 631 321 καλὸν
655 295 806 330 αἱρήσεται,
822 295 836 321 ὃ
858 295 895 331 μὴ

115 340 143 374 τῇ
158 338 226 373 ψυχῇ
245 339 322 374 φέρει
338 339 368 365 τὸ
391 339 497 375 κέρδος.
515 340 619 368 Οὐκοῦν
641 342 672 368 οὐ
696 341 748 377 χρὴ
775 342 842 377 πρὸς
862 343 896 369 τά

117 384 167 420 ἴχνη
184 385 237 410 τῶν
256 384 435 420 βοσκημάτων
455 385 572 421 βλέπειν,
588 386 606 414 ἃ.
626 387 665 421 τῷ
681 387 776 421 γεώδει
790 388 839 422 βίῳ
853 387 897 414 διὰ

115 430 160 456 τῶν
175 430 295 464 πτερνῶν
306 431 368 465 ὲνση
374 431 510 465 μαίνονται
521 433 546 458 ot
559 432 760 466 προωδευκότες
771 434 816 460 τὸν
829 434 895 468 βίονν

116 475 211 510 ἀφανὴς
227 475 282 511 γὰρ
298 476 330 502 ὲκ
341 476 395 502 τῶν
412 478 582 512 φαινομένων
601 479 618 514 ἡ
635 479 681 505 τοῦ
700 480 896 515 προτιμοτέρου

115 517 205 552 κρίσις,
219 518 271 550 ἕως
286 519 319 545 ἂν
331 519 382 551 ἔξω
393 520 440 546 τοῦ
457 520 514 555 βίου
527 521 679 557 γενώμεθα,
691 524 772 549 κάκεῖ
788 524 896 559 γνῶμεν

115 564 177 589 τίσιν
201 563 432 600 ὴκολουθήσαμεν.
454 565 483 592 '0
508 566 598 593 τοίνυν
625 567 662 603 μὴ
679 568 706 601 ἐξ
730 569 819 595 αὐτῶν
842 569 896 596 τῶν

115 609 276 644 πραγμάτων
288 609 432 645 διακρίνων
444 611 474 637 τὸ
489 611 570 638 καλὸν
581 613 613 639 ὲκ
628 613 675 639 τοῦ
686 614 816 648 χείρονος,
829 614 897 641 ἀλλὰ

114 655 164 684 τοῖς
180 654 263 688 ἴχνεσι
278 655 331 682 τῶν
346 656 556 691 προωδευκότων
577 658 718 693 ἑπόμενος,
731 660 779 695 τὴν
795 660 895 695 παρελ-

115 699 206 726 θοῦσαν
222 701 269 726 τοῦ
282 701 337 736 βίου
353 702 494 737 συνήθειαν
515 703 673 731 διδάσκαλον
684 707 734 740 τῆς
744 706 812 737 ἰδίας
826 706 897 741 ζωῆς

114 744 334 780 προϐαλλόμενος,
356 746 479 773 λανθάνει
497 747 635 780 πολλάκις,
654 750 723 776 κατὰ
738 749 782 776 τὸν
803 751 897 786 καιρὸν

112 790 158 825 τῆς
167 791 273 823 δικαίας
285 792 410 827 κρίσεως,
419 792 511 828 ἔριφος
522 794 583 821 ἀντὶ
591 795 728 830 προόάτου
741 796 894 831 γενόμενος,

114 835 212 862 Οὐκοῦν
235 836 320 863 ταῦτα
346 837 477 872 λεγόντων
502 839 575 866 ἐστιν
597 841 706 868 ἀκούειν
724 841 777 868 τῶν
796 841 894 876 φίλων,

112 882 149 909 ὃτι
163 882 214 914 Σὺ,
231 879 253 909 ὦ
271 882 352 918 ψυχὴ,
375 884 392 919 ή
415 885 446 910 ὲκ
468 884 596 921 μελαίνης
618 887 748 924 γενομένη
771 888 850 923 καλὴ,
871 887 899 914 εῐ

113 936 151 955 σοι
167 928 240 964 μέλει
258 928 306 956 τοῦ
332 930 542 963 συνδιαιωνίζειν
564 940 604 959 σοι
619 932 669 968 τῆς
682 933 830 969 εὐμορφίας
846 934 896 971 τὴν

111 973 197 1009 χάριν,
218 974 255 1010 μὴ
271 975 327 1006 τοῖς
344 975 442 1010 [χνεσιν
459 975 600 1004 ὲπιπλανῶ
618 978 671 1004 τῶν
687 979 896 1014 προωδευκότων

110 1021 154 1047 τὸν
170 1020 242 1055 βίον·
266 1022 363 1057 ἄδηλον
381 1022 434 1058 γὰρ
454 1023 478 1049 εί
503 1023 540 1059 μὴ
559 1024 650 1059 τρίϐος
674 1024 774 1060 ἐρίφων
795 1026 853 1052 ἐστὶ
866 1025 896 1053 τὸ

112 1067 280 1102 φαινόμενον,
294 1065 335 1099 οἷς
359 1069 391 1095 σὺ
414 1069 528 1096 κατόπιν
545 1070 735 1103 ἀκολουθοῦσα,
749 1071 793 1098 διὰ
811 1071 841 1098 τὸ
859 1072 895 1108 μὴ

112 1112 249 1147 φαίνεσθαί
272 1121 314 1139 σοι
339 1113 401 1144 τοὺς
413 1113 456 1140 διὰ
469 1113 522 1141 τῶν
546 1114 626 1150 ἰχνῶν
636 1115 685 1151 τὴν
701 1115 822 1151 ἀτραπὸν
839 1116 896 1151 τρί-

110 1157 220 1191 ψαντας,
237 1157 344 1185 ἐπειδὰν
370 1158 508 1194 παρῆλθες
524 1159 569 1186 τὸν
587 1159 652 1194 βίον,
667 1161 712 1187 καὶ
735 1160 897 1196 κατολίσθῃς

111 1204 139 1230 ὲν
158 1204 190 1239 τῇ
216 1203 261 1230 τοῦ
284 1203 398 1230 θανάτου
419 1205 538 1241 μάνδρᾳ,
571 1206 674 1241 μήποτε
694 1207 844 1243 προστεθῇς
862 1209 894 1243 τῇ

109 1249 163 1276 τῶν
184 1249 285 1285 ἐρίφων
307 1250 401 1285 ἀγέλῃ,
416 1248 457 1282 οἷς
472 1251 606 1286 ἀγνοοῦσα
622 1252 666 1280 διὰ
684 1253 736 1280 τῶν
753 1253 832 1288 ῑχνῶν
848 1253 895 1280 τοῦ

111 1294 168 1330 βίου
182 1295 296 1322 κατόπιν
310 1296 542 1332 ἐπηκολούθησας.

147 1433 202 1459 Ἂν
217 1432 272 1468 γὰρ
285 1433 329 1468 μὴ
352 1433 431 1469 γνῷς
442 1434 586 1468 σεαυτὴν,
600 1436 678 1470 καλὴ
696 1437 730 1463 ἐν
747 1438 894 1472 γυναιξίν,

946 199 1046 233 telligis
1077 207 1110 226 ex
1142 207 1208 227 voce
1239 200 1406 234 evangelica.
1445 200 1497 233 Qui
1540 204 1630 227 autem
1663 200 1733 235 aspi-

946 244 983 271 cit
998 244 1031 271 ad
1053 244 1079 272 id
1100 245 1172 279 quod
1194 249 1235 273 est
1257 246 1535 280 propriumhumame
1550 251 1665 276 naturae.
1681 245 1733 272 hoc

947 294 1090 318 autemest
1113 290 1194 323 ratio,
1210 291 1342 326 despiciet
1363 291 1473 326 quidem
1497 292 1612 320 rationis
1634 299 1733 327 exper-

946 340 999 363 tem
1025 337 1264 369 consuetudinem.
1291 338 1395 364 nullum
1421 342 1511 365 autem
1536 338 1637 366 bonum
1650 339 1734 373 eliget

946 384 1018 420 quod
1039 392 1092 412 non
1108 384 1203 412 aﬁ‘erat
1220 386 1325 413 lucrum
1345 386 1452 413 animae.
1472 385 1530 412 Non
1547 389 1654 420 oportet
1670 392 1734 419 ergo

946 438 994 458 eos
1011 431 1043 458 ad
1059 432 1191 466 pecudum
1220 432 1344 467 aspicere
1359 432 1482 466 vestigia,
1500 439 1560 466 qua:
1582 440 1630 466 per
1645 432 1734 458 calces

946 484 994 504 cos
1009 478 1163 513 signiﬁcant
1185 477 1232 512 qui
1255 478 1316 504 vitae
1343 481 1457 504 terrena:
1475 481 1539 504 sunt
1563 477 1633 504 allixi
1651 486 1658 510 ;
1673 477 1734 511 ejus

946 523 1018 550 enim
1035 523 1105 558 quod
1122 527 1162 550 est
1178 523 1402 558 prmstantius,cx
1418 523 1451 550 iis
1467 531 1526 558 quae
1538 528 1669 558 apparent
1681 531 1734 549 non

946 573 987 595 est
1003 569 1332 604 manifestumjudicinm,
1352 570 1438 596 donec
1452 577 1482 596 ex
1506 570 1556 596 hac
1571 569 1626 596 vita
1641 577 1736 596 exces-

946 615 1075 648 serimus,
1091 619 1118 642 et
1135 615 1190 641 illic
1205 616 1413 649 cognoverimus
1428 623 1560 650 quosnam
1580 616 1667 642 simus
1691 623 1736 642 su—

947 661 1013 690 cuti.
1032 661 1082 694 Qui
1099 669 1162 696 ergo
1176 668 1230 688 non
1242 669 1275 687 ex
1288 661 1355 695 ipsis
1373 662 1454 689 rebus
1470 662 1603 689 discernit
1619 662 1645 688 id
1662 661 1735 696 quod

947 707 1046 734 bonum
1060 711 1101 734 est
1115 711 1140 733 et
1153 708 1295 735 honestum
1311 707 1345 734 ab
1358 715 1390 734 eo
1412 708 1484 742 quod
1500 713 1542 734 est
1556 709 1669 739 malum,
1687 708 1734 735 sed

947 760 1065 786 sequens
1097 753 1210 788 vestigia
1239 761 1333 780 eorutn
1366 754 1413 789 qui
1441 759 1652 789 prfecesserunt,
1669 763 1733 789 prie.

949 799 1056 825 leritam
1079 798 1142 826 vitae
1169 800 1396 827 consuetudinem
1415 801 1526 828 asciscit
1541 802 1592 828 sihi
1609 810 1657 836 pro
1675 802 1736 828 vitae

950 841 1090 876 magistra,
1107 849 1178 876 saepe
1196 842 1432 878 falliturlempore
1448 845 1634 877 discretionis,
1647 850 1673 873 et
1686 847 1736 872 im—

950 886 1070 920 prudens
1085 887 1177 915 liaedus
1195 895 1243 922 pro
1258 896 1307 916 ove
1326 888 1456 916 efﬁcitur.
1468 889 1544 917 Licet
1555 897 1620 925 ergo
1641 890 1737 918 audire

949 929 1007 958 haec
1020 931 1142 959 dicentes
1153 932 1256 960 amicos
1271 940 1278 959 :
1291 932 1332 960 Tu
1347 933 1448 966 anima,
1460 942 1521 969 qua:
1540 943 1572 962 ex
1593 935 1670 971 nigra
1695 936 1737 963 fa-

949 979 993 1003 cta
1017 983 1047 1004 es
1073 976 1196 1012 pulchra,
1213 977 1236 1005 si
1252 982 1294 1006 est
1309 978 1357 1006 tibi
1382 986 1455 1007 cura:
1469 983 1498 1006 ut
1515 981 1594 1016 longo
1614 986 1738 1017 tempore

950 1022 1030 1050 duret
1046 1023 1132 1057 gratia
1146 1027 1173 1050 et
1189 1024 1271 1051 decor
1285 1028 1338 1055 tua:
1360 1025 1464 1058 formae,
1485 1034 1519 1054 ne
1543 1028 1653 1056 aberres
1676 1035 1738 1064 post

950 1068 1062 1103 vestigia
1087 1075 1181 1096 eorum
1199 1070 1245 1104 qui
1270 1077 1469 1105 prazcesserunt
1487 1080 1494 1104 ;
1509 1069 1564 1100 n'on
1592 1077 1634 1100 est
1664 1075 1736 1101 enim

949 1117 1082 1148 apertum,
1096 1120 1130 1140 an
1155 1113 1192 1141 sit
1217 1114 1356 1142 haedorum
1380 1116 1477 1143 semita
1492 1124 1524 1144 ea
1543 1125 1603 1152 qua:
1624 1125 1738 1154 apparet

949 1165 1029 1193 quam
1046 1161 1075 1185 tu
1102 1159 1227 1194 sequeris
1245 1165 1410 1195 ;propterea
1427 1162 1498 1196 quod
1514 1170 1529 1189 a
1548 1167 1574 1190 te
1598 1171 1651 1191 non
1675 1173 1736 1192 eer-

948 1208 1049 1232 nantur
1063 1205 1109 1239 qui
1126 1205 1249 1240 vestigiis
1271 1206 1329 1233 suis
1345 1207 1415 1233 viam
1432 1207 1575 1239 triverunt,
1592 1213 1736 1244 postquam

948 1250 1032 1277 vitam
1060 1243 1293 1281 transmiscris,et
1313 1251 1340 1277 in
1357 1252 1453 1279 mortis
1472 1253 1610 1280 stabulum
1629 1254 1737 1281 inclusa

949 1295 1205 1329 fueris,timendum
1221 1300 1263 1323 est
1280 1305 1314 1324 ne
1329 1298 1355 1324 in
1371 1306 1477 1333 gregem
1495 1299 1635 1326 haedorum
1654 1301 1738 1327 ascri-

948 1342 1033 1374 baris,
1048 1350 1118 1377 quos
1138 1343 1266 1378 ignorans
1282 1351 1376 1370 eorum
1402 1345 1524 1379 vestigiis
1539 1345 1678 1379 insistens,
1692 1355 1736 1374 se-

949 1391 1010 1414 cuta
1027 1395 1069 1416 es.

985 1432 1014 1459 Si
1036 1433 1105 1459 enim
1132 1441 1183 1462 non
1214 1441 1356 1467 cognoscas
1386 1435 1507 1468 teipsam,
1525 1443 1540 1461 ο
1566 1435 1676 1469 pulchra
1700 1436 1739 1462 in-

110 1479 214 1511 ἔξελθε
235 1479 276 1506 σὺ
299 1479 334 1506 ἐν
354 1480 493 1514 πτέρναις
514 1480 573 1508 τῶν
588 1483 740 1517 ποιμνίων,
761 1484 810 1510 καὶ
830 1485 896 1511 ποί-

951 1483 989 1505 ter
1020 1480 1150 1510 mulieres,
1173 1479 1294 1514 egredere
1320 1484 1348 1506 tu
1379 1481 1406 1506 in
1439 1481 1551 1516 vestigiis
1581 1490 1687 1516 gregum
1713 1487 1738 1508 et

107 1532 195 1559 μαινε
208 1525 278 1558 τοὺς
288 1525 410 1560 ἐρίφους
422 1526 470 1553 ἐπὶ
482 1527 659 1562 σκηνώμασι
674 1528 732 1555 τῶν
745 1528 902 1564 ποιμένων.

111 1571 200 1606 Ὅπερ
218 1571 250 1597 δι’
265 1571 359 1606 ἑτέρου
381 1572 453 1604 τινὸς
474 1573 640 1608 ἀντιγράφου
656 1575 820 1611 σαφέστερον
845 1576 901 1604 ἐστι

109 1617 284 1652 κατανοῆσαι,
298 1617 334 1649 ὡς
358 1618 385 1644 δὲ
410 1618 446 1654 μὴ
474 1619 523 1654 τὴν
551 1619 675 1652 σύνταξιν
696 1621 750 1647 τῶν
772 1622 901 1657 ῥημάτων

109 1664 197 1700 δοκεῖν
216 1665 408 1700 ἀσυναρτήτως
427 1665 509 1701 ἔχειν.
535 1668 604 1702 Φησὶ
618 1668 682 1703 γὰρ,
707 1669 747 1695 ὅτι
774 1669 845 1696 Ἐὰν
857 1671 900 1704 μὴ

109 1709 189 1744 γνῷς
210 1711 354 1744 σεαυτὴν,
373 1712 392 1746 ἠ
425 1712 503 1746 καλὴ
534 1713 568 1739 ἐν
598 1714 746 1748 γυναιξὶν,
775 1714 900 1749 ἐξῆλθες

107 1755 143 1782 ἐκ
166 1756 226 1782 τῶν
246 1756 381 1790 πτερνῶν
405 1757 459 1783 τοῦ
486 1759 636 1792 ποιμνίου·
661 1759 709 1786 καὶ
735 1761 901 1794 ποιμαίνεις

107 1800 232 1834 ἐρίφους
261 1801 327 1827 ἀντὶ
357 1802 559 1836 σκηνωμάτων
588 1803 747 1838 ποιμένων·
773 1804 842 1831 ὥστε
868 1805 900 1832 δι’

109 1846 254 1881 ἀκριϐείας
280 1846 437 1881 συμϐαίνειν
463 1848 511 1883 τὴν
536 1849 564 1874 ἐν
592 1850 647 1880 τοῖς
667 1846 773 1885 βήμασι
797 1850 902 1880 τούτοις

109 1891 313 1926 ἑμφαινομένην
327 1892 444 1919 διάνοιαν
463 1894 495 1928 τῇ
511 1894 724 1930 προαποδοθείσῃ
740 1895 840 1931 θεωρίᾳ
853 1896 899 1922 τοῦ

108 1935 202 1969 λόγου.
217 1935 320 1962 Οὐκοῦν
337 1937 379 1963 ἵνα
394 1936 430 1972 μὴ
445 1937 529 1963 ταῦτα
545 1938 642 1975 πάθῃς,
659 1940 773 1975 πρόσεχε
788 1941 897 1976 σεαυτῇ,

109 1981 195 2016 φησιν
211 1982 225 2008 6
244 1981 330 2015 λόγος.
346 1982 428 2009 Τοῦτο
439 1984 492 2018 γάρ
507 1984 580 2010 ἐστιν
596 1985 713 2019 ἀσφαλὲς
724 1986 777 2012 τῶν
790 1986 899 2020 ἀγαθῶν

107 2026 309 2062 φυ)ακτήριον·
325 2028 408 2061 γνῶθι
433 2029 514 2056 πόσον
542 2030 610 2065 ὑπὲρ
629 2031 678 2065 τὴν
698 2030 792 2067 λοιπὴν
813 2032 901 2058 κτίσιν

108 2073 188 2107 παρὰ
204 2073 250 2099 τοῦ
267 2074 444 2108 πεποιηκότος
459 2074 612 2110 τετίμησαι.
631 2076 686 2102 Οὐκ
698 2077 810 2112 οὐρανὸς
822 2078 901 2112 γέγο-

105 2128 154 2145 νεν
172 2119 252 2145 εἰκὼν
265 2119 310 2146 τοῦ
327 2119 405 2152 Θεοῦ,
423 2121 453 2146 οὐ
472 2121 580 2156 σελήνη,
596 2122 644 2157 οὐχ
658 2122 741 2157 ἥλιος,
759 2123 789 2149 οὐ
803 2123 832 2150 τὸ
847 2123 901 2151 τῶν

104 2165 218 2200 ἄστρων
236 2165 344 2198 κάλλος,
360 2166 408 2192 οὐκ
435 2166 498 2192 ἀλλο
522 2175 548 2193 τι
573 2167 628 2194 τῶν
652 2168 722 2195 κατὰ
741 2168 791 2204 τὴν
814 2170 899 2196 κτίσιν
915 2157 939 2187 D

106 2211 280 2247 φαινομένων
303 2212 387 2239 οὐδέν.
407 2213 481 2249 Μόνη
501 2214 532 2240 σὺ
551 2214 664 2248 γέγονας
684 2215 733 2249 τῆς
753 2215 900 2251 ὑπερεχού-

106 2267 161 2292 σης
186 2258 272 2285 πάντα
291 2259 352 2285 νοῦν
368 2259 473 2293 φύσεως
495 2260 685 2295 ἀπεικόνισμα,
699 2259 745 2287 τοῦ
763 2261 900 2296 ἀφθάρτου

105 2302 226 2334 κάλλους
244 2303 379 2338 ὁμοίωμα,
391 2304 440 2340 τῆς
459 2304 588 2340 ἀληθινῆς
610 2305 734 2341 θεότητος
756 2306 901 2333 ἀποτύπω-

106 2357 161 2384 pa,
178 2348 227 2383 τῆς
244 2349 379 2385 μακαρίας
391 2349 463 2384 ζωῆς
477 2350 587 2385 δοχεῐον,
605 2350 651 2377 τοῦ
670 2350 794 2386 ἀληθινοῦ
815 2352 903 2386 φωτὸς

104 2395 268 2429 ικμαγεῖον,
280 2395 347 2430 πρὸς
356 2395 369 2421 ὃ
380 2395 523 2430 βλέπουσα,
537 2397 624 2423 ἐκεῖνο
634 2397 707 2433 γίνῃ,
720 2397 787 2432 ὅπερ
799 2397 900 2429 ἐκεῖνός

103 2441 181 2473 ἐστι,
205 2441 357 2476 μιμουμένη
375 2442 421 2468 τὸν
438 2443 467 2468 ὲν
485 2443 525 2469 σοὶ
547 2442 687 2478 λάμποντα
703 2442 746 2469 διὰ
764 2443 813 2478 τῆς
827 2444 900 2470 ἀντι-

102 2487 272 2522 λαμποὺσης
282 2487 367 2522 αὐγῇς
377 2488 409 2514 ὲκ
418 2488 466 2523 τῆς
477 2487 526 2523 σῆς
536 2488 729 2524 καθαρότητος.
737 2489 819 2516 Οὐδὲν
829 2489 900 2516 οὕτω

101 2533 164 2560 τῶν
178 2533 262 2560 όντων
278 2533 358 2568 μέγα,
371 2533 408 2564 ὼς
421 2533 460 2568 τῷ
475 2533 512 2568 σῷ
531 2534 638 2569 μεγέθει
655 2534 896 2570 παραμετρεῖσθαι.

109 2579 144 2604 '0
158 2576 272 2612 οὐρανὸς
283 2577 341 2609 ὅλος
359 2579 392 2613 τῇ
411 2577 457 2603 τοῦ
475 2577 542 2604 Θεοῦ
560 2577 681 2614 σπιθαμῇ
698 2579 898 2614 περιλαμϐάνε-

101 2630 173 2655 cur,
189 2622 225 2657 γῆ
244 2622 272 2648 δὲ
293 2623 339 2649 καὶ
357 2622 478 2649 θάλασσα
491 2624 524 2658 τῇ
536 2623 616 2658 δρακὶ
633 2624 683 2659 τῆς
699 2624 789 2660 χειρὸς
804 2624 885 2651 αὑτοῦ

102 2668 308 2704 περιείργεται.
326 2668 396 2695 Ἀλλ’
407 2668 480 2704 ὅμως
498 2670 512 2696 6
532 2669 650 2702 τοιοῦτος
670 2671 716 2697 καὶ
734 2670 868 2702 τοσοῦτος,
886 2671 900 2698 6

101 2716 203 2742 πᾶσαν
216 2715 248 2748 τῇ
269 2713 381 2750 παλάμῃ
393 2715 580 2749 περισφίγγων
593 2715 641 2750 τὴν
661 2715 758 2746 κτίσιν,
776 2716 835 2747 ὅλος
859 2725 900 2742 σοι

101 2759 236 2796 χωρητδς
247 2759 358 2793 γίνεται,
371 2760 418 2786 καὶ
431 2760 458 2786 ὲν
470 2760 511 2786 σοὶ
522 2761 651 2792 κατοικεῖ,
663 2761 710 2787 καὶ
724 2761 772 2788 οὐκ
783 2763 900 2788 ὲνστενο-

103 2807 197 2842 χωρεῖ
206 2806 279 2842 πάσῃ
291 2806 323 2840 τῇ
337 2805 413 2840 φύσει
427 2806 589 2840 ὲνδιοὸεύων,
599 2807 614 2833 6
625 2806 720 2833 εἰπών·
736 2807 900 2840 Ἐνοικήσω

952 1533 1028 1560 pasce
1043 1525 1129 1551 Ιιαιάοε
1151 1525 1177 1551 in
1206 1524 1381 1552 tabernaculis
1408 1531 1554 1559 pastorum.
1573 1527 1650 1560 Quod
1678 1529 1740 1562 qui‘

952 1571 1012 1597 (lem
1029 1569 1136 1598 facilius
1152 1571 1213 1598 licet
1227 1571 1381 1606 intelligere
1401 1579 1451 1606 per
1463 1573 1575 1600 alterum
1590 1576 1738 1608 eremp'ar,

953 1619 981 1642 ut
999 1623 1031 1643 ne
1047 1615 1191 1642 verborum
1220 1616 1330 1650 quidem
1354 1617 1527 1644 constructio
1541 1618 1664 1646 rideatur
1685 1628 1738 1646 non

952 1661 1101 1688 cohzcrerc.
1129 1661 1198 1688 Dicit
1213 1662 1285 1689 enim
1304 1672 1311 1690 :
1328 1662 1358 1690 Si
1373 1671 1424 1690 non
1442 1672 1582 1698 cognoscas
1597 1669 1622 1691 le
1642 1665 1736 1698 ipsum,

952 1713 967 1732 ο
985 1706 1095 1738 pulchra
1109 1706 1177 1733 inter
1191 1707 1324 1738 mulieres,
1336 1715 1440 1741 egressa
1457 1716 1483 1734 es
1509 1708 1535 1734 in
1552 1709 1666 1744 vestigiis
1677 1718 1736 1743 gre-

952 1760 1032 1787 gum,
1057 1757 1080 1778 ει
1106 1752 1195 1786 pascis
1221 1752 1309 1779 ha'dos
1332 1761 1379 1787 pro
1398 1753 1575 1780 tabernaculis
1589 1759 1737 1787 pastorum,

953 1798 1021 1825 adeo
1035 1802 1063 1824 ut
1079 1805 1139 1832 quze
1151 1798 1177 1825 in
1194 1798 1236 1825 his
1250 1798 1331 1825 dictis
1350 1802 1462 1833 apparet
1486 1800 1631 1831 sententia,
1645 1807 1738 1828 exacte

953 1845 1097 1872 conveniat
1121 1844 1145 1871 ci
1160 1851 1239 1878 quam
1256 1844 1332 1878 prius
1354 1844 1494 1878 posuimus
1512 1849 1655 1872 contextus
1672 1852 1736 1872 con-

954 1890 1133 1924 tenlplulioni.
1146 1889 1184 1917 Ne
1201 1897 1266 1924 ergo
1281 1889 1337 1916 haec
1352 1889 1399 1916 tibi
1417 1889 1552 1922 accidant,
1569 1891 1678 1919 attende
1689 1892 1738 1919 tibi

954 1936 1024 1971 ipsi,
1040 1936 1106 1963 dicit
1131 1935 1270 1970 Scriptura
1284 1944 1291 1961 :
1308 1935 1364 1962 haec
1384 1939 1425 1963 est
1440 1936 1512 1963 enim
1534 1936 1671 1964 tutissima
1688 1938 1738 1964 bo-

953 1989 1050 2009 norum
1076 1981 1326 2009 conservandorum
1348 1981 1429 2009 ratio.
1445 1981 1585 2017 Cognosce
1606 1987 1739 2017 quantum

953 2027 992 2055 sis
1003 2027 1135 2054 honorata
1148 2034 1162 2053 ιι
1175 2026 1305 2054 Creatore
1316 2027 1377 2062 plus
1390 2034 1471 2061 quam
1485 2027 1588 2062 reliqua
1599 2032 1738 2055 creatura.

952 2072 1011 2100 Non
1027 2071 1127 2099 factum
1142 2071 1193 2099 fuit
1211 2073 1310 2100 malum
1331 2072 1420 2108 imago
1437 2072 1484 2101 Dei
1499 2082 1506 2107 ;
1522 2081 1575 2100 non
1591 2074 1667 2106 luna,
1683 2082 1738 2102 non

953 2119 1015 2150 sol,
1032 2126 1085 2153 non
1114 2117 1234 2145 siderum
1259 2118 1444 2152 pulchritudo,
1474 2126 1562 2154 neque
1589 2120 1739 2154 quidquam

952 2165 1024 2192 aliud
1037 2172 1069 2192 ex
1090 2164 1123 2191 iis
1139 2171 1200 2199 qua:
1216 2167 1367 2191 cernuntur
1383 2162 1532 2192 secundum
1548 2169 1684 2193 naturam.
1697 2165 1737 2194 Tu

950 2211 1007 2239 sola
1030 2210 1102 2238 facta
1129 2217 1159 2238 es
1178 2209 1278 2244 eﬂigies
1298 2215 1402 2237 natura:
1416 2218 1476 2244 quae.
1503 2217 1610 2238 omnem
1628 2217 1738 2246 supcrat

952 2255 1172 2290 intelligentiam,
1189 2254 1339 2281 similitudo
1362 2255 1573 2289 pulchritudinis
1605 2257 1631 2283 in
1654 2265 1736 2291 quatit

951 2310 1007 2329 non
1024 2302 1097 2329 cadit
1125 2302 1264 2332 interitus.
1279 2308 1409 2336 expressa
1431 2301 1517 2336 ﬁgura
1536 2310 1606 2330 vera:
1630 2304 1738 2331 divini-

952 2350 1027 2380 tatis,
1041 2349 1102 2375 vitte
1116 2348 1202 2375 beatae
1219 2347 1433 2382 receptaculum.
1451 2348 1506 2374 veri
1519 2348 1630 2376 luminis
1649 2349 1737 2377 infor-

952 2400 1056 2423 matum
1076 2395 1263 2426 simulacrum,
1281 2393 1314 2420 ad
1327 2393 1398 2428 quod
1411 2394 1546 2428 aspiciens
1561 2395 1586 2421 id
1604 2396 1675 2429 quod
1693 2397 1738 2423 ille

952 2445 994 2469 est
1005 2440 1130 2472 et‘ﬁceris.
1146 2439 1258 2467 imitans
1276 2447 1337 2466 eum
1353 2439 1400 2474 qui
1418 2440 1445 2466 in
1463 2443 1490 2466 te
1509 2440 1674 2475 resplendet,
1690 2450 1738 2476 per

952 2486 1128 2522 splendorem
1141 2493 1174 2514 ex
1185 2485 1301 2512 adverso
1309 2485 1486 2519 refulgentem
1500 2494 1534 2513 ex
1549 2490 1594 2513 tua
1608 2487 1735 2521 puritate.

953 2531 1053 2559 Eorum
1069 2539 1129 2566 qum
1144 2536 1208 2559 sunt
1222 2530 1292 2558 nihil
1305 2530 1425 2558 estadeo
1439 2538 1578 2566 magnum,
1595 2536 1624 2558 ut
1648 2532 1737 2559 susci-

952 2580 1009 2615 piat
1023 2578 1220 2606 dimensionem
1236 2582 1288 2604 tum
1302 2577 1508 2612 magnitudinis.
1520 2577 1616 2605 Totum
1636 2579 1736 2606 caelum

951 2625 998 2652 Dei
1015 2624 1103 2659 palma
1127 2623 1284 2651 continetur
1298 2632 1305 2656 ;
1319 2626 1391 2650 terra
1413 2628 1442 2650 et
1462 2631 1537 2650 mare
1557 2624 1658 2658 pugillo
1677 2626 1738 2658 ejus

951 2677 1049 2698 manus
1065 2669 1315 2704 comprehenditur.
1338 2668 1390 2696 Sed
1408 2673 1498 2696 tamen
1513 2669 1559 2704 qui
1576 2674 1618 2696 est
1643 2673 1739 2696 tantus

951 2720 978 2744 et
991 2716 1064 2749 talis,
1078 2717 1124 2751 qui
1143 2715 1299 2743 universam
1319 2720 1471 2743 creaturam
1489 2716 1577 2750 palma
1604 2715 1737 2744 continet.

940 2765 1026 2790 totus
1041 2769 1056 2788 a
1071 2765 1097 2789 te
1113 2762 1231 2797 capitur,
1243 2766 1269 2789 et
1282 2761 1308 2788 in
1321 2765 1347 2789 te
1362 2761 1512 2793 habitahet
1523 2769 1576 2788 non
1592 2761 1618 2788 in
1631 2764 1740 2788 arctnm

955 2806 1062 2846 cogitur
1078 2806 1106 2834 in
1122 2811 1168 2834 tua
1183 2815 1295 2836 versans
1308 2810 1416 2840 natura,
1432 2807 1478 2842 qui
1489 2806 1577 2834 dixit:
1595 2805 1625 2832 In
1637 2805 1674 2832 eis
1691 2806 1740 2834 Ita-
