1984 3068
61 139 112 167 809

589 142 621 169 IN
637 143 785 172 CANTICA
804 143 939 172 CANTIC.
954 145 1094 174 llOMlLlA
1114 146 1155 174 lll.

1631 150 1684 178 810

60 197 155 234 ὥσπερ
170 197 217 224 ἐπὶ
231 197 277 225 τοῦ
294 199 361 230 Σινᾶ
375 201 666 237 προπαρασκευασθεὶς
678 204 733 235 τοῖς
747 203 845 239 καθαρ-

900 206 981 233 tertio
1001 206 1099 244 dignus
1111 211 1250 241 censetur,
1271 214 1378 235 summo
1397 215 1486 240 mane,
1507 212 1536 235 ut
1560 208 1584 236 ei
1611 208 1682 237 Deus

63 243 129 274 σίοις
151 243 166 269 ό
195 242 301 278 Ἰσραὴλ
317 245 346 271 ὲν
359 244 478 280 ἡμέραις
501 245 558 279 δύο,
575 248 609 282 τῇ
625 247 706 284 τρίτῃ
720 248 790 275 κατὰ
802 248 847 275 τὸν

59 286 156 323 δρθρον
181 288 304 321 ἀξιοῦται
327 289 377 324 τῆς
397 289 573 325 θεοφανείας,
597 293 688 320 οὐκέτι
713 294 777 329 περὶ
798 293 848 329 τὴν

61 331 156 358 πλύσιν
169 332 223 358 τῶν
238 332 353 368 ίματίων
375 333 487 369 ἄσχολος
512 335 567 367 ὢν,
591 336 648 363 ἀλλ’
672 337 752 364 αὐτὸν
774 337 848 372 δεχό-

40 382 43 388 ’
61 385 141 412 μενος
163 376 291 412 ἐμφανῶς
304 377 352 408 ¹τὸν
368 377 433 405 Θεὸν
445 398 452 411 ,
479 375 510 405 οὗ
536 379 616 415 χάριν
635 380 680 407 τὸν
695 380 744 415 τῆς
760 381 848 416 ψυχῆς

60 422 144 458 ῥύπον
158 422 202 449 διὰ
217 422 272 449 τῶν
287 423 477 458 προλαϐόντων
493 425 648 460 καθαρσίων
662 426 844 453 ἀπεπλύνατο·

59 468 129 495 οὕτω
149 468 196 496 καὶ
218 468 265 496 νῦν
280 471 296 505 ή
312 470 341 496 ἐν
363 471 419 500 τοῖς
434 470 553 505 φθάσασι
571 471 660 506 λόγοις
676 473 845 508 γεγενημένη

58 514 112 542 τῶν
126 515 275 554 προοιμίων
289 515 336 542 τοῦ
356 515 494 551 ’ᾼσματος
507 517 608 553 θεωρία
624 517 695 544 κατὰ
712 518 761 551 τὰς
779 527 845 554 προ-

58 552 192 593 λαϐοιῗσας
207 560 254 587 δύο
278 561 396 596 ἡμέρας,
419 561 544 589 τοσοῦτον
559 552 709 598 ὠφέλησεν,
725 564 786 591 ὅσον
801 552 847 591 έκ-

60 606 160 633 πλῦναι
178 606 224 633 καὶ
238 606 391 633 ἀποκλῦσαι
405 607 452 634 τοῦ
466 607 553 644 ῥύπου
570 609 618 644 τῆς
639 609 739 644 σαρκὸς
754 609 802 645 τὴν
817 610 846 636 ὲν

57 654 113 684 τοῖς
125 652 280 688 λεγομένοις
295 652 423 680 διάνοιαν.
440 653 526 685 Αὐτὸς
542 654 570 681 δὲ
582 656 596 681 ὸ
613 654 678 687 Θεὸς
691 655 776 689 Λόγος
798 655 846 690 σή-

60 708 152 735 μερον,
163 699 223 734 ἥτις
234 699 292 725 ἐστὶ
303 699 391 734 τρίτη,
402 701 471 734 μετὰ
488 700 536 736 τὴν
546 700 656 737 πρώτην
666 710 695 727 τε
705 702 751 727 καὶ
760 701 847 728 δευτέ-

60 755 108 782 ραν
128 745 271 780 κάθαρσιν,
287 746 492 781 ἐπιφανήσεται,
507 746 536 772 οὑ
554 746 655 781 γνόφῳ,
673 746 719 773 καὶ
735 746 843 782 θυέλλῃ,

58 790 105 816 καὶ
116 790 263 824 σάλπιγγος
276 790 344 825 ἤχῳ,
356 790 403 816 καὶ
414 790 481 826 πυρὶ
489 790 612 826 φοΰερῶς
622 791 654 818 ὲκ
662 791 798 826 πυθμένος
806 792 845 822 εἰς

58 835 212 872 ἀκρώρειαν
225 835 272 861 τοῦ
287 835 366 871 ὅρους
385 835 433 870 τὴν
449 837 577 872 περιοχὴν
594 836 779 872 διασμύχοντι,
795 845 845 871 φα-

57 883 138 917 νερὰν
152 882 198 908 καὶ
209 881 334 916 ἐπίδηλον
347 880 444 907 ἑαυτοῦ
458 881 506 917 τὴν
519 883 667 918 παρουσίαν
679 882 846 918 ποιούμενος·

55 928 114 955 ἀλλ’
126 928 192 963 ἡδὺς
201 927 247 954 καὶ
255 927 427 962 εὐπρόσιτος,
437 927 469 953 ὲκ
480 927 527 954 τοῦ
542 927 657 964 φοϐεροῦ
670 929 757 960 εἴδους
773 928 844 955 ὲκεί-

57 983 103 1002 νον
131 974 199 1010 πρὸς
226 975 276 1009 τὴν
303 975 441 1010 νυμφικὴν
470 974 640 1010 εὐφροσύνην
672 974 846 1010 μεθαρμοσά-

56 1028 148 1055 μενος,
172 1019 228 1054 Τῆς
249 1020 302 1055 γὰρ
316 1020 425 1055 νύμφης
437 1019 578 1056 δεηθείσης
597 1020 693 1055 μαθεῖν
709 1021 772 1051 τοὺς
795 1019 845 1054 τῆς

57 1064 236 1096 ἀναπαύσεως
250 1065 357 1096 τόπους,
375 1065 404 1090 ὲν
420 1062 460 1096 οἷς
472 1065 486 1090 ὁ
499 1063 600 1098 ἀγαθὸς
615 1064 717 1099 ποιμὴν
729 1063 777 1099 τὴν
789 1063 846 1090 δια-

55 1110 152 1145 τριϐὴν
163 1110 228 1145 ἔχει,
241 1110 310 1136 ὥστε
323 1111 360 1146 μή
374 1119 400 1137 τι
414 1110 485 1137 κατὰ
498 1110 610 1144 ἄγνοιαν
623 1109 677 1136 τῶν
692 1109 846 1145 ἀδουλήτων

58 1155 171 1181 πιθεῖν·
196 1153 255 1181 εἶτα
279 1155 332 1182 τῶν
355 1155 439 1190 φίλων
459 1155 491 1182 τὸ
513 1156 632 1190 ἀσφαλὲς
656 1156 704 1190 τῆς
719 1155 846 1191 ἀληθείας

57 1201 198 1236 κριτήριον
222 1201 452 1237 ὑφηγησαμένων,
479 1201 510 1228 τὸ
533 1201 601 1237 πρὸς
622 1201 720 1237 ἑαυτὴν
738 1201 846 1236 βλέπειν

56 1247 106 1282 τὴν
119 1246 217 1282 ψυχὴν,
241 1248 287 1274 καὶ
310 1247 407 1284 ἑαυτὴν
430 1247 575 1281 γινώσκειν
593 1256 599 1263 ·
623 1247 655 1274 τὸ
678 1247 732 1283 γὰρ
747 1246 847 1282 ἑαυτὴν

56 1293 172 1326 ἀγνοεῖν,
185 1293 271 1329 ἀρχὴν
286 1294 458 1330 ἀπεφήναντο
474 1294 522 1321 καὶ
533 1293 692 1321 ἀκολουθίαν
707 1291 776 1320 εἶναι
798 1292 846 1320 τοῦ

57 1338 126 1373 μηδὲ
141 1337 204 1364 ἄλλο
220 1347 246 1364 τι
262 1338 316 1364 τῶν
331 1339 444 1365 δεόντων
461 1338 570 1365 εἰδέναι.
584 1337 646 1369 Πῶς
663 1337 717 1373 γὰρ
736 1337 769 1365 ἂν
783 1337 848 1366 ἄλλο

56 1391 84 1410 τι
100 1383 197 1418 μάθοι,
217 1384 313 1411 ἑαυτὸν
335 1384 456 1418 ἀγνοῶνί
478 1384 539 1410 Ἐπὶ
556 1383 661 1415 τούτοις
685 1383 723 1415 ὡς
748 1384 847 1416 ἱκανῶς

56 1429 108 1464 ἤδη
121 1429 167 1456 τοῦ
183 1428 345 1465 ἡγεμονικοῦ
359 1429 408 1464 τῆς
418 1428 508 1464 ψυχῆς
521 1427 846 1464 κεκαθαρμένου,ὲπανα-

56 1474 145 1500 τέλλει
160 1475 192 1509 τῇ
209 1473 329 1509 ποθούσῃ
343 1474 357 1500 ὁ
376 1473 455 1507 λόγος
468 1491 476 1505 ,
492 1472 648 1508 προτροπὴν
664 1472 732 1508 πρὸς
753 1471 784 1498 τὺ
803 1471 847 1498 τέ‹

56 1519 129 1546 λειον
151 1519 311 1554 ποιούμενος
332 1518 377 1546 διὰ
397 1518 446 1553 τῆς
470 1517 603 1553 ἀποδοχῆς
624 1516 678 1544 τῶν
693 1516 843 1552 παρόντων.

63 1562 94 1589 '0
108 1561 161 1597 γὰρ
183 1562 229 1588 ἐπὶ
248 1563 304 1593 τοῖς
320 1561 527 1598 κατορθώμασιν
540 1560 650 1593 ἔπαινος
665 1560 845 1600 σφοδροτέραν

56 1609 114 1639 ’τοῖς
133 1607 321 1644 κατορθώσασι
337 1607 386 1642 τὴν
407 1607 475 1642 πρὸς
496 1605 526 1633 τὸ
551 1607 674 1642 κρεῖττον
692 1606 846 1642 προθυμίαν

57 1654 189 1689 ἐντίθησι.

94 1701 141 1733 Τίς
152 1699 198 1728 οὖν
211 1702 225 1728 ὁ
239 1701 314 1737 παρὰ
331 1700 378 1727 τοῦ
396 1699 523 1737 ἀληθινοῦ
538 1697 626 1734 Λόγου
646 1698 764 1735 γεγονὼς
780 1699 846 1735 πρὸς

55 1748 106 1782 τὴν
124 1747 256 1782 παρθένον
275 1747 370 1781 λόγοςς
396 1746 436 1781 Τῇ
452 1747 532 1779 ἵππῳ
543 1755 614 1782 μου,
630 1746 722 1782 φησὶν,
740 1746 776 1772 ἑν
793 1745 846 1779 [ip-

54 1802 131 1828 μασι
144 1792 248 1827 Φαραὼ
270 1792 409 1827 ὠμοίωσὰ
424 1801 471 1826 σε,
488 1792 507 1826 ἡ
532 1792 665 1826 πλησίον
678 1800 748 1826 μου.
776 1791 846 1818 Ἀλλ’

57 1838 151 1874 ἐπειδὴ
176 1839 226 1866 οὐκ
249 1838 320 1865 ἐστιν
336 1839 368 1865 ὲκ
391 1838 439 1865 τοῦ
463 1837 608 1873 προχείρου
625 1837 674 1872 τὴν
696 1837 751 1863 τῶν
773 1838 847 1872 εἰρηο

57 1884 148 1920 μένων
165 1884 302 1919 θεωρῆσαι
315 1884 443 1915 διάνοιαν,
456 1884 581 1916 ἐξετάσαι
596 1883 730 1919 προσήκει
742 1883 776 1910 δι’
789 1884 845 1910 ἐπι-

58 1928 181 1963 μελείας,
195 1927 284 1960 καθὼς
297 1928 330 1954 ἂν
342 1926 396 1954 οἷόν
410 1937 438 1954 τε
452 1926 479 1964 ᾗ,
496 1928 527 1954 τὸ
540 1927 729 1963 προκείμενον.
747 1928 847 1964 Ἄλλην

55 1972 173 2008 δύναμιν
189 1973 237 2008 τὴν
252 1973 455 2008 ἀντι-ταχθεῖσαν
467 1975 500 2009 τῇ
517 1973 592 2008 ἵππῳ
605 1973 652 2000 τοῦ
660 1972 759 2009 Φαραὼ
772 1975 847 2009 παρά

55 2019 107 2053 τῆς
120 2019 238 2053 ἱστορίας
250 2018 398 2054 ἐμάθομεν,
409 2019 523 2054 νεφέλην
538 2019 584 2046 καὶ
597 2019 692 2055 ῥάϐδον
703 2020 749 2047 καὶ
761 2019 847 2054 βίαιον

55 2065 158 2099 ἄνεμον
176 2064 221 2090 καὶ
236 2063 352 2097 πέλαγος
365 2064 424 2099 διχῆ
439 2063 638 2100 διαιρούμενον,
655 2065 701 2091 καὶ
716 2065 798 2100 βυθὸν
818 2061 847 2092 ἓν

56 2110 142 2140 κόνει,
160 2110 207 2136 καὶ
231 2110 279 2145 τὴν
304 2111 336 2136 ὲκ
358 2110 488 2145 κυμάτων
508 2111 684 2145 τειχοποιίαν,
701 2111 748 2138 καὶ
761 2110 846 2147 ξηρὰν

56 2156 184 2188 ἇῦυσσον,
199 2156 247 2192 τὴν
261 2156 304 2183 διὰ
319 2157 402 2192 μέσου
417 2157 471 2184 τῶν
483 2157 513 2190 ἐξ
528 2157 622 2189 ὓδατος
636 2158 732 2192 πηγῶν
741 2166 846 2193 χερσω-

56 2201 149 2228 θεῖσαν
159 2211 166 2218 ·
184 2202 216 2228 δι’
230 2199 268 2228 ὧν
284 2202 410 2229 ἁπάντων
425 2201 529 2236 ἐγίνετο
549 2203 604 2234 τοῖς
628 2201 808 2238 Ἰσραηλίταις
829 2203 846 2238 ἡ
862 2218 885 2246 D

56 2249 189 2284 σωτηρία,
215 2249 384 2286 πανστρατιᾷ
403 2247 451 2275 τοῦ
475 2247 573 2284 Φαραὼ
600 2247 669 2282 μετά
687 2246 740 2274 τῶν
755 2247 846 2274 ἵππων

54 2302 86 2320 τε
99 2294 145 2320 καὶ
159 2294 286 2329 ἁρμάτων
302 2292 537 2328 συγκαλυφθὲντος
552 2292 607 2324 τοῖς
623 2292 750 2328 κύμασιν.
765 2292 845 2319 Οὐδε-

57 2340 124 2375 μιᾶς
146 2339 235 2366 τοίνυν
257 2340 371 2375 ἱππικῆς
395 2339 536 2374 δυνάμεως
559 2338 782 2373 ἀντεισαχθείσης
806 2338 845 2374 τῷ

54 2384 198 2419 Αίγυπτίῳ
213 2385 333 2420 στρατῷ,
358 2385 458 2420 ἄπορον
475 2384 507 2411 ἄν
523 2384 564 2420 εἴη
580 2384 675 2419 μαθεῖν
688 2384 752 2419 ποίᾳ
768 2384 844 2419 ῐππῳ

54 2433 91 2468 τῇ
117 2431 275 2466 διαφανείσῃ
304 2431 376 2458 κατὰ
402 2431 455 2457 τῶν
483 2430 640 2464 Αἰγυπτίων
668 2429 798 2465 ἁρμάτων
827 2431 843 2465 ή

55 2476 151 2511 νύμφη
168 2475 242 2511 παρά
253 2475 301 2502 τοῦ
320 2475 399 2509 λόγου
415 2475 461 2502 νῦν
475 2474 696 2510 προσεικάξεται.
714 2474 753 2509 Τῇ
770 2474 845 2509 ἵππῳ

57 2531 110 2557 μου
123 2521 188 2556 γὰρ,
208 2521 285 2556 φησι,
301 2522 334 2556 τῇ
347 2522 377 2547 ἐν
398 2522 454 2552 τοῖς
471 2521 575 2555 ἅρμασι
597 2519 644 2546 τοῦ
666 2519 767 2554 Φαραὼ
783 2528 846 2546 κατ-

55 2565 226 2602 ειργασμένη
245 2566 293 2601 τὴν
306 2565 393 2600 νίκην,
415 2565 543 2600 ὠμοίωσά
558 2574 600 2598 σε,
621 2566 638 2600 ἡ
654 2565 766 2600 πλησίον
783 2574 844 2600 μου.

53 2611 94 2640 Ἦ
117 2612 197 2646 δῆλόν
220 2612 304 2644 ἐστιν,
324 2612 365 2638 ὅτι
386 2611 479 2646 ὥσπερ
494 2612 544 2638 οὐκ
567 2611 624 2638 ἔστι
639 2611 681 2637 διὰ
694 2610 846 2646 ναυμαχίας

53 2658 208 2694 ἡττηθῆναι
229 2666 314 2689 τινας,
332 2657 368 2692 μὴ
393 2657 502 2684 ναυτίου
525 2656 639 2692 στρατοῦ
661 2656 710 2692 τὴν
732 2657 760 2683 ἐν
786 2657 845 2687 ταῖς

53 2704 137 2731 ναυσὶ
156 2702 210 2729 τῶν
225 2703 352 2729 ἐναντίων
369 2702 482 2737 δύναμιν
504 2701 705 2734 καταλύσαντος
723 2710 730 2717 ·
758 2701 845 2733 οὕτως

53 2749 117 2776 οὐδὲ
134 2749 166 2775 ἂν
182 2750 211 2774 ἐν
229 2747 385 2784 ἱππομαχίᾳ
409 2755 451 2779 τις
475 2747 605 2783 ἡττηθείη
619 2767 626 2779 ,
651 2748 686 2783 μή
711 2756 783 2779 τινος
800 2748 844 2774 ιπ-

54 2796 141 2830 πικῆς
154 2796 185 2821 ὲκ
200 2794 252 2820 τῶν
269 2794 395 2820 ὲναντέων
411 2793 616 2829 ἀντιταχθείσης
632 2794 788 2829 δυνάμεως;
813 2793 843 2820 Εἰ
856 2799 858 2801 ’

53 2840 89 2875 δὴ
103 2840 193 2867 τοίνυν
206 2840 234 2866 τὸ
247 2839 391 2875 κράτιστον
405 2839 455 2874 τῆς
466 2839 521 2866 τῶν
534 2840 688 2874 Αἰγυπτίων
704 2841 842 2874 στρατιᾶς,

159 2887 294 2918 Parnm.
319 2887 376 2916 Gn.
398 2885 503 2917 XLIV.

898 256 1037 286 appareat,
1054 261 1108 280 non
1125 253 1243 288 amplius
1254 257 1404 288 Occupatus
1415 253 1443 280 in
1461 253 1584 282 lavandis
1599 255 1684 282 vesti-

897 297 959 329 bus,
982 297 1030 326 sed
1052 299 1141 334 ipsum
1168 298 1251 326 Deum
1267 302 1363 335 aperte
1385 299 1549 334 suscipiens,
1574 304 1684 334 propter

897 343 970 378 quod
986 344 1084 372 animae
1097 345 1192 372 sordes
1207 352 1255 380 per
1271 344 1455 380 praecedentes
1479 345 1604 372 abluerat
1619 353 1684 380 pur-

897 389 1020 424 gationes
1031 399 1039 419 :
1049 390 1085 417 ita
1098 391 1179 418 etiam
1192 398 1276 424 nunc,
1289 398 1350 426 qua-
1365 390 1394 417 in
1405 390 1439 418 iis
1451 398 1511 426 qua:
1522 391 1598 425 prius
1611 390 1683 418 dicta

897 438 962 461 sunt
982 434 1034 461 fuit
1058 435 1252 470 contemplatio
1266 436 1460 471 prommiorum
1476 436 1583 464 Cantici
1597 435 1681 463 canti-

897 487 1005 513 corum,
1020 480 1127 509 duobus
1138 481 1235 509 diebus
1252 481 1471 518 praecedentibus
1484 489 1491 508 :
1502 485 1607 509 tantum
1621 488 1683 517 pro~

897 523 949 550 fuit
972 527 1004 551 ut
1026 525 1149 552 ablueret
1171 529 1198 552 et.
1223 527 1384 554 einundaret
1406 533 1421 553 a
1440 525 1569 554 sordibus
1591 525 1684 553 carnis

897 575 1008 596 sensum
1024 569 1073 605 qui
1096 573 1139 597 est
1162 570 1189 597 in
1213 570 1324 605 iisquae
1349 570 1487 597 dicuntur.
1507 569 1568 605 Ipse
1592 573 1681 597 autem

898 613 968 643 Deus
984 615 1100 643 Verbum
1113 616 1205 649 hodie,
1227 617 1273 651 qui
1295 620 1337 644 est
1357 616 1415 644 dies
1436 616 1543 650 tertius,
1568 623 1682 651 appare-

896 660 937 688 bit
948 665 1008 696 post
1024 661 1140 696 primam
1153 667 1180 690 et
1196 663 1346 691 secundam
1365 663 1566 698 purgationem,
1581 669 1635 689 non
1654 661 1681 689 in

896 706 1012 741 caligine
1028 711 1056 735 et
1072 708 1202 742 procella,
1217 713 1245 736 et
1264 716 1333 737 sono
1348 709 1428 741 tubae,
1446 712 1472 736 et
1488 708 1603 736 terribili
1619 708 1682 743 igne

896 759 911 778 a
926 753 1018 780 radice
1034 761 1119 788 usque
1129 754 1163 781 ad
1175 754 1303 782 verticem
1318 755 1418 783 montis
1431 754 1564 782 ambitum
1578 754 1682 782 abster-

895 801 987 832 geute,
1000 803 1122 833 apertam
1143 803 1171 827 et
1189 800 1362 828 manifestam
1379 804 1456 828 suam
1474 801 1598 836 praebens
1610 807 1680 836 prat-

897 843 1022 877 sentiam,
1047 844 1095 872 sed
1115 837 1301 880 jucundus'et
1327 846 1444 874 aﬂ‘abilis
1463 854 1495 874 ex
1521 846 1613 882 specie
1635 846 1682 874 illa

865 880 885 908 Β
898 889 1012 916 terribili
1029 889 1062 916 ad
1075 897 1183 924 sponsa
1195 890 1318 918 laetitiam
1334 899 1364 919 se
1384 880 1574 919 transmutans
1586 894 1614 918 et
1632 897 1680 918 ac-

896 934 1083 962 commodans.
1098 935 1164 962 Nam
1182 943 1244 964 cum
1258 944 1358 972 sponsa
1372 936 1526 972 rogavisset
1554 940 1583 963 ut
1600 936 1683 964 sciret

897 979 956 1006 loca
973 980 1084 1015 quietis,
1103 982 1130 1009 in
1144 983 1245 1018 quibus
1268 983 1356 1011 bonus
1376 987 1471 1018 pastor
1486 988 1624 1015 versatur.
1647 989 1683 1010 ne

895 1025 961 1060 quid
982 1034 1078 1054 eorum
1092 1035 1154 1062 qua:
1175 1028 1256 1056 nollet
1276 1028 1393 1063 amplius
1420 1028 1471 1064 ipsi
1488 1027 1595 1055 accidat
1620 1035 1682 1063 pro-

897 1075 956 1106 pter
973 1071 1171 1106 ignorationem
1183 1093 1191 1105 ,
1205 1073 1303 1101 deinde
1319 1081 1380 1100 cum
1398 1073 1479 1101 amici
1495 1073 1519 1101 ci
1538 1073 1683 1108 exposuis~

896 1120 958 1144 sent
985 1117 1047 1151 quis
1061 1117 1097 1144 sit
1112 1122 1203 1145 certus
1215 1118 1298 1153 iudex
1312 1118 1447 1150 veritatis,
1461 1126 1558 1154 nempe
1571 1123 1600 1146 ut
1622 1119 1682 1146 ani-

898 1169 939 1187 ma
953 1161 986 1188 ad
1001 1162 1117 1196 seipsam
1137 1163 1263 1198 aspiciat,
1281 1168 1308 1190 ct
1326 1171 1356 1191 se
1368 1168 1518 1199 cognoscat
1533 1172 1539 1190 :
1563 1163 1680 1198 scipsam

895 1206 968 1233 enim
993 1207 1128 1242 ignorare,
1155 1208 1368 1242 pronuntiarunt
1391 1215 1454 1235 esse
1469 1207 1632 1243 principium
1655 1212 1682 1235 et

895 1253 1122 1288 consequentiam
1139 1253 1280 1281 nesciendi
1295 1253 1405 1289 quidem
1420 1253 1525 1289 aliquid
1547 1253 1619 1281 aliud
1632 1260 1681 1280 eo-

898 1305 957 1324 rum
980 1306 1043 1333 qua:
1065 1303 1194 1333 oportet;
1223 1299 1360 1334 quomodo
1383 1299 1455 1327 enim
1480 1299 1583 1335 aliquid
1607 1299 1680 1326 aliud

896 1342 984 1371 discet
997 1344 1043 1379 qui
1059 1344 1178 1380 scipsum
1195 1345 1318 1381 ignorat?
1333 1349 1394 1381 post
1409 1345 1466 1373 hanc
1482 1349 1610 1380 tanquam
1625 1345 1680 1379 jam

897 1389 964 1417 satis
986 1394 1151 1424 cxpurgata,
1179 1399 1240 1426 quae
1263 1392 1360 1418 anima:
1385 1391 1568 1426 principatum
1597 1395 1680 1423 tenet,

896 1435 1037 1468 facultate,
1059 1436 1148 1463 oritur
1169 1435 1288 1464 Verbum
1314 1445 1420 1473 sponsae
1445 1437 1624 1467 desideranti,
1648 1445 1682 1465 ea

896 1489 956 1516 qua:
978 1487 1043 1509 sunt
1065 1483 1210 1518 praesentia
1233 1484 1403 1518 accipiendo.
1423 1483 1573 1512 adhortans
1595 1485 1628 1512 ad
1655 1484 1681 1511 id

896 1528 968 1563 quod
980 1533 1021 1556 cst
1036 1529 1169 1558 divinius.
1184 1529 1257 1558 Laus
1271 1530 1343 1558 enim
1356 1537 1448 1558 rerum
1459 1534 1532 1558 recte
1543 1533 1681 1566 gestarum

897 1574 973 1602 allen
993 1574 1124 1610 majorem
1142 1576 1225 1603 animi
1249 1576 1418 1604 alacritatem
1441 1576 1475 1604 ad
1499 1576 1525 1604 id
1551 1576 1624 1612 quod
1640 1582 1683 1605 est

896 1619 1004 1648 melius.

932 1698 1067 1732 Quidnam
1102 1706 1167 1736 ergo
1197 1699 1264 1727 dicit
1290 1707 1385 1728 verum
1413 1700 1532 1728 Verbum
1561 1699 1682 1736 virgini?

898 1745 1037 1780 Equitatui
1053 1753 1121 1778 meo,
1145 1745 1244 1781 inquit,
1265 1745 1291 1772 in
1308 1744 1429 1772 curribus
1449 1744 1598 1772 Pharaonis
1614 1746 1683 1772 casi-

897 1791 989 1818 milavi
1007 1796 1041 1823 te,
1054 1791 1202 1827 propinqua
1215 1798 1284 1818 mea.
1300 1791 1353 1819 Sed
1369 1791 1498 1826 quoniam
1512 1798 1546 1818 ex
1560 1797 1593 1818 eo
1609 1790 1682 1826 quod

896 1841 939 1864 est
957 1837 984 1864 in
999 1841 1141 1872 promptu,
1161 1844 1215 1864 non
1235 1835 1315 1864 facile
1331 1839 1420 1872 potest
1434 1835 1603 1863 considerari
1618 1843 1680 1862 scn-

897 1890 945 1911 sus
959 1891 1054 1911 eorum
1070 1891 1131 1918 quae
1144 1882 1218 1911 dicta
1241 1885 1315 1916 sunt,
1333 1880 1545 1910 examinandum
1564 1885 1606 1909 est
1620 1881 1677 1909 dili-

897 1933 992 1964 genter
1013 1926 1039 1956 id
1057 1928 1129 1964 quod
1153 1932 1196 1956 est
1219 1927 1401 1964 propositum,
1427 1927 1517 1963 quoad
1540 1926 1601 1961 ejus
1624 1927 1682 1954 tlcri

898 1972 1006 2008 poterit.
1031 1973 1116 2000 Aliam
1142 1977 1303 2008 potestatem
1326 1972 1459 2008 equitatui
1470 1969 1621 2000 Pharaonis
1634 1972 1684 2000 ob-

895 2018 996 2053 iectam
1024 2018 1174 2046 didicimus
1199 2019 1234 2046 ab
1255 2017 1384 2052 historia,
1410 2025 1507 2054 nempe
1530 2018 1630 2046 nubem
1656 2022 1682 2046 ct

897 2065 1000 2100 virgam
1025 2068 1052 2092 et
1080 2065 1228 2092 violentum
1253 2071 1285 2091 ac
1310 2064 1496 2092 vehementem
1520 2069 1630 2092 ventum
1655 2069 1684 2092 et

898 2117 974 2138 mare
994 2108 1119 2137 bifariam
1138 2110 1267 2143 divisum,
1284 2114 1311 2138 et
1334 2110 1499 2146 profundum
1517 2110 1544 2138 in
1561 2110 1682 2146 pulvere,

898 2159 924 2182 et
951 2162 983 2183 ex
1014 2154 1098 2183 undis
1123 2154 1248 2182 etfcctum
1278 2163 1387 2183 murum
1417 2159 1445 2183 et
1475 2155 1576 2182 siccam
1600 2155 1683 2191 abys—

898 2209 958 2228 sum
987 2209 1033 2236 per
1060 2200 1238 2229 interlncdios
1261 2201 1288 2228 in
1310 2201 1390 2236 aquis
1416 2208 1509 2228 muros
1534 2201 1682 2228 arcfactam

898 2250 925 2274 et
936 2246 1091 2279 solidatam,
1108 2254 1156 2281 per
1177 2255 1236 2281 qua:
1248 2247 1338 2273 omnia
1358 2246 1432 2274 salus
1448 2249 1524 2281 parta
1537 2249 1579 2274 est
1592 2245 1682 2274 Israc-

898 2291 966 2324 litis,
978 2300 1040 2319 cuin
1060 2291 1164 2319 Pharao
1179 2300 1241 2320 cum
1256 2296 1312 2320 toto
1324 2293 1457 2324 exercitu,
1475 2296 1501 2319 et
1514 2299 1577 2319 cum
1592 2292 1682 2328 equis.

897 2341 924 2364 et
955 2338 1084 2365 curribus
1114 2338 1194 2366 undis
1220 2338 1301 2365 [inerit
1336 2338 1460 2365 obrutus.
1485 2336 1575 2365 Nullis
1600 2338 1684 2373 igitur

897 2384 984 2419 copiis
996 2384 1169 2419 equestribth
1185 2384 1301 2418 objectis
1318 2383 1508 2420 «Egyptiorum
1531 2384 1677 2414 exercitui.

897 2437 951 2457 non
971 2429 1050 2457 facile
1064 2429 1147 2457 fuerit
1164 2430 1235 2457 scire
1249 2430 1358 2457 cuinam
1374 2430 1508 2465 equitatui
1531 2431 1578 2466 qui
1601 2438 1684 2466 appa—

897 2474 982 2502 ruerit
999 2478 1094 2501 contia
1117 2481 1216 2502 currus
1239 2474 1394 2510 ﬁgyptios,
1417 2483 1491 2503 nunc
1516 2475 1685 2504 assimiletur

898 2526 1008 2553 sponsa.
1046 2518 1185 2553 Equitatui
1212 2527 1284 2550 meo,
1308 2521 1407 2555 inquit,
1432 2521 1478 2555 qui
1504 2518 1532 2548 in
1557 2521 1684 2549 curribus

897 2562 1048 2592 Pharaonis
1063 2565 1212 2599 reportavit
1228 2566 1383 2599 victoriam,
1402 2566 1550 2596 assiinilavi
1569 2571 1606 2601 te,
1622 2575 1685 2602 pro-

898 2609 1000 2644 pinqua
1026 2617 1095 2637 mea.
1120 2609 1218 2637 Annon
1244 2616 1285 2638 est
1308 2611 1359 2638 hoc
1383 2612 1573 2645 manifestum,
1609 2613 1682 2649 quod

898 2654 1037 2690 quomodo
1063 2655 1120 2683 ﬁeri
1145 2664 1198 2683 non
1235 2661 1325 2691 potest
1355 2661 1384 2684 ut
1413 2659 1503 2686 navali
1529 2658 1625 2695 praelio
1648 2660 1684 2686 sit

896 2704 975 2736 parta
996 2701 1110 2729 victoria
1125 2721 1132 2734 ,
1148 2702 1199 2729 nisi
1218 2703 1345 2730 nauticus
1360 2704 1497 2732 exercitus
1522 2705 1684 2733 demerserit

898 2746 1048 2774 exercitum
1064 2747 1182 2775 hostium
1200 2748 1244 2784 qui
1262 2753 1303 2776 est
1323 2748 1351 2775 in
1371 2750 1486 2778 navibus
1502 2759 1510 2779 :
1527 2750 1563 2778 ita
1581 2758 1631 2777 nec
1655 2751 1682 2778 in

897 2793 1016 2827 equestri
1047 2794 1139 2828 praelia
1171 2794 1260 2822 victus
1291 2794 1372 2822 fuerit
1402 2796 1548 2831 quispiam,
1579 2797 1600 2824 si
1628 2803 1682 2823 non

898 2840 996 2875 aliqua:
1018 2843 1160 2875 equestres
1186 2840 1272 2875 copiae
1309 2840 1482 2868 inimicorum
1507 2849 1541 2870 ex
1569 2841 1685 2869 adverso
