1984 3068
294 170 437 200 steterint?
464 170 598 204 Quoniam
617 177 682 206 ergo
711 170 737 198 id
762 170 834 205 quod
853 175 912 198 erat
939 171 1076 198 validissi-
1092 173 1114 200 Α

294 224 368 245 mum
387 217 524 244 exercitus
545 216 734 252 Egyptiorum
761 217 898 251 equitatus
923 221 997 248 erat,
1025 217 1078 243 vim

295 263 439 291 adversum
457 263 518 290 illos
533 262 647 295 illatam,
664 269 724 297 qua:
747 270 801 289 non
817 262 930 290 cadebat
945 263 996 290 sub
1013 270 1079 289 ocu-

294 309 347 341 los.
364 315 413 344 per
428 315 510 343 quam
527 308 660 335 adversus
677 307 820 344 Egyptios
835 312 913 344 parta
930 312 972 336 est
994 309 1079 336 victo-

293 355 383 386 toria.
408 354 560 389 equitatum
588 352 730 389 Scriptura
752 354 929 382 nominavit:
951 361 1014 382 nam
1041 354 1078 381 illi

294 408 404 436 quoque
426 399 579 427 sentiebant
601 407 662 426 eum
681 400 897 435 belligerantem,
914 404 941 427 et
965 401 1037 427 inter
1051 408 1081 428 se

295 446 460 477 clamabant,
477 445 610 473 Dominus
627 445 727 473 bellum
744 447 815 482 gerit
840 447 972 474 adversus
997 445 1081 481 Egy-

295 492 379 527 ptios,
394 495 422 519 et
434 491 569 526 fugiamus
584 500 598 519 a
618 492 687 519 facie
705 492 821 520 Domini.
850 492 898 520 Est
913 496 1002 520 autem
1018 500 1079 527 per-

295 537 432 571 spicuum,
447 537 519 572 quod
536 543 615 572 prout
639 537 721 565 fuerit
743 538 876 565 instructa
900 538 971 565 acies
985 538 1080 565 adver~

295 584 450 614 sariorum,
469 589 552 610 verus
577 583 724 618 imperator
748 584 886 611 exercitus
908 591 973 611 suas
993 586 1080 610 armat

295 627 400 661 copias.
419 627 483 653 Erat
497 635 563 662 ergo
577 627 700 662 quaedam
724 628 814 656 virtus
832 635 885 655 non
910 629 1011 656 radens
1030 629 1081 655 sub

295 677 448 709 aspectum,
465 681 525 708 quae
542 682 588 708 per
605 675 737 702 miracula
758 682 819 710 tina!
841 674 983 712 flebantjn
1001 675 1079 707 mari,

295 719 430 754 Egyptiis
445 719 574 747 afferebat
588 721 712 752 exitium,
735 728 817 756 quam
833 720 974 756 Scriptura
993 721 1080 747 nomi-

296 766 372 793 navit
389 773 486 801 equos.
503 767 662 802 Angelicum
679 771 769 794 autem
786 768 935 795 exercitum
948 775 1008 795 eum
1020 774 1081 794 esse

294 811 501 843 existimamus,
517 811 551 838 de
584 819 640 846 quo
664 811 730 839 dicit
765 812 894 847 propheta
917 821 924 839 :
950 812 1079 839 Ascendes

295 864 373 891 equrs
401 861 469 888 tuos,
492 861 517 884 et
537 858 670 892 equitatus
691 863 729 884 est
752 862 797 884 tua
816 858 889 885 salus
899 859 932 885 ".
957 857 1010 884 Sed
1033 857 1078 884 Dei

295 910 404 937 quoque
429 911 527 931 currus
552 903 634 931 David
660 904 724 931 fecit
750 905 931 936 mentionem,
958 904 1051 931 dicens
1071 911 1078 929 :

297 948 398 976 Curru:
416 949 463 976 Dei
477 949 564 977 decem
579 950 695 977 millibus
714 951 849 985 multiplex
857 951 891 982 ”,
906 951 949 978 cui
965 950 1080 984 subjun-

295 1001 398 1031 guutur
417 996 501 1023 millia
525 1004 619 1024 eorum
643 997 689 1032 qui
712 997 842 1032 dirigunt.
870 996 1002 1024 Prmterea
1020 1004 1080 1031 qua:

297 1042 383 1069 Eliam
400 1042 544 1070 sublimem
559 1050 574 1070 e
589 1046 661 1069 terra
684 1042 716 1070 ad
732 1043 820 1070 locum
844 1042 991 1070 aethereum
1011 1042 1081 1069 tollit

296 1088 384 1116 virtus
397 1110 405 1122 ,
430 1096 562 1123 equorum
577 1085 694 1116 'nomine
718 1089 877 1116 nominatur
891 1095 907 1115 a
926 1087 1079 1123 Scriptura.

296 1133 451 1166 Quinetiam
467 1134 557 1169 ipsum
575 1135 733 1169 prvphetam
753 1134 820 1161 dicit
837 1133 952 1161 historia
969 1140 1080 1160 currum

297 1180 404 1207 lsraclis
418 1184 444 1207 ct
456 1180 573 1215 equitem
583 1179 616 1206 ’⁸.
633 1179 685 1207 Eos
702 1187 810 1215 quoque
824 1179 869 1215 qui
881 1183 967 1207 totum
985 1180 1080 1207 orbem

297 1231 377 1254 terrm
391 1227 544 1257 obiverunt,
562 1234 609 1260 per
623 1233 692 1261 quos
713 1230 786 1253 terra
810 1225 949 1252 habitatur
963 1230 989 1253 et
1006 1225 1081 1260 quie-

297 1272 360 1304 scit,
384 1271 530 1299 Zacharias
557 1272 688 1306 propheta
714 1271 864 1299 nominavit
887 1279 973 1306 equos
996 1271 1082 1298 disse-

297 1323 387 1345 rentes
401 1325 460 1344 cum
474 1317 576 1352 equite,
591 1321 680 1345 stante
698 1317 724 1344 in
749 1317 839 1344 medio
858 1316 973 1344 duorum
1004 1323 1080 1343 mon-

297 1364 365 1390 tium
375 1364 408 1389 ιε.
436 1363 483 1389 Est
500 1371 564 1398 ergo
579 1371 667 1398 equus
687 1363 710 1390 ei
727 1362 774 1397 qui
798 1361 1000 1389 universitatem
1018 1368 1081 1396 pos-

299 1409 369 1436 sidet
393 1418 399 1435 :
428 1409 497 1436 alius
521 1408 629 1443 quidem
653 1415 762 1436 sursum
782 1408 881 1435 tollens
903 1407 1080 1442 prophetam;

297 1455 370 1481 alius
395 1459 485 1481 autem
517 1453 620 1481 faciens
649 1459 678 1480 ut
706 1454 843 1481 habitetur
871 1453 946 1481 orbis
976 1456 1080 1485 terrm;

298 1500 368 1527 alius
395 1504 482 1527 autem
511 1500 556 1534 qui
597 1499 721 1534 jungitur
761 1499 874 1531 currui;
914 1499 984 1527 alius
1018 1499 1117 1542 itemc

297 1545 343 1580 qui
376 1545 458 1572 Deum
488 1545 595 1579 accipit.
622 1548 758 1571 vectorem
789 1544 822 1571 ad
851 1544 966 1572 salutem
995 1544 1083 1571 homin

297 1599 373 1623 num,
386 1591 456 1618 alius
466 1595 554 1617 autem
571 1590 615 1624 qui
629 1590 769 1626 {Egyptians
787 1590 879 1617 obruit
893 1591 996 1625 copias.
1013 1590 1081 1618 Cum

297 1644 362 1672 ergo
380 1636 406 1663 in
423 1636 523 1664 divinis
539 1636 616 1671 equis
631 1643 728 1671 magna
756 1636 800 1667 sit,
818 1643 878 1671 quae
905 1640 1019 1671 apparet
1034 1643 1082 1671 per

298 1682 472 1718 operationes
498 1681 649 1709 dill‘erentia
662 1703 668 1714 ,
688 1681 857 1708 assimilatur
883 1681 1015 1716 equitatui
1036 1681 1082 1716 qui

298 1728 440 1765 Egyptias
456 1727 543 1763 perdit
557 1725 661 1762 copias.
684 1734 716 1754 ea
729 1735 790 1764 qua:
804 1735 853 1762 per
866 1734 977 1754 cursum
995 1727 1082 1754 virtu-

297 1774 332 1801 tis
348 1773 402 1801 Deo
414 1773 651 1808 appropinquavit.
676 1771 713 1798 ita
728 1773 800 1799 enim
814 1771 838 1799 ei
853 1772 919 1799 dicit
935 1770 1055 1798 Verbum
1073 1779 1080 1796 :

298 1819 380 1855 Equis
407 1819 471 1846 meis
495 1819 522 1845 in
548 1818 669 1846 curribus
698 1817 851 1845 Pharaonis
876 1817 1023 1845 assimilavi
1046 1822 1080 1849 te,

297 1866 442 1901 propinqua
460 1873 528 1891 mea.
542 1864 640 1892 Multas
657 1868 746 1891 autem
768 1871 870 1903 easque
897 1871 1010 1899 magnas
1025 1864 1082 1890 lau-

296 1911 345 1939 des
375 1910 457 1938 simul
484 1909 596 1937 verbum
624 1909 814 1943 complectitur
831 1913 878 1936 :et
905 1911 947 1935 est
970 1907 1080 1942 quidam

297 1957 408 1985 laudum
429 1957 570 1991 catalogus
587 1963 646 1991 quae
662 1955 704 1982 his
724 1955 802 1990 equis
817 1954 888 1981 facta
908 1953 959 1981 fuit
973 1953 1080 1980 assimi-

297 2003 374 2029 latio.
395 2002 567 2036 Qumcunque
583 2000 654 2028 enim
670 1999 703 2027 de
718 1999 817 2027 lsracle
831 2003 1082 2026 commemorantur

298 2048 325 2075 in
352 2048 462 2083 regione
485 2046 686 2082 Egyptiorum,
711 2046 839 2076 servitus,
868 2045 962 2079 palea},
981 2044 1079 2076 lutum,

296 2094 406 2126 lateres,
424 2093 551 2120 universa
562 2093 635 2119 circa
650 2095 750 2118 terram
764 2091 906 2126 occupatio
920 2094 947 2117 et
960 2089 1079 2121 afﬂictio,

296 2140 358 2168 duri
375 2147 468 2167 eorum
484 2146 595 2173 operum
613 2136 743 2172 praefecti,
767 2139 813 2172 qui
837 2136 959 2171 quotidie
978 2136 1012 2163 ab
1039 2136 1080 2163 eis

297 2186 399 2213 luteum
423 2184 567 2219 exigebant
593 2183 737 2214 tributum,
753 2187 862 2218 propter
885 2189 954 2217 quos
967 2189 1037 2217 aqua
1052 2181 1080 2209 iit
1097 2180 1119 2208 0

296 2230 417 2266 sanguis,
430 2233 456 2256 ct
472 2229 515 2255 lux
533 2228 707 2260 obscuratur,
723 2231 749 2255 et
766 2235 840 2254 rana:
855 2231 968 2262 serpunt
987 2227 1014 2254 in
1032 2227 1080 2254 do-

296 2284 366 2308 mos,
391 2280 418 2303 et
440 2283 454 2302 e
473 2275 581 2302 camino
603 2275 692 2310 pulvis
717 2274 781 2301 facit
805 2275 928 2309 pustulas
950 2275 1042 2302 enasci
1066 2282 1081 2301 e

295 2322 469 2357 corporibus,
495 2326 533 2353 et,
556 2325 586 2348 ut
610 2321 693 2349 semel
719 2321 808 2348 dicam
834 2320 936 2353 omnia,
962 2321 1079 2353 loeusta,

295 2368 437 2404 cyniphes,
453 2367 584 2399 bruchus,
600 2367 714 2403 grando,
729 2376 789 2402 quae
803 2367 963 2396 acciderunt
974 2367 1077 2403 primo-

295 2414 395 2450 genitis
412 2423 418 2442 :
437 2414 494 2441 haec
518 2415 620 2446 omnia,
643 2418 669 2441 et
692 2422 860 2450 qumcunque
875 2414 972 2442 melius
986 2421 1078 2449 perse-

294 2460 388 2496 quitur
401 2459 527 2491 historia,
542 2467 588 2494 per
604 2467 664 2495 qua!
677 2460 828 2496 acquiritur
844 2460 919 2487 salus
936 2459 1077 2490 israelitis,

294 2510 336 2533 est
352 2505 462 2532 laudum
479 2509 670 2541 argumentum
691 2506 787 2533 animae
812 2513 872 2540 quae
892 2505 945 2532 Deo
962 2505 1078 2540 conjun-

294 2553 378 2588 gitur.
394 2551 454 2579 Non
469 2552 541 2579 enim
564 2557 637 2580 esset
652 2553 802 2580 assimilata
820 2552 859 2579 illi
882 2552 1014 2580 exercitui
1030 2551 1076 2586 qui

294 2599 380 2627 malos
394 2598 480 2633 perdit
495 2598 646 2634 Egyptios.
663 2605 804 2634 perquem
820 2605 834 2624 a
849 2598 919 2625 mala
934 2598 1078 2633 tyrannide

294 2646 425 2674 liberatur
442 2645 522 2673 Israel
537 2665 544 2676 ,
563 2645 615 2672 nisi
636 2653 666 2671 ea
684 2645 775 2671 omnia
792 2648 864 2672 recte
883 2649 956 2680 gesta
973 2648 1076 2676 essent,

293 2700 354 2727 qum
370 2697 397 2719 et
414 2691 558 2727 AEgyptum
573 2690 698 2726 perdunt,
711 2693 737 2717 et
754 2695 848 2724 parant
865 2690 915 2717 iter
930 2690 963 2717 ad
981 2690 1075 2722 Deum.

292 2746 387 2765 eorum
403 2738 449 2772 qui
466 2746 479 2764 a
497 2737 561 2764 limo
574 2736 699 2772 Αῗμγριίο
714 2737 833 2771 migrant
850 2736 882 2763 ad
901 2741 1000 2764 terram
1017 2745 1078 2772 pro-

329 2825 464 2852 “llabac.
483 2833 523 2858 In,
544 2825 570 2851 8.
614 2824 636 2840 ’³
658 2824 730 2853 i’sal.
760 2832 831 2852 txvu
846 2846 853 2858 ,
876 2825 920 2852 18.
961 2825 982 2840 "‘
1003 2825 1035 2852 IV
1052 2825 1120 2861 Reg.

928 114 956 141 S.
969 111 1130 142 GREGORII
1146 113 1292 143 NYSSENI

1869 113 1920 145 διε

1128 172 1144 206 ἡ
1160 172 1239 203 ἵππος
1257 170 1301 207 ἦν,
1322 171 1370 207 τὴν
1387 172 1552 207 ἐπαχθεῖσαν
1577 172 1644 207 αὐτῇ
1668 171 1739 199 κατὰ
1755 172 1785 199 τὸ
1800 172 1917 207 ἀόρατον

1130 217 1255 252 δύναμιν,
1268 217 1301 244 δι’
1313 215 1347 254 ἦς
1364 218 1380 252 ἡ
1394 217 1455 252 νίκη
1472 217 1542 244 κατὰ
1560 217 1614 243 τῶν
1628 218 1783 251 Αἰγυπτίων
1801 218 1919 252 ἐγένετο,

1131 264 1213 290 ἵππον
1231 265 1246 290 ὁ
1267 264 1344 297 λόγος
1371 264 1527 299 ὠνόμασεν·
1552 263 1698 299 ᾐσθάνοντο
1721 263 1776 298 γὰρ
1799 264 1920 291 κάκεῖνοι

1131 309 1177 335 τοῦ
1194 309 1390 344 πολεμοῦντος,
1413 310 1458 336 καὶ
1474 309 1542 344 πρὸς
1561 309 1691 344 ἀλλήλους
1709 309 1803 341 ἐϐόων,
1821 309 1920 345 Κύριος

1130 355 1245 390 πολεμεῖ
1260 355 1323 386 τοὺς
1337 355 1512 389 Αἰγυπτίους,
1533 355 1579 381 καὶ
1600 354 1730 389 φύγωμεν
1754 355 1807 381 ἀπὸ
1831 364 1916 390 προσ-

1131 399 1206 426 ώπου
1222 400 1333 435 Κυρίου.
1346 399 1428 434 Δῆλον
1444 399 1472 425 δὲ
1484 400 1523 426 ὅτι
1536 399 1708 435 καταλλήλως
1714 401 1746 435 τῇ
1761 401 1919 436 παρασκευῇ

1131 446 1184 472 τῶν
1208 446 1336 472 ἐναντίων
1359 447 1373 472 6
1389 445 1514 481 ἀληθινὸς
1539 446 1756 481 ἀρχιστράτηγος
1776 445 1825 481 τὴν
1853 446 1919 472 ἰδίαν

1131 491 1281 523 ἀνθώπλιζε
1293 491 1416 526 δύναμιν.
1435 491 1537 518 Οὐκοῦν
1549 489 1583 526 ἦν
1605 500 1646 523 τις
1667 492 1781 526 ἀόρατος
1793 491 1919 526 δύναμις,

1133 537 1149 571 ἡ
1171 537 1215 563 διὰ
1238 536 1291 562 τῶν
1308 537 1371 572 περί
1387 536 1434 572 τὴν
1450 537 1586 563 θάλασσαν
1603 536 1749 572 θαυμάτων
1770 538 1921 573 ὲνεργοῠσα

1130 581 1185 608 τῶν
1199 581 1353 616 Αἰγυπτίων
1372 582 1417 608 τὸν
1436 582 1555 617 ὗλεθρον,
1574 582 1607 617 ἢν
1627 582 1709 609 ῖππον
1723 582 1736 607 6
1757 582 1834 616 λόγος
1851 583 1921 609 ὠνό-

1133 636 1228 663 μασεν.
1255 627 1413 663 Ἀγγελικὴν
1436 628 1463 654 δὲ
1478 627 1579 662 ταύτην
1598 628 1726 662 στρατιὰν
1740 628 1919 663 ὑπονοοῦμεν.

1131 673 1195 710 περὶ
1223 672 1258 709 ἦς
1280 682 1362 708 φησιν
1386 675 1400 700 6
1434 674 1593 708 προφήτης·
1625 674 1666 700 ὅτι
1701 673 1847 707 Ἐπιόἠσῃ
1871 674 1920 700 ἐπὶ

1131 720 1201 752 τοὺς
1225 719 1336 752 ἵππους
1352 727 1410 746 σου
1421 740 1428 750 ,
1451 719 1497 745 καὶ
1513 719 1532 752 ἡ
1555 719 1683 752 humata
1699 727 1757 746 σου
1775 721 1919 755 σωτηρία.

1137 765 1215 791 Ἀλλὰ
1229 766 1276 792 καὶ
1297 765 1419 801 ἅρματος
1434 765 1544 800 μνήμην
1558 764 1625 791 Θεοῦ
1645 766 1790 801 ἐποιήσατο
1805 767 1820 793 6
1838 767 1921 793 Δαΰῖδ

1131 811 1232 846 λέγων·
1251 811 1286 838 Τὸ
1302 811 1381 846 ἅρμα
1393 810 1446 837 τοῦ
1459 811 1532 838 Θεοῦ
1548 810 1771 845 μυριοπλάσιον
1783 819 1789 827 ·
1817 809 1839 846 ᾧ
1853 812 1923 838 ὑπο-

1135 855 1292 892 ζεύγνυνται
1315 856 1369 883 τῶν
1394 857 1580 895 εὐθηνούντων
1604 858 1632 884 αἰ
1658 857 1785 892 χιλιάδες.
1816 856 1878 883 Ἐτι
1893 857 1922 883 δὲ

1136 903 1182 929 καὶ
1194 904 1210 938 ἡ
1224 903 1268 929 τὸν
1283 903 1425 939 προφήτην
1449 902 1539 929 Ἠλίαν
1553 903 1690 938 μεταίσιον
1706 903 1738 929 ὲκ
1754 904 1805 938 γῆς
1816 904 1863 929 ἐπὶ
1875 903 1923 929 τὸν

1134 948 1252 985 αἰθέριον
1268 949 1355 984 χῶρον
1372 948 1598 983 ἀναλαμϐάνουσα
1612 948 1727 983 δύναμις
1753 949 1792 984 τῷ
1805 948 1860 974 τῶν
1875 949 1922 974 ἵπ-

1135 1003 1192 1021 πων
1209 994 1320 1029 ὸνόματι
1336 994 1412 1029 παρὰ
1427 994 1476 1029 τῆς
1493 994 1602 1030 Γραφῆς
1618 994 1789 1029 ὀνομάζεται,
1810 994 1856 1020 καὶ
1872 994 1924 1020 αὐ-

1133 1041 1179 1068 τὸν
1191 1041 1218 1068 δὲ
1232 1041 1277 1067 τὸν
1289 1041 1431 1076 προφήτην
1446 1041 1522 1076 ἅρμα
1536 1041 1609 1074 λέγει
1624 1040 1671 1066 τοῦ
1694 1040 1801 1076 Ἰσραὴλ
1815 1041 1861 1067 καὶ
1876 1041 1922 1066 ἱπ-

1135 1088 1219 1123 πέαή
1236 1087 1349 1123 ἱστορία.
1372 1087 1427 1114 Καὶ
1444 1088 1507 1119 τοὺς
1529 1087 1734 1122 περιοδεὼντας
1758 1088 1847 1114 πᾶσαν
1871 1087 1923 1122 τὴν

1134 1131 1304 1168 οἰκουμένην,
1330 1131 1363 1158 δι’
1383 1128 1421 1158 ὧν
1438 1132 1621 1164 κατοικίζεται
1636 1132 1682 1158 καὶ
1699 1131 1842 1167 ἡσυχάζει,
1868 1133 1923 1158 Ζα-

1135 1177 1230 1214 χαρίας
1243 1179 1257 1204 6
1273 1178 1414 1214 προφήτης
1438 1178 1537 1209 ἵππους
1559 1178 1698 1213 ὠνόμασε,
1712 1177 1924 1212 διαλεγομένους

1135 1224 1202 1259 πρὸς
1216 1224 1260 1250 τὸν
1276 1224 1403 1258 ἱππότην.
1427 1223 1472 1250 τὸν
1499 1223 1579 1259 μέσον
1595 1224 1698 1250 ἑστῶτα
1712 1223 1766 1250 τῶν
1780 1223 1826 1250 δύο
1839 1223 1923 1259 ὀρῶν.

1135 1268 1238 1296 Οὐκοῦν
1252 1269 1309 1295 ἔστι
1327 1278 1368 1300 τις
1384 1270 1467 1301 ἵππος
1481 1270 1520 1305 τῷ
1534 1270 1564 1296 τδ
1580 1271 1633 1297 πᾶν
1647 1270 1822 1305 κεκτημένῳ*
1838 1271 1855 1305 ὴ
1872 1270 1927 1305 μὲν

1133 1313 1180 1340 τὸν
1199 1315 1341 1350 προφήτην
1356 1314 1510 1349 ἀνάγοντο-α’
1528 1316 1544 1351 ὴ
1565 1315 1593 1342 δὲ
1613 1315 1662 1351 τὴν
1675 1314 1835 1350 οἰκουμένην
1854 1315 1928 1341 οἰκί-

1135 1359 1233 1391 ζουσα·
1252 1361 1268 1396 ἡ
1282 1361 1311 1387 δὲ
1326 1361 1547 1396 ὑποζευγνυμένη
1566 1361 1605 1396 τῷ
1619 1361 1718 1397 ἅρματι
1729 1370 1736 1376 ν
1758 1361 1822 1396 ἄλλη
1837 1361 1866 1387 δὲ
1880 1361 1929 1387 τὸν

1135 1406 1201 1432 Θεὺν
1218 1406 1316 1441 ἔποχον
1331 1408 1376 1433 ἐπὶ
1390 1407 1511 1443 σωτηρίᾳ
1527 1406 1581 1433 τῶν
1597 1406 1748 1442 ἀνθρώταυν
1769 1406 1928 1440 λαμϐάνου-

1137 1460 1170 1479 σα.
1185 1462 1191 1468 ·
1219 1453 1285 1488 ἄλλη
1308 1453 1336 1479 δὲ
1357 1453 1406 1488 τὴν
1429 1453 1580 1487 Αἰγυπτίαν
1604 1453 1776 1481 καταλύουσα
1796 1454 1927 1488 δύναμιν.

1136 1498 1240 1533 Πολλῆς
1254 1499 1342 1525 τοίνυν
1357 1499 1440 1535 οὔσης
1457 1501 1486 1526 ὲν
1502 1501 1563 1532 ταῖς
1578 1499 1663 1531 θείαις
1677 1498 1798 1536 Γραφαῖς
1812 1500 1865 1535 τῆς
1882 1500 1928 1527 διὰ

1133 1543 1187 1570 τῶν
1201 1544 1344 1580 ἐνεργειῶν
1360 1545 1523 1581 φαινομένης
1537 1545 1677 1580 διαφορᾶς,
1693 1548 1725 1581 τῇ
1738 1545 1929 1582 γκαοαιρετικῇ

1133 1590 1182 1625 τῆς
1203 1591 1390 1626 Αἰγυπτιακῆς
1409 1591 1547 1626 δυνάμεως
1567 1591 1644 1627 ἵππῳ
1669 1592 1868 1628 παρεικάζεται
1909 1595 1928 1628 ἡ

1132 1635 1177 1662 διὰ
1203 1635 1249 1662 τοῦ
1272 1636 1371 1672 δρόμου
1394 1637 1444 1671 τῆς
1471 1637 1573 1672 ἀρετῆς
1594 1636 1633 1672 τῷ
1655 1637 1714 1673 Θεῷ
1737 1638 1927 1673 πλησιάσασα.

1133 1681 1211 1708 Οὕτω
1226 1681 1280 1717 γάρ
1297 1690 1363 1717 φησι
1379 1682 1446 1717 πρὸς
1459 1682 1544 1718 αὐτὴν
1562 1682 1672 1716 ὁΔόγος
1689 1691 1696 1699 ·
1723 1683 1764 1710 ὅτι
1789 1683 1828 1718 Τῇ
1842 1684 1929 1716 ἵππῳ

1130 1735 1190 1761 μου
1214 1727 1249 1753 ἐν
1271 1727 1383 1762 ἅρμασι
1407 1727 1510 1761 Φαραὼ
1532 1727 1671 1762 ὡμοίωσά
1688 1730 1765 1762 σε,ή
1787 1730 1930 1763 πλησίοι·

1130 1782 1200 1808 μου.
1221 1774 1338 1805 Πολλοὺς
1359 1774 1387 1800 δὲ
1403 1774 1450 1800 καὶ
1468 1774 1602 1809 μεγάλους
1623 1774 1750 1807 ἐπαίνους
1764 1777 1778 1801 6
1792 1775 1872 1809 λόγος
1895 1777 1929 1802 ἐν

1133 1818 1221 1855 ἑαυτῷ
1238 1819 1405 1855 περιείληφε·
1421 1820 1468 1846 καί
1480 1828 1521 1850 τις
1535 1820 1754 1856 κατορθωμάτων
1771 1821 1931 1856 κατάλογός

1132 1865 1215 1897 ἐστιν,
1232 1866 1248 1900 ἡ
1264 1866 1331 1901 πρὸς
1345 1866 1394 1901 τὴν
1413 1866 1495 1893 ἵππον
1512 1865 1613 1901 ταύτην
1627 1866 1765 1901 ὁμοίωσις.
1783 1867 1851 1893 Ὅσα
1868 1868 1931 1903 γὰρ

1131 1911 1178 1938 τοῦ
1202 1911 1308 1947 Ἰσραὴλ
1329 1913 1358 1938 ὲν
1377 1913 1409 1947 τῇ
1436 1911 1568 1947 παροικίᾳ
1590 1911 1645 1937 τῶν
1671 1912 1828 1945 Αἰγυπτίων
1853 1921 1932 1947 μνη-

1134 1956 1285 1991 μονεὺεται,
1299 1956 1440 1992 ἡδουλεία,
1452 1957 1468 1991 ἠ
1483 1955 1604 1991 καλάμη,
1620 1956 1634 1982 6
1647 1955 1740 1991 πηλὸς,
1753 1957 1769 1992 ὴ
1787 1956 1930 1988 πλινθεία,

1132 2004 1207 2030 πᾶσα
1221 2003 1236 2038 ἠ
1254 2002 1318 2038 περὶ
1331 2001 1380 2038 τὴν
1392 2001 1443 2037 γῆν
1458 2001 1579 2037 ἀσχολία,
1601 2002 1624 2027 οἰ
1638 2002 1750 2036 χαλεποὶ
1766 2002 1820 2028 τῶν
1833 2003 1931 2029 τοιού-

1131 2057 1184 2075 των
1209 2049 1297 2084 ἔργων
1322 2048 1476 2080 ἐπιστάται,
1498 2048 1521 2074 οἱ
1547 2047 1592 2073 τὸν
1614 2047 1726 2082 πήλινον
1745 2048 1842 2080 αὐτοὺς
1859 2049 1931 2075 καθ’

1132 2095 1249 2130 ἑκάστην
1264 2094 1371 2130 ἡμέραν
1389 2093 1567 2124 ἀπαιτοῦντες
1588 2092 1679 2128 φόρον.
1694 2092 1728 2119 δι’
1743 2093 1790 2125 οὓς
1803 2094 1833 2119 τὸ
1847 2094 1932 2130 ὕδωρ

1132 2139 1201 2177 αἷμα
1218 2141 1332 2176 γίνεται,
1356 2140 1404 2167 καὶ
1424 2139 1454 2166 τὸ
1470 2138 1528 2173 φῶς
1545 2138 1710 2170 σκοτίζεται,
1729 2139 1775 2165 καὶ
1789 2138 1930 2174 βάτραχοι

1131 2189 1186 2220 τοῖς
1209 2187 1292 2218 οἴκοις
1311 2186 1477 2221 εἰσέρπουσι,
1499 2184 1546 2211 καὶ
1573 2185 1590 2220 ὴ
1619 2184 1751 2220 καμιναία
1769 2185 1843 2216 κόνις
1871 2186 1931 2217 τὰς

1131 2233 1277 2269 φλυκτίδας
1290 2232 1344 2259 ἀπὸ
1357 2231 1413 2258 τῶν
1429 2232 1562 2266 σωμάτων
1576 2230 1701 2262 ἁναζέειν
1717 2232 1798 2261 ποιεῖ,
1819 2230 1866 2257 καὶ
1887 2232 1932 2258 τὰ

1131 2279 1193 2306 καθ’
1209 2279 1322 2305 ἕκαστον
1343 2278 1441 2310 πάντα,
1458 2277 1474 2313 ή
1497 2278 1589 2312 ἀκρὶς,
1604 2278 1628 2303 οἰ
1657 2277 1779 2308 σκνῖπες,
1802 2279 1816 2304 6
1839 2277 1933 2311 βροῦο

1129 2333 1187 2360 χος,
1207 2325 1223 2360 ἡ
1241 2323 1355 2360 χάλαζα,
1380 2323 1434 2350 τῶν
1460 2323 1639 2358 πρωτοτόκων
1661 2323 1696 2348 τὰ
1717 2322 1805 2358 πάθησ
1831 2323 1933 2350 ταῦτα

1129 2371 1219 2397 πάντα
1241 2371 1289 2397 καὶ
1302 2370 1352 2397 ὅσα
1369 2370 1436 2404 πρδς
1455 2369 1485 2396 τὸ
1499 2370 1623 2404 κρεῖττον
1643 2369 1660 2404 ἡ
1675 2369 1779 2403 ἱστορία
1796 2368 1931 2401 διέξεισι,

1128 2408 1163 2443 δι”
1173 2413 1211 2443 ὧν
1225 2416 1330 2450 γίνεται
1351 2416 1406 2446 τοῖς
1427 2414 1606 2450 Ἰσραηλίταις
1620 2415 1636 2450 ἡ
1653 2414 1784 2449 σωτηρία,
1799 2414 1934 2441 ἐπαίνων

1129 2463 1202 2489 ἐστὶν
1228 2462 1356 2493 ὑπόθεσις
1379 2462 1410 2497 τῇ
1429 2461 1467 2496 τῷ
1486 2460 1545 2496 Θεῷ
1562 2461 1749 2500 συναπτομένη
1768 2460 1853 2495 ψυχῇ.
1882 2462 1932 2488 οὐ

1129 2508 1182 2544 γὰρ
1198 2508 1231 2534 ἂν
1243 2507 1371 2543 ὡμοιώθη
1387 2508 1419 2542 τῇ
1436 2506 1547 2542 δυνάμει
1570 2507 1671 2541 ἐκείνῃ,
1685 2508 1719 2541 τῇ
1739 2505 1935 2543 καοαιρετικῇ

1129 2555 1184 2580 τῶν
1195 2554 1350 2588 Αἰγυπτίων
1367 2553 1468 2583 κακῶν,
1483 2552 1516 2578 δι’
1530 2550 1564 2588 ἦς
1579 2551 1765 2587 ἐλευθεροῦται
1779 2552 1793 2577 6
1810 2551 1938 2588 Ἰσραὴλ

1130 2600 1180 2635 τῆς
1204 2596 1324 2634 πονηρᾶς
1349 2598 1515 2635 τυραννίδος,
1538 2599 1562 2624 εἰ
1588 2597 1625 2632 μὴ
1646 2597 1733 2624 ταῦτα
1757 2597 1845 2624 πάντα
1872 2601 1938 2626 καὶ

1131 2644 1214 2679 ταύτῃ
1235 2644 1407 2679 κατώρθωτο,
1424 2643 1458 2670 τά
1471 2651 1500 2669 τε
1516 2642 1695 2677 καθαιρετικὰ
1708 2642 1756 2678 τῆς
1768 2642 1936 2678 Αἰγύπτου,

1130 2691 1176 2717 καὶ
1191 2691 1224 2717 τὰ
1239 2689 1481 2725 παρασκευαστικά
1501 2689 1550 2724 τῆς
1567 2689 1634 2724 προς
1650 2689 1695 2716 τὸν
1711 2689 1777 2715 Θεὸν
1792 2689 1935 2724 πορείας,

1129 2737 1182 2764 τῶν
1199 2735 1424 2772 μετοικιζομένων
1447 2735 1513 2770 πρὸς
1533 2735 1582 2770 τὴν
1605 2736 1657 2769 γῆν
1680 2736 1729 2770 τῆς
1752 2735 1935 2770 ἐπαγγελίας

1139 2834 1168 2858 ιι,
1186 2826 1228 2853 ll.
1267 2827 1290 2842 ⁸⁵
1303 2826 1386 2854 Zach.
1407 2833 1427 2858 1,
1443 2826 1468 2854 8.
