1984 3068
44 136 91 164 815

44 193 92 220 ἀπὸ
115 194 159 228 τῆς
184 193 332 228 Αἰγυπτίας
360 194 440 226 ἰλύος.
468 193 572 221 Ούκοῦν
596 193 705 229 ἐπειδὴ,
729 192 819 224 καθώς
834 192 858 221 Α

44 239 140 273 φησινό
165 238 235 270 θεῖος
267 239 444 271 ’Λπόστολος,
467 239 556 266 πάντα
579 239 646 274 πρὸς
679 237 820 265 νουθεσίαν

43 285 114 320 ἡμῶν
135 285 358 320 ἀναγέγραπται,
384 286 433 313 ὅσα
457 285 474 321 ἡ
501 285 680 316 θεόπνευστος
697 284 818 319 περιέχει

43 329 144 366 Γραφή·
165 330 240 357 οὐδὲν
254 330 318 357 ἄλλο
333 331 349 366 ἢ
367 330 545 371 συμϐουλεύει
559 330 605 357 διὰ
619 330 673 357 τῶν
688 331 755 366 πρὸς
770 329 819 365 τὴν
847 352 849 355 .

43 375 142 411 νύμφην
158 377 309 412 εἰρημένων
331 378 345 404 ό
364 378 448 413 Λόγος
461 379 538 414 ἡμῖν,
555 379 596 405 ὅτι
612 377 665 414 χρὴ
682 377 728 404 καὶ
745 378 818 412 ἡμᾶς

41 420 130 456 ἔποχον
143 421 306 457 δεξαμένους
319 423 362 456 ἐφ’
375 422 478 449 ἑαυτῶν
494 423 539 449 τὸν
559 423 645 457 Λόγον
658 443 665 455 ,
690 423 735 449 καὶ
753 430 819 449 κατ-

41 467 252 502 αγωνισαμένους
266 468 314 502 τὴν
329 467 480 501 Αἰγυπτίαν
505 468 587 495 ἵππον
607 469 697 500 αὐτοῖς
714 468 818 503 ἅρμασι

42 513 86 540 καὶ
107 513 266 545 ἀναϐάταις,
284 513 332 539 καὶ
349 514 438 540 πᾶσαν
460 514 548 542 αὐτῶν
568 514 616 550 τὴν
634 514 754 550 πονηρὰν
774 515 819 540 δυ-

41 559 157 586 ναστείαν
170 559 209 594 τῷ
223 558 300 586 ὕδατι
312 559 540 592 καταπνίξαντας,
555 559 640 592 οὕτως
653 560 817 596 ὁμοιωθῆναι

40 607 71 641 τῇ
84 605 192 640 δυνάμει
203 605 305 641 ἐκείνῃ,
322 605 448 642 καθάπερ
463 607 524 634 τινά
539 607 621 633 ἵππον
635 604 684 641 τὴν
700 607 818 633 ἀντικει-

41 651 119 687 μένην
132 651 260 686 στρατιὰν
274 651 422 686 ὲναφὲντας
436 652 474 688 τῷ
491 652 575 680 ὕδατι.
592 652 635 684 Ὠς
650 652 671 678 δ’
687 652 719 679 ἂν
735 652 819 686 σαφέ-

41 705 129 732 στερον
151 696 284 732 μάθοιμεν
298 697 329 724 τὸ
345 697 500 733 λεγόμενον,
515 698 636 725 τοιοῦτόν
651 699 737 726 ἐστιν’
760 698 818 724 Ούκ

39 742 109 769 ἐστιν
128 743 292 778 ὁμοιωθῆναι
314 744 348 779 τῇ
372 744 457 779 ῑππῳ,
474 744 506 770 δι’
527 744 560 779 ἧς
582 744 617 771 τὰ
634 744 745 780 ἅρματα
762 743 817 770 τῶν

38 789 186 823 Αἰγυπτίων
199 789 237 824 τῷ
249 789 320 824 βυθῷ
333 787 525 824 κατεποντώθη,
536 789 561 815 εἰ
566 789 600 824 μή
609 789 700 820 τιςδιὰ
708 788 754 816 τοῦ
765 797 817 824 μυ-

41 834 130 861 στικοῦ
155 834 249 866 ὕδατος
264 835 312 870 τῆς
338 834 385 861 τοῦ
401 835 588 871 ἀντικειμένου
605 835 726 866 δουλείας
742 835 817 861 ἐλευ·
832 855 854 886 Β

37 879 204 916 θερούμενος,
221 881 275 907 πᾶν
290 880 474 914 Αἰγυπτιάζον
486 881 585 916 νόημα,
600 880 647 908 καὶ
662 881 751 907 πᾶσαν
767 880 815 907 άλ-

35 923 144 958 λὸφυλον
164 924 262 952 κακίαν
284 933 313 951 τε
336 925 383 951 καὶ
399 925 535 960 ἁμαρτίαν
550 926 590 960 τῷ
611 925 685 952 ὕδατι
707 925 816 952 καταλιο

36 969 93 996 πὼν
103 990 110 1002 ,
134 969 252 1005 καθαρὸς
268 965 369 1006 ἀναδύῃ
383 990 390 1003 ,
418 970 500 1005 μηδὲν
515 971 564 1006 τῆς
580 970 730 1005 Αἰγυπτίας
752 979 816 997 συν·-

33 1014 159 1050 ειδήσεως
201 1015 240 1050 τῷ
278 1015 347 1050 μετὰ
385 1015 469 1042 ταῦτα
503 1015 553 1049 βίῳ
588 1016 814 1051 συνεπαγόμενος.

39 1061 67 1086 '0
85 1059 137 1095 γὰρ
155 1060 276 1095 ἀκριϐῶς
292 1061 387 1088 πασῶν
404 1060 577 1096 καθαρεύσας
591 1061 646 1088 τῶν
659 1062 816 1096 Αἰγυπτίων

31 1106 150 1141 πληγῶν,
173 1107 306 1143 αἵματος,
333 1108 379 1134 καὶ
402 1108 554 1143 βατράχων,
580 1107 627 1134 καὶ¹
653 1107 814 1143 φλυκτίδων,

30 1152 79 1178 καὶ
92 1152 210 1188 σκότους,
226 1153 334 1187 ἀκρίδος
349 1161 379 1179 τε
399 1154 445 1180 καὶ
465 1153 595 1184 σκνιπὼν,
610 1153 657 1180 καὶ
675 1153 796 1189 χαλάζης
807 1174 814 1186 ,

30 1197 79 1223 καὶ
94 1197 142 1232 τῆς
157 1196 202 1223 τοῦ
220 1197 304 1233 πυρὸς
322 1198 485 1234 ἐπομϐρίας,
510 1199 557 1226 καὶ
576 1199 629 1225 τῶν
645 1199 756 1232 λοιπῶν,
778 1197 815 1226 ὧν

31 1242 150 1278 ἱστορίας
172 1243 308 1278 μέμνηται
329 1243 416 1277 λόγος,
433 1241 512 1275 οὗτος
531 1243 606 1276 ἄξιός
627 1245 702 1271 ἐστιν
717 1245 816 1280 όμοιωυ

29 1288 111 1322 θῆναι
121 1289 154 1323 τῇ
170 1288 282 1323 δυνάμει
296 1290 397 1325 ἐκείνῃ,
411 1287 445 1325 ἦς
459 1289 556 1324 ἔποχος
571 1290 585 1315 6
599 1290 686 1324 Λόγος
699 1290 814 1324 γίνεται.

29 1334 141 1365 Πάντως
155 1334 183 1361 δὲ
196 1334 246 1360 οὐκ
260 1335 409 1370 ἀγνοοῦμεν
424 1335 457 1362 τὰ
470 1335 513 1362 διὰ
523 1335 577 1362 τῶν
589 1335 701 1372 πληγῶν
717 1332 815 1372 σημαιέ

28 1380 139 1414 νόμενα,
155 1380 213 1412 πῶς
227 1380 330 1414 γίνεται
340 1383 396 1412 τοῖς
411 1381 568 1416 Αἰγυπτίοις
580 1381 609 1408 τδ
628 1379 697 1416 αἷμα
712 1381 814 1417 πληγὴ,

29 1426 79 1453 καὶ
96 1427 112 1461 ἡ
130 1425 182 1453 τῶν
197 1426 339 1462 βατράχων
352 1426 435 1462 ὀσμὴ,
452 1427 498 1454 καὶ
512 1428 528 1463 ὴ
552 1427 599 1454 τοῦ
622 1428 710 1463 φωτὸς
730 1429 769 1460 εἰς
785 1429 816 1455 τὸ

28 1472 125 1503 σκότος
152 1471 303 1507 μεταϐολὴ,
319 1472 366 1498 καὶ
381 1472 415 1499 τὰ
441 1472 501 1500 καθ’
521 1473 634 1499 ἕκαστον
649 1473 747 1500 πάντα.
768 1474 816 1505 Τίς

26 1517 84 1552 γὰρ
103 1517 152 1544 οὐκ
165 1514 219 1544 οἶδε
233 1517 276 1544 διὰ
293 1518 415 1544 ποταποῦ
434 1517 491 1553 βίου
508 1516 577 1554 αἷμα
589 1527 631 1562 τις
647 1519 763 1554 γίνεται,
783 1521 816 1546 ἐκ
830 1534 851 1562 ε

27 1563 146 1598 ποτίμου
166 1563 212 1590 τοῦ
235 1564 365 1600 πρότερον
381 1565 421 1597 εἰς
440 1564 591 1601 διαφθοράν
604 1559 814 1602 ’ἀλλοιούμενος
828 1566 834 1570 ’

27 1609 78 1636 καὶ
89 1609 116 1635 τί
133 1608 215 1636 ποιῶν
229 1609 357 1644 ζωογονεῖ
367 1610 406 1645 τῷ
424 1611 481 1646 ίδίῳ
497 1611 564 1646 οἴκῳ
579 1611 630 1648 τὴν
646 1612 701 1638 τῶν
715 1611 817 1648 βατρά-

26 1663 85 1690 χων
101 1654 240 1681 δυσωδίαν·
257 1656 304 1681 καὶ
319 1655 376 1687 πῶς
391 1658 534 1691 μεταποιεῖ
546 1657 592 1684 τὸν
605 1659 734 1692 φωτεινὸν
749 1658 815 1692 βίον,

26 1701 69 1732 εἰς
81 1699 150 1735 ἔργα
164 1701 242 1727 νυκτὶ
263 1700 328 1735 φίλα
342 1702 387 1727 καὶ
405 1700 521 1737 ζοφώδη,
537 1702 571 1729 δι’
589 1701 626 1730 ὢν
641 1704 658 1738 ἡ
676 1704 724 1739 τῆς
739 1704 816 1738 γεέν-

25 1755 79 1782 νης
91 1746 207 1780 κάμινος
218 1747 268 1779 τὰς
281 1747 401 1783 πονηρὰς
411 1749 461 1783 τῆς
470 1748 657 1784 κατακρίσεως
671 1749 816 1783 φλυκτίδας

25 1791 154 1824 ἁναζέειν
176 1794 265 1826 ποιεῖ;
281 1793 358 1820 Οὕτω
375 1793 403 1819 δὲ
420 1793 466 1820 καὶ
478 1793 512 1820 τὰ
520 1793 579 1820 καθ’
592 1794 707 1821 ἕκαστον
718 1795 772 1821 τῶν
788 1795 817 1820 ἐν

23 1838 160 1872 Αἰγύπτῳ
179 1839 271 1865 κακῶν
285 1839 374 1875 ῥᾴδιον
397 1839 556 1874 μεταϐαλεῖν
571 1841 611 1872 εἰς
635 1841 774 1868 παίδευσίν
789 1849 818 1867 τε

24 1885 77 1911 καὶ
100 1885 288 1920 σωφρονισμὸν
308 1885 355 1912 τοῦ
370 1885 524 1920 ἀκούοντος,
544 1887 613 1914 ἀλλὰ
637 1887 763 1922 περιττὸν
787 1886 820 1914 ἂν

24 1929 70 1964 εἴη
90 1929 221 1964 μηκύνειν
238 1929 282 1956 διὰ
298 1929 353 1956 τῶν
367 1930 588 1966 ὁμολογουμένων
602 1931 647 1958 τὸν
660 1931 747 1965 λόγον.

64 1973 176 2000 Τούτων
197 1974 286 2002 τοίνυν
302 1976 348 2002 καὶ
365 1976 418 2003 τῶν
434 1977 562 2004 τοιούτων
580 1977 723 2014 κρείττους
744 1977 820 2011 γενόυ

25 2027 118 2055 μενοι,
137 2019 184 2045 καὶ
199 2019 237 2054 τῷ
253 2019 313 2055 Θεῷ
332 2021 542 2056 πλησιάσαντες,
560 2022 607 2048 καὶ
619 2022 696 2049 αὐτοὶ
713 2023 821 2054 πάντως

23 2065 214 2100 ἀκουσόμεθα·
232 2066 271 2093 ὅτι
288 2065 328 2102 Τῇ
343 2067 424 2100 ἵππῳ
442 2077 501 2102 μου
522 2068 557 2094 ἐν
582 2068 694 2102 ἅρμασι
716 2068 821 2103 Φαραὼ

543 133 575 161 IN
594 131 742 160 CANTICA
760 129 896 159 CANTIC.
919 130 1064 160 llOMlLlA
1083 132 1126 160 ΙΙΙ.
1326 150 1332 165 ,

1604 137 1656 164 illi

872 191 1024 220 missionis.
1039 191 1125 228 Igitur
1137 192 1369 227 quandoquidem,
1381 193 1451 221 sicut
1466 193 1533 221 dicit
1545 194 1656 222 divinus

869 237 1018 271 Apostolus
1026 238 1058 270 ",
1077 238 1168 265 omnia
1184 238 1285 273 scripta
1299 242 1363 266 sunt
1376 238 1409 266 ad
1424 243 1548 267 nostram
1566 240 1656 268 admo.

871 282 1019 315 nitinnem,
1047 291 1108 318 quae
1123 283 1254 312 divinitus
1279 283 1411 319 inspirata
1435 286 1557 313 continet
1580 285 1656 314 Scri-

871 331 950 362 ptura
965 337 972 354 :
988 328 1056 355 nihil
1072 328 1145 356 aliud
1170 329 1249 357 nobis
1273 330 1393 358 consulit
1408 330 1526 359 Verbum
1551 339 1599 366 per
1623 340 1655 360 ea

869 381 930 408 qua:
942 373 1013 401 dicta
1027 378 1091 402 sunt
1104 383 1221 409 sponsae,
1238 383 1318 411 quam
1333 376 1406 412 quod
1421 384 1473 405 nos
1487 381 1596 412 oportet
1608 386 1656 405 su-

869 426 918 454 pra
933 427 983 448 nos
997 424 1126 455 suscepto
1140 421 1230 449 Verbo
1250 426 1369 455 vectore,
1392 427 1420 451 et
1436 423 1551 451 devictis
1576 424 1654 459 equis

869 464 1018 501 Egyptiis,
1040 473 1103 493 cum
1127 466 1196 502 ipsis
1221 468 1348 496 curribus
1362 473 1389 495 et
1404 470 1608 503 ascensoribus,
1626 474 1654 498 et

869 511 996 538 omnibus
1011 511 1143 546 improbis
1163 513 1250 548 copiis
1274 513 1424 546 suffocatis.
1451 515 1488 541 ita
1504 515 1653 543 assimilari

869 555 924 583 illis
939 556 1036 591 copiis,
1052 561 1181 592 tanquam
1195 559 1347 594 equitatum
1361 559 1515 594 quemdam,
1536 567 1584 587 eos
1606 561 1653 595 qui

868 601 1054 629 adversarium
1070 603 1219 630 exercitum
1241 604 1268 630 in
1290 611 1388 638 aquam
1403 605 1602 633 demerserunt.
1619 605 1654 633 Ut

869 650 958 674 autem
975 648 1096 682 apertius
1118 648 1303 684 intelligamus
1327 649 1400 685 quod
1425 650 1537 683 dicitur.
1562 651 1590 678 id
1612 656 1655 679 est

868 693 1002 727 ejusmodi
1013 702 1020 719 :
1031 691 1104 720 Fieri
1114 700 1166 721 non
1177 698 1266 729 potest
1281 700 1309 722 ut
1325 695 1492 723 assimiletur
1508 696 1652 732 quisquam

868 738 957 772 equis,
970 745 1018 773 per
1031 745 1100 773 quos
1116 739 1143 766 in
1159 740 1324 773 profundum
1342 745 1407 768 sunt
1421 741 1539 769 demersi
1555 749 1653 770 currus

868 782 1068 819 Egyptiorum,
1083 784 1136 811 nisi
1153 792 1202 820 per
1217 792 1317 820 aquam
1332 786 1476 822 mysticam
1490 787 1624 815 liberatus
1637 796 1653 813 ιι

870 829 1000 857 servitute
1024 829 1191 863 adversarii,
1215 831 1290 858 omni
1321 840 1403 860 sensu
1431 832 1603 868 Egyptiaco,
1627 837 1654 861 ct

870 874 945 901 omni
957 879 1071 902 externo
1087 875 1154 903 vitio
1166 879 1193 903 et
1209 880 1321 911 peccato
1338 877 1366 904 in
1382 885 1450 912 aqua
1463 878 1570 910 relicto,
1585 886 1653 914 pure

869 925 1002 956 emergat,
1018 921 1186 957 Egyptians
1202 922 1377 950 conscientiae
1399 923 1467 950 nihil
1490 931 1582 951 secum
1603 923 1652 951 ad-

869 964 973 992 ducens
997 965 1024 992 in
1049 966 1132 993 vitam
1155 970 1250 1001 postea
1275 967 1406 995 futuram.
1431 967 1483 1001 Qui
1509 969 1582 996 enim
1609 973 1651 997 est

871 1011 950 1045 plane
962 1019 1045 1046 purus
1058 1012 1092 1040 ab
1104 1013 1231 1041 omnibus
1245 1013 1332 1048 plagis
1345 1014 1491 1050 Egyptiis,
1508 1015 1651 1050 sanguine,

869 1059 896 1082 et
912 1057 998 1095 ranis,
1021 1061 1047 1084 et
1070 1058 1199 1092 pustulis,
1223 1062 1249 1085 et
1274 1059 1404 1091 tenebris,
1431 1060 1600 1095 locustisque
1625 1065 1653 1088 et

869 1099 1094 1136 seyniphibus,et
1104 1103 1247 1137 grandine,
1258 1108 1285 1131 et
1301 1104 1387 1132 imbre
1401 1105 1481 1140 ignis,
1497 1109 1524 1133 et
1546 1106 1653 1134 caneris

870 1153 985 1180 quorum
1000 1147 1091 1174 divina
1107 1147 1229 1174 meminit
1246 1149 1371 1181 historia,
1395 1150 1419 1176 is
1436 1150 1534 1185 dignus
1550 1154 1593 1178 est
1606 1151 1654 1186 qui

869 1194 1035 1222 assimilctur
1057 1194 1097 1222 illi
1120 1195 1213 1223 virtuti
1240 1196 1319 1231 cujus
1339 1197 1457 1224 Verbum
1484 1202 1527 1225 est
1548 1202 1653 1226 vector.

869 1239 987 1267 Omnino
1001 1243 1091 1268 autem
1111 1248 1166 1268 non
1183 1241 1338 1277 ignoramus
1356 1250 1388 1270 ea
1410 1250 1471 1278 qua:
1495 1244 1653 1278 signiﬁcan-

870 1289 915 1312 tur
931 1293 978 1321 per
1002 1286 1106 1321 plagas,
1126 1287 1355 1321 quemadmodum
1381 1288 1516 1324 Egyptiis
1543 1290 1654 1324 sanguis

870 1330 922 1358 fuit
945 1331 1035 1366 plaga,
1061 1337 1088 1359 et
1105 1332 1173 1360 odor
1187 1339 1326 1365 ranarum,
1348 1338 1375 1361 et
1397 1334 1467 1362 lucis
1483 1335 1510 1361 in
1528 1335 1654 1362 tenebras

871 1377 995 1410 mutatio,
1013 1381 1039 1404 et
1059 1381 1157 1404 caetera
1182 1376 1283 1405 omnia.
1310 1377 1378 1411 Quis
1399 1379 1471 1406 enim
1496 1380 1583 1407 nescit
1606 1387 1655 1414 per

870 1423 1023 1457 cujnsmodi
1041 1423 1124 1450 vitam
1142 1424 1171 1451 tit
1193 1425 1305 1459 sanguis
1321 1425 1466 1460 quispiam,
1485 1426 1518 1453 ab
1532 1433 1565 1454 eo
1581 1425 1655 1461 quod

870 1469 946 1502 prius
971 1469 1029 1496 erat
1045 1469 1163 1504 potabile
1191 1474 1313 1499 mutatus
1335 1471 1362 1498 in
1380 1471 1584 1507 corruptionem
1604 1476 1656 1499 :et

870 1514 936 1549 quid
956 1514 1069 1547 faciens,
1085 1516 1158 1544 domi
1183 1524 1239 1544 suae
1264 1522 1389 1552 procreat
1405 1521 1504 1545 tetrum
1524 1525 1654 1558 ranarum

869 1560 980 1588 odorem
999 1570 1005 1589 :
1031 1564 1058 1588 et
1074 1562 1302 1597 quemadmodum
1321 1566 1486 1590 transmutat
1512 1564 1595 1591 vitam
1613 1563 1656 1590 lu-

869 1606 958 1633 cidam
973 1606 1000 1633 in
1017 1614 1099 1642 opera
1125 1608 1211 1635 amica
1227 1609 1300 1635 nocti
1317 1612 1344 1635 ct
1366 1609 1496 1641 tenebris,
1519 1615 1568 1644 per
1595 1616 1655 1644 quae

870 1651 967 1679 fornax
1000 1653 1130 1687 gehennm
1165 1653 1230 1680 facit
1260 1654 1374 1681 ebullire
1412 1655 1499 1682 malas
1531 1654 1656 1690 pustulas

869 1696 1075 1724 damnationis?
1101 1698 1140 1725 ita
1163 1702 1252 1725 autem
1279 1698 1493 1733 unumquodque
1515 1698 1547 1726 ex
1576 1697 1656 1725 malis

872 1749 932 1776 quae
957 1745 1023 1769 sunt
1047 1742 1073 1769 in
1099 1741 1227 1777 Egypto,
1255 1742 1335 1770 facile
1353 1747 1396 1771 est
1418 1747 1604 1770 transmutare
1621 1743 1655 1770 ad

871 1787 1051 1815 eruditionem
1070 1791 1097 1816 et
1111 1788 1324 1823 castigationem
1339 1788 1483 1816 auditoris.
1504 1787 1555 1816 Sed
1574 1789 1656 1816 fuerit

873 1840 1105 1868 supervacaneum
1133 1833 1278 1860 extendere
1308 1833 1458 1860 orationem
1490 1841 1538 1867 per
1561 1840 1593 1860 ea
1621 1833 1656 1860 de

873 1878 974 1913 quibus
989 1882 1107 1906 constat.

904 1978 973 2006 Cum
985 1979 1027 2007 his
1042 1987 1106 2014 ergo
1116 1983 1143 2007 et
1155 1986 1215 2014 quae
1230 1982 1293 2007 sunt
1306 1978 1464 2013 hujusmodi
1477 1978 1650 2006 evaserimus

871 2025 1044 2060 superiores,
1061 2029 1088 2052 ct
1104 2025 1158 2053 Deo
1175 2025 1486 2061 appropinquaverintus
1498 2045 1504 2056 ,
1519 2025 1570 2059 ipsi
1586 2032 1656 2059 quo-

870 2078 923 2104 que
938 2070 1051 2096 omnino
1069 2069 1212 2098 audiemus
1233 2078 1239 2095 ι
1265 2069 1403 2104 Equitatui
1420 2078 1475 2096 mea
1492 2069 1519 2096 in
1533 2068 1654 2096 curribus

21 2110 169 2145 ὠμοίωσά
183 2119 230 2143 σε,
246 2112 265 2146 ἠ
288 2113 421 2146 πλησίον
440 2121 511 2147 μου.
542 2112 622 2140 Ἀλλὰ
642 2114 722 2140 λυπεῖ
739 2113 819 2148 τυχὸν

874 2116 1024 2143 Pharaonis
1040 2121 1064 2143 te
1075 2116 1233 2147 assimilavi,
1243 2117 1388 2151 propinqua
1403 2125 1471 2149 mea;
1485 2115 1531 2143 sed
1544 2123 1591 2143 eos
1607 2115 1654 2150 qui

20 2157 92 2188 τοὺς
116 2157 258 2193 σώφρονας
284 2158 330 2185 καὶ
354 2159 473 2194 καθαρὸν
496 2159 682 2195 ἑξησκηκότας
708 2159 774 2195 βίον,
802 2160 819 2194 ἡ

22 2203 98 2239 πρὸς
109 2203 156 2229 τὸν
170 2204 251 2230 ἵππον
266 2204 404 2239 ὁμοίωσις·
417 2205 484 2231 διότι
499 2205 591 2232 πολλοὶ
602 2205 655 2232 τῶν
672 2205 819 2240 προφητῶν

21 2248 248 2284 ἀπαγορεύουσιν
266 2251 330 2285 ἡμῖν
347 2250 376 2276 τὸ
398 2250 554 2285 ὁμοιοῦσθαι
575 2252 631 2283 τοῖς
653 2251 757 2284 ἵπποις,
772 2251 819 2279 τοῦ

22 2296 79 2331 μὲν
104 2294 238 2329 Ἱερεμίου
251 2295 300 2331 τὴν
323 2296 448 2331 μοιχικὴν
469 2295 570 2323 λύσσαν
588 2295 627 2330 τῷ
640 2296 751 2331 ὀνόματι
767 2296 821 2324 τῶν

20 2341 122 2367 ἵππων
139 2340 370 2375 διασημάναντος,
389 2342 418 2367 ἐν
436 2338 477 2372 οἷς
491 2349 582 2376 φησιν·
605 2341 708 2368 "laxat
729 2343 821 2375 θηλυ-

17 2384 136 2422 μανεῖς
145 2384 342 2419 ἐγενήθησαν,
356 2386 484 2419 ἕκαστος
494 2387 542 2413 ἐπὶ
557 2386 614 2421 τὴν
629 2386 755 2422 γυναῖκα
767 2387 820 2414 τοῦ

19 2431 168 2464 πλησίον
184 2430 277 2457 αὑτοῦ
293 2431 464 2465 ἐχρεμέτιζέ
488 2431 535 2458 τοῦ
549 2432 577 2461 δὲ
597 2432 716 2467 μεγάλου
740 2432 821 2459 Δασὶδ

18 2475 148 2511 φοϐερὸν
161 2475 321 2511 ποιουμένου
334 2476 365 2502 τὸ
378 2476 415 2508 ὡς
430 2477 511 2504 ἵππον
523 2477 582 2504 τινὰ
597 2478 643 2504 καὶ
657 2478 770 2513 ἡμίονον
782 2478 821 2512 γί-

17 2521 135 2551 νεσθαι,
151 2517 189 2547 ὧν
203 2520 306 2547 κελεύει
321 2514 466 2556 κατασχεῖν
482 2522 510 2549 ὲν
525 2522 606 2558 κημῷ
622 2531 651 2549 τε
663 2523 710 2549 καὶ
721 2522 821 2558 χαλινῷ

16 2567 75 2598 τὰς
102 2567 243 2600 σιαγόνας.
268 2566 317 2593 Διὰ
339 2566 418 2593 τοῦτο
442 2568 642 2602 παραμυθεῖται
662 2569 701 2604 τῷ
721 2570 820 2604 ἑφεξῆς

16 2614 98 2647 λόγῳ
116 2612 168 2647 τὴν
184 2611 310 2646 τοιαύτην
327 2612 455 2644 διάνοιαν,
470 2612 567 2646 λέγων’
587 2614 628 2640 ὅτι
644 2615 681 2641 Οὐ
697 2615 820 2642 τοιαῦταί

17 2667 72 2686 σου
89 2658 164 2685 εἰσὶν
177 2658 205 2684 αἱ
219 2658 350 2692 σιαγόνες,
366 2658 417 2685 κᾶν
432 2658 514 2690 ἵππος
527 2657 571 2695 ᾖς,
591 2659 629 2690 ὡς
644 2661 734 2696 κημοῦ
751 2661 821 2697 χρῄ-

14 2705 83 2738 ζειν
102 2705 155 2731 καὶ
169 2703 278 2739 χαλινοῦ
294 2705 334 2735 είς
354 2704 480 2739 ἀγχόνην·
497 2704 564 2731 άλλά
584 2713 624 2731 σοι
641 2706 685 2732 διὰ
698 2706 749 2740 τῆς
768 2715 820 2734 κα-

14 2750 183 2785 θαρότητος
205 2749 258 2775 τῶν
282 2750 419 2785 τρυγόνων
443 2751 458 2785 ἡ
480 2750 582 2784 σιαγὼν
607 2751 818 2783 καλλωπίζεται.

425 2800 433 2815 1

59 2839 84 2854 ’ἦ
105 2837 195 2864 ICor.
211 2845 237 2868 x,
253 2837 295 2863 il.
335 2837 356 2852 ’⁷
369 2835 468 2865 Jcrcrn.
487 2845 513 2869 ν,
529 2837 553 2864 Β.
593 2837 614 2853 ’⁸
625 2836 699 2865 Psul.
716 2845 790 2871 xxxi,
808 2838 834 2865 9.

872 2164 1048 2195 temperatam
1067 2163 1094 2187 et
1107 2167 1203 2195 puram
1227 2160 1311 2187 vitam
1329 2163 1522 2192 exercuerunt,
1538 2159 1656 2187 fortasse

872 2205 943 2232 male
962 2205 1044 2232 habet
1062 2205 1140 2236 illud,
1160 2212 1189 2232 se
1207 2212 1279 2239 equo
1301 2212 1362 2232 esse
1378 2204 1544 2232 assimilatas
1567 2213 1574 2230 :
1593 2210 1656 2238 pro-

872 2255 964 2286 pterea
989 2251 1061 2285 quod
1085 2250 1163 2277 multi
1189 2250 1328 2285 prophetae
1350 2250 1429 2277 nobis
1452 2250 1596 2285 prohibent
1619 2250 1656 2276 'ne

872 2295 1056 2323 assimilemur
1069 2295 1148 2330 equis
1158 2315 1165 2328 ,
1179 2302 1242 2322 cum
1258 2294 1391 2322 Jeremias
1407 2295 1515 2329 quidem
1530 2295 1656 2323 adulterii

872 2341 975 2368 rabiem
989 2348 1124 2376 equorum
1143 2341 1252 2371 nomine
1268 2340 1472 2375 signifiravcrit,
1491 2348 1552 2367 cum
1566 2340 1655 2368 dicit:

873 2386 941 2421 Equi
959 2388 987 2414 in
1005 2387 1117 2421 feminas
1134 2391 1269 2414 currentes
1291 2386 1357 2420 facti
1372 2390 1432 2413 sunt
1449 2394 1457 2413 :
1479 2387 1657 2422 unusquisque

872 2433 1005 2459 hinniebat
1018 2431 1052 2459 ad
1068 2439 1176 2459 uxorem
1189 2432 1304 2465 proximi
1319 2433 1361 2458 sui
1374 2433 1395 2450 ¹⁷
1411 2441 1419 2465 ;
1436 2439 1551 2467 magnus
1565 2437 1655 2460 autem

872 2478 957 2506 David
971 2485 1026 2505 rem
1038 2478 1147 2505 duxerit
1156 2486 1217 2505 esse
1228 2478 1386 2510 terribilem,
1399 2478 1456 2505 Iieri
1470 2479 1540 2506 sicut
1553 2487 1655 2514 equum

871 2529 898 2551 et
913 2524 1016 2550 mulum
1033 2532 1039 2550 :
1062 2531 1179 2558 quorum
1200 2523 1277 2557 jubet
1299 2523 1325 2550 in
1341 2530 1419 2552 canto
1429 2527 1456 2551 et
1470 2523 1546 2551 freno
1560 2524 1657 2551 maxil-

873 2570 913 2596 las
933 2569 1119 2603 constringere
1131 2569 1164 2595 "‘.
1184 2569 1214 2596 Et
1231 2568 1292 2596 ideo
1309 2576 1343 2596 co
1362 2569 1434 2602 quod
1455 2568 1585 2603 deinceps
1611 2577 1656 2596 se-

872 2615 976 2649 quitur,
995 2621 1056 2641 cum
1085 2621 1195 2640 sensum
1213 2613 1335 2648 mitigat,
1358 2612 1453 2640 dicens
1480 2622 1486 2639 :
1511 2612 1569 2640 Non
1593 2618 1657 2641 sunt

873 2660 990 2687 maxillae
1015 2663 1068 2686 tute
1091 2659 1244 2694 ejusmodi,
1269 2663 1298 2685 ut
1325 2659 1396 2686 sicut
1419 2667 1507 2694 equus
1530 2666 1608 2686 camo
1632 2663 1655 2686 et

873 2705 950 2734 freno
962 2713 1031 2740 opus
1042 2705 1142 2732 habeas
1157 2708 1184 2731 ut
1199 2704 1397 2739 constringaris
1410 2712 1416 2730 :
1433 2704 1480 2731 sed
1494 2712 1542 2740 per
1556 2704 1653 2738 purita-

873 2756 925 2777 tem
941 2756 1076 2778 turturum
1093 2751 1142 2777 tibi
1156 2755 1270 2778 ornatur
1281 2758 1360 2785 gena.
1381 2750 1449 2777 Dicit
1462 2750 1533 2777 cnim
1553 2759 1558 2775 :
1572 2748 1656 2781 Quart.
