1984 3068
323 109 373 137 815

938 105 965 133 S.
988 104 1150 151 [EBEGORH
1170 105 1316 134 NYSSENI

1883 104 1924 132 Μ

322 165 438 198 pulchra?
457 164 534 198 {actm
548 167 608 191 sunt
625 163 673 191 tibi
684 171 755 199 gena:
770 164 838 191 sicut
858 163 983 190 mrturis!
1003 163 1039 190 De
1056 163 1105 190 hac

1160 164 1225 198 Φησὶ
1240 163 1304 199 γάρ’
1316 163 1352 190 -Τί
1365 162 1559 196 ὠραιώθησαν
1577 162 1718 197 σιαγόνες
1731 170 1788 189 σου
1799 161 1834 195 ὡς
1842 163 1927 197 τρυγό-

323 216 413 238 autent
428 217 477 238 ave
491 214 628 238 testantur
640 210 686 244 qui
708 210 766 237 haec
782 210 964 237 observarunt
976 230 983 241 ,
998 208 1070 244 quod
1086 209 1109 236 si

323 259 448 289 separata
464 253 545 281 fuerit
560 261 575 280 a
595 254 742 289 conjugio,
763 258 853 281 manet
872 254 1001 289 deinceps
1013 254 1109 282 solita-

324 300 375 330 ria,
399 307 449 326 nee
467 306 530 326 cum
548 299 603 326 ullo
620 299 818 334 conjungitur:
838 299 906 326 adeo
927 303 956 326 ιιι
974 299 1000 325 in
1014 306 1045 326 ea
1063 306 1110 325 na-

325 343 449 370 turaliter
463 347 626 371 exerceatur
646 344 838 378 temperantia.
858 345 1005 378 Propterea
1025 343 1110 378 aenig-

325 390 423 416 matica
443 389 551 416 laudum
570 389 770 425 signiﬁcatione
781 397 794 416 a
810 389 901 416 Verbo
912 389 1110 424 comprehensa

325 439 366 463 est
387 435 443 462 lucc
467 436 540 465 avis.
568 435 641 470 quod
665 443 715 470 pro
739 435 816 463 freno
840 435 922 463 fuerit
945 435 1030 463 divini
1048 435 1110 470 equi

325 481 442 508 maxillae
456 482 571 509 turturis
587 482 750 509 assimilatio
760 501 767 513 ,
782 489 830 517 per
843 489 924 517 quam
940 481 1112 517 signiﬁcatur

326 528 408 554 \itam
427 535 521 562 puram
538 528 601 554 huic
621 535 692 562 equo
706 528 863 555 convenire.
885 528 1031 563 Propterea
1048 535 1110 554 cum

325 572 506 600 admiratione
522 573 545 600 ei
560 573 626 600 dicit
644 573 761 600 Verbum
776 583 782 600 :
801 574 887 606 Quam
904 573 1021 608 pulchra:
1034 573 1111 608 facite

325 622 386 644 sunt
408 625 480 652 gena:
502 623 554 644 (me
576 623 603 644 ut
627 618 739 645 lin-turi:
760 626 768 645 :
787 618 849 645 huic
864 623 952 646 autem
973 617 1113 652 subjungit

326 663 406 690 aliam
424 671 532 698 quoque
556 663 661 690 laudem
686 672 733 698 per
750 663 957 691 similitudinem
981 673 988 691 :
1007 664 1111 692 Collum

326 715 400 736 tuum
421 710 490 736 sicut
514 714 625 744 torques.
644 709 711 736 Nam
737 717 799 738 cum
819 710 903 738 semel
923 709 1065 738 incidisset
1084 709 1112 736 in

325 754 456 789 tropicam
470 754 708 790 signiﬁcationem,
723 763 774 790 per
785 763 816 783 ea
831 763 892 790 quae
904 755 938 783 de
954 755 1034 790 equis
1049 762 1113 782 con-

325 799 490 832 siderantur,
508 807 615 834 sponsae
631 801 738 828 laudem
755 801 901 835 excogitat.
919 800 1025 827 Laudat
1038 800 1127 827 enim\

1159 218 1220 242 νες.
1236 210 1422 244 Μαρτυρεῖται
1441 209 1469 235 δὲ
1489 209 1564 244 παρὰ
1580 208 1634 234 τῶν
1646 208 1680 234 τὰ
1701 207 1813 234 τοιαῦτα
1827 216 1928 243 παρατε-

1160 256 1330 292 τηρηκότων,
1353 255 1431 282 τοῦτο
1451 255 1481 282 τὸ
1501 255 1593 290 ῦρνεον
1616 253 1716 289 μένειν,
1734 255 1758 280 εἰ
1781 253 1928 289 διαζευχθείη

1160 301 1211 335 τῆς
1232 301 1372 335 συζυγίας,
1391 302 1430 332 είς
1446 300 1476 327 τὸ
1490 299 1590 335 ἑφεξῆς
1604 299 1795 331 ὰσυνδύαστον,
1808 299 1848 330 νὼς
1863 308 1929 334 qua":

1160 348 1216 379 κῶς
1232 349 1261 374 ἐν
1276 347 1350 382 αὐτῷ
1363 348 1394 374 τὺ
1411 346 1607 386 κατορθοβσθαι
1624 346 1672 381 τὴν
1694 345 1870 381 σωφροσύνην.
1888 346 1930 372 Διὰ

1160 394 1239 420 τοῦτο
1258 393 1288 420 τὸ
1314 393 1428 429 αἴνιγμα
1447 393 1500 420 τῶν
1519 392 1638 418 ἐπαίνων
1658 389 1867 427 συμπαρελήφθη
1883 392 1930 418 ὑπὸ

1160 437 1208 463 τοῦ
1218 436 1306 471 Λόγου
1315 437 1395 463 τοῦτο
1407 437 1440 463 -τδ
1448 437 1556 472 ὗρνεον,
1578 436 1616 467 ὡς
1630 435 1691 463 ἀντὶ
1700 435 1813 470 χαλινοῦ
1827 435 1931 469 γίνεσθαι

1161 482 1193 516 τῇ
1212 480 1317 515 σιαγόνι
1329 481 1379 516 τῆς
1394 480 1468 512 θείας
1482 480 1566 507 ἵππου
1580 480 1630 515 τὴν
1644 479 1694 514 τῆς
1710 478 1835 514 τρυγόνος
1844 479 1932 514 ὁμοίω-

1163 535 1215 558 σιν,
1239 526 1272 552 δι’
1295 523 1328 561 ἧς
1352 527 1368 561 ἡ
1388 525 1494 560 καθαρὰ
1512 524 1568 560 ζωὴ
1594 523 1758 560 ἐπιπρέπειν
1783 525 1814 559 τῇ
1835 523 1933 559 τοιαύτῃ

1163 572 1238 605 ἵππῳ
1259 571 1476 606 διασημαίνεται.
1500 570 1545 596 Διὸ
1572 568 1765 604 θαυμαστικῶς
1794 577 1854 604 φησι
1874 569 1934 604 πρὸς

1162 617 1246 652 αὐτὴν
1261 618 1275 643 ὁ
1290 617 1391 650 Λόγος·
1409 616 1439 643 Τί
1460 615 1655 650 ὠραιώθησαν
1668 615 1809 649 σιαγόνες
1827 621 1879 641 σου
1900 615 1935 646 ὡς

1162 663 1313 698 τρυγόνες.
1341 663 1451 696 Ἐπάγει
1466 662 1495 689 δὲ
1510 662 1597 697 τούτῳ
1614 662 1660 688 καὶ
1677 661 1771 696 ἕτερον
1793 661 1824 688 δι’
1846 662 1935 696 ὁμοιώ-

1164 718 1232 741 σεως
1246 709 1365 741 ἔπαινον,
1386 708 1481 743 λέγων·
1506 707 1658 742 Τράχηλός
1674 714 1732 734 σου
1747 707 1786 740 ὡς
1801 706 1933 741 ὀρμίσκοιη

1164 758 1255 791 ’Ἃπαξ
1279 758 1334 793 γὰρ
1348 756 1476 793 ἐμπεσὼν
1496 757 1529 792 τῇ
1544 756 1660 791 τροπικῇ
1686 754 1816 790 σημασίᾳ.
1835 753 1873 780 διὰ
1889 753 1937 780 τῶν

1163 803 1229 838 περὶ
1244 803 1298 829 τῶν
1315 803 1406 830 ἵππων
1422 801 1615 837 θεωρουμένων
1630 801 1732 826 ἐπινοεῖ
1745 801 1778 834 τῇ
1795 798 1881 834 νύμφῃ
1897 798 1938 825 τὸν

325 845 435 876 collum,
450 845 522 879 quod
536 845 563 872 in
577 845 691 880 ﬁgurant
704 846 801 874 circuli
816 851 859 873 eat
871 846 898 873 in
913 854 1020 881 gyrum,
1037 847 1108 880 quod

1164 848 1287 874 ἔπαινον.
1315 847 1437 873 Ἐπαινεῖ
1458 846 1513 882 γὰρ
1537 845 1583 872 τὸν
1607 843 1740 879 τράχηλον
1766 842 1810 869 τὸν
1833 843 1859 868 ἐν
1877 842 1939 876 σχή-

325 889 407 915 etiam
420 889 447 916 in
467 890 593 924 superbis
608 894 634 917 et
654 890 789 918 ferocibus
806 891 886 926 equis
901 891 1025 919 videmus
1040 891 1109 918 ﬁeri.

326 932 475 968 'l'orquium
494 934 566 961 enim
593 935 696 962 mentio
717 935 822 963 indicat
843 936 976 963 circulum
1000 945 1007 963 :
1032 937 1111 970 cujus

326 978 412 1014 ﬁgura
425 979 452 1007 in
464 980 536 1007 collo
550 984 662 1009 ostensa
684 981 772 1009 reddit
790 989 888 1017 equum
908 981 999 1017 seipso
1015 981 1110 1009 decen-

327 1025 422 1052 tinrem
439 1035 446 1052 :
480 1029 592 1061 torques
613 1031 703 1054 autem
724 1026 818 1055 Graece
839 1028 942 1055 dicitur
968 1028 1110 1063 ὁρμίσκος,

325 1072 517 1099 diminutivum
540 1072 600 1107 ejus
616 1073 689 1107 quod
710 1077 751 1100 est
774 1074 869 1109 ὅρμος.
896 1074 1001 1110 ’Ὁρμος
1021 1079 1110 1102 autem

325 1116 436 1151 proprie
448 1116 558 1151 quidem
577 1117 677 1144 dicitur
697 1118 723 1144 in
739 1118 807 1146 locis
823 1119 985 1149 maritimis,
1002 1119 1029 1146 in
1050 1119 1111 1154 qui-

326 1162 376 1189 bus
396 1161 472 1189 littus
496 1162 662 1190 intrinsecus
688 1163 714 1190 in
743 1163 813 1191 luna:
833 1163 948 1191 formam
972 1169 1110 1196 cavatum.

325 1207 386 1234 sinu
401 1215 476 1235 mare
490 1208 603 1243 excipit,
618 1212 644 1235 et
658 1217 705 1243 per
719 1217 748 1236 se
768 1209 832 1236 facit
849 1210 991 1245 quiescere
1003 1218 1050 1239 eos
1064 1212 1110 1245 qui

323 1260 339 1279 e
363 1253 432 1280 mari
454 1252 627 1290 adnavigant.
653 1254 692 1282 Ex
715 1255 872 1290 metaphora
889 1260 979 1283 autem
1002 1263 1111 1292 propter

324 1298 439 1335 ﬁguram
455 1304 646 1327 ornamentum
667 1300 730 1327 colli
751 1301 852 1328 dicitur
876 1301 971 1336 ὅρμος.
996 1301 1110 1334 Quando

324 1350 413 1372 autem
430 1345 592 1373 diminutive
611 1346 729 1374 dicimus
744 1347 876 1382 ὀρμίσκος
892 1354 941 1382 pro
955 1348 1051 1383 ὅρμος,
1064 1356 1110 1383 per

325 1391 395 1418 hanc
411 1397 504 1418 vocem
529 1390 725 1426 propemodum
741 1392 916 1420 ostendinms
935 1392 1022 1427 ipsam
1039 1393 1112 1420 simi-

325 1436 477 1464 litudinem.
507 1437 578 1464 Colli
605 1444 669 1472 ergo
697 1444 760 1464 cum
786 1439 929 1472 torquibus
959 1439 1110 1468 similitudo

324 1482 443 1509 ostendit
460 1482 546 1509 multa
565 1483 688 1509 encomia
708 1490 769 1517 quae
791 1491 898 1518 sponsa:
918 1485 1084 1512 conveniunt
1102 1495 1109 1512 :

325 1521 446 1554 Primum
461 1526 586 1562 quidem,
602 1527 675 1562 quod
697 1535 784 1562 equus
797 1529 896 1556 collum
915 1530 941 1557 in
957 1530 1050 1558 orbem
1067 1530 1111 1558 flo-
1125 1524 1145 1553 (ἶ

323 1575 418 1605 ctens,
438 1572 472 1599 ad
486 1580 582 1600 omnes
603 1580 674 1600 suos
698 1581 810 1609 gressus
834 1575 941 1610 aspicit,
959 1583 1014 1611 quo
1032 1575 1061 1603 ﬁt
1082 1580 1112 1604 ut

326 1617 475 1646 inoffensus
487 1621 515 1646 et
526 1621 602 1646 tutus
615 1619 650 1646 sit
664 1627 777 1654 gressus
795 1620 855 1654 ejus
866 1641 873 1652 ,
889 1628 976 1656 neque
992 1622 1026 1649 ad
1047 1622 1112 1657 lapi-

323 1664 384 1690 dem
401 1662 552 1697 oﬁ‘endens,
580 1671 668 1698 neque
682 1664 709 1692 in
728 1664 829 1692 fossam
850 1672 951 1693 temere
976 1666 1108 1694 incidens.

323 1709 380 1737 lloc
393 1717 446 1737 non
462 1717 557 1744 parum
582 1709 648 1737 facit
663 1710 696 1738 ad
714 1710 819 1738 laudem
834 1712 942 1745 animae,
958 1719 1058 1747 nempe
1075 1712 1110 1739 ad

322 1757 442 1791 seipsam
457 1756 590 1791 aspicere.
608 1760 636 1783 et
653 1756 791 1784 tutissime
809 1757 842 1784 ad
858 1764 969 1785 cursum
985 1757 1109 1785 divinum

324 1803 470 1835 festinare,
500 1810 671 1838 qumcunque
701 1811 733 1830 ex
763 1803 960 1831 tentationibus
988 1803 1027 1830 illi
1047 1809 1110 1832 eve-

322 1849 401 1875 niunt
417 1848 450 1875 ad
465 1856 577 1876 cursum
596 1849 788 1883 impedimenta
812 1849 901 1876 vitans
916 1852 943 1876 et
964 1857 1109 1882 superans.

324 1893 425 1921 Deinde
435 1898 525 1922 autem
539 1895 627 1930 ipsum
640 1901 749 1929 quoque
761 1894 928 1929 primitivum
942 1901 1041 1921 nomen
1055 1895 1110 1921 τῶν

322 1941 425 1975 ὅρμων,
451 1939 523 1967 unde
549 1944 661 1975 propter
689 1939 781 1975 ﬁgura:
812 1939 1021 1972 similitudinem
1045 1940 1108 1967 colli

322 1990 512 2014 ornamentum
539 1987 710 2014 nominatum
736 1987 785 2014 fuit
817 1987 969 2023 ὁρμίσκος,
995 1995 1109 2024 magnas

320 2033 455 2068 quasdam
471 2033 566 2061 laudes
589 2034 720 2064 continet.
743 2033 851 2068 quando
883 2034 938 2065 τοῖς
954 2034 1063 2069 ὅρμοις,
1082 2034 1107 2061 id

322 2082 374 2108 est.
389 2078 543 2110 navalibus,
559 2078 659 2105 collum
675 2077 755 2104 fuerit
769 2077 960 2104 assimilatum.
977 2077 1106 2110 Quaenam

321 2129 411 2150 autem
434 2127 498 2150 sunt
512 2122 606 2149 laudes
619 2129 679 2157 quae
697 2121 775 2149 nobis
803 2129 850 2156 per
865 2121 921 2148 haec
934 2129 949 2148 a
964 2121 1105 2158 Scriptura

320 2168 510 2203 signiﬁcantur
520 2168 531 2194 Ἰ
541 2167 740 2202 Navigantibus
751 2175 794 2194 res
802 2167 924 2202 jucunda
936 2172 963 2196 et
975 2169 1104 2197 salutaris

319 2220 361 2243 est
376 2220 479 2250 portus,
491 2217 518 2241 et
529 2213 575 2248 qui
588 2217 730 2248 postquam
744 2213 770 2240 in
782 2213 850 2240 mari
863 2213 1066 2250 fueriutjactati
1078 2221 1104 2244 et

320 2260 425 2293 vexati,
441 2259 618 2294 tranquillum
634 2259 751 2294 aliquem
766 2264 872 2293 portum
889 2261 1103 2295 occupaverint,

321 2308 346 2333 in
363 2313 417 2340 quo
433 2305 593 2333 afﬂictiones
613 2313 682 2340 quas
696 2306 723 2332 in
742 2305 810 2333 mari
829 2306 951 2340 perpessi
968 2313 1034 2334 sunt
1053 2308 1102 2336 oh-

320 2352 371 2383 liti,
385 2352 434 2378 toti
450 2355 595 2379 versantur
612 2351 638 2377 iu
655 2351 758 2386 requie,
784 2352 879 2386 longos
891 2352 999 2380 labores
1008 2355 1105 2388 quiete

321 2402 485 2429 recreantes,
506 2405 559 2425 non
579 2401 621 2424 est
640 2398 680 2425 eis
698 2397 831 2433 naufragii
854 2403 952 2431 metus.
974 2407 1061 2434 neque
1079 2400 1105 2427 in

321 2443 389 2470 mari
407 2442 549 2470 latentium
574 2443 692 2469 cautium
718 2442 857 2477 suspicio,
883 2450 933 2470 nec
953 2444 1105 2479 periculum

319 2489 490 2523 praedonum,
512 2496 599 2523 neque
613 2495 626 2514 a
644 2487 752 2516 ﬂatibus
776 2488 956 2523 perturbatio,
981 2497 1076 2525 neque-
1090 2498 1104 2517 a

320 2534 456 2569 profundo
472 2542 521 2570 per
541 2539 637 2562 ventos
660 2534 788 2562 tumescit
810 2541 885 2562 mare
903 2543 910 2562 :
939 2535 985 2562 sed
1008 2537 1105 2563 remoti

320 2584 384 2608 sum
402 2581 435 2607 ab
449 2581 576 2608 omnibus
590 2580 724 2615 ejusmodi
738 2580 868 2615 periculis
883 2581 929 2616 qui
941 2584 1106 2616 tempestate

317 2627 467 2662 jactautur,
487 2634 549 2654 cum
569 2634 644 2653 mare
663 2626 698 2653 sit
719 2626 745 2653 in
765 2631 845 2662 portu
862 2627 1049 2662 tranquillum.
1077 2627 1105 2654 Si

320 2673 382 2708 quis
395 2681 459 2708 ergo
469 2673 588 2700 animam
602 2680 680 2700 suam
695 2673 732 2700 ita
745 2673 931 2704 constituerit,
944 2677 974 2700 ut
990 2676 1049 2709 ipsa
1071 2674 1106 2701 sit

319 2720 466 2754 tranquilla
483 2720 509 2746 in
523 2719 622 2754 quiete,
641 2726 694 2746 non
715 2718 817 2753 agitata
837 2718 978 2750 fluctibus,
995 2719 1107 2746 minime

319 2770 410 2794 emota
427 2773 441 2792 a
454 2765 597 2800 spiritibus
613 2764 808 2800 improbitatis,
821 2772 908 2800 neque
922 2765 1106 2792 intumescens

321 2821 368 2848 per
383 2812 552 2847 superbiam,
575 2819 664 2846 neque
688 2819 820 2847 spumans
840 2811 886 2839 irae
902 2810 1039 2844 ﬂuctibus,
1057 2819 1103 2840 nc-

1125 2189 1145 2216 Ι)

1165 901 1228 928 ματι
1243 892 1342 919 κύκλου
1354 891 1531 928 γυρούμενον,
1547 890 1604 925 ὃδὴ
1618 889 1681 924 περὶ
1695 889 1757 919 τοὺς
1768 886 1880 922 γαυροὺς
1890 886 1940 912 τῶν

1162 939 1259 966 πώλων
1285 938 1392 974 ὁρῶμεν
1414 937 1566 972 γινόμενον.
1593 936 1624 962 Ἦ
1647 935 1702 969 γὰρ
1731 933 1785 960 τῶν
1810 932 1940 968 ὁρμίσκων

1164 985 1258 1020 μνήμη
1274 984 1320 1011 τὸν
1329 983 1428 1010 κύκλον
1443 982 1610 1010 ἐνδείκνυται
1620 1001 1627 1014 ,
1641 978 1671 1007 οἶ)
1686 980 1716 1006 τὸ
1733 979 1824 1015 αχῆμα
1840 978 1884 1004 ἐπὶ
1897 977 1940 1003 τοῦ

1162 1029 1273 1065 αὐχένος
1293 1028 1467 1064 δεικνύμενον
1485 1027 1702 1064 εὐπρεπέστερον
1717 1024 1812 1052 ἑαυτοῦ
1827 1024 1868 1051 τὸν
1888 1023 1941 1049 πῶ-

1162 1076 1207 1102 λον
1230 1076 1311 1102 ποιεῖ·
1336 1075 1419 1111 ὅρμος
1440 1075 1469 1101 δὲ
1494 1073 1601 1108 λέγεται
1628 1073 1728 1107 κυρίως
1753 1071 1800 1107 μὲν
1823 1069 1867 1096 ἐπὶ
1890 1068 1940 1094 τῶν

1163 1120 1304 1157 παραλίων
1322 1120 1420 1152 τόπων,
1442 1120 1470 1146 ἐν
1491 1117 1532 1150 οἷς
1547 1119 1564 1153 ἡ
1587 1117 1654 1153 ὗχθη
1669 1116 1739 1144 κατὰ
1758 1116 1788 1142 τὺ
1808 1115 1879 1145 ἐντὸς
1896 1122 1942 1149 μη-

1162 1167 1264 1202 νοειδὴς
1284 1165 1473 1197 κοιλανθεῖσα,
1498 1163 1658 1199 ὑποδέχεταί
1681 1170 1712 1189 τε
1727 1161 1766 1196 τῷ
1789 1161 1878 1195 κόλπῳ
1896 1158 1943 1194 τὴν

1162 1213 1308 1246 θάλασσαν,
1321 1212 1368 1239 καὶ
1381 1211 1516 1239 ἀναπαύει
1530 1210 1562 1236 δι’
1577 1209 1675 1244 ἑαυτῆς
1689 1208 1752 1240 τοὺς
1769 1208 1801 1233 ὲκ
1814 1206 1944 1240 πελάγους

1161 1257 1371 1294 προσπλέοντας.
1395 1257 1442 1283 Ἐκ
1458 1255 1614 1292 μεταφορᾶς
1636 1254 1664 1281 δὲ
1684 1253 1728 1280 διὰ
1743 1252 1790 1280 τοῦ
1810 1252 1945 1287 σχήματος

1160 1304 1175 1330 ὁ
1188 1302 1395 1339 περιτραχήλιος
1410 1301 1511 1337 κόσμος
1519 1301 1603 1336 ὅρμος
1613 1299 1732 1333 λέγεται.
1747 1298 1830 1324 Ὅταν
1842 1297 1869 1323 δὲ
1883 1297 1946 1322 ὑπο-

1161 1348 1322 1384 κοριστικῶς
1347 1347 1478 1383 ὁρμίσκον
1499 1347 1561 1374 ἀντὶ
1582 1346 1667 1381 ὅρμου
1692 1344 1824 1379 λέγωμεν,
1847 1341 1897 1377 τὴν
1920 1342 1947 1368 ὲν

1161 1394 1243 1429 ὀλίγῳ
1260 1394 1307 1420 τοῦ
1323 1394 1461 1429 σχήματος
1471 1392 1617 1428 ὁμοιότητα
1631 1390 1675 1417 διὰ
1688 1389 1736 1424 τῆς
1753 1386 1878 1421 τοιαύτης
1893 1395 1947 1421 φω-

1161 1439 1210 1474 νῆς
1226 1438 1428 1473 ἐνδεικνύμεθα.
1449 1436 1539 1464 Πολλὰ
1555 1436 1644 1463 τοίνυν
1664 1435 1704 1466 εἰς
1717 1432 1841 1468 ἐγκώμια
1858 1440 1949 1458 συντε-

1162 1484 1259 1511 λοῦντα
1274 1484 1323 1520 τὴν
1338 1483 1458 1519 νύμφην,
1470 1485 1487 1519 ὴ
1499 1484 1566 1519 πρὸς
1582 1483 1645 1513 τοὺς
1656 1480 1806 1516 ὁρμίσκους
1821 1478 1949 1513 ὁμοιότης

1161 1530 1208 1557 τοῦ
1229 1530 1365 1566 τραχήλου
1382 1529 1564 1556 ἐνδείκνυται·
1582 1528 1689 1563 πρῶτον
1711 1526 1759 1562 μὲν
1783 1525 1824 1552 ὅτι
1840 1525 1880 1555 εἰς
1903 1523 1950 1550 κύ-

1162 1576 1226 1603 κλου
1239 1576 1330 1611 σχῆμα
1350 1575 1484 1610 κάμπτων
1497 1575 1511 1601 ὁ
1527 1573 1616 1605 πῶλος
1629 1573 1674 1600 τὸν
1691 1571 1802 1607 αὐχένα,
1820 1569 1889 1605 πρὸς
1903 1569 1951 1600 τὰς

1163 1622 1231 1654 ἰδίας
1243 1622 1296 1649 τῶν
1311 1621 1398 1648 ποδῶν
1417 1621 1510 1656 βάσεις
1532 1620 1597 1656 ὁρᾷκ
1614 1619 1648 1645 δι’
1673 1616 1711 1645 ὧν
1730 1615 1908 1652 ἁπρόσκοπόν
1923 1623 1952 1641 τε

1162 1669 1208 1695 καὶ
1223 1667 1331 1703 ἀσφαλῆ
1348 1669 1463 1694 ποιεῖται
1473 1666 1518 1693 τὸν
1531 1666 1639 1702 δρόμον,
1655 1665 1722 1700 μήτε
1735 1663 1773 1698 τῷ
1790 1662 1857 1698 λίθῳ
1870 1670 1954 1698 προσ-

1161 1713 1276 1744 πταίων,
1300 1714 1367 1749 μήτε
1383 1711 1557 1748 κενεμϐατῶν
1581 1711 1619 1746 τῷ
1637 1710 1735 1746 βόθρῳ.
1761 1709 1848 1736 Τοῦτο
1868 1709 1899 1735 δὲ
1922 1708 1952 1735 οὐ

1162 1759 1259 1795 μικρόν
1277 1759 1350 1786 ἐστιν
1366 1759 1406 1791 είς
1428 1758 1563 1793 εὐφημίαν
1579 1757 1680 1792 ψυχῆς,
1695 1756 1725 1783 τὸ
1736 1776 1743 1787 ,
1761 1754 1830 1790 πρὸς
1851 1754 1954 1789 ἑαυτὴν

1162 1804 1280 1840 βλέπειν,
1293 1804 1342 1831 καὶ
1353 1804 1386 1831 δι’
1399 1803 1548 1839 ἀσφαλείας
1563 1803 1653 1838 πάσης
1668 1802 1735 1838 πρὸς
1748 1801 1793 1828 τὸν
1809 1801 1885 1827 θεῖον
1897 1801 1958 1836 δρό-

1162 1859 1212 1886 μον
1239 1849 1410 1884 ἐπείγεσθαι,
1438 1849 1527 1875 πάντα
1553 1848 1588 1875 τὰ
1616 1848 1649 1875 ὲκ
1681 1847 1844 1882 πειρασμῶν
1871 1856 1958 1873 τινων

1160 1896 1322 1930 ἐγγινόμενα
1338 1895 1404 1930 πρὸς
1427 1895 1472 1921 τὸν
1498 1894 1596 1929 δρόμον
1622 1893 1747 1929 ἐμπόδια,
1771 1892 1958 1927 διαλλομένην

1160 1941 1206 1968 καὶ
1218 1941 1443 1976 ὑπερϐαίνουσαν.
1465 1939 1577 1966 Ἔπειτα
1590 1940 1618 1966 δὲ
1642 1939 1689 1966 καὶ
1708 1938 1774 1965 αὐτὸ
1792 1939 1823 1965 τὺ
1842 1939 1958 1973 πρωτό-

1158 1995 1242 2014 τυπον
1257 1986 1311 2013 τῶν
1328 1987 1421 2022 ὅρμων
1434 1986 1529 2021 ὄνομα,
1544 1985 1604 2012 ὅθεν
1616 1985 1660 2012 διὰ
1673 1984 1722 2020 τὴν
1739 1983 1787 2010 τοῦ
1810 1985 1961 2019 σχήματος

1159 2032 1314 2068 ὁμοιότητα,
1328 2034 1342 2059 ὁ
1355 2032 1545 2068 περιδέῤῥαιος
1561 2032 1672 2067 κόσμιος
1694 2029 1827 2065 ὀρμίσκος
1844 2030 1962 2065 ὠνόμα-

1160 2087 1231 2110 σται,
1248 2078 1374 2114 μεγάλων
1393 2079 1474 2105 τινῶν
1489 2078 1633 2113 ἐγκωμίων
1648 2076 1801 2112 ὑπερϐολὴν
1813 2077 1962 2112 περιέχει,

1158 2125 1221 2151 ὅταν
1237 2124 1366 2160 ὡμοιώθη
1383 2126 1439 2156 τοῖς
1453 2125 1547 2161 ὅρμοις
1562 2125 1576 2150 ὁ
1597 2122 1740 2158 τράχηλος.
1758 2122 1827 2148 Τίνα
1842 2122 1875 2148 δέ
1900 2125 1964 2150 ἐστι

1159 2168 1193 2194 τὰ
1208 2168 1333 2203 ἐγκώμια
1352 2168 1386 2195 τὰ
1401 2168 1446 2195 διὰ
1459 2168 1560 2194 τούτων
1584 2168 1649 2202 ἡμῖν
1671 2166 1722 2193 ὑπὸ
1738 2166 1785 2192 τοῦ
1805 2166 1895 2201 λόγου
1912 2168 1962 2203 δη-

1159 2214 1276 2249 λούμενα
1289 2222 1296 2247 ;
1317 2213 1378 2240 Ὴδύ
1394 2222 1419 2240 τι
1430 2214 1476 2240 καὶ
1492 2213 1623 2248 σωτήριόν
1639 2213 1697 2239 ἐστι
1712 2213 1768 2244 τοῖς
1782 2214 1966 2240 καταπλέου-

1160 2268 1201 2286 σιν
1219 2261 1234 2286 ὁ
1255 2259 1348 2294 λιμὴν,
1367 2258 1414 2285 καὶ
1428 2258 1457 2284 τὸ
1479 2257 1546 2293 μετὰ
1566 2257 1616 2293 τὴν
1636 2258 1665 2284 ὲν
1680 2257 1804 2295 θαλάσσῃ
1826 2260 1967 2286 κακοπά-

1160 2305 1249 2337 θειαν,
1276 2305 1359 2340 ὅρμον
1386 2303 1448 2330 τινὰ
1475 2303 1637 2331 καταλαϐεῖν
1666 2304 1842 2338 εὖδιάζοντα,
1876 2307 1910 2332 ὲν
1943 2302 1967 2338 ᾦ

1159 2351 1242 2387 λήθην
1260 2351 1438 2386 ποιησάμενοι
1458 2350 1511 2376 τῶν
1526 2351 1554 2376 ἐν
1575 2350 1695 2386 θαλάσσῃ
1710 2352 1813 2384 κακῶν,
1825 2352 1890 2379 ὅλοι
1911 2353 1967 2387 τῆς

1157 2397 1336 2428 ἀναπαύσεως
1368 2397 1507 2430 γίνονται,
1537 2397 1600 2428 τοὺς
1638 2398 1760 2432 μακροὺς
1792 2398 1902 2429 πόνους
1932 2397 1968 2424 δι’

1159 2443 1274 2478 ἡσυχίαν
1294 2442 1550 2478 παραμυθούμενοι.
1573 2443 1623 2469 οὐκ
1645 2442 1718 2469 ἔστιν
1740 2443 1833 2474 αὐτοῖς
1862 2444 1969 2470 οὐκέτι

1157 2489 1287 2523 ναυαγίου
1313 2489 1407 2522 φόῆος,
1429 2488 1490 2515 οὗτε
1514 2489 1530 2523 ἡ
1552 2489 1606 2515 τῶν
1630 2489 1738 2523 ὐφάλων
1753 2489 1886 2522 ὑπόνοια,
1900 2490 1969 2517 οὔτε

1160 2535 1296 2570 πειρατῶν
1307 2535 1438 2566 κίνδυνος,
1452 2534 1514 2562 οὔτε
1536 2536 1697 2570 πνευμάτων
1711 2536 1831 2571 ταραχὴ,
1855 2535 1929 2562 οὔτε
1954 2536 1971 2571 ἡ

1160 2583 1193 2607 ὲκ
1218 2581 1306 2616 βυθῶν
1322 2581 1510 2608 ἀνοιδαίνουσα
1533 2579 1578 2607 διὰ
1603 2580 1656 2607 τῶν
1673 2581 1781 2616 ἀνέμων
1806 2581 1971 2608 θάλασσα·

1161 2626 1228 2653 ἀλλὰ
1249 2627 1356 2654 πάντων
1379 2628 1433 2654 τῶν
1448 2627 1576 2654 τοιούτων
1597 2627 1726 2654 κινδύνων
1737 2627 1815 2659 ἐκτὸς
1831 2627 1971 2662 γίνονται

1160 2674 1184 2699 οἱ
1200 2673 1401 2709 χειμαζόμενοι,
1416 2674 1461 2700 τοῦ
1478 2674 1610 2708 πελάγους
1631 2674 1660 2700 ὲν
1676 2673 1714 2708 τῷ
1729 2674 1804 2708 ὅρμῳ
1818 2673 1971 2708 γαληνιὰ-

1161 2719 1262 2752 ζοντος.
1289 2720 1321 2746 El
1335 2719 1424 2746 τοίνυν
1438 2720 1509 2747 οὕτω
1523 2728 1565 2751 τις
1579 2721 1628 2755 τὴν
1645 2718 1740 2746 ἑαυτοῦ
1755 2718 1849 2753 ψυχὴν
1870 2726 1971 2745 και-ω

1161 2766 1295 2802 στήσειεν,
1315 2766 1353 2798 ὡς
1371 2767 1456 2802 αὐτήν
1469 2775 1498 2793 τε
1519 2766 1638 2802 γαλήνην
1654 2765 1724 2800 ἔχειν
1741 2765 1769 2790 ἐν
1782 2764 1921 2798 ἀκύμονι
1936 2765 1971 2799 τῇ

1160 2813 1275 2849 ἠσυχίᾳ,
1300 2812 1382 2848 μηδὲν
1401 2812 1638 2849 παρακινουμένην
1661 2812 1692 2837 ἐκ
1712 2810 1765 2837 τῶν
1785 2810 1971 2845 πνευμάτωι
