1984 3068
331 98 380 126 819

944 99 972 125 s.
987 97 1149 125 onaoonu
1169 96 1314 126 M‘SSENI
1691 75 1697 77 λ
1885 95 1928 123 seu

327 153 379 181 Sed
397 151 518 180 nondum
530 156 589 179 erat
603 151 692 180 Verbo
708 153 841 188 subjecta,
856 161 946 189 neque
964 154 992 184 in
1009 162 1039 183 se
1049 161 1112 190 por-

1167 154 1206 184 διὰ
1219 153 1272 183 τῶν
1286 154 1390 190 ἀρετῶν
1409 154 1598 190 κεκαθαρμένη
1616 153 1699 188 ψυχή.
1731 153 1799 180 Ἀλλ’
1813 153 1880 180 οὔπω
1891 153 1931 179 τοῦ

325 198 395 225 tavit
408 204 482 231 eum,
496 198 542 233 qui
555 202 664 234 propter
676 198 791 227 salutem
803 199 953 227 vehebatur
965 200 1009 228 his
1021 200 1110 235 equis.

325 243 476 279 Oportebat
490 245 563 272 enim
586 245 704 280 primum
726 253 774 280 per
791 246 884 273 omnia
908 251 1035 274 ornatum
1050 254 1112 274 esse

325 297 439 324 equum,
458 294 486 316 et
507 289 606 316 deinde
624 297 686 317 eum
704 298 795 325 regem
817 294 954 333 v‘ectorcm
977 291 1109 326 accipere.

325 333 366 359 An
382 336 472 360 autem
484 340 515 360 ex
528 333 582 360 alto
596 342 695 369 equum
709 334 761 362 sibi
770 335 968 367 accommodet,
978 335 1001 363 is
1015 335 1073 370 qui,
1083 340 1120 362 ut‘

325 378 394 405 dicit
410 377 544 413 Propheta
555 400 561 412 ,
584 387 667 414 super
683 387 733 408 nos
749 388 835 416 equos
850 382 984 414 ascendit,
1004 385 1031 409 et
1051 389 1113 416 pro—

327 429 386 458 pter
406 429 528 451 nostram
544 425 658 452 salutem
676 433 758 461 super
775 434 826 454 nos
845 428 960 462 equitat,
982 435 1016 454 an
1030 427 1112 455 etiam

327 469 362 495 sit
378 471 404 495 in
420 470 510 502 nobis,
525 471 571 505 qui
586 471 717 498 inhabitat
729 476 756 500 et
768 473 929 505 inambulat,
938 473 1001 500 etin
1016 472 1113 500 anima:

327 518 429 541 nostra
446 515 579 550 profunda
594 521 723 551 permeat,
740 517 808 544 nihil
820 517 903 545 refert
917 518 989 553 quod
1005 518 1038 545 ad
1052 526 1114 545 sen-

327 566 388 586 sum
404 559 510 587 attinet.
526 560 576 587 Cui
591 561 662 588 enim
677 565 719 588 est
732 570 816 589 unum
832 571 865 590 ex
880 563 1023 594 ambobus,
1040 563 1112 597 quod

327 605 461 640 reliquum
475 607 607 634 estetiam
622 615 652 635 se
663 611 736 636 recte
748 608 838 642 habet.
853 608 920 635 Nam
932 610 958 636 et
969 609 1014 644 qui
1028 609 1112 636 Deum

327 658 412 686 supra
426 659 456 678 se
472 651 565 685 habet,
579 653 693 681 omnino
709 654 792 682 etiam
812 654 839 681 in
858 662 888 682 se
901 655 981 682 habet
996 664 1002 682 :
1025 661 1052 682 et
1067 655 1113 690 qui

328 695 355 721 in
370 703 399 723 se
410 698 524 731 accepit,
537 698 609 725 subit
624 706 686 726 eum
699 699 745 734 qui
763 699 790 727 in
806 700 896 735 seipso
911 705 962 728 est.
978 700 1036 729 Rex
1049 709 1114 737 ergo

327 745 371 768 est
382 742 527 776 quieturus
541 751 623 777 super
638 744 711 772 hunc
727 752 840 780 equum.
865 744 894 772 In
914 745 1007 773 divina
1022 751 1112 773 autem

327 791 461 822 potestate
469 785 540 815 idem
552 793 604 820 est,
613 793 641 817 ut
652 789 754 817 dictum
765 794 816 822 est,
824 790 911 817 8033i0
921 794 948 817 et
959 791 1112 823 accubitus,

329 833 462 861 utrumvis
470 833 541 860 enim
550 841 582 861 ex
590 835 756 862 ambobusin
764 835 841 863 nobis
850 835 941 869 fuerit,
949 843 998 871 par
1004 841 1046 865 est
1054 845 1115 872 gra—

328 878 375 904 tia.
386 878 455 911 Quia
467 887 531 914 ergo
541 884 673 907 stratores
683 881 754 916 regis
763 888 862 919 equum
875 889 922 916 per
934 882 1114 916 praecedentia

328 928 488 951 ornamenta
497 928 590 959 aptum
601 925 704 953 faciunt
715 926 747 953 ad
756 934 817 954 eum
827 927 1017 962 excipiendum
1027 938 1033 955 :
1042 928 1113 956 idem

328 972 368 995 est
385 973 475 996 autem
491 969 576 997 Deum
593 970 620 997 in
642 971 734 1006 aliquo
747 979 820 1004 esse,
843 977 870 999 et
883 980 944 1000 esse
964 981 1047 1008 super
1064 974 1115 1001 ali-

328 1021 408 1045 quem
420 1024 425 1040 :
438 1014 532 1041 relicta
544 1016 739 1051 consequentia
750 1020 777 1044 et
788 1017 986 1052 signiﬁcatione
998 1018 1112 1052 tropica,

328 1058 447 1085 ministri
461 1059 506 1093 qui
516 1064 612 1094 parant
623 1067 734 1095 equum,
749 1061 874 1089 iecerunt
884 1062 1019 1089 lecticam.
1029 1063 1115 1098 Opor-

329 1106 367 1130 tet
387 1103 459 1131 enim
484 1112 550 1137 nos,
579 1105 678 1140 inquit,
708 1105 799 1135 facere
824 1107 884 1134 auri
909 1108 1116 1141 similitudines,

329 1155 389 1175 cum
404 1149 476 1177 notis
488 1143 604 1184 argenti,
624 1159 685 1186 qua:
703 1151 766 1186 equi
789 1152 904 1179 formam
923 1153 1064 1180 decorant.
1083 1153 1116 1181 Ut

329 1194 376 1225 sit,
396 1195 494 1230 inquit,
513 1203 559 1223 rex
585 1204 639 1223 non
658 1196 685 1224 in
709 1197 849 1230 cathedra,
865 1198 912 1225 sed
935 1199 962 1225 in
988 1199 1114 1226 accubitu

330 1246 390 1267 suo.

1164 200 1250 234 Λόγου
1266 200 1375 234 γέγονεν
1386 199 1549 235 ὑποχείριος,
1561 199 1620 226 οὐδὲ
1634 199 1783 226 ἐϐάστασεν
1799 199 1837 233 ἐφ’
1847 198 1932 232 ἑαυτῆς

1163 245 1209 272 τὸν
1217 246 1263 272 ἐπὶ
1272 245 1392 281 σωτηρίᾳ
1399 246 1454 277 τοῖς
1463 245 1592 276 τοιούτοις
1599 244 1695 280 ὲποχού
1700 252 1778 278 μενον
1785 243 1933 278 ἵπποις.Χρὴ

1164 291 1218 326 γὰρ
1235 290 1342 326 πρῶτον
1360 290 1405 317 διὰ
1423 291 1531 317 πάντων
1550 288 1931 324 κατακοσμηθῆναιτὸνίππον,

1165 334 1214 363 εἷθ’
1228 336 1314 368 οὕτως
1328 336 1372 362 τὸν
1384 334 1497 370 βασιλέα
1507 335 1603 370 ἔποχον
1619 334 1754 367 δέξασθαι.
1765 333 1825 360 Εἴτε
1836 333 1860 359 δὲ
1870 333 1930 359 ἄνω-

1165 382 1209 409 θεν
1223 382 1311 416 ἐαυτῷ
1320 380 1471 416 ὲφαρμόζοι
1482 381 1527 407 τὸν
1540 381 1630 413 ἵππον,
1642 381 1656 406 ὀ
1672 378 1742 406 κατά
1752 379 1795 405 τὸν
1805 378 1930 414 Προφήτην

1165 426 1310 453 ἐπιϐαίνων
1325 426 1368 460 ἐφ’
1391 426 1463 461 ἡμᾶς
1487 425 1549 457 τοὺς
1565 426 1663 456 ἵππους
1673 444 1680 455 ,
1705 424 1751 450 καὶ
1765 423 1810 449 ἐπὶ
1825 422 1930 457 σωτηρίᾳ.

1166 471 1243 506 ἡμῶν
1255 471 1438 506 ἱππαζόμενος
1452 479 1458 485 ·
1474 470 1528 496 εἴτε
1540 471 1586 496 καὶ
1598 470 1626 495 ἐν
1638 470 1703 504 ἡμῖν
1715 469 1826 503 γένοιτο,
1835 467 1932 494 ὲνοικῶν

1165 526 1194 543 τε
1208 516 1254 543 καὶ
1264 516 1469 552 ἐμπεριπατῶν,
1481 515 1526 542 καὶ
1536 516 1581 541 ἐπὶ
1591 514 1625 541 τὰ
1636 514 1704 549 βάθη
1713 514 1761 548 τῆς
1771 513 1852 548 ψυχῆς
1863 512 1932 547 ἡμῶν

1165 562 1346 597 διαδυόμενος,
1362 561 1438 588 οὐδὲν
1450 561 1573 596 διαφέρει
1583 560 1653 587 κατά
1667 560 1715 595 τὴν
1726 559 1835 585 ἔννοιαν.
1845 555 1876 593 ᾯ
1887 557 1935 592 γὰρ

1166 607 1198 633 ἂν
1209 607 1238 632 τδ
1258 606 1286 633 ἓν
1305 606 1334 638 ἐξ
1349 605 1508 641 ἀμφοτέρων
1524 605 1644 640 γένηται,
1666 602 1878 639 συγκατωρθώθη
1896 604 1936 628 καὶ

1165 653 1194 679 τὸ
1206 652 1374 686 λειπόμενον.
1386 652 1421 677 "0
1431 660 1461 677 τε
1468 651 1522 688 γὰρ
1533 652 1574 686 ἐφ’
1585 650 1679 677 ἑαυτοῦ
1688 650 1733 677 τὸν
1742 649 1806 676 Θεὸν
1815 649 1886 684 ἔχων,
1895 650 1936 674 καί

1165 698 1194 724 ἐν
1206 697 1292 732 ἑαυτῷ
1302 697 1408 727 παντως
1419 696 1489 732 ἔχει’
1500 697 1545 723 καὶ
1554 697 1568 722 ὁ
1576 697 1604 722 ὲν
1613 695 1699 731 ἑαυτῷ
1708 695 1848 731 δεξάμενος
1858 694 1936 729 ὑπέϐη

1165 743 1210 770 τὸν
1225 744 1252 769 ἐν
1271 743 1344 778 αὐτῷ
1360 743 1499 778 γεγονότα,
1520 741 1623 769 Οὐκοῦν
1640 742 1730 777 μέλλει
1742 743 1756 768 ὁ
1773 741 1890 777 βασιλεὺς
1901 741 1935 776 τῷ

1167 789 1242 824 ἵππῳ
1256 789 1342 824 τούτῳ
1356 788 1586 816 ὲπαναπαύεσθαι.
1604 788 1706 814 Ταύτὸν
1716 787 1744 814 δέ
1760 788 1831 814 ἐστιν
1841 787 1883 813 ἐπὶ
1896 787 1938 821 τῆς

1133 827 1152 854 Β
1168 834 1242 866 θείας
1257 834 1406 869 δυνάμεως,
1419 834 1510 866 καθὼς
1523 834 1641 869 εἴρηται,
1655 833 1772 868 καθέδρα
1786 841 1815 859 τε
1826 833 1868 859 καὶ
1880 832 1939 859 ἀνά-

1168 880 1273 911 κλισις·
1304 880 1433 915 ὁπότερον
1453 880 1508 916 γὰρ
1531 880 1564 907 ἃν
1591 879 1809 914 ὲξ·ἀμςροτέρων
1834 879 1860 905 ἐν
1881 879 1940 913 ἡμῖν

1167 926 1289 961 γένηται,
1305 926 1334 952 τὸ
1348 926 1404 952 ἴσον
1417 927 1433 960 ἡ
1448 926 1526 961 χάρις
1540 924 1606 960 ἔχει.
1633 924 1739 959 Ἐπειδὴ
1748 924 1834 950 τοίνυν
1847 924 1868 949 οἱ
1879 924 1942 949 ἑτοι-

1169 970 1269 1004 ματταὶ
1287 970 1333 996 τοῦ
1359 969 1499 1005 βασιλέως,
1520 969 1628 996 εὔθετον
1644 969 1711 1005 πρὸς
1732 968 1860 1003 ὑποδοχὴν
1873 968 1943 1003 αύτῴ

1166 1016 1210 1045 διὰ
1225 1015 1278 1043 τῶν
1293 1015 1533 1051 προκοσμημάτων
1550 1016 1595 1043 τὸν
1614 1015 1696 1042 ἵππον
1716 1014 1836 1042 ποιοῦσι-
1852 1015 1943 1041 ταύτὸν

1167 1061 1195 1088 δέ
1217 1063 1289 1088 ἐστιν
1310 1062 1355 1088 ἐπὶ
1370 1061 1449 1093 Θεοῦ,
1469 1062 1499 1088 τὸ
1513 1061 1542 1088 ἐν
1556 1069 1608 1088 τινι
1624 1061 1670 1088 καὶ
1683 1061 1714 1087 τὸ
1728 1061 1774 1087 ὲπι
1790 1068 1860 1092 τινος
1875 1061 1944 1094 γενέ-

1166 1107 1244 1134 σθαι·
1261 1107 1454 1137 καταλιπόντες
1472 1106 1502 1133 τὺ
1518 1105 1588 1133 κατὰ
1607 1107 1657 1141 τὴν
1672 1106 1803 1141 τροπικὴν
1815 1105 1944 1141 σημασίαν

1165 1153 1319 1185 ἀκόλουθον,
1332 1154 1355 1179 οἱ
1371 1152 1595 1187 παρασκευασταὶ
1610 1152 1656 1178 καὶ
1672 1151 1844 1187 θεράποντες,
1858 1151 1946 1185 κλίνην

1165 1198 1210 1224 τὸν
1223 1198 1304 1224 ἵππον
1322 1198 1462 1233 ἐποίησαν.
1480 1196 1540 1233 Χρὴ
1560 1197 1614 1232 γὰρ
1634 1198 1707 1232 ἡμᾶς
1721 1217 1727 1228 ,
1744 1197 1833 1231 φησιν,
1852 1195 1947 1231 ὁμοιώ-

1167 1252 1239 1279 ματα
1254 1243 1365 1279 χρυσίου
1376 1245 1484 1279 ποιῆσαι
1497 1243 1565 1278 μετὰ
1580 1243 1736 1278 στιγμάτων
1745 1242 1792 1269 τοῦ
1809 1241 1948 1277 ἀργυρίου,

328 1285 363 1312 τὰ
378 1285 425 1313 τοῦ
443 1286 525 1313 ἵππου
546 1286 593 1322 τὴν
614 1288 720 1324 μορφὴν
746 1288 907 1323 ὠραῖζοντα.
924 1289 983 1317 Ἵνα
1005 1289 1116 1325 γένηται
1135 1290 1149 1316 ὁ
1166 1290 1291 1326 βασιλεὺς
1304 1291 1353 1317 οὐκ
1367 1291 1396 1316 ἐν
1410 1290 1537 1329 καθέδρᾳ,
1551 1290 1643 1329 φησὶν,
1663 1289 1719 1316 ἀλλ’
1750 1290 1778 1315 ὲν
1814 1287 1950 1315 ἀνακλίσει

328 1331 421 1359 αὐτοῦ.

371 1380 460 1415 Atque
491 1379 620 1408 dictionis
646 1380 756 1414 quidem
794 1382 990 1416 consequentia
1008 1401 1015 1413 ,
1046 1381 1117 1409 sicut

329 1425 450 1453 ostendit
465 1423 615 1462 Scriptura,
633 1425 685 1452 hoc
700 1425 782 1452 modo
795 1433 825 1454 se
839 1427 936 1460 habet;
949 1435 997 1462 par
1010 1431 1053 1455 est
1067 1435 1116 1454 au-

329 1476 383 1497 tem
401 1469 453 1497 hoc
481 1478 535 1498 non
560 1471 766 1505 praetermittere
790 1471 1041 1504 inconsideratum,
1065 1479 1116 1499 cur

329 1523 385 1543 non
396 1515 486 1550 ipsum
504 1523 599 1542 aurum
612 1516 762 1543 assumitur
776 1515 810 1542 ad
828 1520 955 1543 ornatum
969 1536 976 1548 ,
992 1516 1039 1544 sed
1056 1516 1115 1543 auri

329 1561 544 1595 similitudines;
564 1565 591 1589 et
606 1569 660 1589 non
672 1562 761 1597 ipsum
775 1567 929 1596 argentum,
944 1562 992 1590 sed
1006 1571 1067 1597 quae
1082 1571 1116 1590 ex

330 1607 385 1642 hac,
401 1607 514 1635 materia
529 1607 670 1642 impressae
685 1612 749 1636 sunt
767 1611 838 1635 notae
852 1608 912 1636 auri
930 1609 1114 1636 similitudini.

329 1652 408 1685 Quod
419 1660 483 1688 ergo
497 1652 532 1680 de
545 1653 587 1680 his
605 1653 685 1681 nobis
710 1652 782 1680 venit
797 1653 824 1681 iu
839 1658 968 1686 mentem,
982 1658 1024 1681 est
1039 1653 1116 1688 ejus-

331 1697 403 1725 modi
415 1706 423 1726 :
435 1697 567 1726 Universa
583 1699 709 1727 doctrina
729 1701 763 1728 de
788 1700 918 1728 ineﬂ'abili
929 1705 1027 1727 natura
1041 1719 1048 1732 ,
1064 1700 1115 1728 etsi

330 1744 448 1772 maxime
473 1745 528 1774 Deo
553 1746 760 1773 convenientem
787 1750 813 1773 et
834 1746 969 1773 excelsam
995 1746 1118 1773 videatur

329 1789 474 1820 ostendere
489 1791 651 1819 sententiam
662 1811 670 1824 ,
684 1790 744 1819 auri
755 1795 819 1819 sunt
833 1791 1041 1823 similitudines,
1062 1799 1116 1820 non

330 1839 421 1866 autem
450 1835 540 1869 ipsum
566 1842 676 1863 aurum.
707 1835 766 1863 Non
790 1840 878 1871 potest
904 1836 974 1864 enim
1003 1836 1061 1864 ﬁeri
1089 1841 1118 1863 ut

332 1879 410 1914 plene
427 1883 454 1907 et
470 1879 590 1914 perfecte
605 1880 766 1909 ostendatur
781 1881 883 1908 bonum
903 1881 976 1916 quod
1006 1886 1118 1917 superat

331 1925 543 1960 intelligentiam
558 1930 585 1954 et
599 1926 701 1954 mentis
715 1927 941 1961 conceptionem:
957 1927 1065 1956 etiamsi
1082 1929 1118 1956 sit

330 1970 433 1998 Paulus
445 1971 592 2006 quispiam,
605 1972 653 2007 qui
669 1972 697 1999 in
713 1972 839 2006 paradiso
854 1974 963 2001 arcanis
979 1974 1118 2009 mysteriis

331 2017 382 2045 fuit
398 2017 523 2045 initiatus
534 2037 541 2047 ,
557 2018 665 2046 etiamsi
686 2017 803 2045 audierit
823 2019 904 2046 verba
919 2019 1066 2047 ineffabilia
1085 2021 1118 2054 ",

285 2067 288 2077 '
331 2067 443 2090 manent
459 2062 609 2090 ineﬂabiles
623 2063 657 2091 de
677 2063 730 2091 Deo
745 2064 941 2099 intelligentiae.
959 2065 1030 2093 Dicit
1045 2066 1118 2093 enim

330 2107 413 2135 verba
436 2115 498 2135 eSse
515 2106 661 2135 iued‘abilia
679 2108 776 2136 harum
797 2109 1050 2145 intelligentiarum.
1066 2110 1117 2144 Qui

329 2160 395 2188 ergo
419 2154 498 2181 nobis
519 2153 636 2182 aﬂ‘erunt
650 2154 736 2182 bonas
758 2155 865 2190 aliquas
879 2156 1117 2185 cousiderationes

329 2199 364 2226 de
378 2199 559 2234 intelligentia
579 2201 772 2235 mysteriorum
787 2221 795 2234 ,
821 2202 914 2230 dicere
932 2202 1042 2238 quidem
1062 2210 1117 2230 non

329 2249 445 2278 possunt
459 2244 691 2278 quemadmodum
716 2253 746 2273 se
762 2246 844 2274 habet
869 2246 992 2282 ipsorum
1007 2252 1116 2279 natura,

330 2291 425 2317 dicunt
436 2294 526 2318 autem
540 2291 714 2325 splendorem
734 2293 837 2327 gloriae,
857 2292 970 2328 ﬁgurant
988 2293 1116 2320 substan-

329 2336 384 2367 tive,
406 2335 520 2362 formam
537 2335 584 2363 Dei
597 2356 605 2368 ,
617 2335 734 2366 Verbum
747 2338 774 2365 in
789 2338 925 2373 principio
935 2358 942 2369 ,
953 2337 1038 2365 Deum
1050 2337 1115 2364 Ver-

328 2381 404 2410 bum.
417 2380 481 2414 Quae
492 2381 600 2416 quidem
619 2383 711 2410 omnia
726 2384 805 2411 nobis
815 2403 823 2415 ,
841 2383 888 2418 qui
903 2383 1024 2410 divinum
1039 2382 1114 2409 illum

329 2426 490 2454 thesaurum
507 2434 562 2454 non
578 2428 734 2463 aspeximus
745 2448 753 2460 ,
778 2428 907 2455 videntur
925 2435 986 2455 esse
999 2434 1116 2460 aurum;

331 2472 364 2499 iis
378 2475 468 2502 autem
483 2473 530 2509 qui
549 2478 664 2508 possunt
685 2474 807 2509 aspicere
825 2474 859 2500 ad
875 2473 1028 2504 veritatem,
1051 2477 1118 2500 sunt

329 2517 391 2545 auri
407 2518 560 2546 similitudo
573 2523 600 2546 et
612 2526 668 2547 non
686 2527 782 2546 aurum
796 2538 804 2552 ,
817 2526 952 2553 apparens
967 2518 993 2544 iu
1009 2519 1117 2546 subtili-

328 2563 381 2592 bus
401 2564 476 2591 notis
491 2564 607 2599 argenti.
625 2565 774 2599 Argentum
801 2567 892 2590 autem
913 2567 955 2590 est
972 2564 1115 2593 verborum

330 2609 507 2645 signiﬁcatio,
519 2610 590 2637 sicut
604 2608 831 2643 dicitScriptura,
848 2609 989 2643 Argentum
1003 2610 1114 2644 ignitum

330 2655 422 2690 lingua
435 2655 515 2690 justi.
532 2654 609 2687 Quod
634 2662 699 2690 ergo
723 2662 771 2690 per
784 2655 843 2682 haec
868 2655 1037 2690 signiﬁcatur
1051 2675 1058 2687 ,
1075 2659 1116 2683 est

328 2701 503 2734 huiusmodi,
531 2707 627 2734 nempe
658 2700 731 2736 quod
760 2701 852 2729 divina
883 2705 979 2729 natura
1006 2706 1115 2736 supcrat

362 2787 417 2815 ’ΚΗ
431 2787 493 2818 Cor.
514 2795 561 2821 xu,
582 2788 608 2816 4.

1207 1382 1240 1408 'H
1256 1382 1303 1416 μὲν
1321 1379 1367 1407 οὖν
1381 1379 1525 1407 ἀκολουθία
1539 1380 1587 1415 τῆς
1608 1379 1717 1412 λέξεως,
1735 1377 1823 1409 καθὼς
1840 1379 1853 1404 ὁ
1871 1379 1951 1412 Λόγος

1167 1426 1299 1459 ὑπέδειξε,
1321 1425 1413 1452 τοῦτον
1430 1425 1484 1459 ἔχει
1497 1423 1542 1450 τὸν
1558 1423 1658 1459 τρόπον
1671 1431 1677 1437 ·
1690 1422 1764 1455 ἄξιον
1781 1422 1808 1448 δὲ
1824 1422 1904 1448 τοῦτο
1919 1422 1951 1458 μὴ

1168 1471 1356 1507 παραδραμεῖν
1381 1470 1552 1505 ἀθεώρητον,
1570 1470 1596 1495 τί
1618 1469 1649 1504 δή
1677 1477 1742 1495 ποτε
1764 1468 1813 1494 οὐκ
1837 1467 1905 1494 αὐτὸ
1927 1468 1952 1494 τὺ

1169 1517 1279 1553 χρυσίον
1292 1518 1332 1548 εἰς
1349 1516 1449 1551 κόσμον
1470 1514 1723 1551 παραλαμϐάνεται,
1743 1514 1809 1542 ἀλλὰ
1825 1513 1872 1540 τοῦ
1890 1523 1953 1548 χρυ-

1169 1564 1226 1590 σίου
1245 1562 1279 1591 τὰ
1293 1561 1452 1598 ὁμοιώματα
1463 1570 1469 1577 ·
1481 1561 1526 1588 καὶ
1549 1561 1599 1587 οὐκ
1620 1560 1699 1591 αὐτὸς
1714 1561 1728 1586 ὁ
1741 1560 1872 1595 ἄργυρος,
1890 1560 1955 1586 ἀλλά

1168 1609 1203 1636 τὰ
1219 1608 1250 1640 ἐξ
1266 1608 1331 1643 ὕλης
1341 1607 1441 1642 ταύτης
1455 1607 1494 1642 τῷ
1508 1606 1660 1642 ὁμοιώματι
1674 1606 1720 1632 τοῦ
1736 1607 1846 1641 χρυσίου
1859 1608 1955 1644 ἐγκρο-

1169 1655 1287 1691 τούμενα
1312 1654 1457 1689 στίγματα.
1475 1653 1508 1680 ’Ὀ
1524 1653 1612 1680 τοίνυν
1642 1653 1705 1688 περὶ
1721 1653 1824 1680 τούτων
1841 1654 1956 1688 ὑπενοή-

1169 1709 1265 1735 σαμεν,
1278 1698 1398 1727 τοιοῦτόν
1414 1699 1484 1725 ἐστι*
1499 1698 1577 1724 Πᾶσα
1594 1698 1610 1733 ἠ
1626 1698 1690 1733 περὶ
1706 1698 1754 1733 τῆς
1767 1699 1889 1734 ἀρρήτου
1910 1699 1958 1733 φύε

1170 1755 1239 1778 σεως
1253 1745 1422 1777 διδασκαλία,
1439 1744 1490 1771 κᾶν
1513 1744 1553 1771 ὅτι
1579 1744 1695 1780 μάλιστα
1723 1744 1796 1771 δοκεί
1818 1745 1959 1781 θεοπρεπῆ

1168 1801 1228 1819 τινα
1250 1791 1296 1819 καὶ
1320 1791 1424 1826 ὑψηλὴν
1442 1790 1584 1826 ἐμφαίνειν
1608 1790 1736 1822 διάνοιαν,
1751 1790 1879 1826 ὁμοίωμα
1895 1800 1959 1826 χρυ-

1170 1838 1226 1864 σίου
1244 1837 1326 1868 ἐστὶν,
1341 1837 1392 1863 οὐκ
1409 1836 1474 1863 αὐτὸ
1489 1836 1519 1863 τὺ
1536 1836 1657 1872 χρυσίον.
1673 1837 1710 1863 Οὐ
1729 1837 1783 1872 γὰρ
1796 1836 1853 1863 ἔστι
1876 1845 1961 1872 παρα-

1171 1883 1270 1917 στῆσαι
1292 1882 1327 1908 δι⁹
1343 1881 1483 1917 ἀκριϐείας
1499 1882 1528 1908 τὸ
1550 1882 1619 1918 ὑπὲρ
1636 1881 1739 1909 ἔννοιαν
1761 1882 1866 1916 ἀγαθόν
1885 1891 1891 1896 ·
1912 1882 1961 1909 κᾶν

1170 1927 1275 1959 nam;
1285 1936 1326 1959 τις
1339 1925 1368 1963 ᾗ,
1383 1928 1397 1953 ὁ
1410 1928 1438 1954 ἐν
1451 1927 1607 1962 παραδείσῳ
1622 1928 1734 1962 μυηθεὶς
1749 1928 1782 1954 τά
1803 1928 1961 1964 ἀπόρρητα,

1170 1974 1221 2000 κᾶν
1235 1974 1289 2000 τῶν
1299 1973 1440 2008 ἀλαλήτων
1455 1973 1584 2008 ῥημάτων
1599 1973 1814 2008 ὲπακροάσηται,
1825 1973 1964 2008 ἀνέκφρα-

1171 2027 1221 2045 στα
1242 2019 1316 2053 μένει
1331 2017 1394 2053 περὶ
1406 2018 1473 2044 Θεοῦ
1484 2018 1518 2045 τά
1530 2020 1660 2054 νοήματα.
1675 2020 1799 2055 ’Δρῤητα
1811 2018 1866 2053 γάρ
1879 2026 1964 2053 φησιν

1170 2064 1238 2091 εἶναι
1259 2063 1313 2090 τῶν
1338 2064 1482 2099 νοημάτων
1504 2064 1605 2091 τούτων
1619 2065 1652 2093 τὰ
1674 2066 1793 2100 ῥήματα.
1817 2065 1850 2091 Οἱ
1870 2065 1964 2090 τοίνυν

1171 2111 1233 2142 τοὺς
1248 2110 1395 2145 λογισμούς
1411 2119 1487 2142 τινας
1507 2111 1572 2145 ἡμῖν
1596 2110 1713 2144 ἀγαθοὺς
1729 2110 1885 2142 ἐντιθέντες
1902 2110 1969 2145 περὶ

1170 2156 1220 2191 τῆς
1232 2155 1285 2182 τῶν
1301 2154 1456 2190 μυστηρίων
1466 2155 1624 2188 ὲννοήσεως,
1643 2154 1707 2180 αὐτὸ
1721 2153 1770 2188 μὲν
1783 2154 1875 2180 εἰπεῖν
1892 2155 1971 2185 ὅπως

1169 2201 1226 2236 ἔχει
1243 2201 1349 2234 φύσεως
1366 2199 1536 2230 ἀδυνατοῦσι,
1552 2199 1660 2232 λέγουσι
1676 2199 1705 2225 δὲ
1721 2199 1903 2236 ἀπαύγασμα
1926 2200 1971 2227 δό-

1169 2246 1226 2281 ξης,
1248 2246 1295 2272 καὶ
1310 2245 1471 2286 χαραζτῆρα
1487 2245 1536 2280 τῆς
1548 2244 1734 2277 ὑποστάσεως,
1755 2245 1867 2281 μορφὴν
1883 2245 1971 2279 Θεοῦ,

1166 2291 1253 2325 Λόγον
1266 2291 1294 2318 ὲν
1305 2291 1386 2326 ἀρχῇ,
1408 2290 1495 2324 Λόγον
1511 2290 1587 2317 Θεόν.
1605 2290 1695 2326 Ἀπερ
1717 2290 1805 2317 πάντα
1829 2291 1902 2326 ἡμῖν
1920 2291 1971 2326 μὲν

1167 2338 1223 2367 τοϊς
1239 2336 1361 2367 ἀθεάτοις
1379 2335 1482 2362 ἐκείνου
1506 2334 1554 2361 τοῦ
1570 2335 1720 2370 θησαυροῦ,
1737 2335 1850 2372 χρυσίον
1866 2329 1948 2362 δοκεῖ
1964 2343 1971 2350 ·

1168 2384 1224 2414 τοῖς
1244 2382 1272 2409 δὲ
1295 2382 1452 2417 δυναμένοις
1475 2381 1637 2408 ἀναϐλέπειν
1659 2382 1727 2417 πρὸς
1745 2381 1796 2417 τὴν
1817 2382 1971 2418 ἀλήθειαν,

1159 2429 1294 2463 ’ὁμοίωμά
1317 2429 1375 2455 ἐστι
1400 2427 1511 2464 χρυσίου
1531 2428 1580 2454 κα.)⁸
1598 2428 1629 2455 οὑ
1653 2428 1774 2464 χρυσίον,
1796 2430 1826 2455 ὲν
1842 2431 1906 2461 τοῖς
1929 2430 1971 2456 1:-

1170 2475 1247 2506 πτοῖς
1266 2474 1312 2500 τοῦ
1339 2474 1460 2510 ἀργύρου
1484 2475 1694 2510 διαφαινόμενον
1721 2475 1883 2510 στίγμασιν.
1911 2477 1971 2511 Ἀρ‹

1170 2519 1263 2555 γύριον
1287 2518 1315 2545 δὲ
1329 2520 1345 2554 ἡ
1364 2519 1502 2554 ῥηματικὴ
1523 2519 1644 2553 σημασία
1660 2519 1728 2550 ἐστὶ,
1741 2518 1833 2550 καθώς
1849 2528 1942 2554 φησιν
1958 2519 1971 2555 ἦ

1170 2564 1280 2600 Γραφή·
1297 2565 1437 2599 Ἀρτηνρος
1460 2563 1672 2599 πεπυρωμένος
1686 2563 1810 2598 γλῶσσα
1831 2564 1971 2591 δικαίου.

1170 2609 1207 2636 Τὸ
1219 2609 1310 2636 τοίνυν
1325 2609 1371 2637 διὰ
1381 2609 1484 2642 τούτων
1495 2609 1667 2644 δηλούμενον,
1682 2609 1802 2636 τοιοῦτόν
1821 2610 1919 2639 ἔστιν,
1933 2610 1971 2636 ὅτι

1170 2657 1186 2691 ή
1203 2656 1262 2683 θεία
1284 2656 1364 2691 φύσις
1384 2656 1473 2691 πάσης
1489 2655 1650 2690 ὑπέρκειται
1673 2655 1888 2690 καταληπτικῆς
1913 2654 1971 2680 δια‹

1169 2701 1251 2734 νοίας.
1271 2702 1306 2728 Τὸ
1318 2701 1346 2728 δὲ
1363 2701 1426 2736 περὶ
1441 2701 1525 2736 αὐτῆς
1549 2701 1614 2735 ἡμῖν
1634 2699 1826 2734 ἐγγιγνόμενον
1854 2699 1960 2734 νόημα
