1984 3068
85 83 130 111 Sil
593 83 626 110 IN
647 82 794 111 CANTICA
813 81 948 111 CANHC.
976 80 1117 109 llOMlLlA
1138 81 1180 108 Ill.

1658 78 1710 106 82’)

85 140 206 176 ὁμοίωμά
220 142 276 168 ἐστι
287 141 333 169 τοὺ
349 141 526 178 ζητουμένου.
537 143 575 170 Οὐ
593 143 646 178 γὰρ
659 143 723 170 αὐτο
735 143 868 169 δείκνυσιν

924 149 1030 169 omnem
1049 147 1110 176 qua:
1126 138 1333 174 comprehcndit
1354 137 1558 174 cogitationem.
1573 136 1638 170 Qua:
1661 145 1710 165 au-

86 188 169 214 ὲκεῖνο
187 187 215 213 τὸ
226 185 304 220 εἶδος,
321 187 335 213 ὅ
347 187 408 214 οὔτε
426 197 468 220 τις
485 186 563 221 εἶδεν,
581 188 642 215 οὔτε
669 189 732 215 ἰδεῖν
747 188 870 221 δύναται,
889 204 895 205 ί

85 233 150 260 ἀλλὰ
172 233 206 260 δι’
226 233 358 270 ἐσόπτρου
381 234 427 261 καὶ
447 235 480 261 δι’
496 234 655 270 αἰνίγματος
679 233 796 270 ἔμφασιν
810 242 870 260 τινα

87 280 244 314 σχιογραφεῖ
259 279 304 305 τοῦ
335 279 512 315 ζητουμένου,
533 281 564 306 ἐκ
577 289 648 311 τινος
666 280 796 314 είκασμοῦ
812 280 870 310 ταῖς

85 324 179 359 ψυχαῖς
193 324 380 360 ἐγγινομένην.
400 325 455 356 Πᾶς
469 325 496 351 δὲ
507 325 585 358 λόγος
603 324 655 350 τῶν
666 323 793 350 τοιούτων
807 332 869 358 νοη-

87 369 176 404 μάτων
199 368 374 403 σημαντικὸς,
396 369 512 404 στιγμῆς
530 377 601 400 τινος
615 367 736 404 ἀμεροῦς
757 367 871 401 δύναμιν

85 414 149 449 ἔχει,
165 415 202 450 μὴ
215 415 361 450 δυνάμενος
376 415 495 450 ἐμφῆναι
510 415 577 450 ὅπερ
592 416 608 449 ἡ
619 414 720 441 διάνοια
732 413 868 448 βούλεται·

85 461 121 492 ὡς
144 458 214 487 εἶναι
236 462 325 487 πᾶσαν
342 461 391 495 μὲν
415 460 532 487 διάνοιαν
550 460 708 495 κατωτέραν
724 459 773 494 τῆς
797 458 871 492 θείας

86 506 272 541 κατανοήσεως
293 515 299 521 ·
319 507 406 532 πάντα
431 506 459 532 δὲ
479 505 556 539 λόγον
583 505 794 540 ἑρμηνευτικὸν,
814 512 872 530 στι-

85 551 155 587 γμὴν
168 551 293 586 βραχεῖαν
309 552 397 578 δοκεῖν
422 553 459 588 μὴ
477 551 627 586 δυναμένην
647 550 685 585 τῷ
705 551 799 576 πλάτει
824 549 872 584 τῆ;

33 591 54 624 '7
85 597 201 629 διανοίας
218 597 482 626 συνεπεκτείνεσθαι.
499 598 554 632 Τὴν
566 595 611 624 οὖν
623 596 666 623 διὰ
677 596 730 622 τῶν
745 591 872 622 τοιούτων

86 643 227 678 νοημάτων
252 642 509 678 χειραγωγουμένην
534 642 623 677 ψυχὴν
652 641 719 676 πρὸς
747 641 796 676 τὴν
819 641 872 667 τῶν

86 688 212 723 ἀλήπτων
230 688 370 723 περίνοιαν
385 688 429 714 διὰ
444 688 526 722 μόνης
544 687 660 718 πίστεως
674 686 828 718 είσοικίζειν
844 686 873 712 ἐν

87 735 167 769 ἑαυτῇ
180 734 252 767 λέγει
264 734 317 760 δεῖν
326 734 375 770 τὴν
392 734 479 760 πάντα
496 733 558 760 νοῦν
578 733 763 768 ὑπερέχουσαν
780 733 871 767 φύσιν.

88 779 140 806 Καὶ
156 779 234 806 τοῦτό
257 781 314 806 ἐστι
339 779 370 806 τὸ
387 779 462 814 παρὰ
484 779 536 805 τῶν
552 778 636 812 φίλων
650 778 812 812 λεγόμενον·
832 778 870 803 ὅτι

88 825 133 852 Σοὶ
157 825 324 860 ποιήσωμεν,
343 822 364 852 ὦ
379 824 461 860 ψυχὴ.
480 826 512 860 τῇ
535 824 625 855 καλῶς
643 823 711 859 πρὸς
724 823 770 850 τὸν
791 823 874 849 ἵππον
889 818 908 845 Β

89 870 302 906 ἀπεικασθείσῃ,
327 870 477 905 ίνδάλματά
502 879 562 896 τινα
593 869 642 904 τῆς
667 868 795 904 ἀληθείας
824 867 873 895 καὶ

89 915 255 951 ὁμοιώματα.
279 916 395 951 Tum)“;
417 916 471 952 γὰρ
499 916 601 943 τούτων
619 915 706 949 λόγων
720 915 840 950 ἀργύρου
856 915 874 949 ἡ

87 961 205 996 δύναμις,
214 961 251 993 ὡς
262 961 418 997 ἐναύσματᾶ
430 970 490 988 τινα
503 961 693 996 σπινθηροειδῆ
701 961 787 987 δοκεῖν
800 959 869 986 εἶναι

86 1007 119 1033 τὰ
141 1007 260 1041 ῥήματα,
280 1007 316 1042 μὴ
343 1007 479 1042 δυνάμενα
498 1007 530 1034 δι’
545 1007 687 1042 ἀκριὸείας
709 1006 826 1042 ὲμιρῆναι
844 1006 873 1032 τὸ

87 1052 241 1086 ἐγκείμενον
258 1052 356 1087 νόημα.
366 1052 402 1078 Σὺ
410 1052 437 1078 δὲ
446 1051 531 1078 ταῦτα
539 1052 682 1087 δεξαμένη,
690 1051 833 1085 ὑποζύγιόν
844 1060 874 1078 τε

88 1098 134 1124 καὶ
146 1099 301 1133 οἰκητήριον
312 1098 413 1134 γενήσῃ
429 1097 472 1124 διὰ
485 1098 602 1128 πίστεως
617 1096 662 1124 τοῦ
680 1105 719 1123 σοι
733 1097 873 1123 ενανακλί-

87 1143 177 1170 νεσθαι
205 1143 346 1177 μέλλοντος
362 1143 407 1169 διὰ
433 1143 482 1177 τῆς
496 1143 525 1168 ὲν
543 1142 583 1168 σοι
607 1142 807 1176 κατοικήσεως·
827 1141 873 1168 τοῦ

87 1188 140 1224 γὰρ
153 1188 234 1216 αὺτοῦ
248 1189 294 1214 καὶ
305 1188 398 1224 θρόνος
408 1185 433 1214 εἶ
442 1188 488 1214 καὶ
504 1185 576 1219 οἶκος
593 1188 706 1223 γενήσῃ.
716 1187 792 1222 Τάχα
806 1187 827 1212 δ’
842 1187 875 1212 ἄν

86 1243 128 1266 τις
150 1235 220 1261 εἴποι
234 1234 281 1269 τὴν
298 1234 404 1261 Παύλου
416 1233 514 1269 ψυχὴν,
531 1233 576 1260 καὶ
594 1232 620 1259 εἴ
634 1242 674 1264 τις
694 1232 760 1267 ἄλλη
779 1233 873 1266 γέγονε

87 1279 268 1314 κατ’ὲκείνην,
280 1279 334 1306 τῶν
349 1278 475 1305 τοιούτων
485 1277 624 1311 ἀξιοῦσθαι
637 1277 775 1313 ῥημάτων.
790 1278 876 1304 Ἐκεῖ-

87 1335 130 1358 νος
152 1326 205 1362 γὰρ
225 1325 320 1358 σκεῦος
336 1326 449 1361 ἐκλογῆς
469 1324 542 1357 ἅπαξ
564 1324 602 1360 τῷ
621 1325 742 1360 Δεσπότῃ
762 1325 874 1360 γενόμε-

87 1379 141 1402 νος.
161 1371 207 1397 και
231 1370 272 1404 ἐφ’
291 1369 388 1396 ἑαυτοῦ
404 1370 450 1396 καὶ
465 1370 493 1395 ὲν
510 1369 598 1404 ἑαυτῴ
616 1366 672 1404 εἶχε
688 1368 733 1395 τὸν
757 1369 873 1404 Κύριονο

86 1415 115 1441 ὲν
133 1415 182 1450 μὲν
197 1415 235 1450 τῷ
259 1415 404 1450 βαστάζειν
419 1414 500 1441 αὐτοῦ
515 1415 546 1440 τὸ
559 1415 644 1449 ὄνομα
663 1414 783 1441 ἐναντίον
792 1415 875 1442 ὲθνῶν

87 1461 133 1488 καὶ
150 1460 280 1495 βατιλέων
301 1460 382 1491 ἵππος
398 1459 542 1494 γενόμενος
554 1468 560 1475 ·
574 1461 601 1486 ἐν
614 1460 641 1485 δὲ
663 1459 701 1494 τῷ
719 1460 815 1494 μηκέτι
827 1460 875 1487 αὒ-

86 1505 131 1532 τὺν
147 1505 207 1541 ζῇν,
218 1505 274 1532 ἀλλ’
291 1506 320 1532 ὲν
335 1504 423 1540 ἑαυτῷ
438 1504 568 1531 δεικνύειν
589 1504 677 1536 ζῶντα
692 1505 793 1532 ἐκεῖνον
804 1525 811 1538 ,
826 1507 872 1533 καὶ

86 1545 200 1586 δοκιμὴν
223 1551 320 1578 διδόναι
339 1550 386 1578 τοῦ
406 1552 434 1577 ὲν
449 1550 522 1586 αὐτῷ
535 1550 677 1582 λαλοῦντος
693 1551 821 1586 Χριστοῦ,
831 1550 871 1578 οί-

86 1605 134 1628 us;
164 1597 358 1632 περιληπτικὺς
384 1597 432 1632 τῆς
455 1597 640 1632 ἀπερίληπτον
662 1597 807 1632 γενόμενος
822 1599 872 1632 φύ-

87 1650 164 1673 σεως.

924 191 977 214 tem
989 186 1022 214 de
1036 193 1068 213 ea
1088 185 1167 213 nobis
1177 185 1249 212 inest
1267 183 1457 218 intelligentia,
1474 183 1628 217 mentisque
1642 190 1709 210 con~

923 231 1021 267 ceptio,
1035 235 1077 259 est
1089 230 1241 259 similitudo
1254 231 1314 266 ejus
1325 230 1398 265 quod
1413 229 1554 265 quaeritur.
1565 228 1623 256 Non
1636 229 1708 256 enim

923 277 1045 305 ostendit
1063 277 1150 312 ipsam
1176 277 1249 304 illius
1271 275 1403 306 formam,
1426 282 1507 310 quam
1522 281 1610 309 neque
1632 276 1708 301 novit

923 323 1059 358 quispiam
1072 342 1080 354 ,
1100 329 1190 356 neque
1207 329 1288 349 nosse
1302 326 1349 348 aut
1364 320 1456 348 videre
1473 323 1579 354 potest.
1597 319 1644 346 sed
1660 327 1707 354 per

924 369 1064 405 speculum
1076 373 1103 396 et
1114 369 1228 404 aenigma
1241 368 1373 396 describit
1386 367 1531 402 quamdam
1550 366 1623 394 illius
1635 367 1706 400 quod

923 415 1056 454 qumritur
1068 418 1243 449 apparentem
1258 413 1389 448 speciem,
1402 420 1463 447 qua:
1478 412 1550 440 inest
1561 412 1660 440 animis
1674 420 1707 439 ex

923 460 1040 496 quadam
1055 461 1225 494 conjectura.
1239 459 1334 486 Omnis
1345 463 1435 486 autem
1450 457 1536 486 oratio
1553 465 1615 493 quae
1629 457 1708 492 signi-

925 507 982 534 licat
1011 505 1167 541 hujusmodi
1193 505 1294 533 mentis
1313 504 1525 540 conceptiones,
1550 503 1630 530 habet
1654 503 1707 529 vim

923 551 1065 586 cujusdam
1079 551 1174 586 puncti
1186 550 1402 584 individui,,non
1426 549 1518 577 valens
1531 549 1668 583 explicare
1681 548 1707 575 id

923 598 996 632 quod
1015 598 1073 625 vult
1086 597 1185 624 mentis
1203 596 1348 632 cogitatio:
1364 595 1432 623 adeo
1449 599 1478 622 ut
1493 595 1583 622 omnis
1598 594 1707 628 quidem

923 643 1053 678 cogitatio
1077 642 1230 677 ruentisque
1258 641 1400 676 conceptio
1424 641 1459 668 sit
1480 640 1550 667 infra
1567 640 1612 668 Dei
1632 648 1708 667 cont-

924 688 1145 723 prehensioncm.
1169 687 1264 714 Omnis
1292 690 1381 714 autent
1412 686 1594 721 interpretans
1621 686 1708 713 oratio

924 734 1031 762 videtur
1044 741 1106 761 esse
1122 733 1203 760 breve
1219 736 1359 768 punctum.
1382 736 1411 759 ut
1426 739 1488 767 quae
1502 739 1556 759 non
1569 731 1656 766 possit
1670 731 1708 759 si-

926 779 980 806 mul
992 778 1102 807 extendi
1118 786 1180 806 cum
1203 778 1346 805 latitudine
1361 777 1536 813 cogitationis
1554 777 1707 812 mentisque

924 824 1123 860 conceptionis.
1149 824 1275 850 Animam
1296 831 1378 856 ergo,
1405 831 1464 858 quae
1486 831 1533 858 per
1551 823 1706 858 hujusmodi

925 871 1023 898 mentis
1038 870 1236 904 conceptiones
1254 873 1382 904 tanquam
1398 876 1479 896 manu
1497 869 1606 895 ducitur
1618 869 1650 896 ad
1663 877 1706 896 eo-

924 924 984 944 rum
1000 923 1061 951 quae
1077 916 1137 951 capi
1160 923 1214 943 non
1233 919 1349 950 possunt
1365 915 1568 950 cogitationem,
1581 915 1646 942 dicit
1661 923 1708 950 per

924 962 1010 989 solam
1027 961 1105 989 tidem
1124 965 1251 996 oportere
1269 960 1303 987 ad
1320 968 1397 988 suam
1414 960 1586 987 introducere
1603 960 1707 987 habita-

925 1008 1025 1034 tionem
1036 1010 1162 1034 naturam
1179 1007 1252 1033 illam
1265 1013 1325 1040 quae
1349 1013 1456 1033 omnem
1480 1009 1590 1041 superat
1609 1005 1702 1032 intelli-

923 1052 1054 1088 gentiam.
1068 1051 1102 1078 Et
1127 1052 1178 1079 hoc
1193 1055 1236 1078 est
1251 1051 1317 1078 illud
1333 1051 1405 1086 quod
1420 1051 1519 1079 dicitur
1538 1051 1572 1079 ab
1590 1051 1686 1078 amicis
1699 1061 1706 1078 :

926 1098 996 1130 Tibi,
1013 1105 1029 1125 ο
1044 1098 1146 1130 anima,
1163 1105 1223 1133 qua:
1241 1101 1315 1125 recte
1331 1097 1410 1132 equis
1429 1105 1459 1125 es
1476 1097 1626 1124 assimilata
1641 1117 1647 1127 ,
1669 1096 1708 1123 la-

925 1145 1028 1172 ciemus
1053 1143 1176 1179 quaedam
1205 1143 1327 1171 veritatis
1350 1143 1498 1171 simulacra
1521 1146 1548 1171 et
1575 1142 1706 1178 quasdam

925 1189 1127 1217 similitudines.
1141 1189 1304 1224 llujusmodi
1318 1192 1360 1216 est
1372 1189 1443 1216 enim
1456 1189 1551 1216 horum
1563 1189 1711 1221 verborum.

925 1236 1028 1270 argenti
1043 1235 1094 1265 \‘is.
1110 1238 1138 1262 ut
1153 1235 1321 1263 suscitabula
1335 1235 1457 1270 qtuedam
1473 1235 1551 1270 ignea
1566 1235 1707 1262 videantur

925 1288 986 1308 esse
1009 1281 1109 1312 verba,
1132 1288 1192 1316 qum
1209 1289 1263 1308 non
1290 1285 1404 1316 possunt
1430 1284 1558 1308 accurate
1572 1285 1598 1308 ct
1612 1283 1707 1307 exacte

925 1325 1078 1358 ostendere,
1094 1333 1154 1361 qua!
1169 1326 1250 1358 inest,
1267 1326 1365 1354 mentis
1382 1325 1596 1361 conceptionem.
1609 1325 1648 1352 Tu
1659 1332 1708 1352 au-

926 1375 979 1398 tem
995 1371 1037 1399 his
1052 1372 1169 1407 acceptis
1181 1393 1188 1404 ,
1206 1371 1252 1399 lies
1273 1380 1321 1407 per
1347 1372 1426 1400 ﬁdem
1446 1371 1587 1407 subjugale
1602 1372 1708 1405 jumen-

927 1421 982 1443 tum
996 1421 1023 1444 et
1039 1417 1223 1444 habitaculum
1238 1417 1297 1452 ejus
1314 1419 1359 1453 qui
1372 1418 1399 1444 in
1415 1421 1441 1445 te
1463 1423 1505 1445 est
1519 1417 1689 1444 habitaturus
1699 1436 1707 1448 .

927 1470 974 1496 per
998 1469 1057 1489 eam
1082 1470 1143 1496 qua:
1158 1469 1198 1491 est
1228 1464 1254 1490 in
1275 1468 1300 1490 te
1329 1463 1540 1495 habitationem;
1555 1462 1621 1497 ejus.
1635 1462 1707 1489 enim

927 1508 974 1536 lies
986 1512 1013 1536 ct
1026 1509 1105 1536 sedes
1117 1513 1143 1536 et
1157 1510 1264 1536 domus.
1277 1508 1404 1537 Fortasse
1416 1512 1505 1536 autem
1517 1508 1616 1536 dixerit
1629 1507 1708 1542 quis-

924 1553 995 1587 piam
1009 1553 1085 1580 Pauli
1103 1553 1232 1586 animant,
1246 1558 1293 1580 aut
1310 1553 1399 1588 siqua
1417 1553 1469 1580 alia
1495 1553 1518 1580 ei
1535 1552 1615 1580 fuerit
1630 1552 1707 1580 simi-

925 1599 960 1626 lis
973 1618 980 1630 .
1002 1598 1111 1634 dignam
1131 1606 1192 1627 esse
1206 1598 1239 1626 de
1258 1607 1310 1634 qua
1331 1599 1390 1626 haec
1411 1599 1492 1626 verba
1508 1598 1644 1626 dicantur.
1662 1598 1708 1624 llle

924 1645 996 1671 enim
1011 1645 1096 1672 semel
1117 1644 1206 1672 factus
1222 1652 1271 1672 vas
1292 1644 1453 1676 electionis.
1473 1651 1556 1678 supra
1582 1651 1612 1672 se
1637 1647 1661 1670 et
1681 1643 1706 1669 in

86 1696 116 1716 se
137 1689 253 1716 habebat
269 1688 535 1724 Dominumzequus
550 1688 661 1724 quidem
683 1688 771 1717 lactus
797 1689 823 1716 in
840 1697 873 1717 eo
909 1690 981 1725 quod
1003 1694 1136 1724 .portarct
1159 1690 1220 1725 ejus
1236 1697 1334 1717 nomen
1351 1689 1385 1716 ad
1403 1693 1497 1725 gentes
1517 1693 1544 1716 et
1568 1696 1645 1724 reges
1660 1688 1679 1703 "
1698 1697 1705 1714 :

85 1741 114 1760 In
131 1741 162 1761 eo
176 1738 267 1761 autem
281 1733 355 1769 quod
371 1734 429 1769 ipse
444 1742 498 1761 non
512 1734 630 1769 amplius
646 1734 758 1767 viveret,
771 1735 820 1763 sed
838 1735 912 1762 illum
926 1737 952 1763 iu
965 1744 994 1764 se
1008 1736 1163 1763 ostenderet
1196 1736 1342 1766 viventem.
1372 1741 1398 1762 et
1430 1735 1507 1762 daret
1537 1734 1708 1768 experimen-

87 1781 144 1804 tum
155 1778 256 1806 Christi
275 1779 302 1805 in
317 1786 347 1806 se
362 1779 498 1813 loquentis
509 1779 542 1811 ",
560 1778 673 1806 ell‘ectus
688 1779 787 1807 domus
803 1781 945 1808 continens
976 1781 1050 1808 illam
1086 1785 1212 1808 naturam
1241 1788 1301 1815 quin
1335 1788 1388 1808 non
1402 1783 1489 1815 potest
1500 1777 1706 1813 comprehendi.

122 1825 215 1852 Ταῦτα
226 1825 280 1852 τῶν
290 1825 374 1860 φίλων
384 1826 430 1852 τοῦ
441 1826 557 1860 νυμφίου
572 1827 605 1861 τῇ
619 1825 726 1862 καθαρᾷ
745 1827 791 1853 καὶ
802 1835 873 1862 παρ-

85 1870 156 1905 θένῳ
171 1870 360 1905 χαρισαμὲνων
370 1871 441 1906 ψυχῇ
453 1869 519 1905 (είεν
527 1871 548 1897 δ’
564 1869 636 1898 οὗτοι
650 1871 684 1898 τὰ
697 1871 874 1908 λειτουργικὰ

86 1915 230 1950 πνεύματα
245 1916 278 1942 τὰ
298 1916 337 1947 εἰς
352 1915 488 1942 διακονίαν
508 1916 737 1952 ἁποδτελλόμενα,
753 1917 797 1944 διὰ
811 1918 874 1950 τοὺς

87 1959 235 1994 μέλλοντας
252 1959 429 1995 κληρονομεῖν
449 1961 606 1996 σωτηρίαν),
626 1961 790 1997 τελειότερον
815 1970 874 1993 πως

84 2005 189 2039 γίνεται
205 2006 238 2040 τῇ
253 2004 395 2041 προσθήκῃ
411 2005 464 2032 τῶν
479 2007 654 2041 χαρισμάτων
668 2008 684 2042 ἡ
701 2007 805 2043 νύμφη.
818 2008 873 2035 Καὶ

87 2050 188 2084 μᾶλλον
213 2050 415 2085 προσεγγίσασα
432 2051 471 2086 τῷ
489 2051 662 2086 ποθουμένῳ,
679 2052 743 2087 πρὶν
761 2052 791 2079 τὸ
808 2052 872 2079 κάλ-

84 2096 129 2128 λος
144 2095 225 2122 αὐτοῦ
241 2097 296 2127 τοῖς
306 2096 452 2131 ὀφθαλμοῖς
468 2097 632 2132 ὲμφανῆναι,
643 2097 689 2124 διὰ
697 2098 746 2133 τῆς
755 2098 872 2133 ὀσφραν-

85 2143 163 2177 τικῆς
175 2141 326 2178 αἰσθήσεως
344 2142 389 2168 τοῦ
413 2141 578 2178 ζητουμένου
594 2143 755 2177 ἐφάπτεται,
767 2141 822 2170 οἷόν
835 2153 871 2171 τι-

85 2196 129 2219 νος
141 2188 244 2223 χρωτὸς
259 2188 376 2222 ἰδιότητα
390 2188 557 2224 ὀσφραντικῇ
576 2188 689 2224 δυνάμει
704 2189 871 2224 κατανοήσα-

959 1828 1027 1855 Cum
1053 1828 1134 1855 amici
1159 1827 1253 1862 sponsi
1277 1827 1333 1853 haec
1355 1833 1431 1861 pura;
1449 1825 1587 1852 dedissent
1610 1822 1706 1862 virgini

924 1873 962 1908 (hi
979 1878 1067 1901 autem
1079 1877 1142 1901 stult
1156 1873 1378 1900 administratorii
1392 1871 1514 1906 spiritus,
1525 1869 1571 1905 qui
1589 1869 1704 1896 mittun-

923 1923 968 1946 tur
984 1918 1017 1946 ad
1034 1919 1214 1946 ministerium
1231 1939 1238 1950 ,
1261 1922 1371 1954 propter
1391 1925 1438 1945 eos
1460 1916 1506 1951 qui
1530 1920 1594 1943 sunt
1622 1913 1705 1942 futuri

923 1964 1046 1991 lucredes
1067 1965 1164 1991 salutis
1180 1964 1233 2000 ³³),
1253 1971 1354 2000 sponsa
1377 1964 1407 1990 ﬁt
1428 1960 1627 1998 quodammodo
1650 1967 1704 1995 per-

925 2009 1022 2036 fectior
1046 2017 1093 2044 per
1118 2010 1266 2043 gratiarum
1294 2009 1490 2036 accessionem.
1519 2006 1640 2041 Cumque
1673 2004 1704 2031 ad

925 2063 987 2084 cum
1018 2064 1098 2090 quem
1131 2056 1303 2083 desiderabat
1334 2055 1421 2090 magis
1449 2053 1704 2088 appropinquasset,

924 2102 1083 2136 priusquam
1101 2102 1160 2136 ejus
1172 2101 1346 2136 pulchritudo
1362 2100 1449 2128 oculis
1463 2100 1645 2135 apparuisset,
1659 2105 1707 2132 per

925 2148 1058 2175 odorandi
1083 2146 1238 2175 facultatem
1254 2155 1315 2174 eum
1330 2154 1410 2181 quem
1433 2145 1572 2180 quaerebat
1586 2143 1703 2178 attingit,

925 2197 952 2221 et
979 2194 1060 2221 veluti
1088 2193 1230 2228 cujusdam
1255 2193 1355 2220 coloris
1384 2192 1550 2227 proprietate
1575 2191 1609 2216 ab
1638 2189 1706 2216 odo-

86 2241 131 2263 σα,
159 2232 205 2259 καί
229 2241 310 2268 φησιν
333 2233 517 2267 ἐπεγνωκέναι
542 2234 624 2260 αὺτοῦ
649 2234 697 2269 τὴν
729 2234 815 2270 ὀσμὴν
839 2236 871 2270 τῇ

926 2239 1003 2267 randi
1029 2239 1157 2266 facultate
1170 2238 1374 2270 animadversa,
1391 2237 1457 2265 dicit
1474 2244 1504 2264 se
1525 2236 1584 2270 ejus
1604 2241 1706 2269 cogno-

84 2277 185 2313 εὐωδίᾳ.
209 2278 256 2304 τοῦ
279 2278 375 2314 μύρου,
392 2275 422 2305 οὗ
441 2279 536 2314 νάρδος
558 2279 615 2307 ἐστὶ
631 2279 661 2306 τὸ
676 2279 771 2314 ὄνομα,
786 2280 872 2316 ταύτῃ

85 2322 155 2358 πρδς
168 2323 230 2355 τοὺς
245 2323 336 2357 φίλους
349 2325 381 2360 τῇ
398 2325 472 2360 φωνῇ
495 2325 654 2360 χρησαμένη
665 2345 673 2356 ,
686 2325 801 2360 Νὰρδος
813 2335 872 2360 μου

85 2368 199 2394 ἔδωκεν
221 2369 320 2403 ὀσμὴν
337 2370 441 2397 αὐτοῦ.
464 2370 570 2406 Ὥσπερ
586 2370 680 2405 ὑμεῖς,
697 2371 795 2406 φησιν,
820 2371 870 2398 οὐκ

85 2414 154 2441 αὐτὸ
166 2414 195 2440 τὸ
210 2414 344 2450 ἀκήρατον
360 2416 407 2450 τῆς
422 2415 546 2450 θεότητος
567 2416 688 2451 χρυσίον,
704 2416 761 2442 an‘
773 2415 871 2451 ὁμοιώ-

86 2470 161 2494 ματα
175 2461 219 2487 διὰ
233 2461 286 2487 τῶν
306 2461 436 2497 χωρητῶν
457 2463 522 2497 ἡμῖν
538 2463 680 2498 νοημάτων
697 2463 742 2489 τοῦ
760 2463 871 2499 χρυσίου

85 2506 242 2542 χαρίζεσθε,
264 2507 293 2532 οὐ
312 2506 442 2540 τηλαυγεῖ
459 2507 497 2542 τῷ
515 2507 586 2542 λόγῳ
605 2509 639 2534 τὰ
656 2509 715 2534 κατ’
731 2509 812 2535 αὑτὸν
826 2510 872 2536 ὲκ-

85 2551 280 2583 κιλύπτοντες,
294 2550 361 2578 ἀλλὰ
373 2550 416 2578 διὰ
428 2551 478 2586 τῆς
494 2551 657 2588 βραδύτητος
669 2553 724 2580 τῶν
737 2554 783 2580 τοῦ
796 2554 870 2588 λογι-

85 2597 135 2625 aut?
147 2598 182 2632 ἀρ
189 2597 267 2632 γύρου
281 2596 445 2632 στιγμάτων,
461 2597 592 2632 ἐμφάσεις
606 2600 680 2631 τινὰς
696 2600 870 2636 παρασχόμε-

85 2652 127 2671 νοι
138 2643 185 2671 τοῦ
201 2644 377 2680 ζητουμένου·
393 2645 464 2672 οὕτω
477 2646 554 2683 κάγὼ
568 2647 611 2674 διὰ
622 2648 670 2683 τῆς
680 2648 809 2680 εὐπνοίας
823 2648 869 2675 τοῦ

84 2689 155 2725 ιμοῠ
173 2688 269 2724 μύρου,
282 2689 331 2725 τὴν
347 2690 431 2726 αὐτὴν
449 2691 552 2718 ἐκείνου
568 2692 680 2721 εὐωδίαν
695 2694 728 2728 τῇ
743 2693 869 2729 αἰσθήσει

126 2778 147 2794 ⁸¹
159 2777 218 2806 Act.
244 2785 284 2813 Ix,
308 2778 339 2806 l5
377 2778 398 2794 "
416 2777 437 2804 ll
452 2777 514 2806 Cor.
531 2786 590 2812 xm,
607 2779 632 2806 3.
673 2777 785 2806 “Hebr.
799 2786 818 2813 1,
836 2779 880 2806 ll.

923 2286 994 2313 visse
1016 2285 1146 2316 odorem,
1165 2292 1260 2319 nempe
1286 2284 1415 2319 unguenti
1442 2290 1553 2311 suavem
1584 2281 1705 2312 odorem,

922 2331 1003 2365 cujus
1032 2338 1132 2358 nomen
1159 2335 1201 2358 est
1231 2329 1334 2358 nat-dus
1351 2350 1358 2361 ,
1388 2329 1439 2356 hac
1471 2335 1538 2356 voce
1567 2331 1646 2355 utens
1671 2327 1705 2354 ad

922 2377 1034 2410 amicos,
1052 2376 1160 2404 Nardus
1182 2385 1238 2411 mea
1253 2376 1323 2403 dedit
1343 2376 1447 2403 adorem
1462 2383 1548 2402 suum.
1565 2373 1706 2407 Quomodo

925 2423 998 2450 enim
1013 2423 1184 2458 vos,inquit,
1214 2431 1266 2450 non
1285 2423 1374 2458 ipsum
1394 2423 1531 2450 sincerum
1554 2429 1649 2448 aurutn
1669 2420 1707 2448 di-

924 2468 1054 2500 vinitatis,
1076 2467 1122 2495 sed
1146 2476 1193 2502 per
1215 2475 1262 2496 eas
1287 2469 1385 2496 mentis
1410 2466 1611 2502 coneeptiones,
1637 2473 1706 2500 quas

923 2522 1021 2548 capere
1035 2522 1192 2549 possumus,
1208 2514 1287 2542 nobis
1301 2514 1407 2542 donatis
1420 2513 1480 2540 auri
1497 2512 1703 2542 similitudines.

923 2568 978 2587 non
1002 2560 1121 2587 dilucida
1138 2560 1262 2588 oratione
1285 2568 1345 2596 quae
1369 2564 1432 2587 sunt
1455 2559 1515 2593 ejus
1540 2557 1704 2592 aperientes,

924 2605 970 2632 sed
984 2613 1032 2640 per
1045 2605 1157 2640 exiguas
1173 2605 1278 2633 ratione
1293 2605 1399 2641 praediti
1415 2604 1519 2639 argenti
1532 2607 1622 2634 notas,
1638 2608 1706 2636 pne-

924 2649 1020 2678 bentes
1032 2651 1163 2686 quasdam
1175 2656 1336 2686 apparentes
1345 2650 1451 2686 species
1457 2650 1517 2685 ejus
1530 2648 1600 2684 quod
1608 2646 1706 2683 quieri-

923 2699 967 2722 tur
976 2704 982 2723 :
992 2695 1027 2723 ita
1045 2703 1095 2732 ego
1104 2704 1211 2732 quoque
1221 2704 1269 2732 per
1280 2697 1348 2725 bene
1355 2697 1503 2732 spirantem
1513 2695 1564 2724 mei
1576 2691 1706 2729 unguenti
