1984 3068
54 1214 101 1263 ἔῖ
126 1224 239 1271 Τίς

269 70 321 99 823

867 79 896 108 S.
917 79 1083 109 GREGORII
1110 82 1254 112 NYSSENI

1839 73 1887 102 8°”

267 131 458 168 fragrantiam.
489 141 570 162 sensu
598 136 705 170 percepi
736 136 809 164 illius
837 137 923 172 ipsius
950 137 1053 165 bonum

1109 140 1309 176 παρεδεξάμην.
1333 140 1457 174 Τοιοῦτον
1477 140 1506 166 δέ
1528 147 1588 165 τινα
1610 137 1671 164 νοῦν
1694 137 1766 164 δοκεῖ
1787 145 1831 172 μοι
1860 136 1886 162 τὸ

267 177 392 205 odorem.
416 179 479 206 Mihi
497 184 588 207 autem
608 181 634 207 id
658 181 730 216 quod
746 181 858 214 dicitur,
876 182 983 210 videtur
1005 183 1055 210 ha-

269 224 333 251 bere
355 225 438 252 talem
465 233 575 253 sensum
593 227 838 262 :Qnandoquidcm
863 229 1012 255 multorum
1029 232 1056 255 ct

269 270 440 299 diversorum
467 278 632 305 aromatum,
654 274 701 301 sed
722 281 775 301 non
800 282 832 301 ex
858 274 910 301 alia
931 274 1055 309 proprie-

269 319 343 346 tate.
373 316 442 344 bene
469 318 651 351 spirantium,
686 319 834 346 artiﬁciosa
864 323 891 346 et
916 319 1056 346 moderata

270 360 365 388 mistio
382 362 436 389 tale
452 363 720 398 eﬂicitunguentum,
731 372 762 391 ex
777 364 811 391 iis
819 372 879 399 qua:
895 364 976 392 simul
995 363 1054 399 inji-

268 405 390 438 ciuntur.
408 415 462 434 una
482 408 565 436 herba
583 410 734 442 redolente,
756 410 799 437 cui
815 418 915 438 nomen
936 413 978 438 est
993 418 1057 437 nar-

269 451 333 484 dus,
348 460 446 480 nomen
463 454 587 488 praebens
607 456 656 482 toti
677 456 871 491 compositioni
889 465 896 483 :
914 455 986 491 quod
1004 463 1055 482 au-

269 500 325 524 tem
341 504 373 524 ex
389 499 518 526 omnibus
533 501 694 528 aromaticis
707 502 922 536 proprietatibus
933 502 960 529 in
975 509 1056 528 unam

269 543 433 570 conciliatur
464 549 492 572 et
522 545 657 573 conflatur
693 546 888 581 fragrantiam,
927 551 1055 582 tanquam

269 585 359 619 ipsum
385 588 479 621 sponsi
505 596 617 616 suavem
643 589 757 617 odorem
788 596 919 626 purgatus
942 591 1057 626 suscipit

269 639 388 660 sensus:
415 633 471 661 hmc
488 642 536 669 per
555 643 586 663 ea
607 643 668 671 qme
687 636 760 664 dicta
779 641 843 665 sunt
865 637 1056 665 existimamus

270 676 388 706 Verbum
405 687 455 707 nos
470 681 590 713 erudire,
602 682 676 717 quod
693 682 759 709 illud
771 682 894 718 quidem,
911 683 1057 718 qualecun-

269 732 324 759 que
347 725 383 753 sit
409 727 559 754 secundum
586 729 750 760 essentiam,
776 729 849 764 quod
875 737 969 756 eorum
996 737 1056 765 qua:

270 775 345 802 sunt,
360 778 471 807 superat
485 780 594 801 omnem
607 774 830 802 constitutionem
843 780 869 802 et
880 775 1056 803 administra-

1106 186 1251 222 λεγόμενον
1268 186 1354 222 ἔχειν·
1367 185 1475 220 Ἐπειδὴ
1492 184 1596 212 πολλῶν
1609 184 1656 210 καὶ
1668 182 1803 218 διαφόρων
1817 183 1886 217 ἀρω-

1108 231 1211 266 μάτων,
1235 231 1292 258 ἀλλ’
1313 231 1344 257 οὐ
1367 231 1428 257 κατ’
1443 230 1526 264 ἄλλην
1553 229 1670 263 ἰδιότητα
1695 227 1885 257 εὑπνοούντων,

1106 276 1216 311 τεχνικὴ
1235 284 1276 306 τις
1292 275 1338 302 καὶ
1350 275 1486 310 ἔμμετρος
1502 274 1572 309 μίξις
1588 273 1618 299 τὸ
1634 271 1752 298 τοιοῦτον
1767 270 1886 306 ἀπεργάι

1106 320 1180 353 ζεται
1198 321 1292 356 μύρον,
1312 321 1375 356 μιᾶς
1396 328 1466 351 τινος
1482 319 1550 350 πόας
1570 317 1685 349 εὐώδους
1705 318 1737 343 ὲκ
1757 317 1811 342 τῶν
1828 325 1887 342 συν-

1106 366 1322 402 εμϐαλλομένων,
1364 366 1447 400 δνομα
1463 364 1558 399 νάρδος
1569 364 1650 394 ἐστὶν,
1666 363 1719 398 ὅλῳ
1733 362 1772 396 τῷ
1791 361 1885 388 σκευά-

1108 421 1189 447 σματι
1207 411 1396 447 παρεχομένης
1415 410 1445 437 τὸ
1458 410 1557 445 δνομω
1573 408 1603 435 τὸ
1614 409 1641 435 δὲ
1659 409 1690 434 ὲκ
1705 408 1812 434 πάντων
1834 407 1886 433 τῶν

1106 457 1290 493 ἀρωματικῶν
1315 457 1465 491 ἰδιωμάτων
1495 456 1535 486 είς
1563 454 1627 489 μίαν
1651 452 1886 488 συνερανιζόμενον

1106 503 1243 534 εὕπνοιαν,
1258 503 1295 534 ὡς
1308 502 1393 536 αὐτὴν
1408 501 1454 528 τοῦ
1475 501 1592 536 νυμφίου
1615 500 1663 535 τὴν
1683 499 1794 525 εὐωδίαν
1809 499 1825 532 ἡ
1841 505 1885 524 κε-

1106 549 1265 584 καθαρμένη
1278 548 1406 582 ,αἴσθησις
1421 547 1537 582 δέχεται·
1553 545 1639 572 ταῦτα
1653 545 1698 571 διά
1711 544 1765 570 τῶν
1780 542 1887 578 εἰρημέ-

1106 603 1158 621 νων
1176 594 1313 620 παιδεύειν
1335 593 1408 627 ἡμᾶς
1427 592 1472 617 τὸν
1492 591 1577 624 Λόγον
1600 589 1722 624 οἰόμεθα,
1742 589 1782 615 ὃτι
1803 589 1886 614 έκεῖνο

1108 640 1156 676 μὲν
1167 640 1181 665 ὃ
1192 639 1218 665 τε
1233 647 1297 665 ποτε
1308 639 1368 664 κατ’
1382 637 1476 664 οὐσίαν
1491 636 1559 666 ἐστὶ,
1573 635 1603 662 τὸ
1619 635 1709 670 πάσης
1726 633 1886 669 ὑπερκείμε-

1106 693 1150 712 νον
1171 685 1220 719 τῆς
1240 683 1293 710 τῶν
1309 683 1392 710 ὄντων
1418 681 1572 713 συστάσεώς
1596 689 1624 707 τε
1650 680 1697 707 καὶ
1718 680 1885 714 διοικήσεως,

1106 730 1252 766 ἀπρόσιτόν
1266 737 1296 756 τε
1311 729 1358 755 καὶ
1373 728 1474 762 ἀναφὲς
1491 727 1538 754 καὶ
1552 726 1687 761 ἄληπτον·
1709 726 1726 760 ἡ
1740 725 1767 751 δὲ
1781 726 1808 751 ὲν
1824 725 1887 760 ἡμῖν

1105 776 1149 803 διὰ
1169 776 1219 811 τῆς
1239 775 1294 802 τῶν
1313 774 1417 810 ἀρετῶν
1434 772 1619 808 καθαρότητος
1640 770 1829 807 μυρεψουμένη
1844 769 1887 795 εὑ·

270 816 382 850 tionem.
407 818 579 846 inaccessum
601 824 653 850 est.
671 828 760 855 neque
782 821 855 856 tangi
870 825 916 847 aut
931 828 1055 856 compre-

1109 821 1181 852 ωδία,
1197 808 1257 847 ἀντ’
1275 808 1378 846 ἐκείνου
1398 819 1463 854 ἡμῖν
1478 817 1591 852 γίνεται,
1609 815 1761 851 μιμουμένη
1777 813 1815 849 τῷ
1830 813 1888 840 καθ’

269 862 351 890 bendi
374 868 486 898 potest:
507 867 553 900 qui
577 873 641 893 vero
662 866 689 893 in
713 866 794 893 nobis
809 871 851 894 est
875 867 963 894 bonus
987 866 1055 893 odor

270 909 356 936 instar
365 911 495 945 unguenti
509 912 681 947 compositus
695 920 742 947 per
753 912 899 948 puritatem
912 913 1053 944 virtutum,

269 955 293 982 is
305 955 384 983 nobis
396 957 503 984 exsistit
519 957 579 985 loco
593 958 679 990 illius,
695 966 744 986 sua
759 960 878 993 puritate
897 959 1010 986 imitans
1027 959 1055 985 id

269 1001 343 1035 quod
357 1006 399 1029 cst
412 1006 510 1031 natura
531 1004 670 1031 sincerum
689 1008 716 1031 et
732 1005 856 1032 interitui
873 1005 985 1032 minime
1005 1005 1055 1032 ob-

270 1047 397 1080 noxium,
412 1053 439 1076 et
450 1048 572 1077 bonitate
583 1046 700 1081 bonum.
717 1055 743 1078 et
759 1058 792 1078 eo
808 1051 881 1085 quod
899 1059 951 1078 non
964 1052 1057 1078 interit

268 1092 296 1119 id
312 1093 339 1119 in
353 1093 425 1128 quod
439 1102 493 1121 non
509 1095 583 1122 cadit
593 1095 738 1129 interitus,
752 1100 778 1122 et
791 1103 824 1124 eo
834 1096 905 1131 quod
919 1097 1016 1123 mutari
1030 1102 1057 1123 ct

269 1138 379 1166 alterari
394 1147 448 1166 non
463 1144 564 1175 potest,
581 1140 607 1167 id
621 1141 692 1176 quod
709 1145 751 1169 est
763 1141 933 1170 immutabile
948 1145 975 1169 et
986 1141 1055 1169 inal-

269 1183 436 1217 terabileaet
455 1186 585 1214 omnibus
607 1194 668 1221 quae
685 1187 711 1213 in
735 1181 821 1214 nobis‘
833 1191 907 1215 recte
922 1193 1057 1222 geruntur

269 1236 302 1256 ex
328 1230 440 1259 virtute.
463 1239 555 1259 veram
576 1232 704 1259 virtutem
732 1232 920 1267 intelligimus,
943 1233 976 1260 de
1002 1240 1055 1266 qua

269 1275 336 1302 dicit
351 1276 460 1304 Abacuc
475 1278 607 1312 propheta
620 1278 652 1310 ἰ,
661 1278 733 1313 quod
744 1279 948 1313 comprehendit
961 1287 1056 1307 omnes

269 1322 364 1349 caelos.
378 1322 443 1355 Qua:
457 1331 523 1358 ergo
540 1323 597 1351 haec
613 1324 726 1352 disserit
742 1325 813 1359 apud
830 1325 933 1352 amicos
951 1326 1056 1360 sponsi,

270 1376 369 1403 nempe
382 1368 454 1403 quod
471 1376 552 1396 suum
569 1368 681 1396 odorem
695 1368 801 1396 dederit
815 1369 939 1403 nardus;
959 1370 1016 1397 haec
1030 1375 1057 1397 et

270 1421 331 1448 qum
352 1419 417 1441 sunt
444 1414 602 1449 huiusmodi
621 1415 687 1441 mihi
711 1414 818 1442 videtur
838 1415 1056 1450 pltilosophando

1105 867 1204 902 ἑαυτὴν
1214 865 1325 901 καθαρῷ
1339 865 1369 891 τὸ
1383 865 1417 899 τῇ
1433 862 1514 897 φύσει
1526 862 1670 898 ἀκήρατον,
1685 861 1731 888 καὶ
1744 859 1783 895 τῷ
1796 859 1889 894 ἀγαθῷ

1104 913 1135 940 τδ
1155 911 1266 947 ἀγαθον,
1282 912 1330 938 καὶ
1348 909 1386 945 τῷ
1403 909 1534 944 ἀφθάρτῳ
1554 909 1584 934 τὸ
1605 907 1754 942 ἄφθαρτον,
1779 906 1827 932 καὶ
1851 905 1890 940 τῷ

1105 957 1274 992 ἀναλλοιώτῳ
1295 957 1324 983 τὺ
1338 955 1525 986 ἀναλλοίωτον,
1545 954 1590 980 καὶ
1604 954 1670 980 πᾶσι
1687 953 1741 984 τοῖς
1755 952 1815 978 κατ’
1831 952 1890 986 ἀρε-

1105 1004 1155 1041 τὴν
1175 1005 1204 1030 ὲν
1229 1003 1294 1038 ¹ἡμῖν
1314 1000 1541 1036 κατορθουμένοις
1559 999 1607 1035 τὴν
1626 998 1754 1034 ἀληθινὴν
1780 997 1889 1032 ἀρετὴν.

1107 1051 1170 1086 περὶ
1186 1047 1219 1085 ἦς
1238 1057 1319 1084 φησιν
1341 1046 1500 1081 Ἀὅὸακοὺμ
1515 1046 1529 1072 ὁ
1546 1045 1699 1081 προφήτης,
1718 1044 1756 1075 ὼς
1770 1043 1832 1074 τοὺς
1846 1043 1890 1069 οὑ-

1109 1098 1204 1134 ρανοὺς
1215 1097 1319 1127 πάντας
1329 1093 1520 1127 διαλαΰούσης.
1534 1091 1638 1118 Οὐκοῦν
1650 1090 1736 1118 ταῦτα
1749 1090 1815 1125 πρὸς
1828 1089 1889 1120 τοὺς

1107 1143 1200 1178 φίλους
1216 1141 1263 1169 τοῦ
1278 1140 1394 1176 νυμφίου
1409 1138 1554 1171 διεξιοῦσα,
1565 1137 1606 1164 ὅτι
1620 1135 1675 1172 Τὴν
1683 1136 1767 1172 ὀδμὴν
1780 1135 1861 1163 αὐτοῦ
1873 1135 1889 1170 ἡ

1107 1190 1161 1226 ἐμὴ
1181 1189 1277 1224 νάρδος
1297 1188 1359 1223 ἐμοὶ
1374 1187 1481 1214 δίδωσι·
1498 1184 1584 1212 ταῦτά
1602 1193 1647 1219 μοι
1666 1183 1713 1210 καὶ
1733 1182 1767 1209 τά
1782 1181 1892 1208 τοιαῦτα

1107 1236 1181 1262 δοκεῖ
1195 1233 1375 1269 φιλοσοφοῦντι
1390 1232 1489 1266 λέγειν,
1504 1232 1544 1258 ὅτι
1560 1231 1599 1271 Li;
1616 1229 1670 1255 πᾶν
1685 1227 1764 1258 ἄνθος
1781 1226 1892 1257 εὐωδίας

1107 1282 1124 1317 ἢ
1141 1281 1240 1317 ἀρωμα
1253 1281 1285 1306 ἐκ
1298 1279 1352 1305 τῶν
1365 1278 1494 1305 ποικίλων
1510 1277 1560 1311 τῆς
1573 1274 1673 1311 ἀρετῆς
1689 1273 1827 1308 λειμώνων
1847 1272 1893 1317 ἀν-

1108 1315 1273 1361 θολογήσας,
1294 1324 1381 1351 πάντα
1396 1322 1493 1350 ἑαυτοῦ
1508 1322 1552 1348 τὸν
1569 1321 1625 1356 βίον
1645 1320 1766 1354 ἑμμυρον
1780 1316 1825 1344 διά
1843 1315 1894 1350 τῆς

1108 1370 1161 1397 τῶν
1172 1370 1232 1397 καθ’
1246 1369 1359 1396 ἕκαστον
1369 1367 1588 1403 ἐπιτηδευμάτων
1602 1363 1726 1399 εὐοδμῖας
1737 1361 1895 1397 ἀπεργασά-

1111 1425 1201 1452 μενος,
1217 1415 1261 1442 διά
1274 1415 1382 1441 πάντων
1400 1414 1504 1448 γένοιτο
1517 1412 1618 1443 τέλειος
1628 1431 1634 1442 .
1657 1410 1723 1445 πρὸς
1744 1408 1824 1435 αὑτὸν
1845 1408 1895 1442 μὲν

270 1459 372 1492 dicere,
393 1467 490 1495 nempe
511 1461 583 1496 quod
600 1461 623 1487 si
643 1461 707 1496 quis
725 1468 832 1488 omnem
848 1460 918 1488 bene
936 1461 1052 1488 olentem

1110 1463 1154 1489 τὸν
1168 1462 1233 1489 Θεὸν
1246 1462 1341 1495 Λόγον,
1355 1461 1393 1492 ὡς
1408 1459 1475 1496 πρὸς
1488 1459 1564 1494 ἡλίου
1576 1457 1674 1485 κύκλον
1688 1455 1789 1487 ἀτενῶς
1801 1454 1896 1481 ἐνιδεῖν

271 1505 377 1537 ﬂorem,
391 1509 436 1532 aut
451 1513 543 1533 aroma
561 1506 703 1541 collegerit
719 1513 753 1533 ex
769 1506 852 1533 variis
871 1507 956 1541 pratis
972 1507 1059 1534 virtu-

271 1549 318 1581 tis,
329 1554 356 1577 et
372 1553 454 1577 totam
470 1558 547 1577 suam
562 1550 645 1577 vitam
659 1558 744 1578 unum
755 1550 876 1578 ell‘t-cerit
889 1555 1058 1586 unguentum

273 1603 320 1630 per
332 1596 435 1623 bonum
452 1596 564 1624 odorem
581 1597 752 1632 singulorum
769 1597 832 1624 vita:
851 1597 1017 1629 studiorum,
1033 1601 1060 1624 et

271 1648 303 1668 ea
319 1641 423 1668 ratione
443 1649 491 1677 per
517 1642 608 1669 omnia
634 1641 718 1669 fuerit
740 1641 890 1677 perlectus,
910 1642 942 1669 ad
970 1642 1058 1677 ipsum

272 1687 382 1722 quidem
394 1687 442 1715 Dei
455 1687 587 1721 Verbum,
601 1692 729 1722 tanquam
747 1688 780 1714 ad
795 1688 888 1715 orbem
911 1688 977 1716 solm
994 1687 1059 1714 den-

273 1740 336 1767 gere
350 1733 446 1761 oculos
469 1735 595 1771 sua'non
620 1737 713 1768 potest
737 1736 858 1760 natura:
881 1732 929 1761 sed
956 1732 983 1759 in
1001 1732 1060 1767 ipso

271 1783 402 1813 tanquam
416 1779 443 1806 in
459 1779 574 1814 speculo
595 1779 679 1807 solem
694 1778 801 1813 aspicit.
818 1778 892 1805 illius
903 1778 975 1806 enim
990 1785 1060 1805 vera:

272 1827 300 1851 et
321 1824 421 1852 divina!
444 1825 556 1852 virtutis
578 1824 661 1856 radii,
685 1831 761 1859 pura:
783 1824 845 1851 vita:
869 1824 1059 1851 illucescentes

273 1877 321 1904 per
347 1874 502 1897 manantem
531 1877 562 1897 ex
588 1870 643 1897 illis
665 1870 913 1906 impatibilitatem,
940 1869 1061 1896 efﬁciunt

272 1916 355 1943 nobis
374 1916 568 1950 aspectabilem
583 1916 630 1950 qui
643 1919 686 1943 est
702 1916 918 1951 inaspectabilis.
942 1920 968 1942 et
982 1922 1058 1942 com-

272 1961 485 1997 prehensibilem
509 1968 571 1988 eum
589 1961 622 1988 ad
639 1969 720 1996 quem
737 1969 792 1988 non
817 1964 892 1995 patet
915 1959 1016 1991 aditus.
1033 1959 1059 1987 in

273 2006 385 2041 speculo
404 2011 499 2033 nostro
513 2006 598 2033 solem
611 2006 809 2034 describentes.
826 2005 896 2033 Idem
912 2010 953 2033 est
969 2011 1059 2033 autem

273 2052 375 2084 dicere,
391 2051 464 2087 quod
485 2051 519 2079 ad
535 2059 646 2079 sensum
669 2051 776 2083 attinet,
798 2055 845 2078 aut
866 2051 933 2079 solis
956 2051 1058 2082 radios,

273 2101 322 2125 aut
335 2098 445 2125 virtutis
462 2097 553 2125 ﬂuxus
570 2101 596 2125 et
612 2097 810 2130 emanationes,
825 2101 872 2124 aut
885 2096 983 2124 odores
998 2104 1060 2124 aro-

1111 1507 1190 1542 φύσιν
1207 1508 1256 1534 οὐκ
1271 1506 1343 1542 ἔχει·
1360 1506 1388 1532 ἐν
1403 1504 1493 1539 ἐαυτῷ
1512 1504 1540 1530 δὲ
1562 1502 1687 1537 καθάπερ
1707 1501 1736 1527 ὲν
1751 1499 1897 1535 κατόπτρῳ

1111 1553 1203 1588 βλέπει
1218 1552 1262 1579 τὸν
1281 1552 1368 1587 ἥλιον.
1385 1551 1417 1577 At
1436 1550 1491 1586 γὰρ
1505 1549 1554 1584 τῆς
1576 1547 1704 1582 ἀληθινῆς
1722 1546 1829 1580 ἐκείνης
1850 1545 1897 1572 καὶ

1110 1599 1185 1630 Θείας
1207 1599 1307 1634 ἀρετῆς
1324 1598 1433 1628 ἀκτῖνες
1447 1595 1486 1631 τῷ
1504 1593 1702 1628 κεκαθαρμένῳ
1719 1591 1768 1626 βίῳ
1781 1590 1826 1617 διὰ
1845 1590 1897 1625 τῆς

1110 1643 1299 1680 ἀπορρεούσης
1317 1642 1408 1669 αὐτῶν
1430 1640 1563 1672 ἀπαθείας
1582 1639 1785 1673 ὲκλάμπουσαι,
1800 1635 1898 1672 ὁρατὸν

1111 1689 1235 1717 ποιοῦσιν
1244 1690 1309 1724 ἡμῖν
1319 1689 1348 1715 τὸ
1355 1688 1480 1724 ἀόρατον,
1489 1686 1536 1713 καὶ
1545 1684 1646 1720 ληπτὸν
1653 1683 1683 1710 τὸ
1694 1682 1848 1716 ἀπρόσιτον,
1857 1680 1899 1716 τῷ

1110 1735 1237 1771 ἡμετέρῳ
1250 1733 1395 1769 κατόπτρῳ
1406 1730 1629 1767 ὲνζωγραφοῦσαι
1642 1729 1687 1756 τὸν
1698 1728 1782 1763 ἥλιον.
1794 1726 1899 1753 Tauro»;

1110 1781 1138 1807 δέ
1152 1782 1226 1807 ἐστιν
1239 1779 1277 1811 ὡς
1290 1778 1358 1814 πρὸς
1371 1778 1402 1804 τὸ
1416 1777 1575 1812 ἐγκείμενον
1589 1775 1688 1810 νόημα.
1704 1774 1720 1808 ἢ
1736 1773 1847 1803 ἀκτῖνας
1860 1772 1900 1797 εε-

1110 1826 1172 1851 πεῖν
1189 1825 1275 1860 ἡλίου,
1293 1824 1309 1859 ἢ
1328 1824 1377 1858 τῆς
1397 1823 1497 1859 ἀρετῆς
1512 1820 1671 1856 ἀπορροίας,
1687 1819 1704 1854 ἢ
1724 1817 1773 1848 τὰς
1788 1817 1901 1852 ἀρωμα-

1110 1871 1188 1902 τικὰς
1202 1870 1325 1902 εὐωδίας.
1341 1869 1376 1895 Ὅ
1396 1878 1421 1895 τι
1434 1868 1488 1904 γὰρ
1509 1867 1542 1894 ἂν
1555 1868 1587 1893 ἐκ
1601 1864 1702 1893 τούτων
1715 1863 1781 1898 πρὸς
1793 1861 1837 1888 τὸν
1850 1860 1900 1887 τοῦ

1110 1917 1189 1951 λόγου
1217 1915 1319 1943 σκοπὴν
1338 1914 1517 1949 ὑποθὼμεθα.
1535 1912 1565 1939 ἓν
1585 1911 1616 1944 ἐξ
1640 1910 1768 1936 ἁπάντων
1788 1906 1846 1933 ἐστὶ
1869 1905 1901 1932 τὸ

1111 1963 1285 1998 ἐγγινόμενον
1309 1962 1408 1997 νόημα,
1433 1960 1463 1987 τὸ
1488 1959 1532 1986 διὰ
1555 1958 1608 1985 τῶν
1633 1956 1737 1992 ἀρετῶν
1761 1955 1826 1990 ἡμῖν
1851 1951 1900 1978 τοῦ

1111 2009 1201 2036 πάντα
1227 2007 1289 2035 νοῦν
1312 2007 1493 2043 ὑπερέχοντος
1515 2003 1616 2039 ἀγαθοῦ
1637 2003 1687 2037 τὴν
1705 2001 1805 2034 γνῶσιν
1823 1999 1902 2034 ὲγγί-

1111 2055 1214 2086 νεσθαι,
1233 2053 1328 2089 ὥσπερ
1341 2053 1400 2080 ἐστι
1423 2051 1468 2078 διά
1488 2059 1560 2082 τινος
1579 2049 1680 2080 εἰκόνος
1701 2047 1731 2073 τὸ
1745 2046 1901 2081 ἀρχέτυπον

1113 2100 1209 2132 κάλλος
1227 2098 1447 2133 ἀναλογίσασθαι.
1467 2097 1545 2124 Οὕτω
1561 2096 1607 2122 καὶ
1621 2093 1737 2124 Παῦλος.
1753 2093 1769 2127 ὴ
1792 2091 1900 2126 νύμφη,

273 2144 400 2172 maticos.
417 2143 554 2178 Quidquid
573 2143 645 2170 enim
663 2144 837 2178 posuerimus
851 2151 883 2170 ex
901 2151 934 2170 eo
950 2143 982 2170 ad
998 2150 1057 2170 sco-

1112 2147 1126 2173 ὀ
1140 2146 1183 2173 διὰ
1200 2146 1254 2172 τῶν
1270 2144 1375 2180 ἀρετῶν
1388 2143 1434 2170 τὸν
1452 2142 1568 2178 νυμφίον
1586 2139 1763 2175 μιμούμενος,
1777 2136 1824 2163 καὶ
1844 2136 1901 2168 ζω-

273 2198 338 2225 pum
352 2190 439 2222 verbi,
454 2198 507 2216 una
529 2193 645 2224 estquae
659 2197 693 2217 ex
712 2189 843 2217 omnibus
861 2188 889 2216 lit
911 2189 1059 2220 sententia,

273 2244 373 2272 nempe
387 2236 460 2272 quod
476 2235 540 2264 boni
559 2236 715 2270 superantis
730 2242 836 2262 ontnem
849 2235 1059 2270 intelligentiam

274 2289 324 2318 per
338 2283 455 2309 virtutes
475 2282 556 2309 nobis
571 2281 693 2316 cognitio
713 2281 795 2312 inest,
811 2281 883 2308 sicut
898 2288 947 2315 per
962 2287 1060 2315 quam-

273 2328 337 2356 dam
363 2328 509 2362 imaginem
535 2327 649 2363 cogitari
669 2331 759 2362 potest
786 2327 918 2361 primaria
940 2326 1062 2361 pulchri-

276 2375 350 2402 tudo.
366 2373 404 2401 lta
417 2374 500 2401 etiam
518 2374 620 2402 Paulus
632 2374 666 2406 ³⁵,
684 2374 730 2409 qui
753 2378 796 2401 est
818 2381 929 2408 sponsa.
943 2381 992 2408 per
1005 2372 1062 2400 vir-

274 2424 348 2447 tutes
363 2427 494 2454 sponsum
521 2419 642 2453 imitans,
659 2423 686 2446 et
710 2427 759 2454 per
780 2419 897 2454 speciem
916 2419 942 2445 in
968 2426 997 2446 se
1011 2418 1061 2446 de-

275 2466 401 2493 scribens
410 2473 469 2493 eam
481 2465 513 2492 ad
524 2473 605 2500 quam
622 2473 675 2492 non
686 2469 760 2500 patet
770 2465 860 2492 aditus
875 2464 1060 2499 pulchritudi-

275 2519 385 2543 nem,ex
395 2511 529 2539 fructibus
538 2510 948 2546 spiritus,cl1aritate,gaudioel
956 2513 1063 2544 pace.et

275 2565 338 2593 quae
351 2561 417 2585 sunt
430 2556 587 2591 hujustnodi
603 2557 719 2592 species,
737 2556 806 2582 hanc
817 2555 932 2582 nardum
948 2562 1061 2589 compo-

277 2611 346 2632 nens
363 2601 492 2638 tanquam
510 2604 718 2638 unguentarius,
736 2602 803 2629 dicit
819 2602 846 2629 in
863 2609 892 2629 se
906 2609 968 2629 esse
980 2602 1057 2629 Chri-

276 2649 311 2677 sti
325 2649 427 2678 bonum
444 2649 566 2679 odorem,
579 2649 692 2683 gratiam
709 2647 782 2674 illam
796 2651 1017 2682 exsuperantem,
1027 2648 1060 2674 ad

276 2702 357 2732 1uam
374 2702 428 2723 non
451 2697 526 2730 patet
543 2694 644 2725 aditus,
663 2693 689 2720 in
711 2693 804 2728 seipso
821 2692 950 2727 odorans,
967 2697 994 2721 et
1017 2701 1060 2722 se-

312 2780 447 2810 "Iiabac.
461 2788 500 2808 tn.
521 2781 546 2808 5.
587 2780 608 2796 ³³
638 2780 658 2807 ll
675 2781 737 2808 Cor.
759 2789 808 2815 χιι,
826 2781 843 2807 2
863 2789 922 2816 sqq.

1113 2191 1228 2228 γραφῶν
1250 2190 1338 2225 ἑαυτῷ
1361 2189 1406 2215 διά
1428 2188 1475 2214 τοῦ
1498 2187 1554 2223 βίου
1575 2186 1604 2213 τὸ
1625 2184 1770 2219 ἀπρόσιτον
1789 2180 1902 2228 κάλλοςς

1113 2237 1145 2263 ἔκ
1161 2245 1190 2262 τε
1209 2236 1263 2262 τῶν
1278 2234 1392 2271 καρπῶν
1413 2233 1460 2260 τοῦ
1485 2233 1646 2267 πνεύματος,
1671 2228 1781 2263 ἀγάπης
1802 2236 1832 2253 τε
1855 2226 1904 2253 καὶ

1113 2283 1210 2317 χαρᾶς,
1236 2281 1283 2308 καὶ
1304 2281 1426 2317 εἰρήνης.
1445 2279 1492 2305 καὶ
1508 2277 1562 2304 τῶν
1579 2275 1706 2303 τοιούτων
1723 2273 1800 2300 εἱδῶν
1817 2280 1905 2308 μυρε-

1113 2328 1171 2362 ψῶν
1196 2327 1297 2361 ταύτην
1323 2327 1372 2362 τὴν
1394 2325 1507 2360 νάρδον,
1530 2322 1648 2358 Χριστοῦ
1669 2320 1784 2347 εὕωδὶαν
1808 2318 1905 2352 ἔλεγεν

1113 2373 1210 2401 ἑαυτὸν
1229 2371 1316 2404 εἶναι,
1332 2372 1380 2407 τὴν
1401 2370 1546 2406 ἀπρόσιτον
1562 2368 1670 2403 ἐκείνην
1688 2366 1735 2393 καὶ
1752 2364 1906 2399 ὑπερέχου-

1114 2427 1162 2446 σαν
1177 2419 1256 2454 χάριν
1276 2419 1304 2445 ὲν
1319 2417 1408 2452 ἑαυτῷ
1426 2415 1646 2452 ὀσφραινόμενος,
1669 2412 1715 2439 καὶ¹
1738 2412 1793 2442 τοῖς
1810 2409 1905 2440 ἄλλοις
1945 2433 1950 2437 κ

1113 2464 1209 2490 ἑαυτὸν
1222 2463 1349 2498 παρέχων
1363 2462 1457 2497 ὥσπερ
1469 2460 1593 2495 θυμίαμά
1606 2468 1633 2485 τι
1648 2458 1706 2485 κατ’
1718 2455 1845 2488 ἐξουσίαν
1860 2454 1907 2481 ἀν-

1113 2509 1337 2544 τιλαμϐάνεσθαι,
1353 2508 1382 2540 ὃς
1401 2507 1473 2534 κατά
1487 2506 1536 2542 τὴν
1553 2505 1706 2541 προσοῦσαν
1720 2502 1828 2535 ἑκάστῳ
1845 2500 1906 2527 διά-

1116 2556 1206 2587 θεσιν,
1220 2555 1237 2590 ἢ
1260 2554 1390 2587 ζωοποιδς
1407 2552 1521 2586 ὲγῐνετο,
1537 2551 1553 2586 ἢ
1573 2548 1759 2584 θανατηφόρος
1776 2545 1905 2572 εὓπνοια.

1117 2602 1220 2636 Ὥσπερ
1239 2600 1269 2626 τὸ
1290 2599 1356 2626 αὐτὸ
1378 2598 1462 2633 μύρον
1484 2597 1508 2623 εἰ
1532 2595 1667 2630 κάνθαρος
1685 2593 1732 2620 καὶ
1752 2590 1907 2627 περιστερά

1117 2646 1293 2682 προστεθείη,
1317 2645 1347 2671 οὐ
1371 2644 1469 2671 ταὺτὺν
1494 2643 1537 2669 ἐπ’
1556 2641 1719 2677 ἀμφοτέρων
1737 2636 1905 2674 ἐργάζεταν

1116 2681 1173 2723 ἀλλ’
1185 2692 1202 2728 ἡ
1215 2692 1263 2727 μὲν
1275 2690 1423 2727 περιστερὰ
1436 2687 1644 2725 ρωμαλαιοτέρα
1656 2685 1700 2713 διὰ
1712 2684 1764 2720 τῆς
1773 2681 1908 2713 εὐπνοίας
