1984 3068
129 85 182 114 8'25

658 88 689 115 IN
711 88 859 117 (JANTICS
879 89 1016 118 CAN'HC.
1030 89 1175 117 ιιονιιιςι
1196 88 1239 116 ΙΙΙ.

1695 89 1748 117 8‘23

125 143 173 172 τοῦ
190 144 275 180 μύρου
298 144 411 178 γίνεται,
427 145 441 171 ὁ
462 144 490 171 δὲ
511 144 644 181 κάνθαρος
667 146 822 183 φΟείρεται’
841 147 912 175 οὓτω

964 148 1056 182 ipsum
1080 146 1143 174 aliis
1168 146 1303 181 praebens,
1331 149 1459 181 tanquam
1487 146 1604 180 aliquem
1629 146 1747 174 sumtum

128 189 172 216 ttat
183 190 197 216 ὁ
211 189 297 224 μέγας
310 189 414 222 Παῦλος
427 190 457 217 τδ
473 191 543 217 θεῖον
563 191 652 218 ἐκεῖνο
664 191 800 227 θυμίαμα,
822 194 846 219 εξ
861 193 911 228 μέν

127 242 166 265 τις
178 232 212 269 ἦν
224 235 383 270 περιστερὰ,
394 237 410 272 ἢ
425 235 434 244 ⁵
443 235 531 268 Τῖτον,
543 236 559 270 ἦ
571 235 725 269 Σιλουανὸν,
737 237 753 272 ἢ
769 237 910 272 Τιμόθεον,

127 280 307 315 συμμετεῖχεν
318 280 392 315 αὐτῷ
402 280 452 315 τῆς
461 280 574 312 εὐωδίας
583 281 630 307 τοῦ
643 281 740 317 μύρου,
751 282 912 317 προκόπτων

126 326 154 352 ἑν
168 325 248 352 παντὶ
265 325 339 361 καλῷ
353 328 409 358 τοῖς
423 327 481 353 κατ’
499 327 581 354 αὐτὸν
603 327 809 363 ὑποδείγμασιν.
835 329 866 355 Et
884 329 912 356 δὲ

126 370 220 405 Δημᾶς
233 379 275 402 τις
290 368 324 406 ἦν
342 371 359 407 ἣ
389 371 572 407 Ἀλέξανδρος,
589 373 604 407 ἢ
626 373 801 411 Ἑρμογένης,
820 374 850 400 οὐ
866 375 913 408 φὲ-

127 423 219 450 ροντες
232 416 262 442 τὸ
278 416 328 451 τῆς
345 417 506 452 ἐγκρατείας
524 417 660 452 θυμίαμα,
676 418 820 455 κανθάρων
835 419 912 455 δίκην

126 461 178 487 ὑπὸ
205 461 255 496 τῆς
280 461 393 494 εὐωδίας
416 462 625 496 ἐφυγαδεύοντο.
650 461 686 490 οὗ
714 464 794 501 χάριν
820 464 912 499 ἔλεγεν

125 507 139 533 ὁ
156 508 213 538 τοῖς
231 507 359 539 τοιούτοις
375 508 495 534 εὐπνοῶν
520 508 632 544 μύροις,
656 509 697 536 ὅτι
721 511 850 544 Χριστοῦ
864 512 912 538 εὑ-

125 552 198 578 ωδὶα
211 553 315 587 ἐσμὲν,
323 553 358 580 ἐν
368 554 428 587 τοῖς
441 553 625 589 σωζομένοις.
640 555 689 582 καί
699 556 734 583 ἐν
746 556 808 589 τοῖς
820 557 912 584 ἀπολ-

125 597 276 632 λυμένοις,
303 596 347 632 οἷς
369 599 427 633 μὲν
450 599 528 634 ὀσμὴ
549 600 678 636 θανάτου
699 602 743 634 εἰς
766 601 910 629 θάνατον·

125 641 170 675 οἷς
192 642 226 669 δὲ
247 643 326 677 ὀσμὴ
353 642 427 677 ζωῆς
449 645 491 677 εὶς
517 643 603 678 ζωήν.
626 645 658 671 Εἰ
677 645 706 672 δέ
731 654 757 672 τι
782 645 912 680 συγγενὲς

125 689 171 716 καὶ
193 690 209 725 ἡ
230 689 393 725 εὐαγγελικὴ
413 690 508 725 νάρδος
537 690 594 725 ἔχει
618 691 686 726 πρὸς
702 691 733 718 τὸ
760 691 844 727 μύρον
862 692 912 727 τῆς

124 734 248 770 νύμφης,
280 734 369 767 ἔξεστι
396 734 436 770 τῷ
465 735 617 771 βουλομένῳ
643 736 687 763 διὰ
709 736 762 763 τῶν
790 745 912 772 γεγραμ-

126 779 213 815 μένων
242 780 464 815 ἀναλογίσασθαι,
492 781 533 813 τίς
555 779 589 817 ἦν
615 782 705 817 εκείνη
730 783 746 818 ὴ
773 783 868 817 νάρδος
894 783 911 817 ἡ

125 826 247 862 πιστικὴ,
266 828 282 862 ἡ
300 826 464 861 πολύτιμος,
487 828 504 862 ὴ
528 827 708 862 καταχεθεῖσα
728 828 778 863 μὲν
795 828 846 863 τῆς
865 836 911 854 κε-

125 872 212 907 φαλῆς
236 871 284 899 τοῦ
310 873 431 908 Κυρίου,
458 873 548 899 πάντα
572 873 601 899 δὲ
623 873 668 899 τὸν
692 871 764 900 οἷκον
791 874 841 909 τῆς
863 875 910 900 εὐ-

124 918 205 950 ωδίας
226 917 404 954 πληρώσασα.
424 919 500 955 Τάχα
527 918 582 955 γὰρ
605 919 655 946 οὐκ
674 919 844 952 ἀπεξένωται
863 920 910 946 τοῦ

126 964 211 1000 μύρου
234 964 264 990 τὸ
282 964 382 1000 μύρον,
409 965 423 991 ὂ
439 966 472 1000 τῇ
495 965 588 1001 νύμφῃ
602 965 662 1000 μὲν
682 965 730 1001 τὴν
755 965 839 1001 ὀδμὴν
863 966 910 992 τοῦ

124 1009 239 1044 νυμφίου
262 1009 385 1037 δίδωσιν·
401 1011 430 1037 ὲν
450 1010 478 1037 δὲ
498 1010 537 1045 τῷ
556 1010 713 1045 Εὐαγγελίῳ
728 1010 811 1036 αὐτοῦ
827 1019 911 1037 κατα-

124 1054 205 1091 χυθὲν
225 1055 272 1082 τοῦ
294 1056 414 1091 Κυρίου,
442 1056 541 1091 πληροῖ
565 1056 615 1091 τῆς
635 1056 750 1087 εὐωδίας
768 1056 814 1082 τὸν
838 1056 911 1083 οἶκον

124 1102 153 1128 ὲν
172 1098 195 1136 ᾧ
210 1101 240 1128 τὸ
259 1102 407 1138 συμπόσιον
420 1100 463 1137 ἦν.
479 1103 558 1129 Δοκεῖ
579 1102 634 1137 γάρ
650 1110 695 1137 μοι
711 1102 791 1128 κάκεῖ
806 1110 912 1137 προφηο

123 1147 192 1182 τικῷ
217 1155 270 1174 τινι
297 1147 433 1184 πνεύματι
454 1148 625 1184 προμηνῦσαι
648 1145 693 1174 διὰ
717 1147 764 1174 τοῦ
786 1148 870 1183 μύρου
895 1148 911 1182 ἡ

125 1192 195 1228 γυνὴ
229 1193 260 1219 τὸ
285 1192 332 1219 τοῦ
352 1193 466 1221 Θανάτου
487 1194 651 1229 μυστήριον,
673 1193 762 1225 καθὼς
781 1195 913 1229 μαρτυρ;ἰ

125 1240 184 1271 τοῖς
206 1240 272 1282 παρ’
288 1240 372 1275 αὐτῆς
386 1240 577 1276 γεγενημένοις
596 1242 610 1266 ὁ
623 1239 725 1273 Κύριος
745 1240 847 1273 λέγων’
871 1240 912 1266 ὅτι

124 1285 293 1319 Προέλαϐεν
310 1287 355 1319 εὶς
375 1285 407 1312 τὸ
424 1285 602 1320 ἐνταφιάσαι
618 1294 666 1320 με.
692 1285 747 1312 Καὶ
766 1285 810 1312 τὸν
837 1283 910 1312 οἶκον

125 1330 302 1366 πληρωθέντα
311 1332 360 1367 τῆς
370 1331 482 1363 εὐωδίας
492 1331 552 1358 ἀντὶ
562 1330 662 1362 παντὸς
677 1330 724 1357 τοῦ
742 1331 854 1366 κόσμου,
867 1331 913 1357 καὶ

124 1377 189 1412 ὅλης
210 1378 260 1412 τῆς
278 1378 439 1413 οίκουμένης
463 1379 534 1405 νοεῖν
557 1378 728 1409 ὑποτίθεται,
749 1377 848 1404 εἰπών·
872 1378 913 1403 ὁτι

124 1423 223 1450 Ὅπου
238 1423 293 1450 ἐὰν
311 1423 447 1458 κηρυχθῇ
465 1423 498 1450 τὸ
507 1423 690 1458 Euan-Alter
700 1422 788 1450 τοῦτο
804 1423 839 1449 ἐν
852 1423 912 1455 ὅλῳ

124 1469 165 1502 τῷ
185 1470 301 1504 κόσμῳ,
319 1471 338 1504 ἠ
357 1470 436 1504 ὀσμὴ
454 1469 507 1496 τοῦ
529 1470 618 1505 ἔργου
642 1469 912 1502 συνδιαδοθήσετιιι

124 1515 165 1548 τῷ
178 1515 231 1543 τοῦ
248 1516 432 1551 Εὑαγγελίου
455 1516 635 1550 κηρύγματι,
649 1517 698 1543 καὶ
713 1516 912 1551 μνημόσυνον

125 1563 220 1595 ἔσται,
240 1563 316 1598 φησὶ,
327 1563 438 1596 ταύτης
450 1562 483 1589 τὸ
492 1562 683 1597 Εὑαγτέλιον.
699 1561 802 1588 Οὐκοῦν
819 1563 847 1588 ὲν
862 1562 912 1597 μὲν

124 1608 176 1645 ’τῷ¹
197 1609 316 1644 ’ᾼσματι
336 1609 391 1635 τῶν
413 1609 554 1644 ᾀσμάτων,
586 1609 603 1643 ή
631 1609 728 1644 νάρδος
751 1607 800 1643 τὴν
825 1607 912 1642 ὀσμὴν

124 1653 173 1681 τοῦ
191 1653 306 1689 νυμφίου
323 1656 356 1690 τῇ
380 1654 472 1689 νύμφῃ
488 1654 595 1680 δίδωσι*
610 1654 638 1679 ἐν
656 1654 685 1680 δὲ
698 1653 736 1688 τῷ
754 1653 913 1688 Εὐαγγελίῳ

124 1699 186 1726 ὅλου
200 1699 246 1725 τοῦ
261 1699 385 1734 σώματος
400 1699 448 1734 τῆς
467 1698 630 1734 Ἐκκλησίας
643 1699 671 1724 ὲν
685 1699 758 1734 πάσῃ
775 1699 808 1733 τῇ
825 1700 914 1725 οίκουα

128 1744 196 1780 μένῃ
217 1744 263 1771 καὶ
278 1745 307 1770 ἐν
328 1744 409 1770 παντὶ
421 1743 460 1779 τῷ
477 1744 571 1778 κόσμῳ
587 1744 704 1778 Χριστοῦ
726 1744 824 1770 εὐωδία
840 1744 914 1778 γίνε-

125 1798 185 1819 ται.
197 1790 214 1824 ὴ
231 1789 290 1815 τότε
305 1789 349 1816 τὸν
364 1787 437 1815 οἷκον
451 1787 629 1823 πληρώσασα,
644 1788 713 1822 τάχα
728 1797 769 1819 τις
788 1788 914 1824 εὑρίσκε-

125 1844 170 1862 ται
193 1835 236 1861 διὰ
263 1834 364 1862 τούτων
386 1834 512 1860 κοινωνία
528 1834 557 1860 ὲν
580 1833 760 1870 ἀμφοτέροις,
783 1833 820 1865 ὡς
837 1833 866 1860 ἓν
882 1833 916 1860 τὰ

126 1881 174 1907 δύο
187 1881 285 1907 δοκεῖν.

963 193 1049 220 libere
1070 191 1287 226 suscipiendum,
1314 191 1415 226 quibus
1430 191 1628 219 convenienter
1647 192 1672 219 ei
1689 200 1749 226 quat

963 238 1114 273 unicuique
1131 237 1207 265 adest
1229 237 1378 268 atlectioni,
1393 237 1434 264 vel
1454 237 1578 265 vivificus
1594 238 1636 264 vel
1658 237 1749 265 letifer

962 287 1021 309 erat
1051 282 1163 309 halitus.
1186 280 1329 314 Quomodo
1354 281 1424 308 enim
1446 281 1517 308 ident
1538 286 1708 316 unguentum
1723 282 1747 309 si

963 328 1045 355 fuerit
1061 328 1215 363 appositum
1234 328 1372 356 scarabato
1393 331 1419 354 et
1437 328 1580 359 columbm,
1598 335 1652 354 non
1677 327 1747 355 idem

962 374 1044 401 eflicit
1060 375 1086 401 in
1103 374 1225 408 utrisque
1242 382 1248 400 :
1264 373 1311 400 sed
1323 373 1448 400 columba
1464 372 1572 407 quidem
1587 381 1633 407 per
1647 373 1747 400 bonum

963 420 1094 454 unguenti
1111 419 1226 446 halitum
1245 419 1273 446 fit
1291 419 1442 451 robustior,
1467 418 1560 445 interit
1576 423 1664 444 autem
1688 426 1748 445 sca-

963 466 1085 492 rahtnus:
1107 465 1144 491 ita
1162 465 1244 491 etiam
1271 472 1386 499 magnus
1411 463 1513 490 Paulus
1538 463 1565 489 itt
1587 463 1681 489 divino
1704 462 1749 489 illo

961 511 1063 543 sullitu,
1083 511 1105 538 si
1123 514 1183 538 erat
1200 510 1310 544 quidem
1332 510 1469 544 quispiam
1494 509 1587 543 aliqua
1610 508 1748 540 columba,

962 561 1008 583 aut
1024 555 1102 583 Titus
1116 559 1163 582 aut
1179 555 1326 591 Sylvanus,
1336 558 1383 581 ant
1394 554 1564 584 Timotheus,
1575 561 1637 580 eum
1653 553 1751 587 imper-

963 602 1046 629 tiebat
1063 602 1135 628 bono
1155 601 1241 628 odore
1260 600 1402 635 unguenti,
1421 603 1449 626 ut
1472 600 1517 634 qui
1535 600 1561 625 in
1581 599 1653 625 omni
1678 599 1749 625 bono

962 648 1168 682 suaproticeret
1177 647 1304 673 doctrina
1318 650 1345 674 et
1360 646 1494 680 exemplo.
1510 645 1561 672 Sed
1577 645 1599 672 si
1611 644 1748 679 quispiam

961 697 1022 721 erat
1046 693 1143 721 Detttas
1167 697 1213 720 aut
1230 692 1393 724 Alexander,
1413 695 1459 718 attt
1478 691 1675 724 Hermogenes,
1695 697 1748 717 nnn

965 739 1083 766 ferentes
1107 739 1227 767 sullitum
1255 738 1451 768 continentitc,
1481 745 1535 763 nun
1563 743 1644 763 secus
1667 741 1748 770 atque

963 785 1094 812 scarabaei
1124 785 1289 820 fugabantur
1313 792 1328 811 a
1355 784 1427 810 bono
1450 783 1544 810 odore.
1565 781 1747 814 Quamobrem

928 817 948 844 Β
963 830 1071 857 dicebat.
1097 830 1120 857 is
1142 817 1190 864 q'ui
1215 828 1351 863 ejusmodi
1381 828 1450 854 bona
1478 827 1569 854 elebat
1592 829 1747 860 unguenta:

963 874 1062 902 Christi
1076 875 1159 901 bonus
1176 874 1242 901 odor
1256 881 1347 900 sumus
1363 873 1389 899 in
1405 873 1438 899 iis
1454 873 1498 906 qui
1514 875 1661 901 servantur.
1678 875 1702 896 et
1722 870 1749 896 in

962 923 994 949 iis
1012 922 1056 956 qui
1073 925 1200 955 pereunt:
1217 920 1278 946 aliis
1295 924 1381 945 autent
1399 918 1464 944 ador
1476 919 1567 944 mortis
1586 918 1612 943 in
1627 921 1748 948 mortem,

961 968 1022 994 aliis
1036 971 1122 994 autem
1140 966 1205 992 odor
1220 966 1279 992 vita
1299 966 1325 991 in
1347 965 1428 990 vitam
1439 963 1473 989 ³⁸.
1496 962 1574 996 Quod
1600 962 1623 988 si
1648 961 1750 988 uanius

961 1013 1118 1047 evangelica
1133 1011 1213 1038 habet
1224 1011 1344 1044 aliquant
1357 1009 1515 1036 affinitatem
1532 1016 1593 1035 cum
1610 1012 1750 1042 unguento

962 1065 1080 1094 sponsze,
1096 1058 1159 1084 licet
1172 1057 1273 1084 volenti
1288 1063 1337 1091 per
1345 1063 1375 1083 ea
1389 1063 1449 1090 qure
1464 1055 1568 1089 scripta
1582 1057 1648 1081 sunt
1658 1054 1750 1080 animo

963 1104 1082 1138 cogitare
1091 1111 1208 1138 quaenam
1224 1108 1290 1131 esset
1301 1103 1393 1130 nat-dus
1403 1101 1545 1137 illapistica
1552 1099 1750 1135 pretiosa,quaa

963 1149 1071 1176 Domini
1083 1148 1194 1183 quidem
1205 1147 1288 1181 capiti
1302 1146 1403 1179 infusa,
1413 1149 1495 1172 totam
1511 1145 1621 1171 domum
1636 1143 1750 1178 replevit

964 1193 1036 1220 bono
1048 1191 1132 1218 odore
1141 1191 1173 1218 ³’.
1186 1189 1267 1218 Forte
1280 1190 1352 1217 eniut
1365 1197 1418 1216 non
1433 1188 1483 1215 fuit
1496 1188 1530 1214 ab
1542 1193 1680 1223 unguento
1690 1187 1750 1214 alie-

963 1244 1028 1265 num
1047 1239 1225 1271 unguentum,
1243 1235 1315 1270 qttod
1331 1241 1439 1270 sponsae
1453 1233 1562 1268 quidem
1578 1233 1624 1259 dat
1638 1232 1749 1259 odorem

964 1283 1069 1318 sponsi,
1082 1283 1107 1308 in
1119 1281 1264 1316 Evangelio
1276 1285 1363 1307 autem
1375 1280 1495 1307 infusum
1508 1279 1557 1313 ipsi
1569 1278 1692 1310 Domino,
1704 1278 1752 1304 iut-

964 1330 1019 1365 plet
1029 1326 1100 1356 bono
1108 1328 1192 1355 odore
1205 1327 1316 1354 domum
1328 1326 1355 1352 iu
1370 1333 1422 1361 qua
1437 1329 1496 1372 erat
1507 1324 1671 1352 convivium.
1685 1323 1750 1350 Milli

964 1376 1036 1403 enim
1047 1375 1154 1403 videtur
1163 1373 1324 1408 prophetico
1335 1370 1560 1407 qttodam'spiritu
1572 1378 1618 1403 per
1630 1376 1752 1404 unguen-

965 1427 1022 1449 tum
1035 1421 1204 1456 significasse
1216 1419 1313 1446 mulier
1330 1418 1424 1444 tttortis
1436 1417 1606 1452 mysterium,
1615 1415 1752 1450 quomodo

928 1487 949 1514 ε
966 1469 1000 1496 iis
1014 1475 1074 1503 qua:
1092 1467 1125 1494 ab
1142 1467 1200 1501 ipsa
1221 1465 1300 1495 fiunt,
1326 1463 1377 1491 fert
1396 1464 1528 1491 Dominus
1550 1462 1750 1493 testiinonium,

965 1515 1082 1542 dicens:
1113 1510 1360 1546 Prwoccupavit.ad
1386 1517 1425 1536 me
1447 1507 1624 1543 sepeliendum
1639 1507 1671 1534 ³⁵.
1699 1506 1752 1533 Do-

964 1568 1037 1588 mum
1054 1564 1147 1587 autem
1163 1559 1234 1585 bono
1250 1557 1335 1584 odore
1350 1555 1492 1590 repit-tam,
1510 1561 1558 1588 pro
1576 1557 1634 1580 toto
1650 1551 1752 1578 mundo

961 1611 988 1635 et
1017 1606 1146 1633 universo
1165 1604 1232 1631 orbe
1259 1606 1396 1629 terrarum
1424 1601 1551 1627 admonet
1569 1606 1630 1626 esse
1655 1597 1754 1624 intelli-

962 1652 1096 1687 gendum,
1125 1650 1221 1676 dicens
1247 1657 1253 1674 :
1289 1646 1439 1680 Ubicunque
1471 1645 1645 1679 pt-wdicatum
1674 1643 1753 1677 fuerit

962 1697 1010 1724 hoc
1024 1695 1199 1729 Evangelium
1214 1694 1241 1719 in
1257 1697 1312 1718 toto
1327 1691 1435 1721 mundo,
1451 1690 1516 1716 odor
1532 1688 1656 1723 unguenti
1672 1687 1752 1714 sintut

964 1741 1139 1770 distribuetur
1155 1747 1215 1766 cum
1239 1737 1429 1772 pra'tlicatione
1452 1735 1599 1770 Evangelii,
1622 1738 1645 1761 et
1668 1734 1753 1760 mani-

964 1793 1092 1820 mentum,
1126 1785 1224 1820 ittquit,
1251 1783 1299 1810 erit
1321 1781 1378 1814 eius
1409 1781 1592 1815 Evangclt‘um.
1618 1778 1752 1811 Quoniam

964 1841 1030 1868 ergo
1049 1835 1077 1860 in
1102 1831 1217 1858 Cantico
1241 1830 1424 1859 canticorum,
1448 1827 1551 1853 nardus
1575 1825 1621 1852 dat
1646 1831 1755 1859 sponsa:

966 1880 1077 1907 odorem
1091 1877 1198 1914 sponsi,
1215 1876 1243 1903 in
1261 1874 1408 1909 Evangelia
1425 1876 1515 1899 autent
1532 1871 1614 1898 totius
1629 1869 1754 1904 corporis

127 1928 266 1960 Ecclesiae,
293 1927 319 1953 in
343 1926 473 1963 universo
497 1925 564 1953 Orbe
588 1931 733 1957 terrarum,
759 1928 787 1952 et
811 1925 838 1952 in
855 1929 911 1954 toto
932 1926 1036 1953 mundo
1070 1924 1173 1952 Christi
1202 1922 1231 1949 fit
1256 1922 1344 1950 bonus
1371 1919 1448 1950 odor,
1489 1918 1535 1952 qui
1559 1921 1624 1943 tunc
1644 1915 1754 1942 domutn

126 1973 249 2008 implevit
267 1981 275 2000 :
293 1972 408 2000 fortasse
425 1980 473 2008 per
495 1972 552 1999 haec
567 1972 706 1999 invenitur
720 1971 747 1998 in
769 1972 894 2006 utrisque
912 1973 1002 2008 aliqua
1018 1970 1177 2006 coniunctio
1190 1974 1217 1997 et
1232 1969 1360 1999 societas,
1385 1970 1414 1992 ut
1429 1965 1483 1992 duo
1497 1963 1640 1990 videantur
1660 1968 1753 1989 unum.

163 2019 218 2046 Καὶ
233 2018 318 2046 ταῦτα
335 2019 383 2054 μὲν
405 2020 445 2050 εἰς
460 2018 600 2045 τοσοῦτον·
618 2018 676 2053 ἡδὲ
694 2017 792 2054 ἑφεξῆς
825 2018 914 2054 ,ῥῆσις

125 2065 304 2101 καταλλήλως
317 2064 366 2099 μὲν
380 2065 412 2099 τῇ
432 2063 478 2090 τοῦ
494 2063 673 2099 ὲπιθαλαμίου
689 2063 827 2099 δράματος
847 2064 914 2090 ὑπο-

1002 2019 1034 2045 Ει
1050 2017 1108 2045 [nec
1124 2017 1235 2052 quidem
1255 2016 1396 2042 hactenus.
1421 2012 1486 2045 Quae
1512 2015 1603 2037 autem
1629 2008 1756 2043 sequitur

966 2063 1062 2096 dictio,
1078 2063 1187 2091 videtur
1199 2061 1308 2096 quidem
1331 2066 1481 2094 congruere
1503 2061 1663 2092 argumento
1695 2055 1754 2089 epi—

127 2110 218 2144 Θέσει,
241 2100 280 2140 ὦς
296 2109 371 2145 παρὰ
388 2109 438 2144 τῆς
453 2110 481 2135 ὲν
498 2109 614 2135 παστάδι
633 2108 911 2144 παρεσκευασμένης,

964 2110 1098 2141 tltalatnii,
1114 2113 1246 2143 tanquam
1269 2107 1304 2134 ab
1317 2113 1348 2132 ea
1372 2105 1479 2131 dicatur
1495 2110 1555 2138 qute
1584 2105 1698 2136 paratur
1725 2100 1753 2127 itt

126 2156 199 2192 ἔχειν
211 2156 299 2183 δοκεῖ·
315 2155 426 2190 μείζονα
441 2155 470 2181 δὲ
486 2155 531 2181 καὶ
546 2154 714 2190 τελειοτέραν
727 2154 853 2189 ἐμφαίνει
872 2163 916 2189 φι-

125 2202 264 2236 λοσοφίαν,
280 2202 313 2237 ἢν
326 2201 494 2236 κατορθῶσαι
513 2201 593 2235 μόνον
607 2200 660 2227 τῶν
672 2201 722 2235 ἤδη
741 2200 916 2236 τετελειωμέ-

126 2257 180 2275 νων
196 2247 263 2274 ἐστί.
279 2247 312 2273 Τί
323 2245 370 2273 οὖν
380 2248 437 2273 ἐστι
449 2247 479 2273 τὸ
491 2246 652 2282 είρημένον;
673 2246 852 2280 Ἀπόδεσμος
860 2246 916 2280 τῆς

127 2293 261 2327 στακτῆς
275 2293 436 2327 ἀδελφιδός
451 2302 511 2327 μου
524 2293 599 2327 ἐμοὶ,
613 2293 670 2320 ἀνὰ
680 2293 778 2327 μέσον
789 2292 849 2319 τῶν
859 2301 916 2327 μα-

127 2339 210 2366 σθῶν
232 2348 290 2374 μου
311 2338 539 2373 αὑλισθήσεται.
563 2339 648 2365 Φασὶν
664 2339 822 2374 ἐπιμέλειαν
846 2336 916 2366 εἶναι

127 2386 187 2416 ταῖς
212 2385 386 2420 φιλοκόσμοις
414 2385 468 2412 τῶν
494 2384 646 2420 γυναικῶν,
676 2385 713 2420 μὴ
735 2385 792 2415 τοῖς
816 2384 917 2416 ἔξωθεν

127 2432 342 2467 προκοσμήμασι
365 2432 444 2467 μόνον
467 2432 583 2458 ἐπινοεῖν
604 2431 715 2461 ἑαυταῖς
738 2429 768 2456 τὺ
793 2429 840 2455 ἐπὶ
862 2428 917 2456 τῶν

128 2476 314 2512 συμϐιούντων
323 2485 329 2492 ·
338 2477 394 2504 ἀλλ’
404 2477 570 2512 ἐπιτηδεύειν
580 2476 623 2503 διά
633 2484 704 2507 τινος
715 2475 840 2506 εὐπνοίας
851 2474 918 2510 ἡδίω

127 2522 163 2549 τὰ
187 2522 300 2559 σώματα
320 2524 377 2554 τοῖς
402 2523 505 2549 ἑαυτῶν
522 2523 634 2558 ἀνδράσι
646 2521 799 2556 φαίνεσθαι,
813 2521 843 2547 τὸ
859 2520 918 2547 κατ’

128 2569 252 2604 ἁλλήλως
267 2568 396 2604 ἐνεργοῦν
411 2568 478 2604 πρὸς
490 2569 539 2604 τὴν
549 2568 677 2603 τοιαύτην
691 2567 785 2602 χρείαν
802 2567 913 2602 ἄρωμα,

127 2614 203 2646 ὲντδς
224 2615 273 2649 τῆς
291 2614 362 2641 κατὰ
384 2614 434 2649 τὴν
449 2614 550 2648 ἐσθῆτα
565 2613 710 2649 περιϐολῆς
724 2611 915 2648 ἀποκρυπτού-

128 2668 206 2691 σαις,
227 2657 257 2687 οὗ
276 2659 321 2686 τὸν
336 2660 434 2686 οἰκεῖον
450 2659 535 2694 ἀτμὸν
549 2658 693 2690 ἐκδιδᾶντος
703 2681 710 2691 ,
733 2658 779 2685 καὶ
792 2657 822 2684 τὸ
835 2657 916 2692 σῶμα

126 2706 161 2741 τῇ
177 2705 223 2732 τοῦ
239 2704 384 2742 ἀρώματος
404 2705 516 2740 εὐπνοίᾳ
537 2703 821 2739 συγχαταχρώννυται.
841 2702 914 2729 T15-

165 2792 186 2807 "
204 2792 222 2819 ιι
234 2793 296 2820 Cor.
315 2800 344 2823 tt.
365 2793 403 2819 I5.

966 2157 1110 2188 thalamo;
1131 2155 1234 2182 indicat
1251 2159 1341 2180 autem
1357 2151 1491 2186 majorem
1509 2153 1535 2177 et
1561 2144 1753 2183 perféctiorem

967 2200 1180 2236 philosophiam,
1207 2205 1289 2232 quam
1315 2201 1389 2223 recte
1408 2194 1521 2228 exsequi
1544 2201 1639 2220 eorum
1655 2197 1696 2218 est
1712 2199 1756 2218 so-

967 2247 1025 2273 lum
1036 2245 1082 2281 qui
1099 2245 1235 2279 jatnqsunt
1248 2242 1373 2277 perfecti.
1392 2240 1462 2273 Quid
1481 2244 1523 2266 est
1537 2246 1601 2273 ergo
1616 2238 1688 2272 quod
1713 2237 1757 2264 di-

968 2296 1041 2319 ctum
1054 2290 1117 2317 est?
1131 2287 1290 2316 Fasciculus
1309 2286 1422 2321 myrrha:
1438 2284 1567 2319 patruelis
1587 2292 1659 2310 meus
1680 2283 1755 2314 mihi,
1794 2283 1798 2294 ’

969 2338 996 2364 in
1006 2336 1090 2364 medio
1102 2336 1210 2361 uberum
1226 2341 1342 2360 meorum
1360 2331 1576 2358 commorabitur.
1600 2330 1681 2356 Aiunt
1696 2330 1754 2356 slu-

969 2383 1014 2410 dio
1028 2389 1088 2409 esse
1104 2381 1146 2408 sui
1161 2379 1276 2407 ornandi
1289 2378 1396 2413 cupidis
1409 2376 1580 2407 mulieribus,
1594 2383 1647 2402 non
1663 2376 1752 2402 solum

969 2427 1091 2456 externis
1108 2433 1258 2462 procurare
1273 2423 1444 2452 ornamentis
1461 2427 1490 2449 ut
1505 2422 1559 2449 sint
1571 2422 1706 2448 amabiles
1722 2422 1755 2447 iis

969 2474 1093 2509 quicum
1113 2472 1181 2507 ipsis
1206 2471 1313 2501 vivunt.
1341 2469 1390 2497 sed
1407 2469 1488 2496 etiam
1513 2467 1579 2494 dare
1595 2474 1706 2502 operam
1728 2471 1756 2492 ut

970 2528 1018 2555 per
1032 2519 1182 2554 quamdam
1200 2516 1427 2547 suaveolentiam,
1440 2522 1556 2549 corpora
1573 2521 1682 2548 quoque
1695 2513 1753 2540 suis

968 2565 1076 2592 maritis
1106 2566 1288 2599 congruenter
1332 2562 1476 2590 videantur
1506 2567 1601 2594 agere;
1630 2559 1662 2585 ad
1693 2565 1754 2584 eum

968 2619 1047 2638 usum
1064 2617 1159 2636 aroma
1175 2610 1247 2636 inter
1264 2616 1320 2636 sua:
1331 2608 1413 2635 vestis
1425 2606 1556 2634 ambitum
1569 2604 1753 2633 occultantes,

968 2663 1022 2690 quo
1055 2663 1134 2683 stntnt
1165 2654 1306 2681 emittente
1336 2659 1481 2688 vaporem,
1514 2657 1614 2684 corpus
1646 2655 1755 2683 quoque

970 2702 1042 2729 hono
1061 2703 1145 2729 odore
1167 2700 1271 2728 halitus
1297 2700 1378 2728 simul
1399 2698 1526 2726 afﬁcitur.
1546 2696 1616 2724 Cum
1633 2694 1689 2722 hate
1705 2700 1754 2719 au-

454 2790 561 2818 "Joan.
581 2798 628 2823 xu,
643 2791 669 2817 ὖ.
709 2788 817 2817 "Juau.
837 2796 910 2822 nu,
929 2787 958 2814 [5
970 2795 1030 2823 sqq.
