1984 3068
237 110 286 137 827

858 106 885 133 S.
903 102 1067 133 GREGORII
1084 102 1224 131 NYSSENI

1809 97 1860 125 8‘28

238 175 291 195 lem
310 168 346 195 sit
364 168 393 194 in
412 167 454 195 eis
479 167 650 194 consuetudo
668 165 844 201 :cnjusmodi
871 170 913 193 est
935 163 1017 192 canti-

1073 172 1122 198 της
1141 163 1168 190 δὲ
1191 163 1274 199 οὔσης
1297 164 1326 190 ἐν
1347 164 1440 195 αὑταῖς
1464 163 1513 198 τῆς
1528 160 1670 203 συνηθείας
1682 180 1688 192 ,
1704 155 1759 186 οἷον
1774 158 1859 193 τολμᾷ

236 222 299 241 cum
315 213 388 248 quod
411 214 484 240 eanit
500 212 579 240 fortis
594 213 730 241 etexcelsi
747 212 831 239 animi
842 210 1022 247 virgo?Mihi,

237 260 337 293 inquit,
354 263 396 286 est
412 259 572 290 fasciculus.
589 267 670 294 qucm
691 267 706 286 a
724 259 794 286 collo
821 257 962 292 suspendo
977 264 1024 284 su-

237 312 284 337 pra
305 308 409 337 pectus.
431 312 479 338 per
495 312 576 339 quem
596 305 695 331 bonum
713 305 824 331 odorem
839 303 945 338 prmbeo
962 309 1024 329 cor-

236 349 304 382 νυνὶ.
324 348 431 375 Nullum
449 354 538 376 autem
557 349 629 376 aliud
649 357 681 376 ex
694 350 762 377 bene
781 348 949 383 spirantibus
962 354 1023 373 aro-

237 392 365 424 matibus,
397 401 480 428 quam
511 394 571 428 ipse
603 394 737 421 Dominus
763 394 875 420 effectus
901 392 1021 427 myrrha,

238 439 320 465 situm
340 444 382 466 est
397 440 423 466 iu
439 440 569 466 fascicqu
593 439 781 472 conscientiae,
813 439 840 466 in
876 438 935 473 ipso
961 445 1023 464 meo

237 484 319 510 corde
335 492 509 511 coma-:orans
524 489 550 512 et
565 485 702 512 habitans.
721 484 908 512 Localisenim
931 483 1022 511 cordis

238 528 358 562 positura
378 529 411 556 ab
427 530 461 557 iis
478 531 523 564 qui
538 538 568 557 ea
586 536 650 558 sunt
668 531 812 566 speculati,
840 530 944 557 dicitur
961 537 1022 557 esse

238 573 264 599 in
283 574 370 600 medio
388 575 512 602 uberum.
530 575 587 602 Illic
604 581 693 603 autem
708 576 775 602 dicit
797 583 897 610 sponsa
913 583 943 602 se
972 575 1020 601 ha-

236 618 301 645 bere
327 619 489 647 fasciculum
519 622 565 648 ubi
591 622 691 649 honuni
718 626 848 656 tanquam
875 622 1021 648 thesaurus

236 665 402 692 reconditur.
416 665 468 693 Sed
483 671 509 693 et
523 674 570 694 cor
577 667 671 694 dicunt
685 676 746 696 esse
762 667 906 702 quemdam
917 666 1020 693 fontem

236 709 315 736 nobis
329 710 415 737 innati
429 711 542 743 caloris.
561 721 575 740 a
590 721 645 747 quo
668 721 715 748 per
727 713 846 740 arterias
866 713 893 739 in
911 712 1021 739 univcr-

237 762 297 781 sum
330 762 431 790 corpus
458 756 546 784 calori
562 756 742 784 distribuitur
762 767 768 784 :
786 765 834 792 per
852 765 931 792 quem
954 757 1021 783 ﬂuxit

235 799 324 826 calida
340 803 367 826 et
384 800 474 827 vitalia
492 802 614 828 membra
631 802 768 836 corporis,
786 805 815 828 ut
829 810 889 836 qua:
907 801 1018 828 fovean-

236 847 280 870 tur
296 844 330 871 ab
352 845 413 879 igne
431 846 535 873 cordis.
557 847 623 879 Qua:
642 855 707 882 ergo
728 848 755 874 in
769 848 867 875 animae
890 847 1018 874 facultate

236 889 418 924 principatum
435 895 543 918 tenente
561 893 684 926 suscepit
698 893 798 920 bonum
822 892 923 920 Christi
949 892 1018 918 odo-

235 941 303 966 rem,
317 938 343 961 et
360 943 408 962 cor
425 944 505 963 suum
523 936 587 963 fecit
612 937 772 965 fasciculum
799 938 882 972 hujus
902 936 1018 968 sufﬁtus,

235 987 265 1007 se
280 981 316 1007 ita
331 986 480 1016 comparat,
505 986 533 1008 ut
558 983 648 1010 omnia
665 983 822 1018 singulatim
844 975 906 1010 vitae
918 983 1019 1014 studia,

235 1029 364 1061 tanquam
377 1027 495 1062 alioujus
508 1029 631 1063 corporis
646 1029 766 1055 membra
781 1029 902 1056 ferveant
918 1028 1017 1063 spiritu

233 1072 279 1105 qui
294 1080 326 1099 ex
340 1073 423 1100 corde
438 1079 571 1108 permeat,
585 1074 659 1101 nulla
675 1075 818 1109 iniquitate
828 1075 855 1102 in
865 1075 920 1101 ullo
932 1082 1020 1101 mem-

233 1117 283 1144 bro
298 1119 423 1153 corporis
436 1119 614 1154 refrigerante
625 1120 801 1148 dilectionem
814 1121 842 1148 in
864 1121 959 1148 Deum.

269 1206 322 1233 Sed
339 1211 512 1235 transeamus
528 1208 562 1235 ad
579 1207 605 1235 id
631 1208 703 1243 quod
734 1208 863 1245 deinceps
882 1209 1017 1242 sequitur.

232 1251 383 1280 Audiamus
401 1253 465 1287 quid
476 1254 620 1282 abundans
631 1254 694 1281 vitis
707 1254 740 1281 de
756 1254 814 1282 suis
842 1254 905 1281 dicit
922 1253 1018 1281 fructi-

232 1297 296 1330 bus,
310 1306 370 1332 quze
385 1298 411 1324 in
432 1299 560 1326 omnibus
578 1299 711 1326 lateribus
736 1299 835 1326 domus
860 1299 917 1330 Dei,
944 1300 1019 1331 sicut

231 1341 298 1368 dicit
321 1342 494 1376 Propheta",
510 1343 678 1375 extenditur,
702 1347 729 1370 et
746 1351 794 1378 per
810 1343 951 1378 pampinos
970 1343 1013 1370 di-

232 1386 358 1414 lectionis
373 1388 462 1414 divina
474 1388 700 1415 circumvolvitur
714 1388 813 1418 vita,el
828 1388 854 1414 in
870 1394 952 1422 quam
962 1395 1015 1414 non

230 1431 304 1457 cadit
319 1432 455 1459 interitus.
473 1432 579 1462 Bulrus.
595 1432 693 1466 inquit,
710 1431 790 1467 Cypri
800 1432 928 1465 patruelis
945 1440 1016 1458 meus

231 1477 297 1502 mihi
314 1477 341 1502 in
359 1477 440 1503 ι-ἰηεὶδ
460 1476 592 1511 Eugnddi.
612 1477 679 1510 Quis
690 1482 731 1505 est
747 1477 814 1504 adeo
837 1477 941 1509 beatus,
962 1478 1016 1504 imo

231 1529 295 1548 vero
311 1521 372 1555 quis
397 1521 466 1548 adeo
491 1530 599 1550 omnem
625 1528 739 1557 superat
765 1523 972 1557 beatitudinem,
988 1530 1018 1553 ut

231 1574 312 1593 suum
324 1565 443 1593 fructum
462 1567 558 1595 videns
574 1568 600 1594 in
615 1568 676 1602 ipso
687 1576 742 1596 suae
757 1569 858 1597 animae
877 1569 965 1601 botro,
978 1571 1018 1598 vi-

231 1609 294 1637 deat
310 1611 396 1638 vinea:
411 1611 572 1639 dominum?
596 1612 663 1640 Vide
677 1613 749 1640 enim
768 1621 902 1649 quantum
919 1616 1015 1650 crevit,

231 1665 291 1691 quae
304 1657 330 1684 in
345 1665 394 1684 sua
411 1657 497 1684 nardo
513 1658 606 1692 sponsi
621 1659 724 1686 bonum
743 1661 872 1693 cognovit
889 1662 1014 1696 halitum,

231 1703 343 1738 myrrha
361 1711 422 1738 qua:
434 1703 550 1737 scipsaln
569 1703 631 1731 fecit
647 1704 859 1738 odoriferam,et
872 1708 962 1734 cordis
977 1707 1017 1734 fa-

232 1747 338 1774 seiculo
353 1748 492 1782 complexa
509 1755 611 1781 aroma,
638 1754 668 1776 ut
689 1750 740 1778 sibi
758 1757 887 1786 perpetuo
914 1761 1017 1788 perma-

233 1799 296 1822 neat
323 1796 424 1823 bonum
452 1805 591 1834 nunquam
609 1798 792 1833 expirandum
805 1819 813 1832 ,
831 1800 860 1827 fit
875 1804 962 1828 mater
977 1801 1018 1828 di-

232 1841 286 1867 vini
305 1842 385 1873 botri,
397 1843 442 1877 qui
455 1848 517 1870 ante
535 1843 689 1878 passionem
706 1845 817 1879 quidem
835 1846 978 1882 ὲκύπριζε,
990 1846 1017 1874 id

231 1891 284 1917 est,
301 1886 425 1919 ﬂorebat,
443 1888 469 1914 in
484 1888 610 1922 pas-ioue
625 1893 715 1917 autem
727 1890 820 1918 vinum
833 1890 992 1920 effundebat
1006 1902 1013 1920 :

234 1931 324 1958 vinum
339 1933 411 1959 enim
429 1940 477 1960 cor
497 1934 636 1962 laetificans
654 1934 693 1967 tit,
717 1939 745 1963 et
765 1937 924 1964 nominatur
950 1945 1016 1965 san-

232 1977 293 2010 guis
309 1985 366 2004 uva:
378 1982 439 2012 post
455 1979 591 2013 passionis
613 1981 805 2009 meonomiam.
829 1981 897 2009 Cum
923 1989 1014 2011 autem

232 2021 310 2048 liolro
323 2022 445 2049 fruamur
459 2023 615 2058 dupliciter,
637 2033 734 2060 nempe
750 2029 776 2053 et
803 2035 864 2054 cum
879 2027 928 2056 ilus
943 2029 1015 2057 bono

231 2067 315 2094 od're
328 2075 429 2096 sensus
442 2069 570 2101 delectat,
586 2074 613 2097 ct
626 2078 688 2098 cum
711 2071 801 2098 fructu
818 2071 874 2106 jam
893 2074 1014 2108 perfecto

231 2119 292 2138 cum
309 2113 478 2140 comedendo
492 2114 658 2148 voluptatem
683 2116 817 2150 capimus,
838 2122 886 2144 aut
903 2126 965 2145 cum
985 2121 1012 2147 in

230 2158 356 2186 convivio
380 2159 443 2186 vino
454 2160 636 2188 exhilaramur
650 2169 657 2187 :
676 2160 720 2188 hic
733 2169 833 2196 sponsa
856 2164 962 2191 accedit
978 2167 1012 2194 ad
1029 2159 1050 2186 Ῑ)

231 2203 339 2231 hotrum
355 2205 496 2232 florentem
511 2210 539 2231 ut
560 2205 716 2238 fructificet,
726 2214 839 2242 cyprum
855 2210 1012 2246 nominans,

229 2249 324 2278 ﬂorem
345 2251 416 2279 vitis.
438 2251 488 2284 Qui
507 2253 578 2278 enim
595 2257 676 2279 natus
691 2257 733 2280 est
748 2254 826 2281 nobis
841 2262 908 2289 puer
920 2255 1012 2291 Jcsus,

230 2296 275 2330 qui
293 2296 320 2322 in
334 2296 368 2322 iis
384 2295 430 2330 qui
454 2296 542 2330 ipsum
563 2302 745 2332 susceperunt
761 2298 870 2327 diverse
895 2301 1013 2335 proﬁcit,

230 2341 362 2374 sapientia
379 2346 405 2367 et
415 2345 494 2368 aetate
508 2345 535 2368 et
555 2342 655 2376 gratia,
671 2351 723 2370 non
737 2347 779 2371 est
791 2344 861 2372 idem
879 2346 906 2373 in
923 2349 1012 2374 omni-

230 2384 297 2414 bus,
315 2384 362 2411 sed
384 2393 432 2422 pro
447 2385 526 2412 modo
538 2386 598 2420 ejus
609 2387 636 2413 in
652 2395 706 2421 quo
722 2392 916 2424 est,quatcnus
930 2392 953 2419 is
964 2393 1010 2427 qui

231 2430 319 2464 ipsum
339 2431 411 2464 capit
434 2435 476 2458 cst
491 2431 614 2463 idoneus,
627 2433 689 2459 talis
710 2439 888 2469 appar-cl,aut
905 2437 1006 2471 infans,

231 2478 279 2501 aut
298 2475 454 2510 proficiens,
479 2480 525 2502 aut
552 2476 699 2511 perfectus,
729 2481 923 2508 convenienter
943 2482 1013 2510 bo:ri

230 2526 355 2547 naturae:
375 2521 419 2556 qui
441 2529 495 2548 non
528 2530 636 2558 semper
660 2524 783 2552 cernitur
804 2525 832 2552 in
850 2526 905 2553 vite
921 2527 948 2554 in
967 2536 1013 2556 ea-

231 2567 291 2593 dem
306 2566 401 2599 forma,
419 2567 465 2595 sed
483 2568 600 2596 fortnam
618 2574 706 2596 mutat
723 2578 784 2598 cum
805 2575 940 2607 tempore,
964 2575 1013 2602 flo-

232 2619 308 2643 rens,
323 2619 447 2644 vernans,
461 2613 608 2648 perfectus,
637 2619 772 2648 maturus,
794 2617 887 2645 vinum
913 2618 1012 2648 factus.

237 2657 446 2694 Promittitergo
462 2659 541 2686 vinea
562 2659 652 2687 fructu
671 2669 731 2693 suo,
757 2662 804 2696 qui
821 2663 940 2690 nondum
955 2673 1013 2693 ma-

236 2709 316 2732 turus
331 2708 358 2732 et
378 2705 554 2739 tempestivus
568 2710 608 2733 est
627 2706 660 2733 ad
679 2706 785 2739 vinum,
810 2707 856 2734 sed
875 2715 1014 2744 cxspcclat

270 2795 290 2809 “
304 2795 375 2822 l‘sal.
392 2803 491 2823 cum.
517 2797 538 2822 l.

1075 208 1143 244 αὓτη
1161 211 1177 244 ἡ
1205 209 1382 245 μεγαλόφρων
1402 209 1551 245 παρθένοςς
1575 207 1662 240 Ἐμοὶ.
1687 205 1777 240 φησὶν,
1793 203 1858 230 ἀπῆ-

1074 253 1181 288 δεσμος,
1194 254 1223 280 ὃν
1237 253 1343 289 ἐξαρτῶ
1359 253 1405 280 τοῦ
1422 253 1535 288 αὐχένος
1549 253 1595 278 ἐπὶ
1610 251 1640 278 τὺ
1656 250 1763 285 στῆθος,
1780 249 1813 275 δι’
1827 246 1857 276 οὗ

1073 299 1122 333 τὴν
1142 299 1271 334 εὐοσμίαν
1291 300 1402 335 παρέχω
1424 299 1463 334 τῷ
1484 298 1606 334 σώματι,
1627 297 1677 323 οὐκ
1689 296 1752 322 ἄλλο
1765 304 1789 322 τι
1805 295 1857 322 τῶν

1074 344 1256 371 εὐπνοούντων
1272 345 1425 380 ἀρωμάτων
1446 344 1529 371 ἐστὶν·
1553 344 1609 370 ἀλλ’
1632 343 1712 374 αὐτὸς
1727 343 1741 368 ὁ
1757 341 1858 376 Κύριος

1075 390 1177 425 στακτὴ
1183 391 1325 426 γενόμενος
1337 390 1457 424 ἔγκειται
1471 390 1499 416 ὲν
1517 390 1556 425 τῷ
1574 388 1720 423 ἀποδέσμῳ
1733 388 1782 423 τῆς
1796 395 1857 413 συν-

1073 435 1215 470 ειδήσεως,
1239 436 1307 471 αὐτῇ
1330 445 1381 470 μου
1403 437 1437 471 τῇ
1466 435 1565 470 καρδίᾳ
1585 433 1798 468 ὲναυλιζόμενος.
1825 432 1857 458 ’H

1073 482 1126 515 γὰρ
1136 481 1235 516 τοπικὴ
1248 482 1296 516 τῆς
1307 481 1419 516 καρδίας
1431 481 1504 512 θέσις
1518 482 1546 507 ἐν
1558 480 1596 515 τῷ
1610 479 1685 514 μέσῳ
1697 478 1750 505 τῶν
1766 477 1857 513 μαζῶν

1073 524 1150 560 rupi
1173 525 1226 552 τῶν
1246 525 1279 551 τὰ
1297 525 1410 552 τοιαῦτα
1428 525 1642 560 ὲπεσκεμμένων
1657 522 1726 550 εἶναι
1739 523 1856 557 λέγεται.

1079 570 1152 596 Ἐκεῖ
1170 568 1197 596 δέ
1217 578 1298 604 φησιν
1318 571 1334 605 ἠ
1355 570 1448 605 νύμφη
1466 570 1536 605 ἔχειν
1556 570 1600 596 τὸν
1613 569 1774 603 ἀπόδεσμον,
1792 569 1820 594 ὲν
1835 564 1857 601 ᾧ

1071 616 1146 651 τόπῳ
1176 616 1206 642 τὸ
1232 615 1333 650 ἀγαθὸν
1356 616 1556 651 θησαυρίζεται.
1584 615 1666 642 Ἀλλὰ
1692 615 1738 641 καὶ
1766 614 1857 649 πηγήν

1071 669 1131 687 τινα
1147 660 1193 687 τοῦ
1216 661 1245 687 ὲν
1267 661 1332 696 ἡμῖν
1358 661 1468 696 θερμοῦ,
1492 661 1541 697 τὴν
1565 653 1677 696 καρδίαν
1697 661 1792 695 φασίν·
1811 660 1857 693 ἀφ’

1071 704 1104 742 ἧς
1120 706 1165 732 διὰ
1183 706 1237 732 τῶν
1254 705 1391 741 ἀρτηριῶν
1409 707 1452 741 ἐφ’
1466 706 1566 742 ἂπανή
1583 707 1716 742 θερμότης
1728 705 1758 731 τὸ
1777 705 1857 739 σῶμα

1071 751 1300 786 καταμερίζεται,
1318 752 1351 778 δι’
1368 749 1402 788 ἦς
1425 751 1544 787 ἔνθερμα
1567 760 1595 778 τε
1625 752 1672 778 καὶ
1696 750 1799 782 ζωτικὰ
1822 750 1857 776 τὰ

1072 797 1140 832 μέλη
1167 797 1213 823 τοῦ
1239 797 1365 832 σώματος
1391 797 1510 831 γίνεται,
1533 797 1571 832 τῷ
1593 797 1658 832 πυρὶ
1679 797 1727 831 τῆς
1746 796 1858 832 καρδίας

1070 844 1289 880 ὑποθαλπὸμενα.
1319 844 1353 870 Ἢ
1376 844 1465 871 τοίνυν
1482 845 1510 870 ἐν
1533 843 1572 879 τῷ
1595 842 1750 878 ἡγεμονικῷ
1770 851 1857 877 παρα-

1067 890 1199 925 δεξαμένη
1220 890 1268 925 τὴν
1289 889 1407 926 Χριστοῦ
1421 890 1544 921 εὐωδίαν,
1561 890 1607 916 καὶ
1622 889 1670 922 τὴν
1685 889 1798 924 καρδίαν
1808 889 1857 915 αὺ-

1068 936 1117 970 τῆς
1137 935 1265 971 ἔνδεσμον
1286 936 1333 962 τοῦ
1357 935 1478 962 τοιούτου
1507 937 1640 971 ποιήσασα
1669 935 1854 970 θυμιάματος.

1069 982 1158 1009 πάντα
1170 981 1204 1008 τὰ
1223 981 1284 1008 καθ’
1298 981 1412 1008 ἕκαστον
1432 981 1480 1008 τοῦ
1497 981 1554 1016 βίου
1567 980 1784 1015 ἐπιτηδεύματα,
1800 978 1856 1006 ο⁷όν

1071 1037 1142 1059 τινος
1165 1026 1289 1062 σώματος
1305 1027 1372 1063 μέλη
1384 1028 1454 1060 ζέειν
1478 1026 1682 1062 παρασκευάζει
1702 1025 1739 1061 τῷ
1753 1027 1784 1052 ἐκ
1806 1026 1856 1060 τῆς

1072 1073 1185 1109 καρδίας
1201 1073 1319 1108 διήκοντι
1340 1073 1491 1109 πνεύματι,
1514 1073 1648 1108 μηδεμιᾶς
1671 1071 1785 1106 ἀνομίας
1806 1071 1855 1105 τὴν

1072 1119 1139 1154 πρὸς
1152 1118 1199 1144 τὸν
1213 1118 1278 1144 Θεὸν
1295 1118 1404 1153 ἀγάπην
1427 1119 1455 1145 ὲν
1472 1118 1566 1153 μηδενὶ
1582 1116 1656 1152 μέλει
1670 1115 1716 1143 τοῦ
1732 1115 1854 1151 σώματος

1070 1164 1289 1200 καταψυχοῦσης.

1111 1211 1181 1236 Ἀλλ’
1193 1211 1239 1236 ἐπὶ
1251 1210 1296 1236 τὸν
1310 1210 1372 1244 ἑξῆς
1385 1209 1464 1243 λόγον
1478 1209 1658 1244 μετέλοωμεν.
1683 1207 1855 1242 Ἀκοὺσωμεν

1069 1255 1095 1282 τί
1112 1255 1262 1291 ήᾶμπελος
1275 1257 1291 1290 ἠ
1309 1255 1461 1291 εὑθηνοῦσα
1481 1255 1544 1290 περὶ
1563 1255 1617 1281 τῶν
1634 1253 1746 1289 καρπῶν
1768 1253 1853 1287 αὐτῆς

1072 1302 1240 1336 διαλέγεται,
1263 1303 1280 1337 ἡ
1301 1302 1329 1328 ἐν
1351 1303 1418 1328 πᾶσι
1444 1303 1500 1333 τοῖς
1522 1301 1623 1328 κλίτεσι
1651 1301 1701 1336 τῆς
1724 1300 1769 1327 τοῦ
1787 1300 1854 1327 Θεοῦ

1070 1347 1167 1379 οἰκίας,
1192 1347 1283 1378 καθώς
1315 1356 1398 1383 φησιν
1412 1348 1426 1374 ὁ
1438 1348 1594 1384 Προφήτης.
1606 1346 1791 1381 διηπλωμένη.
1808 1346 1855 1372 καὶ

1069 1392 1114 1419 διὰ
1125 1393 1180 1420 τῶν
1194 1393 1244 1427 τῆς
1259 1392 1368 1428 ἀγάπης
1389 1393 1486 1420 ἑλίκων
1507 1392 1731 1428 περιελισσομένη
1747 1393 1779 1426 τῇ
1795 1391 1856 1426 θείᾳ

1070 1448 1099 1465 τε
1115 1439 1162 1465 καὶ
1177 1438 1308 1475 ἀκηράτῳ
1323 1438 1391 1474 ζωῇ.
1413 1439 1541 1471 Βότρυς,
1557 1437 1637 1473 φησὶ,
1655 1437 1708 1471 τῆς
1734 1436 1854 1470 Κύπρου

1031 1491 1052 1520 c
1069 1483 1228 1519 ἀδελφιδύς
1242 1493 1300 1519 μου
1311 1485 1375 1519 ἐμοὶ
1390 1484 1424 1511 ἐν
1434 1484 1610 1518 ἀμπελῶσιν
1626 1483 1788 1518 Ὲγγαδδεί.
1805 1483 1854 1513 Τίς

1067 1529 1139 1557 οὕτω
1156 1529 1305 1566 μακάριος,
1323 1529 1422 1564 μᾶλλον
1441 1530 1470 1556 δὲ
1485 1529 1526 1561 τίς
1539 1529 1609 1556 οὕτω
1621 1529 1751 1564 κρείττων
1763 1529 1854 1563 πάσης

1069 1577 1284 1611 μακαριότητος,
1307 1575 1375 1602 ὥστε
1406 1576 1451 1602 τὺν
1479 1576 1544 1602 τδιον
1568 1576 1673 1610 καρπὸν
1701 1575 1806 1610 βλέπων
1825 1576 1854 1601 ὲν

1067 1622 1140 1657 αὐτῷ
1152 1621 1190 1657 τῷ
1199 1621 1291 1657 βότρυῖ
1305 1622 1354 1656 τῆς
1369 1621 1463 1648 ἑαυτοῦ
1473 1621 1560 1656 ψυχῆς
1572 1622 1638 1656 ὁρᾷν
1651 1621 1696 1648 τὸν
1705 1620 1750 1647 τοῦ
1762 1621 1853 1656 (iure

1067 1667 1158 1700 lavo;
1174 1668 1325 1702 δεσπότην;
1347 1667 1411 1694 Ἰδοὺ
1428 1667 1482 1702 γὰρ
1506 1667 1568 1694 ὅσον
1581 1666 1685 1702 ηὐξήθη
1708 1668 1736 1693 ὲν
1749 1668 1782 1702 τῇ
1801 1666 1854 1702 ἰδίᾳ

1067 1713 1155 1748 νάρδῳ
1170 1712 1215 1739 τοῦ
1226 1712 1342 1747 νυμφίου
1354 1711 1501 1746 ἐπιγνοῦσα
1513 1711 1561 1746 τὴν
1572 1711 1708 1744 εὖπνοιαν,
1718 1713 1735 1746 ἡ
1750 1711 1852 1746 στακτὴ

1067 1758 1140 1794 αὐτῷ
1148 1758 1251 1794 εὐώδης
1262 1757 1441 1793 ποιησαμένη,
1451 1758 1496 1784 καὶ
1506 1757 1670 1785 διαλαϐοῦσα
1684 1757 1717 1792 τῷ
1727 1757 1777 1791 τῆς
1785 1765 1853 1793 καρ-

1066 1805 1124 1837 δίας
1138 1804 1258 1840 ὲνδὲσμῳ
1272 1804 1303 1830 τὸ
1323 1804 1441 1839 ᾶρωμα.
1463 1804 1501 1835 ὡς
1522 1803 1553 1830 ἂν
1569 1802 1721 1838 παραμένοι
1739 1803 1806 1838 αὐτῇ
1822 1803 1852 1829 τὸ

1066 1851 1166 1886 ἀγαθὸν
1187 1849 1332 1880 διαπαντὸς
1355 1849 1565 1882 ἀδιάπνευστον,
1595 1849 1686 1883 μήτηρ
1706 1848 1753 1875 τοῦ
1779 1848 1851 1874 θείου

1067 1896 1178 1932 βότρυος
1193 1895 1314 1930 γίνεται,
1327 1894 1375 1921 τοῦ
1390 1894 1443 1930 πρὸ
1457 1894 1506 1929 μὲν
1521 1893 1568 1921 τοῦ
1585 1893 1688 1925 πάθους
1706 1892 1852 1928 κυπρίζον-

1065 1951 1127 1974 τος,
1148 1943 1216 1977 ὅπερ
1237 1941 1311 1967 ἐστὶν
1328 1939 1471 1971 ἀνθοῦντος
1480 1959 1488 1971 ,
1504 1941 1532 1966 ὲν
1543 1940 1571 1966 δὲ
1582 1939 1620 1974 τῷ
1631 1939 1710 1966 πάθει
1723 1938 1768 1966 τδν
1781 1937 1852 1966 οἶνον

1066 1987 1236 2023 προχέοντος.
1245 1986 1274 2012 '0
1284 1986 1338 2021 γὰρ
1348 1986 1398 2021 τὴν
1405 1985 1517 2021 καρδίαν
1526 1984 1678 2020 εὐφραίνων
1688 1982 1769 2015 οἶνος,
1781 1981 1850 2018 αἷμα

1066 2031 1204 2066 σταφυλῆς
1225 2031 1293 2066 μετὰ
1312 2031 1361 2065 τὴν
1380 2030 1427 2056 τοῦ
1445 2030 1548 2061 πάθους
1570 2030 1724 2064 οἰκονομίαν
1747 2028 1850 2062 γίνεταί

1064 2086 1094 2104 τε
1118 2077 1164 2104 καὶ
1189 2075 1359 2111 ὀνομάζεται.
1381 2075 1482 2110 Διπλῆς
1500 2071 1545 2101 οὖν
1560 2073 1642 2109 οὔσης
1655 2074 1683 2100 ὲν
1702 2073 1741 2108 τῷ
1758 2073 1850 2108 βότρυῑ

1064 2125 1113 2159 τῆς
1134 2121 1326 2153 ἀπολαύσεως*
1350 2121 1399 2156 τῆς
1421 2121 1469 2155 μὲν
1486 2120 1518 2147 ὲκ
1541 2120 1587 2146 τοῦ
1602 2119 1706 2150 ἄνθους,
1724 2119 1787 2144 ὅταν
1805 2119 1850 2144 εὐ-

1066 2169 1165 2205 φραίνῃ
1178 2170 1211 2204 τῇ
1219 2167 1331 2203 εὐοδμίᾳ
1343 2166 1376 2194 τὰ
1393 2167 1555 2201 αἰσθητήρια
1565 2174 1571 2180 ·
1586 2165 1635 2200 τῆς
1650 2165 1678 2192 δὲ
1690 2164 1732 2191 διὰ
1740 2164 1786 2190 τοῦ
1806 2173 1850 2190 τε-

1066 2215 1222 2246 λειωθέντος
1237 2214 1286 2249 ἤδη
1304 2212 1410 2248 καρποῦ
1421 2232 1429 2244 .
1441 2213 1504 2239 ὅταν
1518 2212 1626 2247 ὑπάρχῃ
1645 2211 1704 2238 κατ’
1725 2209 1850 2243 ἐξουσίαν

1066 2260 1083 2295 ἦ
1095 2259 1143 2294 τῆς
1159 2259 1285 2294 βρώσεως
1296 2258 1481 2292 κατατρυφᾷν,
1494 2257 1510 2292 ἦ
1523 2257 1550 2282 ὲν
1563 2255 1722 2291 συμποσίοις
1739 2254 1777 2289 τῷ
1787 2255 1850 2289 οἴνῳ

1067 2303 1272 2340 φαιδρύνεσθαι·
1293 2302 1411 2329 ἐνταῦθα
1428 2303 1498 2328 αἰτεῖ
1514 2302 1530 2336 ὴ
1553 2301 1646 2335 νύμφη
1661 2300 1706 2326 τὸν
1718 2299 1850 2326 ἀνθοῦντα

1061 2351 1158 2387 βότρυν
1183 2349 1381 2384 καρποφορεῖν,
1407 2347 1510 2382 κύπρον
1538 2346 1587 2381 τὴν
1621 2345 1745 2380 οἱνάνθην
1785 2354 1849 2372 κατ’

1061 2394 1240 2430 ονομάζουσα.
1252 2393 1288 2419 Τὸ
1298 2393 1352 2428 γὰρ
1359 2391 1479 2427 γεννηθὲν
1485 2391 1549 2427 ἡμῖν
1557 2390 1663 2418 παιδίον
1674 2389 1788 2425 Ἰησοῦς,
1797 2391 1810 2417 ὁ
1821 2391 1850 2416 ἐν

1060 2443 1115 2473 τοῖς
1129 2439 1286 2474 δεξαμένοις
1306 2438 1387 2465 αὐτὸν
1404 2437 1542 2473 διαφόρως
1563 2437 1725 2473 προκόπτων
1738 2457 1745 2468 ,
1769 2436 1850 2471 σοφίᾳ

1061 2495 1090 2514 τε
1110 2486 1157 2513 καὶ
1178 2485 1271 2521 ἡλικίᾳ.
1294 2484 1341 2511 καὶ
1365 2482 1472 2519 χάριτι,
1489 2483 1539 2510 οὐκ
1564 2483 1593 2509 ἐν
1625 2483 1707 2508 uio-tv
1733 2482 1748 2507 ὁ
1770 2481 1850 2513 αὐτὸς

1064 2533 1147 2563 ἐστιν,
1164 2531 1232 2558 ἀλλὰ
1248 2530 1316 2566 πρὸς
1331 2529 1361 2556 τὸ
1382 2530 1480 2565 μέτρον
1496 2529 1541 2556 τοῦ
1554 2530 1582 2554 ὲν
1593 2525 1615 2561 ᾧ
1625 2528 1737 2562 γίνεται,
1759 2525 1848 2557 καθὼς

1061 2577 1094 2604 ἂν
1116 2578 1130 2604 ό
1143 2577 1239 2612 χωρῶν
1259 2576 1340 2603 αὐτὸν
1363 2575 1463 2606 ἱκανῶς
1490 2574 1549 2609 ἔχῃ,
1568 2573 1688 2605 τοιοῦτος
1711 2572 1849 2606 φαίνεται,

1062 2623 1243 2659 ἤνηπιάζων,
1266 2623 1283 2658 ἢ
1310 2621 1481 2657 προκόπτων,
1506 2620 1523 2656 ἢ
1557 2619 1754 2655 τελειούμενος,
1779 2616 1849 2644 κατὰ

1062 2669 1111 2702 τὴν
1126 2668 1171 2694 τοῦ
1188 2668 1299 2703 βότρυος
1317 2666 1397 2702 φύσιν
1411 2675 1418 2683 ·
1433 2666 1461 2698 ὃς
1477 2666 1507 2692 οὐ
1524 2665 1639 2692 πάντοτε
1655 2664 1724 2700 μετὰ
1739 2662 1787 2690 τοῦ
1799 2661 1847 2689 αι’)-

1063 2713 1110 2740 τοῦ
1140 2713 1226 2745 εἴδους
1251 2713 1297 2739 ἐπὶ
1312 2712 1360 2747 τῆς
1374 2711 1497 2747 ἀμπέλου
1517 2711 1623 2746 ὁρᾶται,
1640 2709 1707 2737 ἀλλὰ
1724 2707 1848 2742 συνεξαλσ
