  <div class='ocr_page' id='page_1' title='image "/cluster/home/n/w/nwhite01/storage/ocr_20150623/44/njp.32101009003169/421.png"; bbox 0 0 1984 3068; ppageno 0'>
   <div class='ocr_carea' id='block_1_1' title="bbox 187 110 236 138">
    <p class='ocr_par' dir='ltr' id='par_1_1' title="bbox 187 110 236 138">
     <span class='ocr_line' id='line_1_1' title="bbox 187 110 236 138; baseline 0 0"><span class='ocrx_word' id='word_1_1' title='bbox 187 110 236 138; x_wconf 73' lang='lat'><strong>83!</strong></span> 
     </span>
    </p>
   </div>
   <div class='ocr_carea' id='block_1_2' title="bbox 819 115 1189 145">
    <p class='ocr_par' dir='ltr' id='par_1_2' title="bbox 819 115 1189 145">
     <span class='ocr_line' id='line_1_2' title="bbox 819 115 1189 145; baseline 0.005 -3"><span class='ocrx_word' id='word_1_2' title='bbox 819 115 846 142; x_wconf 91' lang='lat' dir='ltr'><strong>S.</strong></span> <span class='ocrx_word' id='word_1_3' title='bbox 860 115 1021 144; x_wconf 68' lang='lat' dir='ltr'><strong>GREGOBII</strong></span> <span class='ocrx_word' id='word_1_4' title='bbox 1035 116 1189 145; x_wconf 71' lang='lat' dir='ltr'><strong>NYSSENI&#39;</strong></span> 
     </span>
    </p>
   </div>
   <div class='ocr_carea' id='block_1_3' title="bbox 1755 118 1807 146">
    <p class='ocr_par' dir='ltr' id='par_1_3' title="bbox 1755 118 1807 146">
     <span class='ocr_line' id='line_1_3' title="bbox 1755 118 1807 146; baseline 0 -1"><span class='ocrx_word' id='word_1_5' title='bbox 1755 118 1807 146; x_wconf 67' lang='lat'><strong>83?:</strong></span> 
     </span>
    </p>
   </div>
   <div class='ocr_carea' id='block_1_4' title="bbox 221 168 968 211">
    <p class='ocr_par' dir='ltr' id='par_1_4' title="bbox 221 168 968 208">
     <span class='ocr_line' id='line_1_4' title="bbox 221 168 968 208; baseline 0.007 -12"><span class='ocrx_word' id='word_1_6' title='bbox 221 168 306 196; x_wconf 85' lang='lat' dir='ltr'><strong>Aiunt</strong></span> <span class='ocrx_word' id='word_1_7' title='bbox 322 176 369 196; x_wconf 85' lang='lat' dir='ltr'><strong>eos</strong></span> <span class='ocrx_word' id='word_1_8' title='bbox 384 170 428 204; x_wconf 95' lang='lat' dir='ltr'><strong>qui</strong></span> <span class='ocrx_word' id='word_1_9' title='bbox 447 177 544 196; x_wconf 87' lang='lat' dir='ltr'><strong>aurum</strong></span> <span class='ocrx_word' id='word_1_10' title='bbox 560 174 618 197; x_wconf 87' lang='lat' dir='ltr'><strong>arte</strong></span> <span class='ocrx_word' id='word_1_11' title='bbox 633 176 797 207; x_wconf 76' lang='lat' dir='ltr'><strong>expurgant,</strong></span> <span class='ocrx_word' id='word_1_12' title='bbox 815 174 839 201; x_wconf 89' lang='lat' dir='ltr'><strong>si</strong></span> <span class='ocrx_word' id='word_1_13' title='bbox 856 182 903 208; x_wconf 87' lang='lat' dir='ltr'><strong>per</strong></span> <span class='ocrx_word' id='word_1_14' title='bbox 918 174 968 201; x_wconf 90' lang='lat' dir='ltr'><strong>ali-</strong></span> 
     </span>
    </p>
   </div>
   <div class='ocr_carea' id='block_1_5' title="bbox 1021 168 1807 211">
    <p class='ocr_par' dir='ltr' id='par_1_5' title="bbox 1057 175 1807 211">
     <span class='ocr_line' id='line_1_5' title="bbox 1057 175 1807 211; baseline 0.001 -9"><span class='ocrx_word' id='word_1_15' title='bbox 1057 176 1124 202; x_wconf 73' lang='grc' dir='ltr'>Φασὶ</span> <span class='ocrx_word' id='word_1_16' title='bbox 1137 177 1200 207; x_wconf 79' lang='grc' dir='ltr'>τοὺς</span> <span class='ocrx_word' id='word_1_17' title='bbox 1216 175 1246 201; x_wconf 73' lang='grc' dir='ltr'><strong>τὸ</strong></span> <span class='ocrx_word' id='word_1_18' title='bbox 1262 175 1371 211; x_wconf 82' lang='grc' dir='ltr'>χρυσίον</span> <span class='ocrx_word' id='word_1_19' title='bbox 1391 175 1612 210; x_wconf 75' lang='grc' dir='ltr'>ὲκκαθαίροντας,</span> <span class='ocrx_word' id='word_1_20' title='bbox 1629 176 1652 202; x_wconf 84' lang='grc' dir='ltr'>εἰ</span> <span class='ocrx_word' id='word_1_21' title='bbox 1669 175 1714 203; x_wconf 75' lang='grc' dir='ltr'>διὰ</span> <span class='ocrx_word' id='word_1_22' title='bbox 1736 185 1807 209; x_wconf 81' lang='grc' dir='ltr'>τινος</span> 
     </span>
    </p>
   </div>
   <div class='ocr_carea' id='block_1_6' title="bbox 185 214 968 254">
    <p class='ocr_par' dir='ltr' id='par_1_6' title="bbox 185 214 968 254">
     <span class='ocr_line' id='line_1_6' title="bbox 185 214 968 254; baseline 0.009 -14"><span class='ocrx_word' id='word_1_23' title='bbox 185 222 266 249; x_wconf 83' lang='lat' dir='ltr'><strong>quam</strong></span> <span class='ocrx_word' id='word_1_24' title='bbox 275 214 453 242; x_wconf 85' lang='lat' dir='ltr'><strong>sordidiorem</strong></span> <span class='ocrx_word' id='word_1_25' title='bbox 462 216 602 243; x_wconf 81' lang='lat' dir='ltr'><strong>materiam</strong></span> <span class='ocrx_word' id='word_1_26' title='bbox 611 217 645 245; x_wconf 90' lang='lat' dir='ltr'><strong>dc</strong></span> <span class='ocrx_word' id='word_1_27' title='bbox 654 218 788 246; x_wconf 88' lang='lat' dir='ltr'><strong>industria</strong></span> <span class='ocrx_word' id='word_1_28' title='bbox 800 220 968 254; x_wconf 83' lang='lat' dir='ltr'><strong>permistam,</strong></span> 
     </span>
    </p>
   </div>
   <div class='ocr_carea' id='block_1_7' title="bbox 189 261 970 300">
    <p class='ocr_par' dir='ltr' id='par_1_7' title="bbox 189 261 970 300">
     <span class='ocr_line' id='line_1_7' title="bbox 189 261 970 300; baseline 0.008 -14"><span class='ocrx_word' id='word_1_29' title='bbox 189 261 334 288; x_wconf 76' lang='lat' dir='ltr'><strong>obscurata</strong></span> <span class='ocrx_word' id='word_1_30' title='bbox 353 261 434 288; x_wconf 85' lang='lat' dir='ltr'><strong>fuerit</strong></span> <span class='ocrx_word' id='word_1_31' title='bbox 451 262 628 296; x_wconf 90' lang='lat' dir='ltr'><strong>pulchritudo</strong></span> <span class='ocrx_word' id='word_1_32' title='bbox 644 264 809 298; x_wconf 87' lang='lat' dir='ltr'><strong>splendoris,</strong></span> <span class='ocrx_word' id='word_1_33' title='bbox 835 272 882 299; x_wconf 90' lang='lat' dir='ltr'><strong>per</strong></span> <span class='ocrx_word' id='word_1_34' title='bbox 899 265 970 300; x_wconf 81' lang='lat' dir='ltr'><strong>ignis</strong></span> 
     </span>
    </p>
   </div>
   <div class='ocr_carea' id='block_1_8' title="bbox 188 305 971 346">
    <p class='ocr_par' dir='ltr' id='par_1_8' title="bbox 188 305 971 346">
     <span class='ocr_line' id='line_1_8' title="bbox 188 305 971 346; baseline 0.009 -15"><span class='ocrx_word' id='word_1_35' title='bbox 188 305 323 332; x_wconf 78' lang='lat' dir='ltr'><strong>fusionem</strong></span> <span class='ocrx_word' id='word_1_36' title='bbox 353 306 438 333; x_wconf 83' lang='lat' dir='ltr'><strong>colori</strong></span> <span class='ocrx_word' id='word_1_37' title='bbox 467 307 565 334; x_wconf 72' lang='lat' dir='ltr'><strong>affet-re</strong></span> <span class='ocrx_word' id='word_1_38' title='bbox 589 310 751 341; x_wconf 88' lang='lat' dir='ltr'><strong>remedium,</strong></span> <span class='ocrx_word' id='word_1_39' title='bbox 766 315 792 337; x_wconf 91' lang='lat' dir='ltr'><strong>et</strong></span> <span class='ocrx_word' id='word_1_40' title='bbox 818 310 869 338; x_wconf 90' lang='lat' dir='ltr'><strong>hoc</strong></span> <span class='ocrx_word' id='word_1_41' title='bbox 899 319 971 346; x_wconf 62' lang='lat' dir='ltr'><strong>saepe</strong></span> 
     </span>
    </p>
   </div>
   <div class='ocr_carea' id='block_1_9' title="bbox 188 351 970 392">
    <p class='ocr_par' dir='ltr' id='par_1_9' title="bbox 188 351 970 392">
     <span class='ocr_line' id='line_1_9' title="bbox 188 351 970 392; baseline 0.01 -16"><span class='ocrx_word' id='word_1_42' title='bbox 188 351 288 383; x_wconf 72' lang='lat' dir='ltr'><strong>facere,</strong></span> <span class='ocrx_word' id='word_1_43' title='bbox 304 356 330 378; x_wconf 86' lang='lat' dir='ltr'><strong>et</strong></span> <span class='ocrx_word' id='word_1_44' title='bbox 359 353 385 378; x_wconf 94' lang='lat' dir='ltr'><strong>in</strong></span> <span class='ocrx_word' id='word_1_45' title='bbox 403 353 524 387; x_wconf 87' lang='lat' dir='ltr'><strong>qualibet</strong></span> <span class='ocrx_word' id='word_1_46' title='bbox 553 354 662 382; x_wconf 80' lang='lat' dir='ltr'><strong>fusione</strong></span> <span class='ocrx_word' id='word_1_47' title='bbox 680 356 866 389; x_wconf 82' lang='lat' dir='ltr'><strong>considerare,</strong></span> <span class='ocrx_word' id='word_1_48' title='bbox 883 365 970 392; x_wconf 89' lang='lat' dir='ltr'><strong>quan-</strong></span> 
     </span>
    </p>
   </div>
   <div class='ocr_carea' id='block_1_10' title="bbox 179 399 970 436">
    <p class='ocr_par' dir='ltr' id='par_1_10' title="bbox 179 399 970 436">
     <span class='ocr_line' id='line_1_10' title="bbox 179 399 970 436; baseline 0.011 -15"><span class='ocrx_word' id='word_1_49' title='bbox 179 400 244 430; x_wconf 16' lang='lat' dir='ltr'><strong>}lum</strong></span> <span class='ocrx_word' id='word_1_50' title='bbox 262 404 357 423; x_wconf 88' lang='lat' dir='ltr'><strong>aurum</strong></span> <span class='ocrx_word' id='word_1_51' title='bbox 385 403 446 432; x_wconf 83' lang='lat' dir='ltr'><strong>post</strong></span> <span class='ocrx_word' id='word_1_52' title='bbox 473 399 591 433; x_wconf 83' lang='lat' dir='ltr'><strong>priorem</strong></span> <span class='ocrx_word' id='word_1_53' title='bbox 621 400 648 427; x_wconf 89' lang='lat' dir='ltr'><strong>in</strong></span> <span class='ocrx_word' id='word_1_54' title='bbox 676 402 856 436; x_wconf 75' lang='lat' dir='ltr'><strong>sequentibus</strong></span> <span class='ocrx_word' id='word_1_55' title='bbox 889 402 970 430; x_wconf 81' lang='lat' dir='ltr'><strong>fuerit</strong></span> 
     </span>
    </p>
   </div>
   <div class='ocr_carea' id='block_1_11' title="bbox 187 442 969 482">
    <p class='ocr_par' dir='ltr' id='par_1_11' title="bbox 187 442 969 482">
     <span class='ocr_line' id='line_1_11' title="bbox 187 442 969 482; baseline 0.012 -16"><span class='ocrx_word' id='word_1_56' title='bbox 187 442 358 473; x_wconf 85' lang='lat' dir='ltr'><strong>coloratius,</strong></span> <span class='ocrx_word' id='word_1_57' title='bbox 383 451 472 478; x_wconf 89' lang='lat' dir='ltr'><strong>neque</strong></span> <span class='ocrx_word' id='word_1_58' title='bbox 501 445 577 478; x_wconf 87' lang='lat' dir='ltr'><strong>prius</strong></span> <span class='ocrx_word' id='word_1_59' title='bbox 601 452 711 473; x_wconf 86' lang='lat' dir='ltr'><strong>cessare</strong></span> <span class='ocrx_word' id='word_1_60' title='bbox 737 447 799 482; x_wconf 78' lang='lat' dir='ltr'><strong>igne</strong></span> <span class='ocrx_word' id='word_1_61' title='bbox 828 449 969 476; x_wconf 79' lang='lat' dir='ltr'><strong>materiam</strong></span> 
     </span>
    </p>
   </div>
   <div class='ocr_carea' id='block_1_12' title="bbox 188 490 971 527">
    <p class='ocr_par' dir='ltr' id='par_1_12' title="bbox 188 490 971 527">
     <span class='ocr_line' id='line_1_12' title="bbox 188 490 971 527; baseline 0.01 -15"><span class='ocrx_word' id='word_1_62' title='bbox 188 494 350 521; x_wconf 58' lang='lat' dir='ltr'><strong>expurgare,</strong></span> <span class='ocrx_word' id='word_1_63' title='bbox 368 496 449 522; x_wconf 86' lang='lat' dir='ltr'><strong>quam</strong></span> <span class='ocrx_word' id='word_1_64' title='bbox 477 490 534 524; x_wconf 87' lang='lat' dir='ltr'><strong>ipsa</strong></span> <span class='ocrx_word' id='word_1_65' title='bbox 551 491 611 517; x_wconf 86' lang='lat' dir='ltr'><strong>auri</strong></span> <span class='ocrx_word' id='word_1_66' title='bbox 632 492 739 525; x_wconf 78' lang='lat' dir='ltr'><strong>species</strong></span> <span class='ocrx_word' id='word_1_67' title='bbox 756 492 807 519; x_wconf 82' lang='lat' dir='ltr'><strong>sibi</strong></span> <span class='ocrx_word' id='word_1_68' title='bbox 833 493 885 527; x_wconf 90' lang='lat' dir='ltr'><strong>ipsi</strong></span> <span class='ocrx_word' id='word_1_69' title='bbox 901 494 971 520; x_wconf 85' lang='lat' dir='ltr'><strong>ferat</strong></span> 
     </span>
    </p>
   </div>
   <div class='ocr_carea' id='block_1_13' title="bbox 188 533 969 570">
    <p class='ocr_par' dir='ltr' id='par_1_13' title="bbox 188 533 969 570">
     <span class='ocr_line' id='line_1_13' title="bbox 188 533 969 570; baseline 0.012 -13"><span class='ocrx_word' id='word_1_70' title='bbox 188 533 384 565; x_wconf 82' lang='lat' dir='ltr'><strong>testimonium,</strong></span> <span class='ocrx_word' id='word_1_71' title='bbox 402 535 474 568; x_wconf 89' lang='lat' dir='ltr'><strong>quod</strong></span> <span class='ocrx_word' id='word_1_72' title='bbox 493 536 529 562; x_wconf 91' lang='lat' dir='ltr'><strong>sit</strong></span> <span class='ocrx_word' id='word_1_73' title='bbox 546 544 613 570; x_wconf 88' lang='lat' dir='ltr'><strong>pura</strong></span> <span class='ocrx_word' id='word_1_74' title='bbox 629 542 655 563; x_wconf 86' lang='lat' dir='ltr'><strong>et</strong></span> <span class='ocrx_word' id='word_1_75' title='bbox 675 537 788 565; x_wconf 89' lang='lat' dir='ltr'><strong>minime</strong></span> <span class='ocrx_word' id='word_1_76' title='bbox 804 539 969 566; x_wconf 85' lang='lat' dir='ltr'><strong>adulterina.</strong></span> 
     </span>
    </p>
   </div>
   <div class='ocr_carea' id='block_1_14' title="bbox 187 576 971 618">
    <p class='ocr_par' dir='ltr' id='par_1_14' title="bbox 187 576 971 618">
     <span class='ocr_line' id='line_1_14' title="bbox 187 576 971 618; baseline 0.013 -16"><span class='ocrx_word' id='word_1_77' title='bbox 187 576 310 609; x_wconf 79' lang='lat' dir='ltr'><strong>Quanam</strong></span> <span class='ocrx_word' id='word_1_78' title='bbox 329 583 420 606; x_wconf 87' lang='lat' dir='ltr'><strong>autem</strong></span> <span class='ocrx_word' id='word_1_79' title='bbox 447 579 480 607; x_wconf 85' lang='lat' dir='ltr'><strong>de</strong></span> <span class='ocrx_word' id='word_1_80' title='bbox 505 588 598 613; x_wconf 83' lang='lat' dir='ltr'><strong>causa,</strong></span> <span class='ocrx_word' id='word_1_81' title='bbox 614 590 709 609; x_wconf 87' lang='lat' dir='ltr'><strong>eorum</strong></span> <span class='ocrx_word' id='word_1_82' title='bbox 727 591 787 618; x_wconf 77' lang='lat' dir='ltr'><strong>qua:</strong></span> <span class='ocrx_word' id='word_1_83' title='bbox 810 583 881 611; x_wconf 83' lang='lat' dir='ltr'><strong>lecta</strong></span> <span class='ocrx_word' id='word_1_84' title='bbox 905 589 971 612; x_wconf 88' lang='lat' dir='ltr'><strong>sunt</strong></span> 
     </span>
    </p>
   </div>
   <div class='ocr_carea' id='block_1_15' title="bbox 188 626 969 662">
    <p class='ocr_par' dir='ltr' id='par_1_15' title="bbox 188 626 969 662">
     <span class='ocr_line' id='line_1_15' title="bbox 188 626 969 662; baseline 0.013 -15"><span class='ocrx_word' id='word_1_85' title='bbox 188 626 350 656; x_wconf 52' lang='lat' dir='ltr'><strong>praesentem</strong></span> <span class='ocrx_word' id='word_1_86' title='bbox 379 628 532 652; x_wconf 71' lang='lat' dir='ltr'><strong>tractantes</strong></span> <span class='ocrx_word' id='word_1_87' title='bbox 560 627 840 662; x_wconf 84' lang='lat' dir='ltr'><strong>contemplationem,</strong></span> <span class='ocrx_word' id='word_1_88' title='bbox 871 629 969 657; x_wconf 87' lang='lat' dir='ltr'><strong>horum</strong></span> 
     </span>
    </p>
   </div>
   <div class='ocr_carea' id='block_1_16' title="bbox 189 667 969 708">
    <p class='ocr_par' dir='ltr' id='par_1_16' title="bbox 189 667 969 708">
     <span class='ocr_line' id='line_1_16' title="bbox 189 667 969 708; baseline 0.014 -17"><span class='ocrx_word' id='word_1_89' title='bbox 189 667 406 699; x_wconf 80' lang='lat' dir='ltr'><strong>meminerimus,</strong></span> <span class='ocrx_word' id='word_1_90' title='bbox 424 669 469 696; x_wconf 80' lang='lat' dir='ltr'><strong>fiet</strong></span> <span class='ocrx_word' id='word_1_91' title='bbox 480 670 561 698; x_wconf 90' lang='lat' dir='ltr'><strong>nobis</strong></span> <span class='ocrx_word' id='word_1_92' title='bbox 573 671 749 699; x_wconf 81' lang='lat' dir='ltr'><strong>manifestum</strong></span> <span class='ocrx_word' id='word_1_93' title='bbox 765 681 797 700; x_wconf 79' lang='lat' dir='ltr'><strong>ex</strong></span> <span class='ocrx_word' id='word_1_94' title='bbox 812 674 872 708; x_wconf 89' lang='lat' dir='ltr'><strong>ipso</strong></span> <span class='ocrx_word' id='word_1_95' title='bbox 885 682 969 702; x_wconf 87' lang='lat' dir='ltr'><strong>sensu</strong></span> 
     </span>
    </p>
   </div>
   <div class='ocr_carea' id='block_1_17' title="bbox 187 714 971 749">
    <p class='ocr_par' dir='ltr' id='par_1_17' title="bbox 187 714 971 749">
     <span class='ocr_line' id='line_1_17' title="bbox 187 714 971 749; baseline 0.015 -13"><span class='ocrx_word' id='word_1_96' title='bbox 187 718 282 738; x_wconf 79' lang='lat' dir='ltr'><strong>eorum</strong></span> <span class='ocrx_word' id='word_1_97' title='bbox 297 720 357 746; x_wconf 70' lang='lat' dir='ltr'><strong>quae</strong></span> <span class='ocrx_word' id='word_1_98' title='bbox 372 714 473 749; x_wconf 90' lang='lat' dir='ltr'><strong>scripta</strong></span> <span class='ocrx_word' id='word_1_99' title='bbox 492 720 565 742; x_wconf 92' lang='lat' dir='ltr'><strong>sunt.</strong></span> <span class='ocrx_word' id='word_1_100' title='bbox 584 717 672 744; x_wconf 78' lang='lat' dir='ltr'><strong>Aurea</strong></span> <span class='ocrx_word' id='word_1_101' title='bbox 691 719 725 746; x_wconf 90' lang='lat' dir='ltr'><strong>ab</strong></span> <span class='ocrx_word' id='word_1_102' title='bbox 749 719 828 746; x_wconf 84' lang='lat' dir='ltr'><strong>initio</strong></span> <span class='ocrx_word' id='word_1_103' title='bbox 843 725 904 747; x_wconf 76' lang='lat' dir='ltr'><strong>erat</strong></span> <span class='ocrx_word' id='word_1_104' title='bbox 917 721 971 748; x_wconf 89' lang='lat' dir='ltr'><strong>hu-</strong></span> 
     </span>
    </p>
   </div>
   <div class='ocr_carea' id='block_1_18' title="bbox 188 761 970 801">
    <p class='ocr_par' dir='ltr' id='par_1_18' title="bbox 188 761 970 801">
     <span class='ocr_line' id='line_1_18' title="bbox 188 761 970 801; baseline 0.017 -21"><span class='ocrx_word' id='word_1_105' title='bbox 188 762 268 782; x_wconf 84' lang='lat' dir='ltr'><strong>mana</strong></span> <span class='ocrx_word' id='word_1_106' title='bbox 285 761 393 791; x_wconf 87' lang='lat' dir='ltr'><strong>natura,</strong></span> <span class='ocrx_word' id='word_1_107' title='bbox 410 763 436 786; x_wconf 86' lang='lat' dir='ltr'><strong>et</strong></span> <span class='ocrx_word' id='word_1_108' title='bbox 465 762 643 795; x_wconf 83' lang='lat' dir='ltr'><strong>resplendens</strong></span> <span class='ocrx_word' id='word_1_109' title='bbox 659 763 849 796; x_wconf 78' lang='lat' dir='ltr'><strong>similitudine,</strong></span> <span class='ocrx_word' id='word_1_110' title='bbox 868 774 929 801; x_wconf 60' lang='lat' dir='ltr'><strong>quae</strong></span> <span class='ocrx_word' id='word_1_111' title='bbox 947 767 970 794; x_wconf 78' lang='lat' dir='ltr'><strong>ci</strong></span> 
     </span>
    </p>
   </div>
   <div class='ocr_carea' id='block_1_19' title="bbox 188 799 970 846">
    <p class='ocr_par' dir='ltr' id='par_1_19' title="bbox 188 799 970 846">
     <span class='ocr_line' id='line_1_19' title="bbox 188 799 970 846; baseline 0.017 -20"><span class='ocrx_word' id='word_1_112' title='bbox 188 799 374 830; x_wconf 86' lang='lat' dir='ltr'><strong>intercedebat</strong></span> <span class='ocrx_word' id='word_1_113' title='bbox 400 811 461 831; x_wconf 90' lang='lat' dir='ltr'><strong>cum</strong></span> <span class='ocrx_word' id='word_1_114' title='bbox 488 806 560 834; x_wconf 89' lang='lat' dir='ltr'><strong>bono</strong></span> <span class='ocrx_word' id='word_1_115' title='bbox 585 807 704 842; x_wconf 83' lang='lat' dir='ltr'><strong>sincero,</strong></span> <span class='ocrx_word' id='word_1_116' title='bbox 727 814 754 836; x_wconf 83' lang='lat' dir='ltr'><strong>et</strong></span> <span class='ocrx_word' id='word_1_117' title='bbox 782 810 808 836; x_wconf 92' lang='lat' dir='ltr'><strong>in</strong></span> <span class='ocrx_word' id='word_1_118' title='bbox 823 811 898 846; x_wconf 89' lang='lat' dir='ltr'><strong>quod</strong></span> <span class='ocrx_word' id='word_1_119' title='bbox 917 820 970 839; x_wconf 92' lang='lat' dir='ltr'><strong>non</strong></span> 
     </span>
    </p>
   </div>
   <div class='ocr_carea' id='block_1_20' title="bbox 187 846 1010 890">
    <p class='ocr_par' dir='ltr' id='par_1_20' title="bbox 187 846 1010 890">
     <span class='ocr_line' id='line_1_20' title="bbox 187 846 1010 890; baseline 0.017 -19"><span class='ocrx_word' id='word_1_120' title='bbox 187 846 260 873; x_wconf 73' lang='lat' dir='ltr'><strong>cadit</strong></span> <span class='ocrx_word' id='word_1_121' title='bbox 276 848 403 876; x_wconf 86' lang='lat' dir='ltr'><strong>interitus</strong></span> <span class='ocrx_word' id='word_1_122' title='bbox 418 859 423 876; x_wconf 73' lang='grc' dir='ltr'><strong>ι</strong></span> <span class='ocrx_word' id='word_1_123' title='bbox 439 850 486 878; x_wconf 84' lang='lat' dir='ltr'><strong>sed</strong></span> <span class='ocrx_word' id='word_1_124' title='bbox 513 852 624 879; x_wconf 86' lang='lat' dir='ltr'><strong>decolor</strong></span> <span class='ocrx_word' id='word_1_125' title='bbox 638 857 665 880; x_wconf 90' lang='lat' dir='ltr'><strong>et</strong></span> <span class='ocrx_word' id='word_1_126' title='bbox 690 854 766 889; x_wconf 78' lang='lat' dir='ltr'><strong>nigra</strong></span> <span class='ocrx_word' id='word_1_127' title='bbox 792 861 885 890; x_wconf 88' lang='lat' dir='ltr'><strong>postea</strong></span> <span class='ocrx_word' id='word_1_128' title='bbox 903 857 972 884; x_wconf 91' lang='lat' dir='ltr'><strong>facta</strong></span> <span class='ocrx_word' id='word_1_129' title='bbox 990 851 1010 878; x_wconf 77' lang='grc' dir='ltr'><strong>Β</strong></span> 
     </span>
    </p>
   </div>
   <div class='ocr_carea' id='block_1_21' title="bbox 187 894 972 936">
    <p class='ocr_par' dir='ltr' id='par_1_21' title="bbox 187 894 972 936">
     <span class='ocr_line' id='line_1_21' title="bbox 187 894 972 936; baseline 0.017 -19"><span class='ocrx_word' id='word_1_130' title='bbox 187 896 229 917; x_wconf 85' lang='lat' dir='ltr'><strong>est</strong></span> <span class='ocrx_word' id='word_1_131' title='bbox 256 900 303 926; x_wconf 91' lang='lat' dir='ltr'><strong>per</strong></span> <span class='ocrx_word' id='word_1_132' title='bbox 329 894 522 924; x_wconf 85' lang='lat' dir='ltr'><strong>admistionem</strong></span> <span class='ocrx_word' id='word_1_133' title='bbox 535 897 604 929; x_wconf 80' lang='lat' dir='ltr'><strong>vitii,</strong></span> <span class='ocrx_word' id='word_1_134' title='bbox 620 901 757 933; x_wconf 83' lang='lat' dir='ltr'><strong>quomodo</strong></span> <span class='ocrx_word' id='word_1_135' title='bbox 783 901 809 928; x_wconf 93' lang='lat' dir='ltr'><strong>in</strong></span> <span class='ocrx_word' id='word_1_136' title='bbox 837 902 972 936; x_wconf 83' lang='lat' dir='ltr'><strong>principio</strong></span> 
     </span>
    </p>
   </div>
   <div class='ocr_carea' id='block_1_22' title="bbox 187 936 971 983">
    <p class='ocr_par' dir='ltr' id='par_1_22' title="bbox 187 936 971 983">
     <span class='ocr_line' id='line_1_22' title="bbox 187 936 971 983; baseline 0.019 -22"><span class='ocrx_word' id='word_1_137' title='bbox 187 936 291 964; x_wconf 72' lang='lat' dir='ltr'><strong>(Iantici</strong></span> <span class='ocrx_word' id='word_1_138' title='bbox 307 939 461 967; x_wconf 84' lang='lat' dir='ltr'><strong>audivnnus</strong></span> <span class='ocrx_word' id='word_1_139' title='bbox 475 949 604 976; x_wconf 85' lang='lat' dir='ltr'><strong>sponsam</strong></span> <span class='ocrx_word' id='word_1_140' title='bbox 617 944 765 978; x_wconf 76' lang='lat' dir='ltr'><strong>dicentem,</strong></span> <span class='ocrx_word' id='word_1_141' title='bbox 777 947 850 981; x_wconf 87' lang='lat' dir='ltr'><strong>quod</strong></span> <span class='ocrx_word' id='word_1_142' title='bbox 866 948 971 983; x_wconf 81' lang='lat' dir='ltr'><strong>nigram</strong></span> 
     </span>
    </p>
   </div>
   <div class='ocr_carea' id='block_1_23' title="bbox 186 982 972 1027">
    <p class='ocr_par' dir='ltr' id='par_1_23' title="bbox 186 982 972 1027">
     <span class='ocr_line' id='line_1_23' title="bbox 186 982 972 1027; baseline 0.019 -20"><span class='ocrx_word' id='word_1_143' title='bbox 186 988 246 1007; x_wconf 86' lang='lat' dir='ltr'><strong>eam</strong></span> <span class='ocrx_word' id='word_1_144' title='bbox 259 982 353 1010; x_wconf 79' lang='lat' dir='ltr'><strong>fecerit</strong></span> <span class='ocrx_word' id='word_1_145' title='bbox 364 986 527 1020; x_wconf 75' lang='lat' dir='ltr'><strong>negligentia</strong></span> <span class='ocrx_word' id='word_1_146' title='bbox 538 989 670 1016; x_wconf 74' lang='lat' dir='ltr'><strong>custodia:</strong></span> <span class='ocrx_word' id='word_1_147' title='bbox 687 991 780 1023; x_wconf 65' lang='lat' dir='ltr'><strong>vineae,</strong></span> <span class='ocrx_word' id='word_1_148' title='bbox 790 993 972 1027; x_wconf 89' lang='lat' dir='ltr'><strong>cujuscurans</strong></span> 
     </span>
    </p>
   </div>
   <div class='ocr_carea' id='block_1_24' title="bbox 187 1027 973 1069">
    <p class='ocr_par' dir='ltr' id='par_1_24' title="bbox 187 1027 973 1069">
     <span class='ocr_line' id='line_1_24' title="bbox 187 1027 973 1069; baseline 0.018 -16"><span class='ocrx_word' id='word_1_149' title='bbox 187 1027 389 1057; x_wconf 76' lang='lat' dir='ltr'><strong>deformitatem</strong></span> <span class='ocrx_word' id='word_1_150' title='bbox 414 1032 462 1066; x_wconf 92' lang='lat' dir='ltr'><strong>qui</strong></span> <span class='ocrx_word' id='word_1_151' title='bbox 489 1033 517 1060; x_wconf 92' lang='lat' dir='ltr'><strong>in</strong></span> <span class='ocrx_word' id='word_1_152' title='bbox 541 1034 676 1069; x_wconf 79' lang='lat' dir='ltr'><strong>sapientia</strong></span> <span class='ocrx_word' id='word_1_153' title='bbox 702 1039 793 1063; x_wconf 89' lang='lat' dir='ltr'><strong>omnia</strong></span> <span class='ocrx_word' id='word_1_154' title='bbox 824 1038 973 1067; x_wconf 82' lang='lat' dir='ltr'><strong>fabricatur</strong></span> 
     </span>
    </p>
   </div>
   <div class='ocr_carea' id='block_1_25' title="bbox 189 1072 972 1120">
    <p class='ocr_par' dir='ltr' id='par_1_25' title="bbox 189 1072 972 1120">
     <span class='ocr_line' id='line_1_25' title="bbox 189 1072 972 1120; baseline 0.019 -22"><span class='ocrx_word' id='word_1_155' title='bbox 189 1072 271 1105; x_wconf 85' lang='lat' dir='ltr'><strong>Deus,</strong></span> <span class='ocrx_word' id='word_1_156' title='bbox 289 1082 342 1102; x_wconf 89' lang='lat' dir='ltr'><strong>non</strong></span> <span class='ocrx_word' id='word_1_157' title='bbox 360 1077 534 1105; x_wconf 86' lang='lat' dir='ltr'><strong>machinatur</strong></span> <span class='ocrx_word' id='word_1_158' title='bbox 552 1079 579 1105; x_wconf 90' lang='lat' dir='ltr'><strong>in</strong></span> <span class='ocrx_word' id='word_1_159' title='bbox 593 1087 625 1106; x_wconf 90' lang='lat' dir='ltr'><strong>ea</strong></span> <span class='ocrx_word' id='word_1_160' title='bbox 653 1088 750 1108; x_wconf 89' lang='lat' dir='ltr'><strong>novam</strong></span> <span class='ocrx_word' id='word_1_161' title='bbox 767 1083 888 1118; x_wconf 75' lang='lat' dir='ltr'><strong>aliquant</strong></span> <span class='ocrx_word' id='word_1_162' title='bbox 912 1093 972 1120; x_wconf 73' lang='lat' dir='ltr'><strong>qua:</strong></span> 
     </span>
    </p>
   </div>
   <div class='ocr_carea' id='block_1_26' title="bbox 188 1120 971 1163">
    <p class='ocr_par' dir='ltr' id='par_1_26' title="bbox 188 1120 971 1163">
     <span class='ocr_line' id='line_1_26' title="bbox 188 1120 971 1163; baseline 0.018 -18"><span class='ocrx_word' id='word_1_163' title='bbox 188 1127 241 1145; x_wconf 88' lang='lat' dir='ltr'><strong>non</strong></span> <span class='ocrx_word' id='word_1_164' title='bbox 260 1120 335 1154; x_wconf 88' lang='lat' dir='ltr'><strong>prius</strong></span> <span class='ocrx_word' id='word_1_165' title='bbox 351 1125 409 1149; x_wconf 87' lang='lat' dir='ltr'><strong>erat</strong></span> <span class='ocrx_word' id='word_1_166' title='bbox 424 1124 668 1157; x_wconf 75' lang='lat' dir='ltr'><strong>pulchritudinem.</strong></span> <span class='ocrx_word' id='word_1_167' title='bbox 686 1127 732 1155; x_wconf 90' lang='lat' dir='ltr'><strong>sed</strong></span> <span class='ocrx_word' id='word_1_168' title='bbox 746 1136 793 1163; x_wconf 89' lang='lat' dir='ltr'><strong>per</strong></span> <span class='ocrx_word' id='word_1_169' title='bbox 806 1131 971 1159; x_wconf 85' lang='lat' dir='ltr'><strong>solutionem</strong></span> 
     </span>
    </p>
   </div>
   <div class='ocr_carea' id='block_1_27' title="bbox 187 1165 972 1208">
    <p class='ocr_par' dir='ltr' id='par_1_27' title="bbox 187 1165 972 1208">
     <span class='ocr_line' id='line_1_27' title="bbox 187 1165 972 1208; baseline 0.019 -18"><span class='ocrx_word' id='word_1_170' title='bbox 187 1165 220 1190; x_wconf 86' lang='lat' dir='ltr'><strong>ad</strong></span> <span class='ocrx_word' id='word_1_171' title='bbox 237 1166 354 1199; x_wconf 86' lang='lat' dir='ltr'><strong>priorem</strong></span> <span class='ocrx_word' id='word_1_172' title='bbox 371 1167 478 1196; x_wconf 87' lang='lat' dir='ltr'><strong>reducit</strong></span> <span class='ocrx_word' id='word_1_173' title='bbox 495 1171 622 1204; x_wconf 81' lang='lat' dir='ltr'><strong>gratiam,</strong></span> <span class='ocrx_word' id='word_1_174' title='bbox 644 1180 704 1199; x_wconf 84' lang='lat' dir='ltr'><strong>eam</strong></span> <span class='ocrx_word' id='word_1_175' title='bbox 727 1181 787 1208; x_wconf 64' lang='lat' dir='ltr'><strong>quae</strong></span> <span class='ocrx_word' id='word_1_176' title='bbox 805 1175 870 1202; x_wconf 86' lang='lat' dir='ltr'><strong>vitio</strong></span> <span class='ocrx_word' id='word_1_177' title='bbox 884 1176 972 1205; x_wconf 79' lang='lat' dir='ltr'><strong>fuerat</strong></span> 
     </span>
    </p>
   </div>
   <div class='ocr_carea' id='block_1_28' title="bbox 187 1210 971 1250">
    <p class='ocr_par' dir='ltr' id='par_1_28' title="bbox 187 1210 971 1250">
     <span class='ocr_line' id='line_1_28' title="bbox 187 1210 971 1250; baseline 0.02 -15"><span class='ocrx_word' id='word_1_178' title='bbox 187 1210 349 1245; x_wconf 76' lang='lat' dir='ltr'><strong>nigrefacta,</strong></span> <span class='ocrx_word' id='word_1_179' title='bbox 378 1213 517 1242; x_wconf 88' lang='lat' dir='ltr'><strong>fundendo</strong></span> <span class='ocrx_word' id='word_1_180' title='bbox 542 1223 573 1243; x_wconf 90' lang='lat' dir='ltr'><strong>ac</strong></span> <span class='ocrx_word' id='word_1_181' title='bbox 604 1218 748 1246; x_wconf 83' lang='lat' dir='ltr'><strong>conflando</strong></span> <span class='ocrx_word' id='word_1_182' title='bbox 774 1220 910 1250; x_wconf 84' lang='lat' dir='ltr'><strong>deducens</strong></span> <span class='ocrx_word' id='word_1_183' title='bbox 937 1223 971 1250; x_wconf 90' lang='lat' dir='ltr'><strong>ad</strong></span> 
     </span>
    </p>
   </div>
   <div class='ocr_carea' id='block_1_29' title="bbox 187 1257 972 1301">
    <p class='ocr_par' dir='ltr' id='par_1_29' title="bbox 187 1257 972 1301">
     <span class='ocr_line' id='line_1_29' title="bbox 187 1257 972 1301; baseline 0.02 -20"><span class='ocrx_word' id='word_1_184' title='bbox 187 1257 370 1285; x_wconf 80' lang='lat' dir='ltr'><strong>sinceritatem</strong></span> <span class='ocrx_word' id='word_1_185' title='bbox 387 1260 412 1286; x_wconf 94' lang='lat' dir='ltr'><strong>in</strong></span> <span class='ocrx_word' id='word_1_186' title='bbox 428 1268 509 1294; x_wconf 88' lang='lat' dir='ltr'><strong>quam</strong></span> <span class='ocrx_word' id='word_1_187' title='bbox 526 1269 580 1289; x_wconf 91' lang='lat' dir='ltr'><strong>non</strong></span> <span class='ocrx_word' id='word_1_188' title='bbox 592 1264 664 1290; x_wconf 83' lang='lat' dir='ltr'><strong>cadit</strong></span> <span class='ocrx_word' id='word_1_189' title='bbox 680 1265 816 1294; x_wconf 86' lang='lat' dir='ltr'><strong>interitus.</strong></span> <span class='ocrx_word' id='word_1_190' title='bbox 831 1267 972 1301; x_wconf 85' lang='lat' dir='ltr'><strong>Quomodo</strong></span> 
     </span>
    </p>
   </div>
   <div class='ocr_carea' id='block_1_30' title="bbox 185 1304 971 1349">
    <p class='ocr_par' dir='ltr' id='par_1_30' title="bbox 185 1304 971 1349">
     <span class='ocr_line' id='line_1_30' title="bbox 185 1304 971 1349; baseline 0.018 -21"><span class='ocrx_word' id='word_1_191' title='bbox 185 1310 250 1336; x_wconf 73' lang='lat' dir='ltr'><strong>ergo</strong></span> <span class='ocrx_word' id='word_1_192' title='bbox 274 1304 351 1338; x_wconf 85' lang='lat' dir='ltr'><strong>periti</strong></span> <span class='ocrx_word' id='word_1_193' title='bbox 377 1309 402 1332; x_wconf 89' lang='lat' dir='ltr'><strong>et</strong></span> <span class='ocrx_word' id='word_1_194' title='bbox 428 1306 572 1342; x_wconf 79' lang='lat' dir='ltr'><strong>diligentes</strong></span> <span class='ocrx_word' id='word_1_195' title='bbox 604 1310 750 1343; x_wconf 75' lang='lat' dir='ltr'><strong>aurifices,</strong></span> <span class='ocrx_word' id='word_1_196' title='bbox 773 1318 833 1347; x_wconf 88' lang='lat' dir='ltr'><strong>post</strong></span> <span class='ocrx_word' id='word_1_197' title='bbox 857 1315 971 1349; x_wconf 85' lang='lat' dir='ltr'><strong>primam</strong></span> 
     </span>
    </p>
   </div>
   <div class='ocr_carea' id='block_1_31' title="bbox 188 1348 972 1390">
    <p class='ocr_par' dir='ltr' id='par_1_31' title="bbox 188 1348 972 1390">
     <span class='ocr_line' id='line_1_31' title="bbox 188 1348 972 1390; baseline 0.022 -18"><span class='ocrx_word' id='word_1_198' title='bbox 188 1348 321 1375; x_wconf 74' lang='lat' dir='ltr'><strong>fusionem</strong></span> <span class='ocrx_word' id='word_1_199' title='bbox 340 1351 515 1379; x_wconf 85' lang='lat' dir='ltr'><strong>considerant</strong></span> <span class='ocrx_word' id='word_1_200' title='bbox 529 1359 629 1388; x_wconf 87' lang='lat' dir='ltr'><strong>quanta</strong></span> <span class='ocrx_word' id='word_1_201' title='bbox 646 1357 840 1390; x_wconf 86' lang='lat' dir='ltr'><strong>pulchritudini</strong></span> <span class='ocrx_word' id='word_1_202' title='bbox 854 1348 923 1388; x_wconf 80' lang='lat' dir='ltr'><strong>facta</strong></span> <span class='ocrx_word' id='word_1_203' title='bbox 935 1362 972 1389; x_wconf 88' lang='lat' dir='ltr'><strong>sit</strong></span> 
     </span>
    </p>
   </div>
   <div class='ocr_carea' id='block_1_32' title="bbox 186 1395 970 1437">
    <p class='ocr_par' dir='ltr' id='par_1_32' title="bbox 186 1395 970 1437">
     <span class='ocr_line' id='line_1_32' title="bbox 186 1395 970 1437; baseline 0.019 -18"><span class='ocrx_word' id='word_1_204' title='bbox 186 1395 307 1421; x_wconf 77' lang='lat' dir='ltr'><strong>accessio</strong></span> <span class='ocrx_word' id='word_1_205' title='bbox 324 1396 452 1428; x_wconf 70' lang='lat' dir='ltr'><strong>materne,</strong></span> <span class='ocrx_word' id='word_1_206' title='bbox 467 1399 546 1432; x_wconf 88' lang='lat' dir='ltr'><strong>cujus</strong></span> <span class='ocrx_word' id='word_1_207' title='bbox 574 1401 669 1428; x_wconf 81' lang='lat' dir='ltr'><strong>sordes</strong></span> <span class='ocrx_word' id='word_1_208' title='bbox 696 1402 756 1437; x_wconf 79' lang='lat' dir='ltr'><strong>igne</strong></span> <span class='ocrx_word' id='word_1_209' title='bbox 779 1403 887 1432; x_wconf 82' lang='lat' dir='ltr'><strong>fuerant</strong></span> <span class='ocrx_word' id='word_1_210' title='bbox 904 1414 970 1434; x_wconf 82' lang='lat' dir='ltr'><strong>con-</strong></span> 
     </span>
    </p>
   </div>
   <div class='ocr_carea' id='block_1_33' title="bbox 186 1443 971 1483">
    <p class='ocr_par' dir='ltr' id='par_1_33' title="bbox 186 1443 971 1483">
     <span class='ocr_line' id='line_1_33' title="bbox 186 1443 971 1483; baseline 0.022 -19"><span class='ocrx_word' id='word_1_211' title='bbox 186 1444 300 1473; x_wconf 76' lang='lat' dir='ltr'><strong>snnpta:</strong></span> <span class='ocrx_word' id='word_1_212' title='bbox 314 1450 320 1467; x_wconf 91' lang='lat'>:</span> <span class='ocrx_word' id='word_1_213' title='bbox 336 1446 362 1468; x_wconf 85' lang='lat' dir='ltr'><strong>et</strong></span> <span class='ocrx_word' id='word_1_214' title='bbox 376 1450 472 1470; x_wconf 84' lang='lat' dir='ltr'><strong>rursus</strong></span> <span class='ocrx_word' id='word_1_215' title='bbox 487 1443 558 1471; x_wconf 80' lang='lat' dir='ltr'><strong>facta</strong></span> <span class='ocrx_word' id='word_1_216' title='bbox 573 1447 692 1474; x_wconf 86' lang='lat' dir='ltr'><strong>secunda</strong></span> <span class='ocrx_word' id='word_1_217' title='bbox 715 1448 833 1483; x_wconf 79' lang='lat' dir='ltr'><strong>fusione,</strong></span> <span class='ocrx_word' id='word_1_218' title='bbox 846 1453 971 1481; x_wconf 86' lang='lat' dir='ltr'><strong>conside-</strong></span> 
     </span>
    </p>
   </div>
   <div class='ocr_carea' id='block_1_34' title="bbox 186 1488 970 1531">
    <p class='ocr_par' dir='ltr' id='par_1_34' title="bbox 186 1488 970 1531">
     <span class='ocr_line' id='line_1_34' title="bbox 186 1488 970 1531; baseline 0.022 -22"><span class='ocrx_word' id='word_1_219' title='bbox 186 1489 248 1510; x_wconf 89' lang='lat' dir='ltr'><strong>rant</strong></span> <span class='ocrx_word' id='word_1_220' title='bbox 267 1493 356 1512; x_wconf 81' lang='lat' dir='ltr'><strong>annon</strong></span> <span class='ocrx_word' id='word_1_221' title='bbox 378 1488 468 1515; x_wconf 86' lang='lat' dir='ltr'><strong>addita</strong></span> <span class='ocrx_word' id='word_1_222' title='bbox 487 1489 514 1516; x_wconf 95' lang='lat' dir='ltr'><strong>in</strong></span> <span class='ocrx_word' id='word_1_223' title='bbox 528 1491 614 1525; x_wconf 86' lang='lat' dir='ltr'><strong>prima</strong></span> <span class='ocrx_word' id='word_1_224' title='bbox 642 1493 708 1520; x_wconf 83' lang='lat' dir='ltr'><strong>satis</strong></span> <span class='ocrx_word' id='word_1_225' title='bbox 723 1503 870 1531; x_wconf 74' lang='lat' dir='ltr'><strong>expurgatu</strong></span> <span class='ocrx_word' id='word_1_226' title='bbox 890 1499 970 1526; x_wconf 87' lang='lat' dir='ltr'><strong>fuerit</strong></span> 
     </span>
    </p>
   </div>
   <div class='ocr_carea' id='block_1_35' title="bbox 187 1530 970 1578">
    <p class='ocr_par' dir='ltr' id='par_1_35' title="bbox 187 1530 970 1578">
     <span class='ocr_line' id='line_1_35' title="bbox 187 1530 970 1578; baseline 0.024 -25"><span class='ocrx_word' id='word_1_227' title='bbox 187 1530 377 1562; x_wconf 83' lang='lat' dir='ltr'><strong>pulchritudo.</strong></span> <span class='ocrx_word' id='word_1_228' title='bbox 403 1538 429 1559; x_wconf 84' lang='lat' dir='ltr'><strong>et</strong></span> <span class='ocrx_word' id='word_1_229' title='bbox 447 1542 518 1569; x_wconf 55' lang='lat' dir='ltr'><strong>sepe</strong></span> <span class='ocrx_word' id='word_1_230' title='bbox 550 1537 652 1571; x_wconf 86' lang='lat' dir='ltr'><strong>pariter</strong></span> <span class='ocrx_word' id='word_1_231' title='bbox 683 1530 831 1574; x_wconf 79' lang='lat' dir='ltr'><strong>facientes,</strong></span> <span class='ocrx_word' id='word_1_232' title='bbox 863 1551 970 1578; x_wconf 81' lang='lat' dir='ltr'><strong>semper</strong></span> 
     </span>
    </p>
   </div>
   <div class='ocr_carea' id='block_1_36' title="bbox 186 1580 968 1623">
    <p class='ocr_par' dir='ltr' id='par_1_36' title="bbox 186 1580 968 1623">
     <span class='ocr_line' id='line_1_36' title="bbox 186 1580 968 1623; baseline 0.024 -24"><span class='ocrx_word' id='word_1_233' title='bbox 186 1581 336 1608; x_wconf 80' lang='lat' dir='ltr'><strong>agnoscunt</strong></span> <span class='ocrx_word' id='word_1_234' title='bbox 355 1585 401 1612; x_wconf 88' lang='lat' dir='ltr'><strong>per</strong></span> <span class='ocrx_word' id='word_1_235' title='bbox 419 1580 605 1613; x_wconf 87' lang='lat' dir='ltr'><strong>probationem</strong></span> <span class='ocrx_word' id='word_1_236' title='bbox 627 1591 660 1611; x_wconf 85' lang='lat' dir='ltr'><strong>ex</strong></span> <span class='ocrx_word' id='word_1_237' title='bbox 676 1585 787 1613; x_wconf 87' lang='lat' dir='ltr'><strong>scientia</strong></span> <span class='ocrx_word' id='word_1_238' title='bbox 808 1589 968 1623; x_wconf 82' lang='lat' dir='ltr'><strong>profectam,</strong></span> 
     </span>
    </p>
   </div>
   <div class='ocr_carea' id='block_1_37' title="bbox 185 1623 970 1670">
    <p class='ocr_par' dir='ltr' id='par_1_37' title="bbox 185 1623 970 1670">
     <span class='ocr_line' id='line_1_37' title="bbox 185 1623 970 1670; baseline 0.022 -24"><span class='ocrx_word' id='word_1_239' title='bbox 185 1623 358 1651; x_wconf 75' lang='lat' dir='ltr'><strong>aceessiones</strong></span> <span class='ocrx_word' id='word_1_240' title='bbox 374 1625 584 1658; x_wconf 89' lang='lat' dir='ltr'><strong>pulchritudinis</strong></span> <span class='ocrx_word' id='word_1_241' title='bbox 601 1629 656 1656; x_wconf 85' lang='lat' dir='ltr'><strong>:ita</strong></span> <span class='ocrx_word' id='word_1_242' title='bbox 679 1631 761 1658; x_wconf 87' lang='lat' dir='ltr'><strong>etiam</strong></span> <span class='ocrx_word' id='word_1_243' title='bbox 778 1641 850 1660; x_wconf 91' lang='lat' dir='ltr'><strong>nunc</strong></span> <span class='ocrx_word' id='word_1_244' title='bbox 863 1643 970 1670; x_wconf 83' lang='lat' dir='ltr'><strong>quoque</strong></span> 
     </span>
    </p>
   </div>
   <div class='ocr_carea' id='block_1_38' title="bbox 185 1669 968 1710">
    <p class='ocr_par' dir='ltr' id='par_1_38' title="bbox 185 1669 968 1710">
     <span class='ocr_line' id='line_1_38' title="bbox 185 1669 968 1710; baseline 0.022 -17"><span class='ocrx_word' id='word_1_245' title='bbox 185 1669 231 1702; x_wconf 83' lang='lat' dir='ltr'><strong>qui</strong></span> <span class='ocrx_word' id='word_1_246' title='bbox 249 1676 315 1695; x_wconf 88' lang='lat' dir='ltr'><strong>auro</strong></span> <span class='ocrx_word' id='word_1_247' title='bbox 332 1671 483 1705; x_wconf 74' lang='lat' dir='ltr'><strong>nigrefaeto</strong></span> <span class='ocrx_word' id='word_1_248' title='bbox 497 1674 608 1702; x_wconf 76' lang='lat' dir='ltr'><strong>adhibet</strong></span> <span class='ocrx_word' id='word_1_249' title='bbox 627 1678 789 1710; x_wconf 84' lang='lat' dir='ltr'><strong>remedium,</strong></span> <span class='ocrx_word' id='word_1_250' title='bbox 807 1688 869 1707; x_wconf 84' lang='lat' dir='ltr'><strong>cum</strong></span> <span class='ocrx_word' id='word_1_251' title='bbox 886 1682 968 1710; x_wconf 85' lang='lat' dir='ltr'><strong>veluti</strong></span> 
     </span>
    </p>
   </div>
   <div class='ocr_carea' id='block_1_39' title="bbox 185 1716 968 1757">
    <p class='ocr_par' dir='ltr' id='par_1_39' title="bbox 185 1716 968 1757">
     <span class='ocr_line' id='line_1_39' title="bbox 185 1716 968 1757; baseline 0.022 -18"><span class='ocrx_word' id='word_1_252' title='bbox 185 1716 302 1748; x_wconf 81' lang='lat' dir='ltr'><strong>quadam</strong></span> <span class='ocrx_word' id='word_1_253' title='bbox 320 1716 426 1746; x_wconf 87' lang='lat' dir='ltr'><strong>fusione</strong></span> <span class='ocrx_word' id='word_1_254' title='bbox 440 1719 569 1748; x_wconf 86' lang='lat' dir='ltr'><strong>adhibitis</strong></span> <span class='ocrx_word' id='word_1_255' title='bbox 596 1722 801 1753; x_wconf 85' lang='lat' dir='ltr'><strong>medicamentis</strong></span> <span class='ocrx_word' id='word_1_256' title='bbox 818 1727 919 1755; x_wconf 86' lang='lat' dir='ltr'><strong>claram</strong></span> <span class='ocrx_word' id='word_1_257' title='bbox 936 1737 968 1757; x_wconf 88' lang='lat' dir='ltr'><strong>ac</strong></span> 
     </span>
    </p>
   </div>
   <div class='ocr_carea' id='block_1_40' title="bbox 185 1761 969 1809">
    <p class='ocr_par' dir='ltr' id='par_1_40' title="bbox 185 1761 969 1809">
     <span class='ocr_line' id='line_1_40' title="bbox 185 1761 969 1809; baseline 0.02 -23"><span class='ocrx_word' id='word_1_258' title='bbox 185 1761 297 1788; x_wconf 77' lang='lat' dir='ltr'><strong>nitiiam</strong></span> <span class='ocrx_word' id='word_1_259' title='bbox 317 1764 480 1792; x_wconf 53' lang='lat' dir='ltr'><strong>redlidisset</strong></span> <span class='ocrx_word' id='word_1_260' title='bbox 506 1767 647 1795; x_wconf 86' lang='lat' dir='ltr'><strong>animam:</strong></span> <span class='ocrx_word' id='word_1_261' title='bbox 665 1769 691 1796; x_wconf 92' lang='lat' dir='ltr'><strong>in</strong></span> <span class='ocrx_word' id='word_1_262' title='bbox 714 1771 749 1798; x_wconf 91' lang='lat' dir='ltr'><strong>iis</strong></span> <span class='ocrx_word' id='word_1_263' title='bbox 776 1773 884 1806; x_wconf 85' lang='lat' dir='ltr'><strong>quidem</strong></span> <span class='ocrx_word' id='word_1_264' title='bbox 909 1782 969 1809; x_wconf 67' lang='lat' dir='ltr'><strong>quae</strong></span> 
     </span>
    </p>
   </div>
   <div class='ocr_carea' id='block_1_41' title="bbox 184 1811 966 1854">
    <p class='ocr_par' dir='ltr' id='par_1_41' title="bbox 184 1811 966 1854">
     <span class='ocr_line' id='line_1_41' title="bbox 184 1811 966 1854; baseline 0.02 -22"><span class='ocrx_word' id='word_1_265' title='bbox 184 1814 393 1840; x_wconf 63' lang='lat' dir='ltr'><strong>prmcesserunt.</strong></span> <span class='ocrx_word' id='word_1_266' title='bbox 411 1811 552 1845; x_wconf 85' lang='lat' dir='ltr'><strong>cujusdam</strong></span> <span class='ocrx_word' id='word_1_267' title='bbox 573 1814 647 1848; x_wconf 88' lang='lat' dir='ltr'><strong>equi,</strong></span> <span class='ocrx_word' id='word_1_268' title='bbox 662 1815 688 1842; x_wconf 93' lang='lat' dir='ltr'><strong>in</strong></span> <span class='ocrx_word' id='word_1_269' title='bbox 704 1824 737 1844; x_wconf 87' lang='lat' dir='ltr'><strong>eo</strong></span> <span class='ocrx_word' id='word_1_270' title='bbox 754 1818 826 1852; x_wconf 89' lang='lat' dir='ltr'><strong>quod</strong></span> <span class='ocrx_word' id='word_1_271' title='bbox 844 1825 966 1854; x_wconf 83' lang='lat' dir='ltr'><strong>apparet,</strong></span> 
     </span>
    </p>
   </div>
   <div class='ocr_carea' id='block_1_42' title="bbox 183 1853 968 1895">
    <p class='ocr_par' dir='ltr' id='par_1_42' title="bbox 183 1853 968 1895">
     <span class='ocr_line' id='line_1_42' title="bbox 183 1853 968 1895; baseline 0.023 -18"><span class='ocrx_word' id='word_1_272' title='bbox 183 1853 207 1878; x_wconf 86' lang='lat' dir='ltr'><strong>ei</strong></span> <span class='ocrx_word' id='word_1_273' title='bbox 233 1861 284 1879; x_wconf 87' lang='lat' dir='ltr'><strong>suo</strong></span> <span class='ocrx_word' id='word_1_274' title='bbox 308 1856 464 1884; x_wconf 89' lang='lat' dir='ltr'><strong>testimonio</strong></span> <span class='ocrx_word' id='word_1_275' title='bbox 490 1858 586 1886; x_wconf 83' lang='lat' dir='ltr'><strong>tribuit</strong></span> <span class='ocrx_word' id='word_1_276' title='bbox 614 1861 845 1894; x_wconf 87' lang='lat' dir='ltr'><strong>pulchritudinem</strong></span> <span class='ocrx_word' id='word_1_277' title='bbox 860 1853 968 1895; x_wconf 28' lang='lat' dir='ltr'><strong>:ﬂnunc</strong></span> 
     </span>
    </p>
   </div>
   <div class='ocr_carea' id='block_1_43' title="bbox 184 1905 969 1946">
    <p class='ocr_par' dir='ltr' id='par_1_43' title="bbox 184 1905 969 1946">
     <span class='ocr_line' id='line_1_43' title="bbox 184 1905 969 1946; baseline 0.022 -21"><span class='ocrx_word' id='word_1_278' title='bbox 184 1905 275 1926; x_wconf 73' lang='lat' dir='ltr'><strong>autem</strong></span> <span class='ocrx_word' id='word_1_279' title='bbox 307 1905 436 1936; x_wconf 79' lang='lat' dir='ltr'><strong>tanquam</strong></span> <span class='ocrx_word' id='word_1_280' title='bbox 464 1905 576 1940; x_wconf 77' lang='lat' dir='ltr'><strong>virginis</strong></span> <span class='ocrx_word' id='word_1_281' title='bbox 604 1906 637 1933; x_wconf 88' lang='lat' dir='ltr'><strong>de</strong></span> <span class='ocrx_word' id='word_1_282' title='bbox 663 1913 764 1936; x_wconf 74' lang='lat' dir='ltr'><strong>caetero</strong></span> <span class='ocrx_word' id='word_1_283' title='bbox 792 1918 969 1946; x_wconf 83' lang='lat' dir='ltr'><strong>apparentem</strong></span> 
     </span>
    </p>
   </div>
   <div class='ocr_carea' id='block_1_44' title="bbox 1026 220 1806 258">
    <p class='ocr_par' dir='ltr' id='par_1_44' title="bbox 1026 220 1806 258">
     <span class='ocr_line' id='line_1_44' title="bbox 1026 220 1806 258; baseline 0.004 -12"><span class='ocrx_word' id='word_1_284' title='bbox 1026 221 1222 256; x_wconf 71' lang='grc' dir='ltr'><strong>ῥυπαρωτέρας</strong></span> <span class='ocrx_word' id='word_1_285' title='bbox 1233 221 1297 256; x_wconf 73' lang='grc' dir='ltr'>ὕλης</span> <span class='ocrx_word' id='word_1_286' title='bbox 1314 221 1377 247; x_wconf 72' lang='grc' dir='ltr'><strong>κατ’</strong></span> <span class='ocrx_word' id='word_1_287' title='bbox 1388 220 1516 255; x_wconf 72' lang='grc' dir='ltr'>ἐπιϐολὴν</span> <span class='ocrx_word' id='word_1_288' title='bbox 1530 221 1709 257; x_wconf 82' lang='grc' dir='ltr'>ἐμμιχθείσης</span> <span class='ocrx_word' id='word_1_289' title='bbox 1719 223 1806 258; x_wconf 81' lang='grc' dir='ltr'>ἀμαυ-</span> 
     </span>
    </p>
   </div>
   <div class='ocr_carea' id='block_1_45' title="bbox 1026 265 1807 304">
    <p class='ocr_par' dir='ltr' id='par_1_45' title="bbox 1026 265 1807 304">
     <span class='ocr_line' id='line_1_45' title="bbox 1026 265 1807 304; baseline 0.004 -12"><span class='ocrx_word' id='word_1_290' title='bbox 1026 265 1126 302; x_wconf 81' lang='grc' dir='ltr'>ρωθείη</span> <span class='ocrx_word' id='word_1_291' title='bbox 1141 266 1189 301; x_wconf 78' lang='grc' dir='ltr'><strong>τῆς</strong></span> <span class='ocrx_word' id='word_1_292' title='bbox 1197 266 1367 301; x_wconf 71' lang='grc' dir='ltr'><strong>λαμπηδόνος</strong></span> <span class='ocrx_word' id='word_1_293' title='bbox 1382 266 1411 292; x_wconf 76' lang='grc' dir='ltr'><strong>τὸ</strong></span> <span class='ocrx_word' id='word_1_294' title='bbox 1427 266 1532 299; x_wconf 80' lang='grc' dir='ltr'>κάλλος,</span> <span class='ocrx_word' id='word_1_295' title='bbox 1547 268 1579 302; x_wconf 83' lang='grc' dir='ltr'><strong>τῇ</strong></span> <span class='ocrx_word' id='word_1_296' title='bbox 1592 267 1637 293; x_wconf 79' lang='grc' dir='ltr'>διὰ</span> <span class='ocrx_word' id='word_1_297' title='bbox 1654 267 1702 294; x_wconf 79' lang='grc' dir='ltr'><strong>τοῦ</strong></span> <span class='ocrx_word' id='word_1_298' title='bbox 1722 269 1807 304; x_wconf 82' lang='grc' dir='ltr'>πυρὸς</span> 
     </span>
    </p>
   </div>
   <div class='ocr_carea' id='block_1_46' title="bbox 1006 311 1808 348">
    <p class='ocr_par' dir='ltr' id='par_1_46' title="bbox 1006 311 1808 348">
     <span class='ocr_line' id='line_1_46' title="bbox 1006 311 1808 348; baseline 0.004 -10"><span class='ocrx_word' id='word_1_299' title='bbox 1006 335 1008 337; x_wconf 80' lang='lat'>.</span> <span class='ocrx_word' id='word_1_300' title='bbox 1023 313 1122 348; x_wconf 73' lang='grc' dir='ltr'>χωνείᾳ</span> <span class='ocrx_word' id='word_1_301' title='bbox 1136 312 1298 346; x_wconf 83' lang='grc' dir='ltr'>θεραπεύειν</span> <span class='ocrx_word' id='word_1_302' title='bbox 1309 311 1357 348; x_wconf 87' lang='grc' dir='ltr'><strong>τὴν</strong></span> <span class='ocrx_word' id='word_1_303' title='bbox 1370 312 1522 347; x_wconf 77' lang='grc' dir='ltr'>δυσχροίαν,</span> <span class='ocrx_word' id='word_1_304' title='bbox 1531 312 1578 338; x_wconf 74' lang='grc' dir='ltr'>καὶ</span> <span class='ocrx_word' id='word_1_305' title='bbox 1590 312 1718 345; x_wconf 80' lang='grc' dir='ltr'><strong>πολλάκις</strong></span> <span class='ocrx_word' id='word_1_306' title='bbox 1730 314 1808 341; x_wconf 78' lang='grc' dir='ltr'>τοῦτο</span> 
     </span>
    </p>
   </div>
   <div class='ocr_carea' id='block_1_47' title="bbox 1024 357 1807 392">
    <p class='ocr_par' dir='ltr' id='par_1_47' title="bbox 1024 357 1807 392">
     <span class='ocr_line' id='line_1_47' title="bbox 1024 357 1807 392; baseline 0.003 -8"><span class='ocrx_word' id='word_1_307' title='bbox 1024 359 1120 389; x_wconf 79' lang='grc' dir='ltr'>ποιεῖν,</span> <span class='ocrx_word' id='word_1_308' title='bbox 1146 357 1192 384; x_wconf 72' lang='grc' dir='ltr'><strong>καὶ</strong></span> <span class='ocrx_word' id='word_1_309' title='bbox 1219 357 1279 384; x_wconf 77' lang='grc' dir='ltr'>καθ’</span> <span class='ocrx_word' id='word_1_310' title='bbox 1296 357 1414 391; x_wconf 80' lang='grc' dir='ltr'>ἑκάστην</span> <span class='ocrx_word' id='word_1_311' title='bbox 1427 357 1539 392; x_wconf 83' lang='grc' dir='ltr'><strong>χωνείαν</strong></span> <span class='ocrx_word' id='word_1_312' title='bbox 1558 359 1731 391; x_wconf 76' lang='grc' dir='ltr'>ἐπισκοπεῖν,</span> <span class='ocrx_word' id='word_1_313' title='bbox 1747 359 1807 386; x_wconf 72' lang='grc' dir='ltr'>ὅσον</span> 
     </span>
    </p>
   </div>
   <div class='ocr_carea' id='block_1_48' title="bbox 1025 402 1808 440">
    <p class='ocr_par' dir='ltr' id='par_1_48' title="bbox 1025 402 1808 440">
     <span class='ocr_line' id='line_1_48' title="bbox 1025 402 1808 440; baseline 0.003 -11"><span class='ocrx_word' id='word_1_314' title='bbox 1025 403 1100 438; x_wconf 77' lang='grc' dir='ltr'><strong>παρᾶ</strong></span> <span class='ocrx_word' id='word_1_315' title='bbox 1113 402 1161 437; x_wconf 83' lang='grc' dir='ltr'>τὴν</span> <span class='ocrx_word' id='word_1_316' title='bbox 1178 403 1311 438; x_wconf 81' lang='grc' dir='ltr'>προτέραν</span> <span class='ocrx_word' id='word_1_317' title='bbox 1326 403 1354 429; x_wconf 79' lang='grc' dir='ltr'><strong>ἐν</strong></span> <span class='ocrx_word' id='word_1_318' title='bbox 1368 404 1423 434; x_wconf 80' lang='grc' dir='ltr'>τοῖς</span> <span class='ocrx_word' id='word_1_319' title='bbox 1439 402 1538 438; x_wconf 70' lang='grc' dir='ltr'>ἐφεξῆς</span> <span class='ocrx_word' id='word_1_320' title='bbox 1558 404 1667 438; x_wconf 80' lang='grc' dir='ltr'>γέγονεν</span> <span class='ocrx_word' id='word_1_321' title='bbox 1681 405 1696 430; x_wconf 80' lang='grc' dir='ltr'>ὁ</span> <span class='ocrx_word' id='word_1_322' title='bbox 1709 406 1808 440; x_wconf 73' lang='grc' dir='ltr'>χρυσὸς</span> 
     </span>
    </p>
   </div>
   <div class='ocr_carea' id='block_1_49' title="bbox 1025 448 1807 486">
    <p class='ocr_par' dir='ltr' id='par_1_49' title="bbox 1025 448 1807 486">
     <span class='ocr_line' id='line_1_49' title="bbox 1025 448 1807 486; baseline 0.003 -11"><span class='ocrx_word' id='word_1_323' title='bbox 1025 449 1218 485; x_wconf 81' lang='grc' dir='ltr'>εὐχροώτερος,</span> <span class='ocrx_word' id='word_1_324' title='bbox 1230 449 1275 475; x_wconf 76' lang='grc' dir='ltr'>καὶ</span> <span class='ocrx_word' id='word_1_325' title='bbox 1288 448 1324 484; x_wconf 80' lang='grc' dir='ltr'>μὴ</span> <span class='ocrx_word' id='word_1_326' title='bbox 1334 450 1463 484; x_wconf 80' lang='grc' dir='ltr'><strong>πρότερον</strong></span> <span class='ocrx_word' id='word_1_327' title='bbox 1477 449 1610 476; x_wconf 77' lang='grc' dir='ltr'>παύεσθαι</span> <span class='ocrx_word' id='word_1_328' title='bbox 1624 450 1662 486; x_wconf 86' lang='grc' dir='ltr'>τῷ</span> <span class='ocrx_word' id='word_1_329' title='bbox 1679 451 1745 486; x_wconf 72' lang='grc' dir='ltr'>πυρὶ</span> <span class='ocrx_word' id='word_1_330' title='bbox 1758 451 1807 486; x_wconf 84' lang='grc' dir='ltr'><strong>τὴν</strong></span> 
     </span>
    </p>
   </div>
   <div class='ocr_carea' id='block_1_50' title="bbox 1026 492 1807 532">
    <p class='ocr_par' dir='ltr' id='par_1_50' title="bbox 1026 492 1807 532">
     <span class='ocr_line' id='line_1_50' title="bbox 1026 492 1807 532; baseline 0.003 -12"><span class='ocrx_word' id='word_1_331' title='bbox 1026 495 1092 530; x_wconf 79' lang='grc' dir='ltr'>ὕλην</span> <span class='ocrx_word' id='word_1_332' title='bbox 1102 494 1345 529; x_wconf 74' lang='grc' dir='ltr'><strong>ἁποκαθαὶροντας,</strong></span> <span class='ocrx_word' id='word_1_333' title='bbox 1356 495 1407 526; x_wconf 78' lang='grc' dir='ltr'><strong>ἕως</strong></span> <span class='ocrx_word' id='word_1_334' title='bbox 1416 495 1480 521; x_wconf 67' lang='grc' dir='ltr'><strong>αὐτὸ</strong></span> <span class='ocrx_word' id='word_1_335' title='bbox 1488 496 1598 531; x_wconf 78' lang='grc' dir='ltr'><strong>χρυσίου</strong></span> <span class='ocrx_word' id='word_1_336' title='bbox 1605 495 1634 522; x_wconf 75' lang='grc' dir='ltr'>τὸ</span> <span class='ocrx_word' id='word_1_337' title='bbox 1643 492 1709 528; x_wconf 84' lang='grc' dir='ltr'>εἶδος</span> <span class='ocrx_word' id='word_1_338' title='bbox 1719 496 1807 532; x_wconf 79' lang='grc' dir='ltr'>ἐαυτῷ</span> 
     </span>
    </p>
   </div>
   <div class='ocr_carea' id='block_1_51' title="bbox 1027 540 1808 576">
    <p class='ocr_par' dir='ltr' id='par_1_51' title="bbox 1027 540 1808 576">
     <span class='ocr_line' id='line_1_51' title="bbox 1027 540 1808 576; baseline 0.003 -10"><span class='ocrx_word' id='word_1_339' title='bbox 1027 541 1189 576; x_wconf 76' lang='grc' dir='ltr'><strong>μαρτυρήσῃ</strong></span> <span class='ocrx_word' id='word_1_340' title='bbox 1215 540 1244 566; x_wconf 82' lang='grc' dir='ltr'><strong>τὸ</strong></span> <span class='ocrx_word' id='word_1_341' title='bbox 1255 540 1372 576; x_wconf 77' lang='grc' dir='ltr'>καθαρόν</span> <span class='ocrx_word' id='word_1_342' title='bbox 1397 549 1424 566; x_wconf 85' lang='grc' dir='ltr'><strong>τε</strong></span> <span class='ocrx_word' id='word_1_343' title='bbox 1439 541 1484 567; x_wconf 75' lang='grc' dir='ltr'><strong>καὶ</strong></span> <span class='ocrx_word' id='word_1_344' title='bbox 1506 541 1706 576; x_wconf 75' lang='grc' dir='ltr'>ὰκιϐδήλευτον.</span> <span class='ocrx_word' id='word_1_345' title='bbox 1730 542 1808 574; x_wconf 80' lang='grc' dir='ltr'>Τίνος</span> 
     </span>
    </p>
   </div>
   <div class='ocr_carea' id='block_1_52' title="bbox 1024 585 1808 623">
    <p class='ocr_par' dir='ltr' id='par_1_52' title="bbox 1024 585 1808 623">
     <span class='ocr_line' id='line_1_52' title="bbox 1024 585 1808 623; baseline 0.004 -12"><span class='ocrx_word' id='word_1_346' title='bbox 1024 585 1053 611; x_wconf 77' lang='grc' dir='ltr'>δὲ</span> <span class='ocrx_word' id='word_1_347' title='bbox 1079 585 1158 620; x_wconf 84' lang='grc' dir='ltr'>χάριν</span> <span class='ocrx_word' id='word_1_348' title='bbox 1172 585 1219 619; x_wconf 81' lang='grc' dir='ltr'>τῆς</span> <span class='ocrx_word' id='word_1_349' title='bbox 1237 585 1376 620; x_wconf 76' lang='grc' dir='ltr'>παρούσης</span> <span class='ocrx_word' id='word_1_350' title='bbox 1391 585 1662 621; x_wconf 75' lang='grc' dir='ltr'>τῶνάνεγνωσμὲνων</span> <span class='ocrx_word' id='word_1_351' title='bbox 1692 587 1808 623; x_wconf 80' lang='grc' dir='ltr'><strong>Θεωρίας</strong></span> 
     </span>
    </p>
   </div>
   <div class='ocr_carea' id='block_1_53' title="bbox 1024 631 1808 669">
    <p class='ocr_par' dir='ltr' id='par_1_53' title="bbox 1024 631 1808 669">
     <span class='ocr_line' id='line_1_53' title="bbox 1024 631 1808 669; baseline 0.001 -11"><span class='ocrx_word' id='word_1_352' title='bbox 1024 631 1180 666; x_wconf 74' lang='grc' dir='ltr'>ἁπτόμενοι,</span> <span class='ocrx_word' id='word_1_353' title='bbox 1197 631 1298 657; x_wconf 84' lang='grc' dir='ltr'>τούτων</span> <span class='ocrx_word' id='word_1_354' title='bbox 1322 631 1372 666; x_wconf 86' lang='grc' dir='ltr'>τὴν</span> <span class='ocrx_word' id='word_1_355' title='bbox 1386 632 1495 666; x_wconf 84' lang='grc' dir='ltr'>μνήμην</span> <span class='ocrx_word' id='word_1_356' title='bbox 1512 633 1708 667; x_wconf 71' lang='grc' dir='ltr'><strong>ἐποιησάμεθα,</strong></span> <span class='ocrx_word' id='word_1_357' title='bbox 1730 633 1808 669; x_wconf 82' lang='grc' dir='ltr'>δῆλον</span> 
     </span>
    </p>
   </div>
   <div class='ocr_carea' id='block_1_54' title="bbox 1024 670 1807 716">
    <p class='ocr_par' dir='ltr' id='par_1_54' title="bbox 1024 670 1807 716">
     <span class='ocr_line' id='line_1_54' title="bbox 1024 670 1807 716; baseline 0.005 -14"><span class='ocrx_word' id='word_1_358' title='bbox 1024 670 1089 712; x_wconf 73' lang='grc' dir='ltr'>ἡμῖν</span> <span class='ocrx_word' id='word_1_359' title='bbox 1107 675 1136 709; x_wconf 76' lang='grc' dir='ltr'>ἐξ</span> <span class='ocrx_word' id='word_1_360' title='bbox 1151 677 1235 711; x_wconf 81' lang='grc' dir='ltr'>αὐτῆς</span> <span class='ocrx_word' id='word_1_361' title='bbox 1250 677 1299 712; x_wconf 80' lang='grc' dir='ltr'>τῆς</span> <span class='ocrx_word' id='word_1_362' title='bbox 1313 676 1430 708; x_wconf 76' lang='grc' dir='ltr'><strong>διανοίας</strong></span> <span class='ocrx_word' id='word_1_363' title='bbox 1448 677 1502 703; x_wconf 82' lang='grc' dir='ltr'><strong>τῶν</strong></span> <span class='ocrx_word' id='word_1_364' title='bbox 1517 679 1715 713; x_wconf 80' lang='grc' dir='ltr'><strong>γεγραμμένων</strong></span> <span class='ocrx_word' id='word_1_365' title='bbox 1727 681 1807 716; x_wconf 65' lang='grc' dir='ltr'>γενής</span> 
     </span>
    </p>
   </div>
   <div class='ocr_carea' id='block_1_55' title="bbox 1026 721 1806 760">
    <p class='ocr_par' dir='ltr' id='par_1_55' title="bbox 1026 721 1806 760">
     <span class='ocr_line' id='line_1_55' title="bbox 1026 721 1806 760; baseline 0.004 -11"><span class='ocrx_word' id='word_1_366' title='bbox 1026 732 1110 750; x_wconf 76' lang='grc' dir='ltr'>σεται.</span> <span class='ocrx_word' id='word_1_367' title='bbox 1130 723 1224 759; x_wconf 85' lang='grc' dir='ltr'>Χρυσῆ</span> <span class='ocrx_word' id='word_1_368' title='bbox 1235 731 1275 754; x_wconf 81' lang='grc' dir='ltr'>τις</span> <span class='ocrx_word' id='word_1_369' title='bbox 1288 721 1321 758; x_wconf 82' lang='grc' dir='ltr'><strong>ἦν</strong></span> <span class='ocrx_word' id='word_1_370' title='bbox 1333 723 1361 749; x_wconf 77' lang='grc' dir='ltr'><strong>τὸ</strong></span> <span class='ocrx_word' id='word_1_371' title='bbox 1374 723 1511 758; x_wconf 73' lang='grc' dir='ltr'>καταρχὰς</span> <span class='ocrx_word' id='word_1_372' title='bbox 1522 725 1537 759; x_wconf 76' lang='grc' dir='ltr'>ἡ</span> <span class='ocrx_word' id='word_1_373' title='bbox 1548 724 1701 760; x_wconf 80' lang='grc' dir='ltr'>ἀνθρωπίνη</span> <span class='ocrx_word' id='word_1_374' title='bbox 1718 726 1806 760; x_wconf 78' lang='grc' dir='ltr'>φύσις,</span> 
     </span>
    </p>
   </div>
   <div class='ocr_carea' id='block_1_56' title="bbox 1025 769 1806 805">
    <p class='ocr_par' dir='ltr' id='par_1_56' title="bbox 1025 769 1806 805">
     <span class='ocr_line' id='line_1_56' title="bbox 1025 769 1806 805; baseline 0.003 -10"><span class='ocrx_word' id='word_1_375' title='bbox 1025 770 1070 796; x_wconf 70' lang='grc' dir='ltr'><strong>καὶ</strong></span> <span class='ocrx_word' id='word_1_376' title='bbox 1079 769 1223 804; x_wconf 79' lang='grc' dir='ltr'>λάμπουσα</span> <span class='ocrx_word' id='word_1_377' title='bbox 1235 769 1266 803; x_wconf 85' lang='grc' dir='ltr'><strong>τῇ</strong></span> <span class='ocrx_word' id='word_1_378' title='bbox 1278 770 1345 804; x_wconf 75' lang='grc' dir='ltr'>πρὸς</span> <span class='ocrx_word' id='word_1_379' title='bbox 1358 769 1388 795; x_wconf 79' lang='grc' dir='ltr'>τὸ</span> <span class='ocrx_word' id='word_1_380' title='bbox 1400 769 1537 804; x_wconf 80' lang='grc' dir='ltr'><strong>ἀκήρατον</strong></span> <span class='ocrx_word' id='word_1_381' title='bbox 1548 770 1648 804; x_wconf 70' lang='grc' dir='ltr'>ἁγαθὺν</span> <span class='ocrx_word' id='word_1_382' title='bbox 1655 771 1791 805; x_wconf 69' lang='grc' dir='ltr'>ὁμοιότητι</span> <span class='ocrx_word' id='word_1_383' title='bbox 1801 782 1806 788; x_wconf 86' lang='grc'>·</span> 
     </span>
    </p>
   </div>
   <div class='ocr_carea' id='block_1_57' title="bbox 1025 814 1807 852">
    <p class='ocr_par' dir='ltr' id='par_1_57' title="bbox 1025 814 1807 852">
     <span class='ocr_line' id='line_1_57' title="bbox 1025 814 1807 852; baseline 0.003 -12"><span class='ocrx_word' id='word_1_384' title='bbox 1025 814 1092 841; x_wconf 84' lang='grc' dir='ltr'>ἀλλὰ</span> <span class='ocrx_word' id='word_1_385' title='bbox 1105 814 1236 850; x_wconf 80' lang='grc' dir='ltr'><strong>δύσχρους</strong></span> <span class='ocrx_word' id='word_1_386' title='bbox 1253 815 1300 841; x_wconf 81' lang='grc' dir='ltr'>καὶ·</span> <span class='ocrx_word' id='word_1_387' title='bbox 1319 815 1430 849; x_wconf 81' lang='grc' dir='ltr'>μέλαινα</span> <span class='ocrx_word' id='word_1_388' title='bbox 1450 814 1518 849; x_wconf 81' lang='grc' dir='ltr'>μετὰ</span> <span class='ocrx_word' id='word_1_389' title='bbox 1537 815 1615 841; x_wconf 73' lang='grc' dir='ltr'>τοῦτο</span> <span class='ocrx_word' id='word_1_390' title='bbox 1628 817 1661 851; x_wconf 85' lang='grc' dir='ltr'>τῇ</span> <span class='ocrx_word' id='word_1_391' title='bbox 1683 816 1807 852; x_wconf 54' lang='grc' dir='ltr'><strong>ἐπιμιξία</strong></span> 
     </span>
    </p>
   </div>
   <div class='ocr_carea' id='block_1_58' title="bbox 1024 859 1806 896">
    <p class='ocr_par' dir='ltr' id='par_1_58' title="bbox 1024 859 1806 896">
     <span class='ocr_line' id='line_1_58' title="bbox 1024 859 1806 896; baseline 0.004 -11"><span class='ocrx_word' id='word_1_392' title='bbox 1024 860 1072 894; x_wconf 78' lang='grc' dir='ltr'>τῆς</span> <span class='ocrx_word' id='word_1_393' title='bbox 1100 860 1198 891; x_wconf 78' lang='grc' dir='ltr'>κακίας</span> <span class='ocrx_word' id='word_1_394' title='bbox 1232 859 1349 893; x_wconf 78' lang='grc' dir='ltr'>ἐγένετο,</span> <span class='ocrx_word' id='word_1_395' title='bbox 1375 859 1467 891; x_wconf 84' lang='grc' dir='ltr'>καθὼς</span> <span class='ocrx_word' id='word_1_396' title='bbox 1493 860 1521 886; x_wconf 84' lang='grc' dir='ltr'><strong>ἐν</strong></span> <span class='ocrx_word' id='word_1_397' title='bbox 1548 861 1604 892; x_wconf 84' lang='grc' dir='ltr'>τοῖς</span> <span class='ocrx_word' id='word_1_398' title='bbox 1627 861 1744 896; x_wconf 79' lang='grc' dir='ltr'><strong>πρώτοις</strong></span> <span class='ocrx_word' id='word_1_399' title='bbox 1760 862 1806 888; x_wconf 69' lang='grc' dir='ltr'><strong>τοῦ</strong></span> 
     </span>
    </p>
   </div>
   <div class='ocr_carea' id='block_1_59' title="bbox 1025 905 1807 942">
    <p class='ocr_par' dir='ltr' id='par_1_59' title="bbox 1025 905 1807 942">
     <span class='ocr_line' id='line_1_59' title="bbox 1025 905 1807 942; baseline 0.003 -11"><span class='ocrx_word' id='word_1_400' title='bbox 1025 905 1163 941; x_wconf 72' lang='grc' dir='ltr'>ᾊσματος</span> <span class='ocrx_word' id='word_1_401' title='bbox 1172 906 1220 940; x_wconf 84' lang='grc' dir='ltr'>τῆς</span> <span class='ocrx_word' id='word_1_402' title='bbox 1233 906 1262 932; x_wconf 90' lang='grc' dir='ltr'>νύ</span> <span class='ocrx_word' id='word_1_403' title='bbox 1267 914 1340 941; x_wconf 74' lang='grc' dir='ltr'>μςρης</span> <span class='ocrx_word' id='word_1_404' title='bbox 1349 906 1514 941; x_wconf 78' lang='grc' dir='ltr'>ἠκούσαμεν,</span> <span class='ocrx_word' id='word_1_405' title='bbox 1532 906 1572 932; x_wconf 78' lang='grc' dir='ltr'><strong>ὅτι</strong></span> <span class='ocrx_word' id='word_1_406' title='bbox 1588 905 1715 940; x_wconf 83' lang='grc' dir='ltr'>μέλαιναν</span> <span class='ocrx_word' id='word_1_407' title='bbox 1725 907 1807 942; x_wconf 77' lang='grc' dir='ltr'>αὐτὴν</span> 
     </span>
    </p>
   </div>
   <div class='ocr_carea' id='block_1_60' title="bbox 1023 949 1807 987">
    <p class='ocr_par' dir='ltr' id='par_1_60' title="bbox 1023 949 1807 987">
     <span class='ocr_line' id='line_1_60' title="bbox 1023 949 1807 987; baseline 0.003 -10"><span class='ocrx_word' id='word_1_408' title='bbox 1023 951 1150 986; x_wconf 77' lang='grc' dir='ltr'>ἐποίησεν</span> <span class='ocrx_word' id='word_1_409' title='bbox 1166 951 1182 986; x_wconf 83' lang='grc' dir='ltr'>ἡ</span> <span class='ocrx_word' id='word_1_410' title='bbox 1199 951 1245 977; x_wconf 84' lang='grc' dir='ltr'><strong>τοῦ</strong></span> <span class='ocrx_word' id='word_1_411' title='bbox 1262 950 1422 986; x_wconf 82' lang='grc' dir='ltr'>ἀμπελῶνος</span> <span class='ocrx_word' id='word_1_412' title='bbox 1441 951 1579 987; x_wconf 78' lang='grc' dir='ltr'><strong>ὀλιγωρία,</strong></span> <span class='ocrx_word' id='word_1_413' title='bbox 1602 949 1635 987; x_wconf 78' lang='grc' dir='ltr'>ἦς</span> <span class='ocrx_word' id='word_1_414' title='bbox 1651 951 1807 987; x_wconf 77' lang='grc' dir='ltr'><strong>θεραπεύων</strong></span> 
     </span>
    </p>
   </div>
   <div class='ocr_carea' id='block_1_61' title="bbox 1023 996 1803 1032">
    <p class='ocr_par' dir='ltr' id='par_1_61' title="bbox 1023 996 1803 1032">
     <span class='ocr_line' id='line_1_61' title="bbox 1023 996 1803 1032; baseline 0.001 -9"><span class='ocrx_word' id='word_1_415' title='bbox 1023 997 1071 1032; x_wconf 80' lang='grc' dir='ltr'><strong>τὴν</strong></span> <span class='ocrx_word' id='word_1_416' title='bbox 1086 997 1255 1032; x_wconf 63' lang='grc' dir='ltr'>δυσμορφίαν</span> <span class='ocrx_word' id='word_1_417' title='bbox 1279 998 1292 1023; x_wconf 75' lang='grc' dir='ltr'>ὁ</span> <span class='ocrx_word' id='word_1_418' title='bbox 1310 996 1397 1023; x_wconf 81' lang='grc' dir='ltr'>πάντα</span> <span class='ocrx_word' id='word_1_419' title='bbox 1410 997 1438 1023; x_wconf 81' lang='grc' dir='ltr'><strong>ἐν</strong></span> <span class='ocrx_word' id='word_1_420' title='bbox 1455 996 1533 1032; x_wconf 73' lang='grc' dir='ltr'>σοφίᾳ</span> <span class='ocrx_word' id='word_1_421' title='bbox 1554 999 1714 1032; x_wconf 79' lang='grc' dir='ltr'><strong>τεχνιτεύων</strong></span> <span class='ocrx_word' id='word_1_422' title='bbox 1728 998 1803 1029; x_wconf 84' lang='grc' dir='ltr'>Θεὸς,</span> 
     </span>
    </p>
   </div>
   <div class='ocr_carea' id='block_1_62' title="bbox 1023 1042 1808 1079">
    <p class='ocr_par' dir='ltr' id='par_1_62' title="bbox 1023 1042 1808 1079">
     <span class='ocr_line' id='line_1_62' title="bbox 1023 1042 1808 1079; baseline 0.001 -10"><span class='ocrx_word' id='word_1_423' title='bbox 1023 1043 1052 1069; x_wconf 82' lang='grc' dir='ltr'>οὐ</span> <span class='ocrx_word' id='word_1_424' title='bbox 1071 1043 1162 1070; x_wconf 84' lang='grc' dir='ltr'>καινόν</span> <span class='ocrx_word' id='word_1_425' title='bbox 1179 1051 1204 1069; x_wconf 80' lang='grc' dir='ltr'>τι</span> <span class='ocrx_word' id='word_1_426' title='bbox 1216 1042 1311 1074; x_wconf 82' lang='grc' dir='ltr'>κάλλος</span> <span class='ocrx_word' id='word_1_427' title='bbox 1329 1043 1370 1069; x_wconf 75' lang='grc' dir='ltr'>ἐπ’</span> <span class='ocrx_word' id='word_1_428' title='bbox 1386 1042 1468 1078; x_wconf 74' lang='grc' dir='ltr'>αὐτὴν</span> <span class='ocrx_word' id='word_1_429' title='bbox 1485 1044 1647 1078; x_wconf 76' lang='grc' dir='ltr'>μηχανᾶται,</span> <span class='ocrx_word' id='word_1_430' title='bbox 1663 1043 1676 1069; x_wconf 85' lang='grc' dir='ltr'><strong>ὃ</strong></span> <span class='ocrx_word' id='word_1_431' title='bbox 1689 1044 1725 1079; x_wconf 88' lang='grc' dir='ltr'>μὴ</span> <span class='ocrx_word' id='word_1_432' title='bbox 1742 1045 1808 1079; x_wconf 79' lang='grc' dir='ltr'>πρό-</span> 
     </span>
    </p>
   </div>
   <div class='ocr_carea' id='block_1_63' title="bbox 1022 1087 1807 1124">
    <p class='ocr_par' dir='ltr' id='par_1_63' title="bbox 1022 1087 1807 1124">
     <span class='ocr_line' id='line_1_63' title="bbox 1022 1087 1807 1124; baseline 0.001 -9"><span class='ocrx_word' id='word_1_433' title='bbox 1022 1097 1100 1124; x_wconf 85' lang='grc' dir='ltr'>τερον</span> <span class='ocrx_word' id='word_1_434' title='bbox 1121 1087 1165 1123; x_wconf 82' lang='grc' dir='ltr'>ἦν,</span> <span class='ocrx_word' id='word_1_435' title='bbox 1191 1089 1246 1114; x_wconf 77' lang='grc' dir='ltr'>ἀλλ’</span> <span class='ocrx_word' id='word_1_436' title='bbox 1265 1088 1311 1114; x_wconf 75' lang='grc' dir='ltr'><strong>ἐπὶ</strong></span> <span class='ocrx_word' id='word_1_437' title='bbox 1326 1088 1375 1124; x_wconf 85' lang='grc' dir='ltr'><strong>τὴν</strong></span> <span class='ocrx_word' id='word_1_438' title='bbox 1394 1088 1505 1123; x_wconf 80' lang='grc' dir='ltr'>πρώτην</span> <span class='ocrx_word' id='word_1_439' title='bbox 1521 1089 1651 1122; x_wconf 73' lang='grc' dir='ltr'><strong>ἐπανάγει</strong></span> <span class='ocrx_word' id='word_1_440' title='bbox 1666 1089 1755 1124; x_wconf 83' lang='grc' dir='ltr'>χάριν,</span> <span class='ocrx_word' id='word_1_441' title='bbox 1774 1089 1807 1116; x_wconf 82' lang='grc' dir='ltr'><strong>δι’</strong></span> 
     </span>
    </p>
   </div>
   <div class='ocr_carea' id='block_1_64' title="bbox 1022 1134 1807 1170">
    <p class='ocr_par' dir='ltr' id='par_1_64' title="bbox 1022 1134 1807 1170">
     <span class='ocr_line' id='line_1_64' title="bbox 1022 1134 1807 1170; baseline -0.001 -8"><span class='ocrx_word' id='word_1_442' title='bbox 1022 1135 1176 1166; x_wconf 84' lang='grc' dir='ltr'>ἀναλύσεως</span> <span class='ocrx_word' id='word_1_443' title='bbox 1194 1135 1242 1170; x_wconf 84' lang='grc' dir='ltr'><strong>τὴν</strong></span> <span class='ocrx_word' id='word_1_444' title='bbox 1259 1135 1298 1169; x_wconf 83' lang='grc' dir='ltr'>τῷ</span> <span class='ocrx_word' id='word_1_445' title='bbox 1322 1134 1399 1169; x_wconf 83' lang='grc' dir='ltr'>κακῷ</span> <span class='ocrx_word' id='word_1_446' title='bbox 1425 1134 1601 1169; x_wconf 83' lang='grc' dir='ltr'>μελανθεῖσαν</span> <span class='ocrx_word' id='word_1_447' title='bbox 1615 1135 1807 1170; x_wconf 79' lang='grc' dir='ltr'>μεταχωνεύων</span> 
     </span>
    </p>
   </div>
   <div class='ocr_carea' id='block_1_65' title="bbox 1023 1180 1812 1230">
    <p class='ocr_par' dir='ltr' id='par_1_65' title="bbox 1023 1180 1812 1230">
     <span class='ocr_line' id='line_1_65' title="bbox 1023 1180 1812 1230; baseline -0.004 -21"><span class='ocrx_word' id='word_1_448' title='bbox 1023 1183 1090 1217; x_wconf 80' lang='grc' dir='ltr'>πρὸς</span> <span class='ocrx_word' id='word_1_449' title='bbox 1102 1183 1131 1209; x_wconf 83' lang='grc' dir='ltr'><strong>τὸ</strong></span> <span class='ocrx_word' id='word_1_450' title='bbox 1145 1183 1292 1216; x_wconf 76' lang='grc' dir='ltr'><strong>ἀκήρατον.</strong></span> <span class='ocrx_word' id='word_1_451' title='bbox 1311 1181 1416 1216; x_wconf 82' lang='grc' dir='ltr'>’Ὠσπερ</span> <span class='ocrx_word' id='word_1_452' title='bbox 1435 1181 1522 1206; x_wconf 82' lang='grc' dir='ltr'>τοίνυν</span> <span class='ocrx_word' id='word_1_453' title='bbox 1534 1182 1558 1207; x_wconf 75' lang='grc' dir='ltr'><strong>οἱ</strong></span> <span class='ocrx_word' id='word_1_454' title='bbox 1574 1180 1695 1216; x_wconf 79' lang='grc' dir='ltr'>ἀκριϐεῖς</span> <span class='ocrx_word' id='word_1_455' title='bbox 1708 1189 1812 1230; x_wconf 36' lang='grc' dir='ltr'><strong>χρζδσοέ</strong></span> 
     </span>
    </p>
   </div>
   <div class='ocr_carea' id='block_1_66' title="bbox 1022 1225 1806 1263">
    <p class='ocr_par' dir='ltr' id='par_1_66' title="bbox 1022 1225 1806 1263">
     <span class='ocr_line' id='line_1_66' title="bbox 1022 1225 1806 1263; baseline -0.004 -9"><span class='ocrx_word' id='word_1_456' title='bbox 1022 1227 1161 1263; x_wconf 85' lang='grc' dir='ltr'>γνώμονες</span> <span class='ocrx_word' id='word_1_457' title='bbox 1186 1227 1254 1262; x_wconf 74' lang='grc' dir='ltr'>μετὰ</span> <span class='ocrx_word' id='word_1_458' title='bbox 1277 1226 1326 1262; x_wconf 88' lang='grc' dir='ltr'><strong>τὴν</strong></span> <span class='ocrx_word' id='word_1_459' title='bbox 1348 1225 1459 1261; x_wconf 84' lang='grc' dir='ltr'>πρώτην</span> <span class='ocrx_word' id='word_1_460' title='bbox 1476 1226 1589 1260; x_wconf 81' lang='grc' dir='ltr'>χωνείαν</span> <span class='ocrx_word' id='word_1_461' title='bbox 1603 1225 1806 1259; x_wconf 77' lang='grc' dir='ltr'>ἐπισκοποῦσιν,</span> 
     </span>
    </p>
   </div>
   <div class='ocr_carea' id='block_1_67' title="bbox 1022 1271 1804 1307">
    <p class='ocr_par' dir='ltr' id='par_1_67' title="bbox 1022 1271 1804 1307">
     <span class='ocr_line' id='line_1_67' title="bbox 1022 1271 1804 1307; baseline -0.004 -6"><span class='ocrx_word' id='word_1_462' title='bbox 1022 1275 1082 1301; x_wconf 83' lang='grc' dir='ltr'>ὅσον</span> <span class='ocrx_word' id='word_1_463' title='bbox 1098 1273 1232 1300; x_wconf 76' lang='grc' dir='ltr'><strong>ἐπέδωκεν</strong></span> <span class='ocrx_word' id='word_1_464' title='bbox 1257 1273 1296 1303; x_wconf 79' lang='grc' dir='ltr'>είς</span> <span class='ocrx_word' id='word_1_465' title='bbox 1315 1271 1436 1307; x_wconf 76' lang='grc' dir='ltr'>κάλλοςή</span> <span class='ocrx_word' id='word_1_466' title='bbox 1454 1271 1503 1306; x_wconf 79' lang='grc' dir='ltr'><strong>ὕλη</strong></span> <span class='ocrx_word' id='word_1_467' title='bbox 1521 1271 1559 1306; x_wconf 86' lang='grc' dir='ltr'>τῷ</span> <span class='ocrx_word' id='word_1_468' title='bbox 1574 1272 1640 1307; x_wconf 75' lang='grc' dir='ltr'>πυρὶ</span> <span class='ocrx_word' id='word_1_469' title='bbox 1658 1272 1704 1298; x_wconf 75' lang='grc' dir='ltr'><strong>τὸν</strong></span> <span class='ocrx_word' id='word_1_470' title='bbox 1720 1272 1804 1306; x_wconf 79' lang='grc' dir='ltr'>ῥύπον</span> 
     </span>
    </p>
   </div>
   <div class='ocr_carea' id='block_1_68' title="bbox 1022 1317 1806 1353">
    <p class='ocr_par' dir='ltr' id='par_1_68' title="bbox 1022 1317 1806 1353">
     <span class='ocr_line' id='line_1_68' title="bbox 1022 1317 1806 1353; baseline -0.004 -7"><span class='ocrx_word' id='word_1_471' title='bbox 1022 1319 1242 1353; x_wconf 72' lang='grc' dir='ltr'>ἐνδαπανῆσασα·</span> <span class='ocrx_word' id='word_1_472' title='bbox 1269 1318 1315 1345; x_wconf 78' lang='grc' dir='ltr'>καὶ</span> <span class='ocrx_word' id='word_1_473' title='bbox 1346 1318 1426 1344; x_wconf 80' lang='grc' dir='ltr'>πάλιν</span> <span class='ocrx_word' id='word_1_474' title='bbox 1442 1317 1570 1353; x_wconf 79' lang='grc' dir='ltr'><strong>δευτέρας</strong></span> <span class='ocrx_word' id='word_1_475' title='bbox 1586 1317 1730 1351; x_wconf 84' lang='grc' dir='ltr'>γεγονυίας</span> <span class='ocrx_word' id='word_1_476' title='bbox 1749 1326 1806 1352; x_wconf 87' lang='grc' dir='ltr'><strong>χω-</strong></span> 
     </span>
    </p>
   </div>
   <div class='ocr_carea' id='block_1_69' title="bbox 1022 1363 1805 1401">
    <p class='ocr_par' dir='ltr' id='par_1_69' title="bbox 1022 1363 1805 1401">
     <span class='ocr_line' id='line_1_69' title="bbox 1022 1363 1805 1401; baseline -0.004 -8"><span class='ocrx_word' id='word_1_477' title='bbox 1022 1367 1111 1398; x_wconf 82' lang='grc' dir='ltr'>νείας,.</span> <span class='ocrx_word' id='word_1_478' title='bbox 1123 1368 1152 1392; x_wconf 76' lang='grc' dir='ltr'><strong>εί.</strong></span> <span class='ocrx_word' id='word_1_479' title='bbox 1159 1366 1196 1401; x_wconf 86' lang='grc' dir='ltr'><strong>μὴ</strong></span> <span class='ocrx_word' id='word_1_480' title='bbox 1212 1365 1310 1396; x_wconf 78' lang='grc' dir='ltr'>[κανῶς</span> <span class='ocrx_word' id='word_1_481' title='bbox 1332 1364 1407 1399; x_wconf 73' lang='grc' dir='ltr'>παρὰ</span> <span class='ocrx_word' id='word_1_482' title='bbox 1419 1363 1468 1399; x_wconf 74' lang='grc' dir='ltr'><strong>τὴν</strong></span> <span class='ocrx_word' id='word_1_483' title='bbox 1482 1363 1594 1399; x_wconf 80' lang='grc' dir='ltr'>πρώτην</span> <span class='ocrx_word' id='word_1_484' title='bbox 1616 1364 1805 1400; x_wconf 79' lang='grc' dir='ltr'>ἀπεκαθάρθη,</span> 
     </span>
    </p>
   </div>
   <div class='ocr_carea' id='block_1_70' title="bbox 1021 1409 1807 1448">
    <p class='ocr_par' dir='ltr' id='par_1_70' title="bbox 1021 1409 1807 1448">
     <span class='ocr_line' id='line_1_70' title="bbox 1021 1409 1807 1448; baseline -0.004 -9"><span class='ocrx_word' id='word_1_485' title='bbox 1021 1413 1051 1439; x_wconf 79' lang='grc' dir='ltr'><strong>τὸ</strong></span> <span class='ocrx_word' id='word_1_486' title='bbox 1067 1412 1212 1448; x_wconf 73' lang='grc' dir='ltr'>προστεθὲν</span> <span class='ocrx_word' id='word_1_487' title='bbox 1230 1411 1326 1442; x_wconf 85' lang='grc' dir='ltr'>κάλλος</span> <span class='ocrx_word' id='word_1_488' title='bbox 1341 1409 1550 1443; x_wconf 76' lang='grc' dir='ltr'>ὲπιλογίζονται,</span> <span class='ocrx_word' id='word_1_489' title='bbox 1566 1410 1612 1436; x_wconf 81' lang='grc' dir='ltr'><strong>καὶ</strong></span> <span class='ocrx_word' id='word_1_490' title='bbox 1629 1410 1757 1442; x_wconf 84' lang='grc' dir='ltr'>πολλάκις</span> <span class='ocrx_word' id='word_1_491' title='bbox 1776 1410 1807 1436; x_wconf 71' lang='grc' dir='ltr'><strong>τὸ</strong></span> 
     </span>
    </p>
   </div>
   <div class='ocr_carea' id='block_1_71' title="bbox 1023 1455 1807 1492">
    <p class='ocr_par' dir='ltr' id='par_1_71' title="bbox 1023 1455 1807 1492">
     <span class='ocr_line' id='line_1_71' title="bbox 1023 1455 1807 1492; baseline -0.004 -7"><span class='ocrx_word' id='word_1_492' title='bbox 1023 1460 1079 1486; x_wconf 82' lang='grc' dir='ltr'>ἴσον</span> <span class='ocrx_word' id='word_1_493' title='bbox 1105 1458 1255 1488; x_wconf 79' lang='grc' dir='ltr'>ποιοῦντες,</span> <span class='ocrx_word' id='word_1_494' title='bbox 1272 1456 1316 1483; x_wconf 76' lang='grc' dir='ltr'>ἀεὶ</span> <span class='ocrx_word' id='word_1_495' title='bbox 1331 1456 1379 1488; x_wconf 79' lang='grc' dir='ltr'>τὰς</span> <span class='ocrx_word' id='word_1_496' title='bbox 1399 1456 1445 1482; x_wconf 79' lang='grc' dir='ltr'><strong>τοῦ</strong></span> <span class='ocrx_word' id='word_1_497' title='bbox 1461 1455 1575 1487; x_wconf 77' lang='grc' dir='ltr'>κάλλους</span> <span class='ocrx_word' id='word_1_498' title='bbox 1591 1456 1747 1492; x_wconf 81' lang='grc' dir='ltr'>προσθήκας</span> <span class='ocrx_word' id='word_1_499' title='bbox 1763 1455 1807 1482; x_wconf 76' lang='grc' dir='ltr'>διὰ</span> 
     </span>
    </p>
   </div>
   <div class='ocr_carea' id='block_1_72' title="bbox 983 1500 1807 1542">
    <p class='ocr_par' dir='ltr' id='par_1_72' title="bbox 983 1500 1807 1542">
     <span class='ocr_line' id='line_1_72' title="bbox 983 1500 1807 1542; baseline -0.005 -11"><span class='ocrx_word' id='word_1_500' title='bbox 983 1514 1004 1542; x_wconf 69' lang='grc' dir='ltr'>(ς</span> <span class='ocrx_word' id='word_1_501' title='bbox 1021 1505 1071 1539; x_wconf 79' lang='grc' dir='ltr'><strong>τῆς</strong></span> <span class='ocrx_word' id='word_1_502' title='bbox 1085 1503 1295 1539; x_wconf 79' lang='grc' dir='ltr'>ὲπιστημονικῆς</span> <span class='ocrx_word' id='word_1_503' title='bbox 1309 1502 1468 1537; x_wconf 81' lang='grc' dir='ltr'>δοκιμασίας</span> <span class='ocrx_word' id='word_1_504' title='bbox 1485 1501 1722 1535; x_wconf 79' lang='grc' dir='ltr'>ἐπιγινώσκουσιν·</span> <span class='ocrx_word' id='word_1_505' title='bbox 1737 1500 1807 1527; x_wconf 77' lang='grc' dir='ltr'><strong>οὕτω</strong></span> 
     </span>
    </p>
   </div>
   <div class='ocr_carea' id='block_1_73' title="bbox 1019 1546 1806 1583">
    <p class='ocr_par' dir='ltr' id='par_1_73' title="bbox 1019 1546 1806 1583">
     <span class='ocr_line' id='line_1_73' title="bbox 1019 1546 1806 1583; baseline -0.006 -6"><span class='ocrx_word' id='word_1_506' title='bbox 1019 1551 1066 1577; x_wconf 79' lang='grc' dir='ltr'><strong>καὶ</strong></span> <span class='ocrx_word' id='word_1_507' title='bbox 1090 1549 1137 1575; x_wconf 83' lang='grc' dir='ltr'><strong>νῦν</strong></span> <span class='ocrx_word' id='word_1_508' title='bbox 1159 1550 1173 1575; x_wconf 84' lang='grc' dir='ltr'>ὁ</span> <span class='ocrx_word' id='word_1_509' title='bbox 1199 1546 1369 1583; x_wconf 75' lang='grc' dir='ltr'>θεραπευτὴς</span> <span class='ocrx_word' id='word_1_510' title='bbox 1397 1546 1444 1572; x_wconf 81' lang='grc' dir='ltr'><strong>τοῦ</strong></span> <span class='ocrx_word' id='word_1_511' title='bbox 1470 1546 1646 1581; x_wconf 81' lang='grc' dir='ltr'>μελανθέντος</span> <span class='ocrx_word' id='word_1_512' title='bbox 1676 1547 1806 1582; x_wconf 78' lang='grc' dir='ltr'>χρυσῖου,</span> 
     </span>
    </p>
   </div>
   <div class='ocr_carea' id='block_1_74' title="bbox 1019 1591 1802 1630">
    <p class='ocr_par' dir='ltr' id='par_1_74' title="bbox 1019 1591 1802 1630">
     <span class='ocr_line' id='line_1_74' title="bbox 1019 1591 1802 1630; baseline -0.006 -7"><span class='ocrx_word' id='word_1_513' title='bbox 1019 1595 1144 1630; x_wconf 83' lang='grc' dir='ltr'>καθάπερ</span> <span class='ocrx_word' id='word_1_514' title='bbox 1158 1595 1210 1620; x_wconf 81' lang='grc' dir='ltr'>τινὶ</span> <span class='ocrx_word' id='word_1_515' title='bbox 1225 1593 1301 1629; x_wconf 72' lang='grc' dir='ltr'><strong>χώνῃ</strong></span> <span class='ocrx_word' id='word_1_516' title='bbox 1310 1593 1398 1628; x_wconf 75' lang='grc' dir='ltr'>ψυχὴν</span> <span class='ocrx_word' id='word_1_517' title='bbox 1413 1591 1579 1627; x_wconf 76' lang='grc' dir='ltr'>λαμπρύνας</span> <span class='ocrx_word' id='word_1_518' title='bbox 1593 1592 1636 1618; x_wconf 71' lang='grc' dir='ltr'><strong>διὰ</strong></span> <span class='ocrx_word' id='word_1_519' title='bbox 1650 1593 1702 1619; x_wconf 81' lang='grc' dir='ltr'><strong>τῶν</strong></span> <span class='ocrx_word' id='word_1_520' title='bbox 1717 1601 1802 1628; x_wconf 78' lang='grc' dir='ltr'>προσ-</span> 
     </span>
    </p>
   </div>
   <div class='ocr_carea' id='block_1_75' title="bbox 1019 1637 1807 1688">
    <p class='ocr_par' dir='ltr' id='par_1_75' title="bbox 1019 1637 1807 1688">
     <span class='ocr_line' id='line_1_75' title="bbox 1019 1637 1807 1688; baseline -0.005 -20"><span class='ocrx_word' id='word_1_521' title='bbox 1019 1641 1155 1676; x_wconf 72' lang='grc' dir='ltr'>αχθέντων</span> <span class='ocrx_word' id='word_1_522' title='bbox 1183 1640 1250 1674; x_wconf 78' lang='grc' dir='ltr'><strong>αὐτῇ</strong></span> <span class='ocrx_word' id='word_1_523' title='bbox 1283 1638 1453 1687; x_wconf 53' lang='grc' dir='ltr'>φαρμάκιον·</span> <span class='ocrx_word' id='word_1_524' title='bbox 1477 1638 1506 1664; x_wconf 80' lang='grc' dir='ltr'><strong>ὲν</strong></span> <span class='ocrx_word' id='word_1_525' title='bbox 1527 1637 1575 1688; x_wconf 50' lang='grc' dir='ltr'>μεν</span> <span class='ocrx_word' id='word_1_526' title='bbox 1594 1638 1649 1668; x_wconf 85' lang='grc' dir='ltr'>τοῖς</span> <span class='ocrx_word' id='word_1_527' title='bbox 1674 1637 1807 1688; x_wconf 72' lang='grc' dir='ltr'>φθάσασιν</span> 
     </span>
    </p>
   </div>
   <div class='ocr_carea' id='block_1_76' title="bbox 1019 1681 1806 1718">
    <p class='ocr_par' dir='ltr' id='par_1_76' title="bbox 1019 1681 1806 1718">
     <span class='ocr_line' id='line_1_76' title="bbox 1019 1681 1806 1718; baseline -0.008 -6"><span class='ocrx_word' id='word_1_528' title='bbox 1019 1687 1102 1713; x_wconf 81' lang='grc' dir='ltr'>ἵππου</span> <span class='ocrx_word' id='word_1_529' title='bbox 1125 1684 1196 1716; x_wconf 80' lang='grc' dir='ltr'>τινὸς</span> <span class='ocrx_word' id='word_1_530' title='bbox 1223 1683 1374 1718; x_wconf 74' lang='grc' dir='ltr'>εὐμορφίαν</span> <span class='ocrx_word' id='word_1_531' title='bbox 1392 1681 1429 1717; x_wconf 85' lang='grc' dir='ltr'><strong>τῷ</strong></span> <span class='ocrx_word' id='word_1_532' title='bbox 1442 1682 1595 1717; x_wconf 73' lang='grc' dir='ltr'>φαινομένῳ</span> <span class='ocrx_word' id='word_1_533' title='bbox 1616 1681 1806 1718; x_wconf 82' lang='grc' dir='ltr'>προσεμαρτύ-</span> 
     </span>
    </p>
   </div>
   <div class='ocr_carea' id='block_1_77' title="bbox 1024 1726 1807 1768">
    <p class='ocr_par' dir='ltr' id='par_1_77' title="bbox 1024 1726 1807 1768">
     <span class='ocr_line' id='line_1_77' title="bbox 1024 1726 1807 1768; baseline -0.006 -10"><span class='ocrx_word' id='word_1_534' title='bbox 1024 1740 1108 1768; x_wconf 75' lang='grc' dir='ltr'>ρησε·</span> <span class='ocrx_word' id='word_1_535' title='bbox 1127 1731 1173 1758; x_wconf 80' lang='grc' dir='ltr'><strong>νῦν</strong></span> <span class='ocrx_word' id='word_1_536' title='bbox 1198 1731 1226 1756; x_wconf 79' lang='grc' dir='ltr'>δὲ</span> <span class='ocrx_word' id='word_1_537' title='bbox 1247 1730 1284 1761; x_wconf 82' lang='grc' dir='ltr'>ὡς</span> <span class='ocrx_word' id='word_1_538' title='bbox 1308 1726 1443 1764; x_wconf 78' lang='grc' dir='ltr'>παρθένου</span> <span class='ocrx_word' id='word_1_539' title='bbox 1467 1728 1558 1754; x_wconf 69' lang='grc' dir='ltr'>λοιπον</span> <span class='ocrx_word' id='word_1_540' title='bbox 1589 1727 1750 1762; x_wconf 73' lang='grc' dir='ltr'><strong>ἀποδέχεται</strong></span> <span class='ocrx_word' id='word_1_541' title='bbox 1777 1727 1807 1753; x_wconf 71' lang='grc' dir='ltr'><strong>τὸ</strong></span> 
     </span>
    </p>
   </div>
   <div class='ocr_carea' id='block_1_78' title="bbox 1023 1771 1806 1812">
    <p class='ocr_par' dir='ltr' id='par_1_78' title="bbox 1023 1771 1806 1812">
     <span class='ocr_line' id='line_1_78' title="bbox 1023 1771 1806 1812; baseline -0.008 -7"><span class='ocrx_word' id='word_1_542' title='bbox 1023 1778 1156 1812; x_wconf 61' lang='grc' dir='ltr'>ἁναψανὲν</span> <span class='ocrx_word' id='word_1_543' title='bbox 1175 1776 1243 1811; x_wconf 80' lang='grc' dir='ltr'>αὐτῇ</span> <span class='ocrx_word' id='word_1_544' title='bbox 1257 1775 1363 1806; x_wconf 77' lang='grc' dir='ltr'>κάλλος.</span> <span class='ocrx_word' id='word_1_545' title='bbox 1380 1775 1448 1809; x_wconf 77' lang='grc' dir='ltr'>Φησὶ</span> <span class='ocrx_word' id='word_1_546' title='bbox 1462 1775 1531 1810; x_wconf 85' lang='grc' dir='ltr'><strong>γάρ·</strong></span> <span class='ocrx_word' id='word_1_547' title='bbox 1553 1773 1629 1800; x_wconf 79' lang='grc' dir='ltr'><strong>Ἰδοὺ</strong></span> <span class='ocrx_word' id='word_1_548' title='bbox 1645 1771 1674 1800; x_wconf 79' lang='grc' dir='ltr'>εἴ</span> <span class='ocrx_word' id='word_1_549' title='bbox 1683 1773 1772 1807; x_wconf 81' lang='grc' dir='ltr'>καλὴ,</span> <span class='ocrx_word' id='word_1_550' title='bbox 1787 1773 1806 1806; x_wconf 74' lang='grc' dir='ltr'>ἢ</span> 
     </span>
    </p>
   </div>
   <div class='ocr_carea' id='block_1_79' title="bbox 1022 1818 1806 1856">
    <p class='ocr_par' dir='ltr' id='par_1_79' title="bbox 1022 1818 1806 1856">
     <span class='ocr_line' id='line_1_79' title="bbox 1022 1818 1806 1856; baseline -0.005 -7"><span class='ocrx_word' id='word_1_551' title='bbox 1022 1823 1157 1855; x_wconf 70' lang='grc' dir='ltr'>πλησίον·</span> <span class='ocrx_word' id='word_1_552' title='bbox 1182 1830 1250 1856; x_wconf 81' lang='grc' dir='ltr'>μου,</span> <span class='ocrx_word' id='word_1_553' title='bbox 1272 1820 1335 1848; x_wconf 68' lang='grc' dir='ltr'>ἰδοὺ</span> <span class='ocrx_word' id='word_1_554' title='bbox 1360 1818 1389 1847; x_wconf 80' lang='grc' dir='ltr'><em>εἷ</em></span> <span class='ocrx_word' id='word_1_555' title='bbox 1413 1819 1508 1853; x_wconf 71' lang='grc' dir='ltr'>καλή·</span> <span class='ocrx_word' id='word_1_556' title='bbox 1536 1821 1563 1846; x_wconf 83' lang='grc' dir='ltr'><strong>οι</strong></span> <span class='ocrx_word' id='word_1_557' title='bbox 1580 1819 1728 1854; x_wconf 73' lang='grc' dir='ltr'><strong>ὀφθαλμοί</strong></span> <span class='ocrx_word' id='word_1_558' title='bbox 1746 1827 1806 1846; x_wconf 79' lang='grc' dir='ltr'><strong>σου</strong></span> 
     </span>
    </p>
   </div>
   <div class='ocr_carea' id='block_1_80' title="bbox 1021 1867 1201 1901">
    <p class='ocr_par' dir='ltr' id='par_1_80' title="bbox 1021 1867 1201 1901">
     <span class='ocr_line' id='line_1_80' title="bbox 1021 1867 1201 1901; baseline -0.011 -7"><span class='ocrx_word' id='word_1_559' title='bbox 1021 1867 1201 1901; x_wconf 75' lang='grc' dir='ltr'>περιστεραί.</span> 
     </span>
    </p>
   </div>
   <div class='ocr_carea' id='block_1_81' title="bbox 1008 1910 1808 1948">
    <p class='ocr_par' dir='ltr' id='par_1_81' title="bbox 1008 1910 1808 1948">
     <span class='ocr_line' id='line_1_81' title="bbox 1008 1910 1808 1948; baseline -0.008 -5"><span class='ocrx_word' id='word_1_560' title='bbox 1008 1915 1127 1943; x_wconf 82' lang='lat' dir='ltr'><strong>admittit</strong></span> <span class='ocrx_word' id='word_1_561' title='bbox 1151 1913 1210 1948; x_wconf 86' lang='lat' dir='ltr'><strong>ejus</strong></span> <span class='ocrx_word' id='word_1_562' title='bbox 1239 1911 1479 1947; x_wconf 86' lang='lat' dir='ltr'><strong>pulchritudinem.</strong></span> <span class='ocrx_word' id='word_1_563' title='bbox 1513 1910 1582 1938; x_wconf 91' lang='lat' dir='ltr'><strong>Dicit</strong></span> <span class='ocrx_word' id='word_1_564' title='bbox 1609 1910 1706 1938; x_wconf 89' lang='lat' dir='ltr'><strong>enim:</strong></span> <span class='ocrx_word' id='word_1_565' title='bbox 1741 1910 1808 1938; x_wconf 66' lang='lat' dir='ltr'><strong>Em:</strong></span> 
     </span>
    </p>
   </div>
   <div class='ocr_carea' id='block_1_82' title="bbox 182 1948 1121 1990">
    <p class='ocr_par' dir='ltr' id='par_1_82' title="bbox 182 1948 1121 1990">
     <span class='ocr_line' id='line_1_82' title="bbox 182 1948 1121 1990; baseline 0.018 -19"><span class='ocrx_word' id='word_1_566' title='bbox 182 1948 292 1979; x_wconf 72' lang='lat' dir='ltr'><strong>pulo/ira</strong></span> <span class='ocrx_word' id='word_1_567' title='bbox 305 1956 342 1977; x_wconf 79' lang='lat' dir='ltr'><strong>es.</strong></span> <span class='ocrx_word' id='word_1_568' title='bbox 356 1951 501 1984; x_wconf 80' lang='lat' dir='ltr'><strong>propinqua</strong></span> <span class='ocrx_word' id='word_1_569' title='bbox 513 1960 580 1984; x_wconf 85' lang='lat' dir='ltr'><strong>mea,</strong></span> <span class='ocrx_word' id='word_1_570' title='bbox 593 1961 649 1980; x_wconf 72' lang='lat' dir='ltr'><strong>erce</strong></span> <span class='ocrx_word' id='word_1_571' title='bbox 660 1955 770 1988; x_wconf 83' lang='lat' dir='ltr'><strong>pulchra</strong></span> <span class='ocrx_word' id='word_1_572' title='bbox 784 1966 822 1984; x_wconf 81' lang='lat' dir='ltr'><strong>es.</strong></span> <span class='ocrx_word' id='word_1_573' title='bbox 837 1958 915 1986; x_wconf 81' lang='lat' dir='ltr'><strong>Oculi</strong></span> <span class='ocrx_word' id='word_1_574' title='bbox 927 1963 966 1989; x_wconf 81' lang='lat' dir='ltr'><strong>tui</strong></span> <span class='ocrx_word' id='word_1_575' title='bbox 984 1962 1121 1990; x_wconf 66' lang='lat' dir='ltr'><strong>columbae.</strong></span> 
     </span>
    </p>
   </div>
   <div class='ocr_carea' id='block_1_83' title="bbox 220 1991 967 2037">
    <p class='ocr_par' dir='ltr' id='par_1_83' title="bbox 220 1991 967 2037">
     <span class='ocr_line' id='line_1_83' title="bbox 220 1991 967 2037; baseline 0.021 -20"><span class='ocrx_word' id='word_1_576' title='bbox 220 1991 301 2019; x_wconf 86' lang='lat' dir='ltr'><strong>Docet</strong></span> <span class='ocrx_word' id='word_1_577' title='bbox 313 1999 402 2020; x_wconf 85' lang='lat' dir='ltr'><strong>autem</strong></span> <span class='ocrx_word' id='word_1_578' title='bbox 417 1996 503 2022; x_wconf 74' lang='lat' dir='ltr'><strong>oratio</strong></span> <span class='ocrx_word' id='word_1_579' title='bbox 517 2004 564 2031; x_wconf 87' lang='lat' dir='ltr'><strong>per</strong></span> <span class='ocrx_word' id='word_1_580' title='bbox 576 2006 607 2025; x_wconf 87' lang='lat' dir='ltr'><strong>ea</strong></span> <span class='ocrx_word' id='word_1_581' title='bbox 621 2007 680 2033; x_wconf 69' lang='lat' dir='ltr'><strong>quae</strong></span> <span class='ocrx_word' id='word_1_582' title='bbox 692 2001 792 2036; x_wconf 79' lang='lat' dir='ltr'><strong>scripta</strong></span> <span class='ocrx_word' id='word_1_583' title='bbox 806 2008 883 2037; x_wconf 84' lang='lat' dir='ltr'><strong>sunt,</strong></span> <span class='ocrx_word' id='word_1_584' title='bbox 895 2006 967 2034; x_wconf 88' lang='lat' dir='ltr'><strong>hanc</strong></span> 
     </span>
    </p>
   </div>
   <div class='ocr_carea' id='block_1_84' title="bbox 184 2037 966 2082">
    <p class='ocr_par' dir='ltr' id='par_1_84' title="bbox 184 2037 966 2082">
     <span class='ocr_line' id='line_1_84' title="bbox 184 2037 966 2082; baseline 0.026 -22"><span class='ocrx_word' id='word_1_585' title='bbox 184 2037 394 2070; x_wconf 80' lang='lat' dir='ltr'><strong>pulehritmhnis</strong></span> <span class='ocrx_word' id='word_1_586' title='bbox 419 2047 480 2067; x_wconf 84' lang='lat' dir='ltr'><strong>esse</strong></span> <span class='ocrx_word' id='word_1_587' title='bbox 506 2044 740 2077; x_wconf 87' lang='lat' dir='ltr'><strong>rcsumptionem,</strong></span> <span class='ocrx_word' id='word_1_588' title='bbox 769 2049 842 2082; x_wconf 86' lang='lat' dir='ltr'><strong>quod</strong></span> <span class='ocrx_word' id='word_1_589' title='bbox 871 2059 966 2081; x_wconf 88' lang='lat' dir='ltr'><strong>rursus</strong></span> 
     </span>
    </p>
   </div>
   <div class='ocr_carea' id='block_1_85' title="bbox 185 2083 964 2128">
    <p class='ocr_par' dir='ltr' id='par_1_85' title="bbox 185 2083 964 2128">
     <span class='ocr_line' id='line_1_85' title="bbox 185 2083 964 2128; baseline 0.024 -21"><span class='ocrx_word' id='word_1_590' title='bbox 185 2090 251 2116; x_wconf 77' lang='lat' dir='ltr'><strong>appr</strong></span> <span class='ocrx_word' id='word_1_591' title='bbox 272 2083 413 2118; x_wconf 81' lang='lat' dir='ltr'><strong>pinquarit</strong></span> <span class='ocrx_word' id='word_1_592' title='bbox 427 2093 496 2113; x_wconf 62' lang='lat' dir='ltr'><strong>verm</strong></span> <span class='ocrx_word' id='word_1_593' title='bbox 514 2088 719 2124; x_wconf 85' lang='lat' dir='ltr'><strong>pulchritudini,</strong></span> <span class='ocrx_word' id='word_1_594' title='bbox 736 2099 750 2118; x_wconf 92' lang='lat' dir='ltr'><strong>a</strong></span> <span class='ocrx_word' id='word_1_595' title='bbox 768 2101 821 2128; x_wconf 86' lang='lat' dir='ltr'><strong>qua</strong></span> <span class='ocrx_word' id='word_1_596' title='bbox 842 2099 964 2125; x_wconf 87' lang='lat' dir='ltr'><strong>recessit.</strong></span> 
     </span>
    </p>
   </div>
   <div class='ocr_carea' id='block_1_86' title="bbox 185 2127 966 2178">
    <p class='ocr_par' dir='ltr' id='par_1_86' title="bbox 185 2127 966 2178">
     <span class='ocr_line' id='line_1_86' title="bbox 185 2127 966 2178; baseline 0.022 -26"><span class='ocrx_word' id='word_1_597' title='bbox 185 2127 253 2154; x_wconf 81' lang='lat' dir='ltr'><strong>Dicit</strong></span> <span class='ocrx_word' id='word_1_598' title='bbox 267 2129 339 2155; x_wconf 67' lang='lat' dir='ltr'><strong>enim</strong></span> <span class='ocrx_word' id='word_1_599' title='bbox 353 2139 359 2156; x_wconf 92' lang='lat'><strong>:</strong></span> <span class='ocrx_word' id='word_1_600' title='bbox 377 2130 444 2157; x_wconf 81' lang='lat' dir='ltr'><strong>Ecrc</strong></span> <span class='ocrx_word' id='word_1_601' title='bbox 458 2132 568 2165; x_wconf 78' lang='lat' dir='ltr'><strong>pulchra</strong></span> <span class='ocrx_word' id='word_1_602' title='bbox 579 2142 616 2166; x_wconf 81' lang='lat' dir='ltr'><strong>es,</strong></span> <span class='ocrx_word' id='word_1_603' title='bbox 631 2137 776 2172; x_wconf 82' lang='lat' dir='ltr'><strong>propinqua</strong></span> <span class='ocrx_word' id='word_1_604' title='bbox 800 2147 867 2167; x_wconf 82' lang='lat' dir='ltr'><strong>mea.</strong></span> <span class='ocrx_word' id='word_1_605' title='bbox 882 2141 966 2178; x_wconf 87' lang='lat' dir='ltr'><strong>Prop-</strong></span> 
     </span>
    </p>
   </div>
   <div class='ocr_carea' id='block_1_87' title="bbox 183 2174 965 2219">
    <p class='ocr_par' dir='ltr' id='par_1_87' title="bbox 183 2174 965 2219">
     <span class='ocr_line' id='line_1_87' title="bbox 183 2174 965 2219; baseline 0.022 -22"><span class='ocrx_word' id='word_1_606' title='bbox 183 2177 266 2204; x_wconf 85' lang='lat' dir='ltr'><strong>terea,</strong></span> <span class='ocrx_word' id='word_1_607' title='bbox 285 2174 381 2209; x_wconf 89' lang='lat' dir='ltr'><strong>inquit,</strong></span> <span class='ocrx_word' id='word_1_608' title='bbox 404 2181 484 2204; x_wconf 86' lang='lat' dir='ltr'><strong>antea</strong></span> <span class='ocrx_word' id='word_1_609' title='bbox 500 2186 553 2205; x_wconf 93' lang='lat' dir='ltr'><strong>non</strong></span> <span class='ocrx_word' id='word_1_610' title='bbox 571 2186 632 2207; x_wconf 87' lang='lat' dir='ltr'><strong>eras</strong></span> <span class='ocrx_word' id='word_1_611' title='bbox 648 2181 761 2215; x_wconf 84' lang='lat' dir='ltr'><strong>pulchra</strong></span> <span class='ocrx_word' id='word_1_612' title='bbox 774 2203 782 2216; x_wconf 81' lang='lat'><strong>,</strong></span> <span class='ocrx_word' id='word_1_613' title='bbox 803 2185 875 2219; x_wconf 82' lang='lat' dir='ltr'><strong>quod</strong></span> <span class='ocrx_word' id='word_1_614' title='bbox 895 2188 965 2214; x_wconf 88' lang='lat' dir='ltr'><strong>mala</strong></span> 
     </span>
    </p>
   </div>
   <div class='ocr_carea' id='block_1_88' title="bbox 182 2218 965 2266">
    <p class='ocr_par' dir='ltr' id='par_1_88' title="bbox 182 2218 965 2266">
     <span class='ocr_line' id='line_1_88' title="bbox 182 2218 965 2266; baseline 0.022 -24"><span class='ocrx_word' id='word_1_615' title='bbox 182 2218 239 2243; x_wconf 76' lang='lat' dir='ltr'><strong>vitii</strong></span> <span class='ocrx_word' id='word_1_616' title='bbox 258 2222 521 2255; x_wconf 87' lang='lat' dir='ltr'><strong>appropinquatione</strong></span> <span class='ocrx_word' id='word_1_617' title='bbox 538 2231 552 2249; x_wconf 91' lang='lat' dir='ltr'><strong>a</strong></span> <span class='ocrx_word' id='word_1_618' title='bbox 574 2224 704 2258; x_wconf 91' lang='lat' dir='ltr'><strong>primaria</strong></span> <span class='ocrx_word' id='word_1_619' title='bbox 729 2218 882 2257; x_wconf 78' lang='lat' dir='ltr'><strong>abalienata</strong></span> <span class='ocrx_word' id='word_1_620' title='bbox 903 2233 965 2266; x_wconf 94' lang='lat' dir='ltr'><strong>pul-</strong></span> 
     </span>
    </p>
   </div>
   <div class='ocr_carea' id='block_1_89' title="bbox 182 2265 964 2306">
    <p class='ocr_par' dir='ltr' id='par_1_89' title="bbox 182 2265 964 2306">
     <span class='ocr_line' id='line_1_89' title="bbox 182 2265 964 2306; baseline 0.019 -16"><span class='ocrx_word' id='word_1_621' title='bbox 182 2265 344 2295; x_wconf 78' lang='lat' dir='ltr'><strong>chritudine.</strong></span> <span class='ocrx_word' id='word_1_622' title='bbox 370 2272 552 2296; x_wconf 86' lang='lat' dir='ltr'><strong>transmutata</strong></span> <span class='ocrx_word' id='word_1_623' title='bbox 582 2269 666 2298; x_wconf 83' lang='lat' dir='ltr'><strong>fueris</strong></span> <span class='ocrx_word' id='word_1_624' title='bbox 691 2273 724 2300; x_wconf 85' lang='lat' dir='ltr'><strong>ad</strong></span> <span class='ocrx_word' id='word_1_625' title='bbox 750 2265 964 2306; x_wconf 80' lang='lat' dir='ltr'><strong>deformitatem.</strong></span> 
     </span>
    </p>
   </div>
   <div class='ocr_carea' id='block_1_90' title="bbox 181 2310 965 2352">
    <p class='ocr_par' dir='ltr' id='par_1_90' title="bbox 181 2310 965 2352">
     <span class='ocr_line' id='line_1_90' title="bbox 181 2310 965 2352; baseline 0.02 -17"><span class='ocrx_word' id='word_1_626' title='bbox 181 2310 209 2336; x_wconf 81' lang='lat' dir='ltr'><strong>Id</strong></span> <span class='ocrx_word' id='word_1_627' title='bbox 231 2317 321 2338; x_wconf 79' lang='lat' dir='ltr'><strong>autem</strong></span> <span class='ocrx_word' id='word_1_628' title='bbox 337 2313 410 2347; x_wconf 86' lang='lat' dir='ltr'><strong>quod</strong></span> <span class='ocrx_word' id='word_1_629' title='bbox 425 2315 526 2341; x_wconf 84' lang='lat' dir='ltr'><strong>dicitur</strong></span> <span class='ocrx_word' id='word_1_630' title='bbox 538 2320 580 2343; x_wconf 85' lang='lat' dir='ltr'><strong>est</strong></span> <span class='ocrx_word' id='word_1_631' title='bbox 590 2316 739 2350; x_wconf 84' lang='lat' dir='ltr'><strong>ejusmodi:</strong></span> <span class='ocrx_word' id='word_1_632' title='bbox 750 2319 839 2348; x_wconf 88' lang='lat' dir='ltr'><strong>Liberi</strong></span> <span class='ocrx_word' id='word_1_633' title='bbox 859 2324 965 2352; x_wconf 87' lang='lat' dir='ltr'><strong>arbitrii</strong></span> 
     </span>
    </p>
   </div>
   <div class='ocr_carea' id='block_1_91' title="bbox 180 2357 963 2400">
    <p class='ocr_par' dir='ltr' id='par_1_91' title="bbox 180 2357 963 2400">
     <span class='ocr_line' id='line_1_91' title="bbox 180 2357 963 2400; baseline 0.019 -19"><span class='ocrx_word' id='word_1_634' title='bbox 180 2363 264 2390; x_wconf 74' lang='lat' dir='ltr'><strong>capax</strong></span> <span class='ocrx_word' id='word_1_635' title='bbox 283 2357 318 2382; x_wconf 52' lang='lat' dir='ltr'><strong>lin</strong></span> <span class='ocrx_word' id='word_1_636' title='bbox 330 2362 357 2384; x_wconf 89' lang='lat' dir='ltr'><strong>ta</strong></span> <span class='ocrx_word' id='word_1_637' title='bbox 372 2363 414 2386; x_wconf 91' lang='lat' dir='ltr'><strong>est</strong></span> <span class='ocrx_word' id='word_1_638' title='bbox 428 2359 547 2386; x_wconf 87' lang='lat' dir='ltr'><strong>humana</strong></span> <span class='ocrx_word' id='word_1_639' title='bbox 564 2366 672 2395; x_wconf 85' lang='lat' dir='ltr'><strong>natura,</strong></span> <span class='ocrx_word' id='word_1_640' title='bbox 690 2368 717 2390; x_wconf 88' lang='lat' dir='ltr'><strong>et</strong></span> <span class='ocrx_word' id='word_1_641' title='bbox 741 2365 775 2391; x_wconf 89' lang='lat' dir='ltr'><strong>ad</strong></span> <span class='ocrx_word' id='word_1_642' title='bbox 801 2367 872 2400; x_wconf 89' lang='lat' dir='ltr'><strong>quod</strong></span> <span class='ocrx_word' id='word_1_643' title='bbox 902 2375 963 2396; x_wconf 88' lang='lat' dir='ltr'><strong>eam</strong></span> 
     </span>
    </p>
   </div>
   <div class='ocr_carea' id='block_1_92' title="bbox 179 2401 963 2442">
    <p class='ocr_par' dir='ltr' id='par_1_92' title="bbox 179 2401 963 2442">
     <span class='ocr_line' id='line_1_92' title="bbox 179 2401 963 2442; baseline 0.018 -15"><span class='ocrx_word' id='word_1_644' title='bbox 179 2401 254 2428; x_wconf 80' lang='lat' dir='ltr'><strong>ducit</strong></span> <span class='ocrx_word' id='word_1_645' title='bbox 268 2403 384 2430; x_wconf 86' lang='lat' dir='ltr'><strong>instituti</strong></span> <span class='ocrx_word' id='word_1_646' title='bbox 402 2405 443 2431; x_wconf 87' lang='lat' dir='ltr'><strong>sui</strong></span> <span class='ocrx_word' id='word_1_647' title='bbox 460 2405 602 2434; x_wconf 86' lang='lat' dir='ltr'><strong>electionis</strong></span> <span class='ocrx_word' id='word_1_648' title='bbox 618 2408 771 2442; x_wconf 88' lang='lat' dir='ltr'><strong>inclinatio,</strong></span> <span class='ocrx_word' id='word_1_649' title='bbox 788 2419 821 2438; x_wconf 74' lang='lat' dir='ltr'><strong>ex</strong></span> <span class='ocrx_word' id='word_1_650' title='bbox 837 2420 868 2439; x_wconf 85' lang='lat' dir='ltr'><strong>eo</strong></span> <span class='ocrx_word' id='word_1_651' title='bbox 882 2414 963 2441; x_wconf 83' lang='lat' dir='ltr'><strong>etiam</strong></span> 
     </span>
    </p>
   </div>
   <div class='ocr_carea' id='block_1_93' title="bbox 181 2448 964 2489">
    <p class='ocr_par' dir='ltr' id='par_1_93' title="bbox 181 2448 964 2489">
     <span class='ocr_line' id='line_1_93' title="bbox 181 2448 964 2489; baseline 0.017 -17"><span class='ocrx_word' id='word_1_652' title='bbox 181 2453 312 2476; x_wconf 77' lang='lat' dir='ltr'><strong>mutatur.</strong></span> <span class='ocrx_word' id='word_1_653' title='bbox 327 2448 393 2476; x_wconf 84' lang='lat' dir='ltr'><strong>Nam</strong></span> <span class='ocrx_word' id='word_1_654' title='bbox 407 2456 433 2477; x_wconf 87' lang='lat' dir='ltr'><strong>et</strong></span> <span class='ocrx_word' id='word_1_655' title='bbox 448 2451 470 2477; x_wconf 89' lang='lat' dir='ltr'><strong>si</strong></span> <span class='ocrx_word' id='word_1_656' title='bbox 484 2451 531 2478; x_wconf 64' lang='lat' dir='ltr'><strong>ira:</strong></span> <span class='ocrx_word' id='word_1_657' title='bbox 545 2454 698 2489; x_wconf 85' lang='lat' dir='ltr'><strong>susceperit</strong></span> <span class='ocrx_word' id='word_1_658' title='bbox 719 2460 822 2483; x_wconf 90' lang='lat' dir='ltr'><strong>motum</strong></span> <span class='ocrx_word' id='word_1_659' title='bbox 834 2477 841 2488; x_wconf 95' lang='lat'><strong>,</strong></span> <span class='ocrx_word' id='word_1_660' title='bbox 857 2458 886 2484; x_wconf 91' lang='lat' dir='ltr'><strong>lit</strong></span> <span class='ocrx_word' id='word_1_661' title='bbox 909 2459 964 2486; x_wconf 86' lang='lat' dir='ltr'><strong>ira-</strong></span> 
     </span>
    </p>
   </div>
   <div class='ocr_carea' id='block_1_94' title="bbox 179 2494 963 2537">
    <p class='ocr_par' dir='ltr' id='par_1_94' title="bbox 179 2494 963 2537">
     <span class='ocr_line' id='line_1_94' title="bbox 179 2494 963 2537; baseline 0.014 -17"><span class='ocrx_word' id='word_1_662' title='bbox 179 2494 267 2521; x_wconf 75' lang='lat' dir='ltr'><strong>cunda</strong></span> <span class='ocrx_word' id='word_1_663' title='bbox 282 2505 290 2522; x_wconf 86' lang='lat'><strong><em>:</em></strong></span> <span class='ocrx_word' id='word_1_664' title='bbox 305 2501 330 2522; x_wconf 88' lang='lat' dir='ltr'><strong>et</strong></span> <span class='ocrx_word' id='word_1_665' title='bbox 343 2496 365 2523; x_wconf 91' lang='lat' dir='ltr'><strong>si</strong></span> <span class='ocrx_word' id='word_1_666' title='bbox 380 2497 550 2525; x_wconf 89' lang='lat' dir='ltr'><strong>dominatum</strong></span> <span class='ocrx_word' id='word_1_667' title='bbox 567 2499 716 2528; x_wconf 88' lang='lat' dir='ltr'><strong>obtinuerit</strong></span> <span class='ocrx_word' id='word_1_668' title='bbox 742 2503 889 2537; x_wconf 87' lang='lat' dir='ltr'><strong>cupiditas,</strong></span> <span class='ocrx_word' id='word_1_669' title='bbox 905 2505 963 2531; x_wconf 86' lang='lat' dir='ltr'><strong>sol-</strong></span> 
     </span>
    </p>
   </div>
   <div class='ocr_carea' id='block_1_95' title="bbox 178 2540 964 2577">
    <p class='ocr_par' dir='ltr' id='par_1_95' title="bbox 178 2540 964 2577">
     <span class='ocr_line' id='line_1_95' title="bbox 178 2540 964 2577; baseline 0.015 -12"><span class='ocrx_word' id='word_1_670' title='bbox 178 2540 251 2566; x_wconf 88' lang='lat' dir='ltr'><strong>vitur</strong></span> <span class='ocrx_word' id='word_1_671' title='bbox 269 2540 297 2567; x_wconf 91' lang='lat' dir='ltr'><strong>in</strong></span> <span class='ocrx_word' id='word_1_672' title='bbox 313 2542 488 2576; x_wconf 80' lang='lat' dir='ltr'><strong>voluptatem.</strong></span> <span class='ocrx_word' id='word_1_673' title='bbox 514 2543 592 2577; x_wconf 90' lang='lat' dir='ltr'><strong>Quod</strong></span> <span class='ocrx_word' id='word_1_674' title='bbox 604 2545 628 2573; x_wconf 89' lang='lat' dir='ltr'><strong>si</strong></span> <span class='ocrx_word' id='word_1_675' title='bbox 642 2546 675 2572; x_wconf 86' lang='lat' dir='ltr'><strong>ad</strong></span> <span class='ocrx_word' id='word_1_676' title='bbox 688 2553 790 2575; x_wconf 84' lang='lat' dir='ltr'><strong>metum</strong></span> <span class='ocrx_word' id='word_1_677' title='bbox 802 2552 828 2576; x_wconf 87' lang='lat' dir='ltr'><strong>et</strong></span> <span class='ocrx_word' id='word_1_678' title='bbox 843 2549 964 2577; x_wconf 85' lang='lat' dir='ltr'><strong>formidi-</strong></span> 
     </span>
    </p>
   </div>
   <div class='ocr_carea' id='block_1_96' title="bbox 180 2588 965 2626">
    <p class='ocr_par' dir='ltr' id='par_1_96' title="bbox 180 2588 965 2626">
     <span class='ocr_line' id='line_1_96' title="bbox 180 2588 965 2626; baseline 0.013 -14"><span class='ocrx_word' id='word_1_679' title='bbox 180 2594 240 2612; x_wconf 79' lang='lat' dir='ltr'><strong>nem</strong></span> <span class='ocrx_word' id='word_1_680' title='bbox 256 2591 281 2614; x_wconf 89' lang='lat' dir='ltr'><strong>et</strong></span> <span class='ocrx_word' id='word_1_681' title='bbox 297 2588 420 2622; x_wconf 80' lang='lat' dir='ltr'><strong>singulas</strong></span> <span class='ocrx_word' id='word_1_682' title='bbox 438 2590 521 2618; x_wconf 90' lang='lat' dir='ltr'><strong>animi</strong></span> <span class='ocrx_word' id='word_1_683' title='bbox 550 2593 770 2626; x_wconf 86' lang='lat' dir='ltr'><strong>perturbationes</strong></span> <span class='ocrx_word' id='word_1_684' title='bbox 794 2594 864 2622; x_wconf 88' lang='lat' dir='ltr'><strong>facta</strong></span> <span class='ocrx_word' id='word_1_685' title='bbox 882 2595 965 2622; x_wconf 91' lang='lat' dir='ltr'><strong>fuerit</strong></span> 
     </span>
    </p>
   </div>
   <div class='ocr_carea' id='block_1_97' title="bbox 180 2635 964 2676">
    <p class='ocr_par' dir='ltr' id='par_1_97' title="bbox 180 2635 964 2676">
     <span class='ocr_line' id='line_1_97' title="bbox 180 2635 964 2676; baseline 0.014 -18"><span class='ocrx_word' id='word_1_686' title='bbox 180 2635 334 2667; x_wconf 72' lang='lat' dir='ltr'><strong>conversio,</strong></span> <span class='ocrx_word' id='word_1_687' title='bbox 357 2635 430 2663; x_wconf 86' lang='lat' dir='ltr'><strong>subit</strong></span> <span class='ocrx_word' id='word_1_688' title='bbox 445 2636 547 2665; x_wconf 81' lang='lat' dir='ltr'><strong>formas</strong></span> <span class='ocrx_word' id='word_1_689' title='bbox 562 2639 781 2675; x_wconf 85' lang='lat' dir='ltr'><strong>uniuscujusque</strong></span> <span class='ocrx_word' id='word_1_690' title='bbox 797 2641 880 2668; x_wconf 88' lang='lat' dir='ltr'><strong>animi</strong></span> <span class='ocrx_word' id='word_1_691' title='bbox 902 2650 964 2676; x_wconf 92' lang='lat' dir='ltr'><strong>per-</strong></span> 
     </span>
    </p>
   </div>
   <div class='ocr_carea' id='block_1_98' title="bbox 180 2679 964 2722">
    <p class='ocr_par' dir='ltr' id='par_1_98' title="bbox 180 2679 964 2722">
     <span class='ocr_line' id='line_1_98' title="bbox 180 2679 964 2722; baseline 0.011 -17"><span class='ocrx_word' id='word_1_692' title='bbox 180 2679 344 2708; x_wconf 59' lang='lat' dir='ltr'><strong>turbationis</strong></span> <span class='ocrx_word' id='word_1_693' title='bbox 359 2690 365 2708; x_wconf 92' lang='lat'><strong>:</strong></span> <span class='ocrx_word' id='word_1_694' title='bbox 382 2683 518 2716; x_wconf 90' lang='lat' dir='ltr'><strong>quomodo</strong></span> <span class='ocrx_word' id='word_1_695' title='bbox 533 2685 614 2712; x_wconf 81' lang='lat' dir='ltr'><strong>etiam</strong></span> <span class='ocrx_word' id='word_1_696' title='bbox 631 2689 726 2712; x_wconf 88' lang='lat' dir='ltr'><strong>contra</strong></span> <span class='ocrx_word' id='word_1_697' title='bbox 740 2686 846 2719; x_wconf 88' lang='lat' dir='ltr'><strong>lenitas,</strong></span> <span class='ocrx_word' id='word_1_698' title='bbox 859 2687 964 2722; x_wconf 81' lang='lat' dir='ltr'><strong>patien—</strong></span> 
     </span>
    </p>
   </div>
   <div class='ocr_carea' id='block_1_99' title="bbox 180 2725 964 2768">
    <p class='ocr_par' dir='ltr' id='par_1_99' title="bbox 180 2725 964 2768">
     <span class='ocr_line' id='line_1_99' title="bbox 180 2725 964 2768; baseline 0.011 -17"><span class='ocrx_word' id='word_1_699' title='bbox 180 2725 228 2758; x_wconf 77' lang='lat' dir='ltr'><strong>tit,</strong></span> <span class='ocrx_word' id='word_1_700' title='bbox 242 2727 358 2761; x_wconf 88' lang='lat' dir='ltr'><strong>puritas,</strong></span> <span class='ocrx_word' id='word_1_701' title='bbox 373 2736 436 2763; x_wconf 78' lang='lat' dir='ltr'><strong>pax,</strong></span> <span class='ocrx_word' id='word_1_702' title='bbox 452 2730 499 2757; x_wconf 70' lang='lat' dir='ltr'><strong>ira:</strong></span> <span class='ocrx_word' id='word_1_703' title='bbox 512 2738 566 2758; x_wconf 92' lang='lat' dir='ltr'><strong>non</strong></span> <span class='ocrx_word' id='word_1_704' title='bbox 589 2739 651 2759; x_wconf 88' lang='lat' dir='ltr'><strong>esse</strong></span> <span class='ocrx_word' id='word_1_705' title='bbox 677 2732 837 2765; x_wconf 82' lang='lat' dir='ltr'><strong>obnoxium,</strong></span> <span class='ocrx_word' id='word_1_706' title='bbox 853 2734 964 2768; x_wconf 68' lang='lat' dir='ltr'><strong>:egritu-</strong></span> 
     </span>
    </p>
   </div>
   <div class='ocr_carea' id='block_1_100' title="bbox 179 2770 963 2811">
    <p class='ocr_par' dir='ltr' id='par_1_100' title="bbox 179 2770 963 2811">
     <span class='ocr_line' id='line_1_100' title="bbox 179 2770 963 2811; baseline 0.011 -15"><span class='ocrx_word' id='word_1_707' title='bbox 179 2770 242 2798; x_wconf 70' lang='lat' dir='ltr'><strong>dine</strong></span> <span class='ocrx_word' id='word_1_708' title='bbox 266 2779 360 2800; x_wconf 86' lang='lat' dir='ltr'><strong>carere</strong></span> <span class='ocrx_word' id='word_1_709' title='bbox 383 2777 410 2800; x_wconf 90' lang='lat' dir='ltr'><strong>et</strong></span> <span class='ocrx_word' id='word_1_710' title='bbox 426 2775 561 2808; x_wconf 78' lang='lat' dir='ltr'><strong>molestia,</strong></span> <span class='ocrx_word' id='word_1_711' title='bbox 586 2777 698 2803; x_wconf 82' lang='lat' dir='ltr'><strong>minime</strong></span> <span class='ocrx_word' id='word_1_712' title='bbox 715 2778 881 2811; x_wconf 83' lang='lat' dir='ltr'><strong>perturbari,</strong></span> <span class='ocrx_word' id='word_1_713' title='bbox 907 2778 963 2806; x_wconf 60' lang='lat' dir='ltr'><strong>haec</strong></span> 
     </span>
    </p>
   </div>
   <div class='ocr_carea' id='block_1_101' title="bbox 179 2817 962 2859">
    <p class='ocr_par' dir='ltr' id='par_1_101' title="bbox 179 2817 962 2859">
     <span class='ocr_line' id='line_1_101' title="bbox 179 2817 962 2859; baseline 0.01 -16"><span class='ocrx_word' id='word_1_714' title='bbox 179 2817 270 2844; x_wconf 82' lang='lat' dir='ltr'><strong>omnia</strong></span> <span class='ocrx_word' id='word_1_715' title='bbox 286 2826 348 2846; x_wconf 88' lang='lat' dir='ltr'><strong>cum</strong></span> <span class='ocrx_word' id='word_1_716' title='bbox 366 2820 393 2847; x_wconf 89' lang='lat' dir='ltr'><strong>in</strong></span> <span class='ocrx_word' id='word_1_717' title='bbox 409 2828 438 2848; x_wconf 86' lang='lat' dir='ltr'><strong>se</strong></span> <span class='ocrx_word' id='word_1_718' title='bbox 450 2826 611 2856; x_wconf 84' lang='lat' dir='ltr'><strong>susccpmt,</strong></span> <span class='ocrx_word' id='word_1_719' title='bbox 633 2822 850 2859; x_wconf 80' lang='lat' dir='ltr'><strong>uniuscujusque</strong></span> <span class='ocrx_word' id='word_1_720' title='bbox 865 2824 962 2851; x_wconf 89' lang='lat' dir='ltr'><strong>horum</strong></span> 
     </span>
    </p>
   </div>
   <div class='ocr_carea' id='block_1_102' title="bbox 1052 2001 1805 2040">
    <p class='ocr_par' dir='ltr' id='par_1_102' title="bbox 1052 2001 1805 2040">
     <span class='ocr_line' id='line_1_102' title="bbox 1052 2001 1805 2040; baseline -0.005 -6"><span class='ocrx_word' id='word_1_721' title='bbox 1052 2006 1179 2034; x_wconf 83' lang='grc' dir='ltr'>Παιδεύει</span> <span class='ocrx_word' id='word_1_722' title='bbox 1192 2005 1235 2032; x_wconf 88' lang='grc' dir='ltr'><strong>διὰ</strong></span> <span class='ocrx_word' id='word_1_723' title='bbox 1249 2004 1303 2031; x_wconf 80' lang='grc' dir='ltr'><strong>τῶν</strong></span> <span class='ocrx_word' id='word_1_724' title='bbox 1320 2004 1473 2040; x_wconf 79' lang='grc' dir='ltr'><strong>εἰρημένων</strong></span> <span class='ocrx_word' id='word_1_725' title='bbox 1488 2004 1502 2030; x_wconf 88' lang='grc' dir='ltr'>ὁ</span> <span class='ocrx_word' id='word_1_726' title='bbox 1517 2003 1604 2037; x_wconf 74' lang='grc' dir='ltr'>λόγος,</span> <span class='ocrx_word' id='word_1_727' title='bbox 1619 2003 1719 2038; x_wconf 80' lang='grc' dir='ltr'>ταύτην</span> <span class='ocrx_word' id='word_1_728' title='bbox 1735 2001 1805 2030; x_wconf 80' lang='grc' dir='ltr'>εἶναι</span> 
     </span>
    </p>
   </div>
   <div class='ocr_carea' id='block_1_103' title="bbox 1015 2049 1805 2085">
    <p class='ocr_par' dir='ltr' id='par_1_103' title="bbox 1015 2049 1805 2085">
     <span class='ocr_line' id='line_1_103' title="bbox 1015 2049 1805 2085; baseline -0.006 -6"><span class='ocrx_word' id='word_1_729' title='bbox 1015 2052 1062 2080; x_wconf 76' lang='grc' dir='ltr'><strong>τοῦ</strong></span> <span class='ocrx_word' id='word_1_730' title='bbox 1078 2052 1192 2082; x_wconf 77' lang='grc' dir='ltr'>κάλλους</span> <span class='ocrx_word' id='word_1_731' title='bbox 1217 2051 1267 2085; x_wconf 80' lang='grc' dir='ltr'><strong>τὴν</strong></span> <span class='ocrx_word' id='word_1_732' title='bbox 1297 2049 1478 2084; x_wconf 72' lang='grc' dir='ltr'>ἐπανάληψιν,</span> <span class='ocrx_word' id='word_1_733' title='bbox 1503 2049 1533 2075; x_wconf 78' lang='grc' dir='ltr'>τὸ</span> <span class='ocrx_word' id='word_1_734' title='bbox 1550 2049 1663 2084; x_wconf 81' lang='grc' dir='ltr'>πλησίον</span> <span class='ocrx_word' id='word_1_735' title='bbox 1680 2049 1805 2083; x_wconf 72' lang='grc' dir='ltr'>γενέσθαι</span> 
     </span>
    </p>
   </div>
   <div class='ocr_carea' id='block_1_104' title="bbox 1016 2095 1805 2132">
    <p class='ocr_par' dir='ltr' id='par_1_104' title="bbox 1016 2095 1805 2132">
     <span class='ocr_line' id='line_1_104' title="bbox 1016 2095 1805 2132; baseline -0.014 -2"><span class='ocrx_word' id='word_1_736' title='bbox 1016 2099 1064 2132; x_wconf 76' lang='grc' dir='ltr'><strong>τῆς</strong></span> <span class='ocrx_word' id='word_1_737' title='bbox 1089 2096 1136 2123; x_wconf 78' lang='grc' dir='ltr'><strong>τοῦ</strong></span> <span class='ocrx_word' id='word_1_738' title='bbox 1160 2095 1242 2123; x_wconf 83' lang='grc' dir='ltr'>καλοῦ</span> <span class='ocrx_word' id='word_1_739' title='bbox 1271 2097 1371 2131; x_wconf 79' lang='grc' dir='ltr'>πηγῆς,</span> <span class='ocrx_word' id='word_1_740' title='bbox 1400 2096 1446 2121; x_wconf 75' lang='grc' dir='ltr'><strong>καί</strong></span> <span class='ocrx_word' id='word_1_741' title='bbox 1472 2096 1651 2130; x_wconf 80' lang='grc' dir='ltr'>προσεγγίσαι</span> <span class='ocrx_word' id='word_1_742' title='bbox 1672 2095 1750 2121; x_wconf 71' lang='grc' dir='ltr'>πάλιν</span> <span class='ocrx_word' id='word_1_743' title='bbox 1766 2095 1805 2130; x_wconf 82' lang='grc' dir='ltr'>τῷ</span> 
     </span>
    </p>
   </div>
   <div class='ocr_carea' id='block_1_105' title="bbox 1016 2139 1806 2178">
    <p class='ocr_par' dir='ltr' id='par_1_105' title="bbox 1016 2139 1806 2178">
     <span class='ocr_line' id='line_1_105' title="bbox 1016 2139 1806 2178; baseline -0.003 -8"><span class='ocrx_word' id='word_1_744' title='bbox 1016 2143 1134 2178; x_wconf 83' lang='grc' dir='ltr'>ἀληθινῷ</span> <span class='ocrx_word' id='word_1_745' title='bbox 1151 2142 1254 2173; x_wconf 76' lang='grc' dir='ltr'>κάλλει,</span> <span class='ocrx_word' id='word_1_746' title='bbox 1278 2140 1307 2168; x_wconf 73' lang='grc' dir='ltr'>οὗ</span> <span class='ocrx_word' id='word_1_747' title='bbox 1326 2141 1502 2176; x_wconf 68' lang='grc' dir='ltr'>ἁπεφοίτησε.</span> <span class='ocrx_word' id='word_1_748' title='bbox 1520 2142 1587 2176; x_wconf 81' lang='grc' dir='ltr'>Φησὶ</span> <span class='ocrx_word' id='word_1_749' title='bbox 1600 2141 1668 2176; x_wconf 76' lang='grc' dir='ltr'><strong>γάρ·</strong></span> <span class='ocrx_word' id='word_1_750' title='bbox 1689 2141 1762 2168; x_wconf 81' lang='grc' dir='ltr'><strong>Ἰδοὺ</strong></span> <span class='ocrx_word' id='word_1_751' title='bbox 1779 2139 1806 2168; x_wconf 80' lang='grc' dir='ltr'>εἷ</span> 
     </span>
    </p>
   </div>
   <div class='ocr_carea' id='block_1_106' title="bbox 1018 2185 1798 2223">
    <p class='ocr_par' dir='ltr' id='par_1_106' title="bbox 1018 2185 1798 2223">
     <span class='ocr_line' id='line_1_106' title="bbox 1018 2185 1798 2223; baseline -0.004 -7"><span class='ocrx_word' id='word_1_752' title='bbox 1018 2190 1107 2222; x_wconf 70' lang='grc' dir='ltr'>καλὴ,</span> <span class='ocrx_word' id='word_1_753' title='bbox 1124 2190 1142 2223; x_wconf 74' lang='grc' dir='ltr'>ἡ</span> <span class='ocrx_word' id='word_1_754' title='bbox 1154 2187 1286 2221; x_wconf 70' lang='grc' dir='ltr'>πλησίον</span> <span class='ocrx_word' id='word_1_755' title='bbox 1292 2196 1362 2222; x_wconf 80' lang='grc' dir='ltr'><strong>μου.</strong></span> <span class='ocrx_word' id='word_1_756' title='bbox 1379 2187 1429 2214; x_wconf 78' lang='grc' dir='ltr'><strong>Διὰ</strong></span> <span class='ocrx_word' id='word_1_757' title='bbox 1438 2187 1517 2214; x_wconf 76' lang='grc' dir='ltr'>τοῦτο</span> <span class='ocrx_word' id='word_1_758' title='bbox 1527 2187 1656 2222; x_wconf 84' lang='grc' dir='ltr'>πρότερον</span> <span class='ocrx_word' id='word_1_759' title='bbox 1664 2187 1713 2213; x_wconf 87' lang='grc' dir='ltr'><strong>οὺκ</strong></span> <span class='ocrx_word' id='word_1_760' title='bbox 1726 2185 1798 2222; x_wconf 72' lang='grc' dir='ltr'>ἦσθα.</span> 
     </span>
    </p>
   </div>
   <div class='ocr_carea' id='block_1_107' title="bbox 1020 2231 1802 2269">
    <p class='ocr_par' dir='ltr' id='par_1_107' title="bbox 1020 2231 1802 2269">
     <span class='ocr_line' id='line_1_107' title="bbox 1020 2231 1802 2269; baseline -0.001 -9"><span class='ocrx_word' id='word_1_761' title='bbox 1020 2235 1100 2269; x_wconf 83' lang='grc' dir='ltr'>καλὴ,</span> <span class='ocrx_word' id='word_1_762' title='bbox 1115 2234 1179 2260; x_wconf 78' lang='grc' dir='ltr'>διότι</span> <span class='ocrx_word' id='word_1_763' title='bbox 1197 2232 1243 2259; x_wconf 81' lang='grc' dir='ltr'>τοῦ</span> <span class='ocrx_word' id='word_1_764' title='bbox 1258 2233 1411 2268; x_wconf 72' lang='grc' dir='ltr'>ἀρχετύπου</span> <span class='ocrx_word' id='word_1_765' title='bbox 1423 2231 1538 2264; x_wconf 80' lang='grc' dir='ltr'>κάλλους</span> <span class='ocrx_word' id='word_1_766' title='bbox 1561 2232 1759 2264; x_wconf 80' lang='grc' dir='ltr'>ἀποξενωθεῖσα</span> <span class='ocrx_word' id='word_1_767' title='bbox 1770 2234 1802 2268; x_wconf 78' lang='grc' dir='ltr'><strong>τῇ</strong></span> 
     </span>
    </p>
   </div>
   <div class='ocr_carea' id='block_1_108' title="bbox 1019 2278 1805 2314">
    <p class='ocr_par' dir='ltr' id='par_1_108' title="bbox 1019 2278 1805 2314">
     <span class='ocr_line' id='line_1_108' title="bbox 1019 2278 1805 2314; baseline 0 -10"><span class='ocrx_word' id='word_1_768' title='bbox 1019 2280 1125 2314; x_wconf 79' lang='grc' dir='ltr'>πονηρᾷ</span> <span class='ocrx_word' id='word_1_769' title='bbox 1141 2279 1287 2313; x_wconf 81' lang='grc' dir='ltr'>γειτνιάσει</span> <span class='ocrx_word' id='word_1_770' title='bbox 1309 2278 1358 2313; x_wconf 79' lang='grc' dir='ltr'>τῆς</span> <span class='ocrx_word' id='word_1_771' title='bbox 1373 2278 1471 2310; x_wconf 86' lang='grc' dir='ltr'>κακίας</span> <span class='ocrx_word' id='word_1_772' title='bbox 1486 2278 1554 2314; x_wconf 84' lang='grc' dir='ltr'>πρὸς</span> <span class='ocrx_word' id='word_1_773' title='bbox 1574 2278 1604 2304; x_wconf 81' lang='grc' dir='ltr'>τὸ</span> <span class='ocrx_word' id='word_1_774' title='bbox 1628 2278 1746 2313; x_wconf 81' lang='grc' dir='ltr'>εἰδεχθὲς</span> <span class='ocrx_word' id='word_1_775' title='bbox 1758 2279 1805 2313; x_wconf 84' lang='grc' dir='ltr'><strong>ὴλ-</strong></span> 
     </span>
    </p>
   </div>
   <div class='ocr_carea' id='block_1_109' title="bbox 1018 2324 1805 2360">
    <p class='ocr_par' dir='ltr' id='par_1_109' title="bbox 1018 2324 1805 2360">
     <span class='ocr_line' id='line_1_109' title="bbox 1018 2324 1805 2360; baseline 0 -10"><span class='ocrx_word' id='word_1_776' title='bbox 1018 2324 1141 2359; x_wconf 72' lang='grc' dir='ltr'>λοιιὶιθης.</span> <span class='ocrx_word' id='word_1_777' title='bbox 1160 2324 1195 2351; x_wconf 75' lang='grc' dir='ltr'><strong>Τὸ</strong></span> <span class='ocrx_word' id='word_1_778' title='bbox 1206 2324 1233 2351; x_wconf 73' lang='grc' dir='ltr'>δὲ</span> <span class='ocrx_word' id='word_1_779' title='bbox 1245 2325 1390 2360; x_wconf 78' lang='grc' dir='ltr'>λεγόμενον</span> <span class='ocrx_word' id='word_1_780' title='bbox 1407 2325 1525 2351; x_wconf 74' lang='grc' dir='ltr'>τοιοῦτον</span> <span class='ocrx_word' id='word_1_781' title='bbox 1540 2325 1610 2350; x_wconf 71' lang='grc' dir='ltr'>ἐστι’</span> <span class='ocrx_word' id='word_1_782' title='bbox 1621 2325 1738 2360; x_wconf 81' lang='grc' dir='ltr'>Δεκτικὴ</span> <span class='ocrx_word' id='word_1_783' title='bbox 1750 2324 1805 2350; x_wconf 83' lang='grc' dir='ltr'><strong>τῶν</strong></span> 
     </span>
    </p>
   </div>
   <div class='ocr_carea' id='block_1_110' title="bbox 1018 2370 1805 2406">
    <p class='ocr_par' dir='ltr' id='par_1_110' title="bbox 1018 2370 1805 2406">
     <span class='ocr_line' id='line_1_110' title="bbox 1018 2370 1805 2406; baseline 0 -9"><span class='ocrx_word' id='word_1_784' title='bbox 1018 2371 1088 2397; x_wconf 78' lang='grc' dir='ltr'>κατὰ</span> <span class='ocrx_word' id='word_1_785' title='bbox 1100 2370 1212 2406; x_wconf 83' lang='grc' dir='ltr'>γνώμην</span> <span class='ocrx_word' id='word_1_786' title='bbox 1229 2371 1338 2404; x_wconf 80' lang='grc' dir='ltr'>γέγονεν</span> <span class='ocrx_word' id='word_1_787' title='bbox 1355 2371 1371 2405; x_wconf 84' lang='grc' dir='ltr'>ἡ</span> <span class='ocrx_word' id='word_1_788' title='bbox 1387 2370 1545 2405; x_wconf 84' lang='grc' dir='ltr'>ἀνθρωπίνη</span> <span class='ocrx_word' id='word_1_789' title='bbox 1566 2370 1658 2404; x_wconf 81' lang='grc' dir='ltr'>φύσις,</span> <span class='ocrx_word' id='word_1_790' title='bbox 1676 2372 1722 2397; x_wconf 71' lang='grc' dir='ltr'><strong>καὶ</strong></span> <span class='ocrx_word' id='word_1_791' title='bbox 1737 2371 1805 2406; x_wconf 74' lang='grc' dir='ltr'>πρὸς</span> 
     </span>
    </p>
   </div>
   <div class='ocr_carea' id='block_1_111' title="bbox 1016 2415 1804 2451">
    <p class='ocr_par' dir='ltr' id='par_1_111' title="bbox 1016 2415 1804 2451">
     <span class='ocr_line' id='line_1_111' title="bbox 1016 2415 1804 2451; baseline 0 -9"><span class='ocrx_word' id='word_1_792' title='bbox 1016 2415 1084 2451; x_wconf 81' lang='grc' dir='ltr'>ὅπερ</span> <span class='ocrx_word' id='word_1_793' title='bbox 1101 2416 1133 2442; x_wconf 87' lang='grc' dir='ltr'>ἂν</span> <span class='ocrx_word' id='word_1_794' title='bbox 1160 2417 1176 2451; x_wconf 87' lang='grc' dir='ltr'><strong>ἠ</strong></span> <span class='ocrx_word' id='word_1_795' title='bbox 1208 2417 1277 2450; x_wconf 77' lang='grc' dir='ltr'>ῥοπὴ</span> <span class='ocrx_word' id='word_1_796' title='bbox 1293 2416 1341 2450; x_wconf 81' lang='grc' dir='ltr'>τῆς</span> <span class='ocrx_word' id='word_1_797' title='bbox 1357 2416 1541 2451; x_wconf 78' lang='grc' dir='ltr'>προαιρέσεως</span> <span class='ocrx_word' id='word_1_798' title='bbox 1558 2416 1641 2451; x_wconf 74' lang='grc' dir='ltr'>αὐτὴν</span> <span class='ocrx_word' id='word_1_799' title='bbox 1658 2416 1729 2450; x_wconf 79' lang='grc' dir='ltr'>ἄγει,</span> <span class='ocrx_word' id='word_1_800' title='bbox 1745 2417 1804 2443; x_wconf 75' lang='grc' dir='ltr'>κατ’</span> 
     </span>
    </p>
   </div>
   <div class='ocr_carea' id='block_1_112' title="bbox 1016 2458 1804 2497">
    <p class='ocr_par' dir='ltr' id='par_1_112' title="bbox 1016 2458 1804 2497">
     <span class='ocr_line' id='line_1_112' title="bbox 1016 2458 1804 2497; baseline 0.001 -10"><span class='ocrx_word' id='word_1_801' title='bbox 1016 2462 1104 2488; x_wconf 83' lang='grc' dir='ltr'>ἐκεῖνο</span> <span class='ocrx_word' id='word_1_802' title='bbox 1113 2462 1159 2488; x_wconf 76' lang='grc' dir='ltr'><strong>καὶ</strong></span> <span class='ocrx_word' id='word_1_803' title='bbox 1174 2458 1388 2488; x_wconf 52' lang='lat' dir='ltr'><strong>anew-amab;</strong></span> <span class='ocrx_word' id='word_1_804' title='bbox 1401 2469 1428 2487; x_wconf 80' lang='grc' dir='ltr'><strong>τε</strong></span> <span class='ocrx_word' id='word_1_805' title='bbox 1441 2461 1494 2497; x_wconf 75' lang='grc' dir='ltr'><strong>γὰρ</strong></span> <span class='ocrx_word' id='word_1_806' title='bbox 1503 2461 1587 2496; x_wconf 80' lang='grc' dir='ltr'>θυμοῦ</span> <span class='ocrx_word' id='word_1_807' title='bbox 1598 2462 1804 2497; x_wconf 77' lang='grc' dir='ltr'>παραδεξαμένη</span> 
     </span>
    </p>
   </div>
   <div class='ocr_carea' id='block_1_113' title="bbox 1015 2506 1804 2543">
    <p class='ocr_par' dir='ltr' id='par_1_113' title="bbox 1015 2506 1804 2543">
     <span class='ocr_line' id='line_1_113' title="bbox 1015 2506 1804 2543; baseline 0.001 -10"><span class='ocrx_word' id='word_1_808' title='bbox 1015 2506 1047 2533; x_wconf 79' lang='grc' dir='ltr'><strong>τὸ</strong></span> <span class='ocrx_word' id='word_1_809' title='bbox 1060 2507 1152 2540; x_wconf 84' lang='grc' dir='ltr'>πάθος,</span> <span class='ocrx_word' id='word_1_810' title='bbox 1169 2507 1297 2542; x_wconf 79' lang='grc' dir='ltr'>θυμώδης</span> <span class='ocrx_word' id='word_1_811' title='bbox 1310 2506 1416 2540; x_wconf 86' lang='grc' dir='ltr'>γίνεται</span> <span class='ocrx_word' id='word_1_812' title='bbox 1428 2515 1434 2522; x_wconf 87' lang='grc'><strong>·</strong></span> <span class='ocrx_word' id='word_1_813' title='bbox 1451 2507 1499 2533; x_wconf 79' lang='grc' dir='ltr'><strong>καὶ</strong></span> <span class='ocrx_word' id='word_1_814' title='bbox 1515 2508 1564 2543; x_wconf 80' lang='grc' dir='ltr'>τῆς</span> <span class='ocrx_word' id='word_1_815' title='bbox 1581 2507 1726 2543; x_wconf 78' lang='grc' dir='ltr'>ἐπιθυμίας</span> <span class='ocrx_word' id='word_1_816' title='bbox 1743 2509 1804 2535; x_wconf 73' lang='grc' dir='ltr'>ἑπι-</span> 
     </span>
    </p>
   </div>
   <div class='ocr_carea' id='block_1_114' title="bbox 1015 2553 1802 2589">
    <p class='ocr_par' dir='ltr' id='par_1_114' title="bbox 1015 2553 1802 2589">
     <span class='ocr_line' id='line_1_114' title="bbox 1015 2553 1802 2589; baseline 0.003 -11"><span class='ocrx_word' id='word_1_817' title='bbox 1015 2553 1203 2588; x_wconf 81' lang='grc' dir='ltr'>κρατησάσης,</span> <span class='ocrx_word' id='word_1_818' title='bbox 1229 2554 1269 2584; x_wconf 77' lang='grc' dir='ltr'>εἰς</span> <span class='ocrx_word' id='word_1_819' title='bbox 1300 2553 1395 2588; x_wconf 75' lang='grc' dir='ltr'>ἡδονὴν</span> <span class='ocrx_word' id='word_1_820' title='bbox 1406 2553 1553 2580; x_wconf 86' lang='grc' dir='ltr'><strong>διαλύεται.</strong></span> <span class='ocrx_word' id='word_1_821' title='bbox 1569 2554 1640 2589; x_wconf 81' lang='grc' dir='ltr'>Πρὸς</span> <span class='ocrx_word' id='word_1_822' title='bbox 1661 2554 1759 2580; x_wconf 74' lang='grc' dir='ltr'>δειλίαν</span> <span class='ocrx_word' id='word_1_823' title='bbox 1774 2563 1802 2580; x_wconf 82' lang='grc' dir='ltr'><strong>τε</strong></span> 
     </span>
    </p>
   </div>
   <div class='ocr_carea' id='block_1_115' title="bbox 1016 2598 1803 2635">
    <p class='ocr_par' dir='ltr' id='par_1_115' title="bbox 1016 2598 1803 2635">
     <span class='ocr_line' id='line_1_115' title="bbox 1016 2598 1803 2635; baseline 0.003 -11"><span class='ocrx_word' id='word_1_824' title='bbox 1016 2599 1062 2625; x_wconf 79' lang='grc' dir='ltr'>καὶ</span> <span class='ocrx_word' id='word_1_825' title='bbox 1075 2600 1165 2633; x_wconf 71' lang='grc' dir='ltr'>φόϐον,</span> <span class='ocrx_word' id='word_1_826' title='bbox 1178 2600 1223 2625; x_wconf 77' lang='grc' dir='ltr'><strong>καὶ</strong></span> <span class='ocrx_word' id='word_1_827' title='bbox 1234 2599 1268 2625; x_wconf 77' lang='grc' dir='ltr'><strong>τὰ</strong></span> <span class='ocrx_word' id='word_1_828' title='bbox 1280 2598 1341 2626; x_wconf 84' lang='grc' dir='ltr'>καθ’</span> <span class='ocrx_word' id='word_1_829' title='bbox 1355 2599 1468 2625; x_wconf 70' lang='grc' dir='ltr'>ἕκαστον</span> <span class='ocrx_word' id='word_1_830' title='bbox 1483 2599 1555 2635; x_wconf 83' lang='grc' dir='ltr'>πάθη</span> <span class='ocrx_word' id='word_1_831' title='bbox 1571 2600 1620 2631; x_wconf 79' lang='grc' dir='ltr'><strong>τῆς</strong></span> <span class='ocrx_word' id='word_1_832' title='bbox 1633 2601 1719 2635; x_wconf 74' lang='grc' dir='ltr'>ῥοπῆς</span> <span class='ocrx_word' id='word_1_833' title='bbox 1732 2609 1803 2634; x_wconf 84' lang='grc' dir='ltr'>γενο-</span> 
     </span>
    </p>
   </div>
   <div class='ocr_carea' id='block_1_116' title="bbox 1017 2644 1801 2680">
    <p class='ocr_par' dir='ltr' id='par_1_116' title="bbox 1017 2644 1801 2680">
     <span class='ocr_line' id='line_1_116' title="bbox 1017 2644 1801 2680; baseline 0.003 -10"><span class='ocrx_word' id='word_1_834' title='bbox 1017 2644 1099 2679; x_wconf 83' lang='grc' dir='ltr'>μένης</span> <span class='ocrx_word' id='word_1_835' title='bbox 1116 2644 1164 2675; x_wconf 75' lang='grc' dir='ltr'>τᾶς</span> <span class='ocrx_word' id='word_1_836' title='bbox 1186 2644 1300 2671; x_wconf 81' lang='grc' dir='ltr'>ἑκάστου</span> <span class='ocrx_word' id='word_1_837' title='bbox 1326 2644 1380 2671; x_wconf 77' lang='grc' dir='ltr'><strong>τῶν</strong></span> <span class='ocrx_word' id='word_1_838' title='bbox 1406 2645 1498 2671; x_wconf 80' lang='grc' dir='ltr'>παθῶν</span> <span class='ocrx_word' id='word_1_839' title='bbox 1516 2645 1622 2680; x_wconf 78' lang='grc' dir='ltr'>μορφὰς</span> <span class='ocrx_word' id='word_1_840' title='bbox 1638 2646 1801 2672; x_wconf 83' lang='grc' dir='ltr'>ὑποδύεται·</span> 
     </span>
    </p>
   </div>
   <div class='ocr_carea' id='block_1_117' title="bbox 1018 2689 1803 2726">
    <p class='ocr_par' dir='ltr' id='par_1_117' title="bbox 1018 2689 1803 2726">
     <span class='ocr_line' id='line_1_117' title="bbox 1018 2689 1803 2726; baseline 0.004 -11"><span class='ocrx_word' id='word_1_841' title='bbox 1018 2690 1112 2725; x_wconf 75' lang='grc' dir='ltr'>ὥσπερ</span> <span class='ocrx_word' id='word_1_842' title='bbox 1135 2689 1167 2724; x_wconf 84' lang='grc' dir='ltr'>δὴ</span> <span class='ocrx_word' id='word_1_843' title='bbox 1187 2689 1233 2716; x_wconf 71' lang='grc' dir='ltr'><strong>καὶ</strong></span> <span class='ocrx_word' id='word_1_844' title='bbox 1249 2690 1280 2716; x_wconf 78' lang='grc' dir='ltr'><strong>ἐκ</strong></span> <span class='ocrx_word' id='word_1_845' title='bbox 1298 2689 1344 2716; x_wconf 75' lang='grc' dir='ltr'><strong>τοῦ</strong></span> <span class='ocrx_word' id='word_1_846' title='bbox 1362 2690 1483 2716; x_wconf 82' lang='grc' dir='ltr'>ἐναντίου</span> <span class='ocrx_word' id='word_1_847' title='bbox 1509 2690 1541 2716; x_wconf 75' lang='grc' dir='ltr'><strong>τὸ</strong></span> <span class='ocrx_word' id='word_1_848' title='bbox 1566 2690 1753 2726; x_wconf 19' lang='grc' dir='ltr'>μακρὸθυμονγ.</span> <span class='ocrx_word' id='word_1_849' title='bbox 1773 2690 1803 2718; x_wconf 75' lang='grc' dir='ltr'><strong>τὺ</strong></span> 
     </span>
    </p>
   </div>
   <div class='ocr_carea' id='block_1_118' title="bbox 1019 2734 1803 2770">
    <p class='ocr_par' dir='ltr' id='par_1_118' title="bbox 1019 2734 1803 2770">
     <span class='ocr_line' id='line_1_118' title="bbox 1019 2734 1803 2770; baseline 0.004 -10"><span class='ocrx_word' id='word_1_850' title='bbox 1019 2734 1146 2769; x_wconf 79' lang='grc' dir='ltr'>καθαρὸν,</span> <span class='ocrx_word' id='word_1_851' title='bbox 1171 2734 1201 2760; x_wconf 84' lang='grc' dir='ltr'><strong>τὸ</strong></span> <span class='ocrx_word' id='word_1_852' title='bbox 1215 2734 1361 2769; x_wconf 69' lang='grc' dir='ltr'>εἰρηνικὸν,</span> <span class='ocrx_word' id='word_1_853' title='bbox 1381 2734 1410 2760; x_wconf 81' lang='grc' dir='ltr'>τὸ</span> <span class='ocrx_word' id='word_1_854' title='bbox 1427 2735 1571 2770; x_wconf 83' lang='grc' dir='ltr'><strong>ἀόργητον,</strong></span> <span class='ocrx_word' id='word_1_855' title='bbox 1587 2735 1617 2762; x_wconf 78' lang='grc' dir='ltr'>τὺ</span> <span class='ocrx_word' id='word_1_856' title='bbox 1643 2736 1755 2768; x_wconf 73' lang='grc' dir='ltr'>ἄλυπον,</span> <span class='ocrx_word' id='word_1_857' title='bbox 1771 2736 1803 2763; x_wconf 76' lang='grc' dir='ltr'>τὸ</span> 
     </span>
    </p>
   </div>
   <div class='ocr_carea' id='block_1_119' title="bbox 1018 2779 1801 2817">
    <p class='ocr_par' dir='ltr' id='par_1_119' title="bbox 1018 2779 1801 2817">
     <span class='ocr_line' id='line_1_119' title="bbox 1018 2779 1801 2817; baseline 0.004 -11"><span class='ocrx_word' id='word_1_858' title='bbox 1018 2780 1158 2815; x_wconf 75' lang='grc' dir='ltr'>εὐθαρσὲς,</span> <span class='ocrx_word' id='word_1_859' title='bbox 1172 2779 1202 2806; x_wconf 68' lang='grc' dir='ltr'><strong>τὸ</strong></span> <span class='ocrx_word' id='word_1_860' title='bbox 1221 2780 1364 2814; x_wconf 75' lang='grc' dir='ltr'>ἀπτόητον,</span> <span class='ocrx_word' id='word_1_861' title='bbox 1381 2780 1468 2807; x_wconf 74' lang='grc' dir='ltr'>πάντα</span> <span class='ocrx_word' id='word_1_862' title='bbox 1481 2780 1568 2808; x_wconf 79' lang='grc' dir='ltr'>ταῦτα</span> <span class='ocrx_word' id='word_1_863' title='bbox 1581 2782 1610 2807; x_wconf 85' lang='grc' dir='ltr'><strong>ὲν</strong></span> <span class='ocrx_word' id='word_1_864' title='bbox 1625 2782 1708 2817; x_wconf 80' lang='grc' dir='ltr'>ἑαυτῇ</span> <span class='ocrx_word' id='word_1_865' title='bbox 1723 2781 1801 2814; x_wconf 75' lang='grc' dir='ltr'>δεξα-</span> 
     </span>
    </p>
   </div>
   <div class='ocr_carea' id='block_1_120' title="bbox 1020 2825 1800 2863">
    <p class='ocr_par' dir='ltr' id='par_1_120' title="bbox 1020 2825 1800 2863">
     <span class='ocr_line' id='line_1_120' title="bbox 1020 2825 1800 2863; baseline 0.006 -13"><span class='ocrx_word' id='word_1_866' title='bbox 1020 2825 1097 2861; x_wconf 80' lang='grc' dir='ltr'>μένη,</span> <span class='ocrx_word' id='word_1_867' title='bbox 1125 2825 1238 2852; x_wconf 69' lang='grc' dir='ltr'>ἑκάστου</span> <span class='ocrx_word' id='word_1_868' title='bbox 1258 2826 1358 2852; x_wconf 82' lang='grc' dir='ltr'>τούτων</span> <span class='ocrx_word' id='word_1_869' title='bbox 1383 2825 1555 2861; x_wconf 75' lang='grc' dir='ltr'>ἐπισημαίνει</span> <span class='ocrx_word' id='word_1_870' title='bbox 1575 2825 1620 2853; x_wconf 77' lang='grc' dir='ltr'><strong>τὸν</strong></span> <span class='ocrx_word' id='word_1_871' title='bbox 1641 2827 1800 2863; x_wconf 74' lang='grc' dir='ltr'>χαρακτῆρα</span> 
     </span>
    </p>
   </div>
  </div>
