  <div class='ocr_page' id='page_1' title='image "/cluster/home/n/w/nwhite01/storage/ocr_20150623/44/njp.32101009003169/422.png"; bbox 0 0 1984 3068; ppageno 0'>
   <div class='ocr_carea' id='block_1_1' title="bbox 170 127 223 157">
    <p class='ocr_par' dir='ltr' id='par_1_1' title="bbox 170 127 223 157">
     <span class='ocr_line' id='line_1_1' title="bbox 170 127 223 157; baseline 0.057 -3"><span class='ocrx_word' id='word_1_1' title='bbox 170 127 223 157; x_wconf 60' lang='grc' dir='ltr'><strong>8π</strong></span> 
     </span>
    </p>
   </div>
   <div class='ocr_carea' id='block_1_2' title="bbox 697 129 1252 160">
    <p class='ocr_par' dir='ltr' id='par_1_2' title="bbox 697 129 1252 160">
     <span class='ocr_line' id='line_1_2' title="bbox 697 129 1252 160; baseline 0.004 -3"><span class='ocrx_word' id='word_1_2' title='bbox 697 129 730 157; x_wconf 75' lang='grc' dir='ltr'><strong>ΙΝ</strong></span> <span class='ocrx_word' id='word_1_3' title='bbox 745 129 891 157; x_wconf 62' lang='grc' dir='ltr'><strong>(ΖΑΝΤΙΟΑ</strong></span> <span class='ocrx_word' id='word_1_4' title='bbox 907 129 1040 159; x_wconf 70' lang='lat' dir='ltr'><strong>CANTIC.</strong></span> <span class='ocrx_word' id='word_1_5' title='bbox 1055 130 1193 159; x_wconf 75' lang='lat' dir='ltr'><strong>llOMlLIA</strong></span> <span class='ocrx_word' id='word_1_6' title='bbox 1210 132 1252 160; x_wconf 80' lang='grc' dir='ltr'>ιν.</span> 
     </span>
    </p>
   </div>
   <div class='ocr_carea' id='block_1_3' title="bbox 1735 137 1788 166">
    <p class='ocr_par' dir='ltr' id='par_1_3' title="bbox 1735 137 1788 166">
     <span class='ocr_line' id='line_1_3' title="bbox 1735 137 1788 166; baseline 0.038 -2"><span class='ocrx_word' id='word_1_7' title='bbox 1735 137 1788 166; x_wconf 65' lang='grc'><strong>853</strong></span> 
     </span>
    </p>
   </div>
   <div class='ocr_carea' id='block_1_4' title="bbox 168 184 954 224">
    <p class='ocr_par' dir='ltr' id='par_1_4' title="bbox 168 184 949 222">
     <span class='ocr_line' id='line_1_4' title="bbox 168 184 949 222; baseline 0.001 -11"><span class='ocrx_word' id='word_1_8' title='bbox 168 187 199 221; x_wconf 81' lang='grc' dir='ltr'><strong>τῇ</strong></span> <span class='ocrx_word' id='word_1_9' title='bbox 214 184 375 212; x_wconf 68' lang='grc' dir='ltr'><strong>καταστάσει</strong></span> <span class='ocrx_word' id='word_1_10' title='bbox 391 185 439 220; x_wconf 70' lang='grc' dir='ltr'>τῆς</span> <span class='ocrx_word' id='word_1_11' title='bbox 448 185 537 222; x_wconf 68' lang='grc' dir='ltr'>ψυχῆς</span> <span class='ocrx_word' id='word_1_12' title='bbox 554 186 581 212; x_wconf 81' lang='grc' dir='ltr'>ὲν</span> <span class='ocrx_word' id='word_1_13' title='bbox 594 185 727 221; x_wconf 75' lang='grc' dir='ltr'><strong>ἀταραξίᾳ</strong></span> <span class='ocrx_word' id='word_1_14' title='bbox 742 185 949 221; x_wconf 78' lang='grc' dir='ltr'>γαληνιὰζουσα.</span> 
     </span>
    </p>
   </div>
   <div class='ocr_carea' id='block_1_5' title="bbox 1003 184 1787 224">
    <p class='ocr_par' dir='ltr' id='par_1_5' title="bbox 1003 186 1787 224">
     <span class='ocr_line' id='line_1_5' title="bbox 1003 186 1787 224; baseline 0.009 -12"><span class='ocrx_word' id='word_1_15' title='bbox 1003 186 1091 221; x_wconf 75' lang='lat' dir='ltr'><strong>signat</strong></span> <span class='ocrx_word' id='word_1_16' title='bbox 1106 187 1291 216; x_wconf 87' lang='lat' dir='ltr'><strong>characterem</strong></span> <span class='ocrx_word' id='word_1_17' title='bbox 1319 196 1416 216; x_wconf 87' lang='lat' dir='ltr'><strong>sereno</strong></span> <span class='ocrx_word' id='word_1_18' title='bbox 1440 197 1471 216; x_wconf 83' lang='lat' dir='ltr'><strong>ac</strong></span> <span class='ocrx_word' id='word_1_19' title='bbox 1484 189 1636 224; x_wconf 82' lang='lat' dir='ltr'><strong>tranquillo</strong></span> <span class='ocrx_word' id='word_1_20' title='bbox 1660 191 1787 220; x_wconf 89' lang='lat' dir='ltr'><strong>minime-</strong></span> 
     </span>
    </p>
   </div>
   <div class='ocr_carea' id='block_1_6' title="bbox 168 231 953 268">
    <p class='ocr_par' dir='ltr' id='par_1_6' title="bbox 168 231 953 268">
     <span class='ocr_line' id='line_1_6' title="bbox 168 231 953 268; baseline 0 -10"><span class='ocrx_word' id='word_1_21' title='bbox 168 231 314 268; x_wconf 71' lang='grc' dir='ltr'>Συμὸαίνει</span> <span class='ocrx_word' id='word_1_22' title='bbox 325 232 413 259; x_wconf 81' lang='grc' dir='ltr'>τοίνυν</span> <span class='ocrx_word' id='word_1_23' title='bbox 427 232 535 267; x_wconf 80' lang='grc' dir='ltr'>ἀμέσως</span> <span class='ocrx_word' id='word_1_24' title='bbox 548 232 615 268; x_wconf 80' lang='grc' dir='ltr'>πρὸς</span> <span class='ocrx_word' id='word_1_25' title='bbox 627 232 674 268; x_wconf 81' lang='grc' dir='ltr'><strong>τὴν</strong></span> <span class='ocrx_word' id='word_1_26' title='bbox 685 233 783 259; x_wconf 79' lang='grc' dir='ltr'>κακίαν</span> <span class='ocrx_word' id='word_1_27' title='bbox 792 234 841 268; x_wconf 87' lang='grc' dir='ltr'>τῆς</span> <span class='ocrx_word' id='word_1_28' title='bbox 854 232 953 268; x_wconf 82' lang='grc' dir='ltr'>ἀρετῆς</span> 
     </span>
    </p>
   </div>
   <div class='ocr_carea' id='block_1_7' title="bbox 166 277 954 312">
    <p class='ocr_par' dir='ltr' id='par_1_7' title="bbox 166 277 954 312">
     <span class='ocr_line' id='line_1_7' title="bbox 166 277 954 312; baseline 0 -8"><span class='ocrx_word' id='word_1_29' title='bbox 166 277 324 312; x_wconf 82' lang='grc' dir='ltr'><strong>διεστώσης,</strong></span> <span class='ocrx_word' id='word_1_30' title='bbox 352 277 389 312; x_wconf 85' lang='grc' dir='ltr'>μὴ</span> <span class='ocrx_word' id='word_1_31' title='bbox 405 277 533 305; x_wconf 78' lang='grc' dir='ltr'>δύνασθαι</span> <span class='ocrx_word' id='word_1_32' title='bbox 551 277 620 304; x_wconf 82' lang='grc' dir='ltr'>κατὰ</span> <span class='ocrx_word' id='word_1_33' title='bbox 634 278 731 305; x_wconf 75' lang='grc' dir='ltr'>ταύτὸν</span> <span class='ocrx_word' id='word_1_34' title='bbox 749 277 902 312; x_wconf 83' lang='grc' dir='ltr'>ἀμφότερον</span> <span class='ocrx_word' id='word_1_35' title='bbox 915 277 954 312; x_wconf 84' lang='grc' dir='ltr'>τῷ</span> 
     </span>
    </p>
   </div>
   <div class='ocr_carea' id='block_1_8' title="bbox 167 322 954 359">
    <p class='ocr_par' dir='ltr' id='par_1_8' title="bbox 167 322 954 359">
     <span class='ocr_line' id='line_1_8' title="bbox 167 322 954 359; baseline 0 -10"><span class='ocrx_word' id='word_1_36' title='bbox 167 323 207 349; x_wconf 75' lang='grc' dir='ltr'>ἑνὶ</span> <span class='ocrx_word' id='word_1_37' title='bbox 224 322 420 358; x_wconf 83' lang='grc' dir='ltr'>παραγίνεσθαι</span> <span class='ocrx_word' id='word_1_38' title='bbox 432 332 438 338; x_wconf 90' lang='grc'><strong>·</strong></span> <span class='ocrx_word' id='word_1_39' title='bbox 448 324 462 350; x_wconf 86' lang='lat'><strong>6</strong></span> <span class='ocrx_word' id='word_1_40' title='bbox 476 323 530 359; x_wconf 75' lang='grc' dir='ltr'><strong>γὰρ</strong></span> <span class='ocrx_word' id='word_1_41' title='bbox 545 323 591 350; x_wconf 73' lang='grc' dir='ltr'>τοῦ</span> <span class='ocrx_word' id='word_1_42' title='bbox 612 324 761 359; x_wconf 76' lang='grc' dir='ltr'>σωφρονεῖν</span> <span class='ocrx_word' id='word_1_43' title='bbox 778 323 909 356; x_wconf 80' lang='grc' dir='ltr'>ἀποστὰς,</span> <span class='ocrx_word' id='word_1_44' title='bbox 924 323 954 349; x_wconf 83' lang='grc' dir='ltr'>ὲν</span> 
     </span>
    </p>
   </div>
   <div class='ocr_carea' id='block_1_9' title="bbox 169 368 954 404">
    <p class='ocr_par' dir='ltr' id='par_1_9' title="bbox 169 368 954 404">
     <span class='ocr_line' id='line_1_9' title="bbox 169 368 954 404; baseline 0 -10"><span class='ocrx_word' id='word_1_45' title='bbox 169 368 205 404; x_wconf 83' lang='grc' dir='ltr'><strong>τῷ</strong></span> <span class='ocrx_word' id='word_1_46' title='bbox 216 369 359 404; x_wconf 76' lang='grc' dir='ltr'><strong>ἀκολάστῳ</strong></span> <span class='ocrx_word' id='word_1_47' title='bbox 376 369 484 401; x_wconf 77' lang='grc' dir='ltr'>πάντως</span> <span class='ocrx_word' id='word_1_48' title='bbox 497 369 666 404; x_wconf 84' lang='grc' dir='ltr'>γίνεταιβίῳ,</span> <span class='ocrx_word' id='word_1_49' title='bbox 687 369 732 395; x_wconf 68' lang='grc' dir='ltr'>καὶ</span> <span class='ocrx_word' id='word_1_50' title='bbox 747 370 760 395; x_wconf 98' lang='lat'><strong>6</strong></span> <span class='ocrx_word' id='word_1_51' title='bbox 771 369 815 395; x_wconf 77' lang='grc' dir='ltr'><strong>τὸν</strong></span> <span class='ocrx_word' id='word_1_52' title='bbox 831 368 954 403; x_wconf 81' lang='grc' dir='ltr'>ἀκάθαρ-</span> 
     </span>
    </p>
   </div>
   <div class='ocr_carea' id='block_1_10' title="bbox 167 413 951 449">
    <p class='ocr_par' dir='ltr' id='par_1_10' title="bbox 167 413 951 449">
     <span class='ocr_line' id='line_1_10' title="bbox 167 413 951 449; baseline -0.003 -9"><span class='ocrx_word' id='word_1_53' title='bbox 167 422 212 440; x_wconf 89' lang='grc' dir='ltr'><strong>τον</strong></span> <span class='ocrx_word' id='word_1_54' title='bbox 229 413 422 449; x_wconf 78' lang='grc' dir='ltr'><strong>βδελυξάμενος</strong></span> <span class='ocrx_word' id='word_1_55' title='bbox 436 414 503 449; x_wconf 90' lang='grc' dir='ltr'>βίον,</span> <span class='ocrx_word' id='word_1_56' title='bbox 515 413 694 448; x_wconf 77' lang='grc' dir='ltr'><strong>κατώρθωσεν</strong></span> <span class='ocrx_word' id='word_1_57' title='bbox 709 414 738 439; x_wconf 77' lang='grc' dir='ltr'>ἐν</span> <span class='ocrx_word' id='word_1_58' title='bbox 746 414 778 449; x_wconf 82' lang='grc' dir='ltr'>τῇ</span> <span class='ocrx_word' id='word_1_59' title='bbox 793 414 951 448; x_wconf 79' lang='grc' dir='ltr'><strong>ἀποστροφῇ</strong></span> 
     </span>
    </p>
   </div>
   <div class='ocr_carea' id='block_1_11' title="bbox 166 459 952 495">
    <p class='ocr_par' dir='ltr' id='par_1_11' title="bbox 166 459 952 495">
     <span class='ocr_line' id='line_1_11' title="bbox 166 459 952 495; baseline -0.001 -10"><span class='ocrx_word' id='word_1_60' title='bbox 166 459 213 486; x_wconf 84' lang='grc' dir='ltr'>τοῦ</span> <span class='ocrx_word' id='word_1_61' title='bbox 240 459 325 487; x_wconf 71' lang='grc' dir='ltr'>κακοῦ</span> <span class='ocrx_word' id='word_1_62' title='bbox 344 460 374 486; x_wconf 85' lang='grc' dir='ltr'><strong>τὺ</strong></span> <span class='ocrx_word' id='word_1_63' title='bbox 392 460 550 495; x_wconf 80' lang='grc' dir='ltr'>ἁμόλυντον.</span> <span class='ocrx_word' id='word_1_64' title='bbox 568 459 646 486; x_wconf 72' lang='grc' dir='ltr'>Οὕτω</span> <span class='ocrx_word' id='word_1_65' title='bbox 662 460 709 485; x_wconf 76' lang='grc' dir='ltr'>καὶ</span> <span class='ocrx_word' id='word_1_66' title='bbox 723 459 805 486; x_wconf 80' lang='grc' dir='ltr'>τᾶλλα</span> <span class='ocrx_word' id='word_1_67' title='bbox 821 459 919 488; x_wconf 82' lang='grc' dir='ltr'>πάντα,</span> <span class='ocrx_word' id='word_1_68' title='bbox 938 459 952 484; x_wconf 92' lang='grc' dir='ltr'><strong>ό</strong></span> 
     </span>
    </p>
   </div>
   <div class='ocr_carea' id='block_1_12' title="bbox 166 504 952 541">
    <p class='ocr_par' dir='ltr' id='par_1_12' title="bbox 166 504 952 541">
     <span class='ocr_line' id='line_1_12' title="bbox 166 504 952 541; baseline 0 -9"><span class='ocrx_word' id='word_1_69' title='bbox 166 506 353 541; x_wconf 82' lang='grc' dir='ltr'>ταπεινόφρων</span> <span class='ocrx_word' id='word_1_70' title='bbox 365 507 414 541; x_wconf 81' lang='grc' dir='ltr'>τῆς</span> <span class='ocrx_word' id='word_1_71' title='bbox 429 505 618 541; x_wconf 75' lang='grc' dir='ltr'><strong>ὑπερηφανίας</strong></span> <span class='ocrx_word' id='word_1_72' title='bbox 638 504 810 540; x_wconf 80' lang='grc' dir='ltr'><strong>κεχώρισται,</strong></span> <span class='ocrx_word' id='word_1_73' title='bbox 825 505 872 532; x_wconf 72' lang='grc' dir='ltr'>καὶ</span> <span class='ocrx_word' id='word_1_74' title='bbox 883 506 896 531; x_wconf 89' lang='lat'><strong>6</strong></span> <span class='ocrx_word' id='word_1_75' title='bbox 909 505 952 532; x_wconf 81' lang='grc' dir='ltr'>διὰ</span> 
     </span>
    </p>
   </div>
   <div class='ocr_carea' id='block_1_13' title="bbox 167 551 951 587">
    <p class='ocr_par' dir='ltr' id='par_1_13' title="bbox 167 551 951 587">
     <span class='ocr_line' id='line_1_13' title="bbox 167 551 951 587; baseline -0.001 -9"><span class='ocrx_word' id='word_1_76' title='bbox 167 551 213 577; x_wconf 73' lang='grc' dir='ltr'>τοῦ</span> <span class='ocrx_word' id='word_1_77' title='bbox 229 551 313 586; x_wconf 83' lang='grc' dir='ltr'>τύφου</span> <span class='ocrx_word' id='word_1_78' title='bbox 335 552 429 578; x_wconf 79' lang='grc' dir='ltr'>ἑαυτὸν</span> <span class='ocrx_word' id='word_1_79' title='bbox 452 551 617 585; x_wconf 79' lang='grc' dir='ltr'>ἐξογκώσας,</span> <span class='ocrx_word' id='word_1_80' title='bbox 637 552 685 587; x_wconf 82' lang='grc' dir='ltr'>τὴν</span> <span class='ocrx_word' id='word_1_81' title='bbox 705 551 951 586; x_wconf 75' lang='grc' dir='ltr'>ταπεινοφροσύνην</span> 
     </span>
    </p>
   </div>
   <div class='ocr_carea' id='block_1_14' title="bbox 167 595 951 631">
    <p class='ocr_par' dir='ltr' id='par_1_14' title="bbox 167 595 951 631">
     <span class='ocr_line' id='line_1_14' title="bbox 167 595 951 631; baseline 0 -9"><span class='ocrx_word' id='word_1_82' title='bbox 167 595 306 623; x_wconf 86' lang='grc' dir='ltr'>ἀπώσατο.</span> <span class='ocrx_word' id='word_1_83' title='bbox 329 596 384 622; x_wconf 69' lang='grc' dir='ltr'><strong>Καὶ</strong></span> <span class='ocrx_word' id='word_1_84' title='bbox 403 595 428 622; x_wconf 88' lang='grc' dir='ltr'><strong>τί</strong></span> <span class='ocrx_word' id='word_1_85' title='bbox 445 596 497 631; x_wconf 86' lang='grc' dir='ltr'>χρὴ</span> <span class='ocrx_word' id='word_1_86' title='bbox 513 596 547 622; x_wconf 80' lang='grc' dir='ltr'><strong>τὰ</strong></span> <span class='ocrx_word' id='word_1_87' title='bbox 572 596 631 623; x_wconf 78' lang='grc' dir='ltr'>καθ’</span> <span class='ocrx_word' id='word_1_88' title='bbox 646 596 760 623; x_wconf 69' lang='grc' dir='ltr'>ἕκαστον</span> <span class='ocrx_word' id='word_1_89' title='bbox 771 596 883 630; x_wconf 84' lang='grc' dir='ltr'>λέγοντα</span> <span class='ocrx_word' id='word_1_90' title='bbox 894 597 951 623; x_wconf 85' lang='grc' dir='ltr'>δια-</span> 
     </span>
    </p>
   </div>
   <div class='ocr_carea' id='block_1_15' title="bbox 165 641 950 677">
    <p class='ocr_par' dir='ltr' id='par_1_15' title="bbox 165 641 950 677">
     <span class='ocr_line' id='line_1_15' title="bbox 165 641 950 677; baseline 0 -9"><span class='ocrx_word' id='word_1_91' title='bbox 165 641 286 677; x_wconf 71' lang='grc' dir='ltr'>τρίϐειν;</span> <span class='ocrx_word' id='word_1_92' title='bbox 307 641 369 673; x_wconf 80' lang='grc' dir='ltr'>Πῶς</span> <span class='ocrx_word' id='word_1_93' title='bbox 392 642 438 667; x_wconf 70' lang='grc' dir='ltr'><strong>ἐπὶ</strong></span> <span class='ocrx_word' id='word_1_94' title='bbox 461 641 514 668; x_wconf 80' lang='grc' dir='ltr'><strong>τῶν</strong></span> <span class='ocrx_word' id='word_1_95' title='bbox 526 641 719 677; x_wconf 75' lang='grc' dir='ltr'>ἀντικειμένων</span> <span class='ocrx_word' id='word_1_96' title='bbox 736 643 769 677; x_wconf 84' lang='grc' dir='ltr'><strong>τῇ</strong></span> <span class='ocrx_word' id='word_1_97' title='bbox 784 642 889 677; x_wconf 77' lang='grc' dir='ltr'>φύσειή</span> <span class='ocrx_word' id='word_1_98' title='bbox 903 643 950 669; x_wconf 76' lang='grc' dir='ltr'>τοῦ</span> 
     </span>
    </p>
   </div>
   <div class='ocr_carea' id='block_1_16' title="bbox 166 686 950 723">
    <p class='ocr_par' dir='ltr' id='par_1_16' title="bbox 166 686 950 723">
     <span class='ocr_line' id='line_1_16' title="bbox 166 686 950 723; baseline 0.001 -10"><span class='ocrx_word' id='word_1_99' title='bbox 166 687 224 719; x_wconf 77' lang='grc' dir='ltr'>ἑνὸς</span> <span class='ocrx_word' id='word_1_100' title='bbox 241 687 358 713; x_wconf 78' lang='grc' dir='ltr'><strong>ἀπουσία</strong></span> <span class='ocrx_word' id='word_1_101' title='bbox 378 686 451 718; x_wconf 82' lang='grc' dir='ltr'>Θέσις</span> <span class='ocrx_word' id='word_1_102' title='bbox 470 687 517 713; x_wconf 79' lang='grc' dir='ltr'>καὶ</span> <span class='ocrx_word' id='word_1_103' title='bbox 540 686 656 722; x_wconf 81' lang='grc' dir='ltr'>’ύπαρξις</span> <span class='ocrx_word' id='word_1_104' title='bbox 675 687 722 713; x_wconf 74' lang='grc' dir='ltr'><strong>τοῦ</strong></span> <span class='ocrx_word' id='word_1_105' title='bbox 736 687 828 723; x_wconf 84' lang='grc' dir='ltr'>ἑτέρου</span> <span class='ocrx_word' id='word_1_106' title='bbox 837 688 950 722; x_wconf 83' lang='grc' dir='ltr'>γίνεται,</span> 
     </span>
    </p>
   </div>
   <div class='ocr_carea' id='block_1_17' title="bbox 166 732 953 768">
    <p class='ocr_par' dir='ltr' id='par_1_17' title="bbox 166 732 953 768">
     <span class='ocr_line' id='line_1_17' title="bbox 166 732 953 768; baseline 0 -9"><span class='ocrx_word' id='word_1_107' title='bbox 166 732 236 759; x_wconf 78' lang='grc' dir='ltr'>οὕτω</span> <span class='ocrx_word' id='word_1_108' title='bbox 245 733 332 759; x_wconf 84' lang='grc' dir='ltr'>τοίνυν</span> <span class='ocrx_word' id='word_1_109' title='bbox 341 732 454 768; x_wconf 77' lang='grc' dir='ltr'>ἐχούσης</span> <span class='ocrx_word' id='word_1_110' title='bbox 464 733 542 768; x_wconf 86' lang='grc' dir='ltr'>ἡμῶν</span> <span class='ocrx_word' id='word_1_111' title='bbox 555 733 602 768; x_wconf 82' lang='grc' dir='ltr'>τῆς</span> <span class='ocrx_word' id='word_1_112' title='bbox 609 733 801 768; x_wconf 79' lang='grc' dir='ltr'>προαιρέσεως,</span> <span class='ocrx_word' id='word_1_113' title='bbox 811 734 869 759; x_wconf 77' lang='grc' dir='ltr'>κατ’</span> <span class='ocrx_word' id='word_1_114' title='bbox 878 733 953 766; x_wconf 80' lang='grc' dir='ltr'>ἐξου-</span> 
     </span>
    </p>
   </div>
   <div class='ocr_carea' id='block_1_18' title="bbox 167 775 950 814">
    <p class='ocr_par' dir='ltr' id='par_1_18' title="bbox 167 775 950 814">
     <span class='ocr_line' id='line_1_18' title="bbox 167 775 950 814; baseline 0.001 -10"><span class='ocrx_word' id='word_1_115' title='bbox 167 778 226 804; x_wconf 89' lang='grc' dir='ltr'>σίαν</span> <span class='ocrx_word' id='word_1_116' title='bbox 240 778 312 813; x_wconf 75' lang='grc' dir='ltr'>ἔχειν</span> <span class='ocrx_word' id='word_1_117' title='bbox 337 775 413 813; x_wconf 83' lang='grc' dir='ltr'>ᾧπερ</span> <span class='ocrx_word' id='word_1_118' title='bbox 431 778 463 805; x_wconf 82' lang='grc' dir='ltr'>ἂν</span> <span class='ocrx_word' id='word_1_119' title='bbox 484 778 562 813; x_wconf 84' lang='grc' dir='ltr'><strong>ὲθέλῃ</strong></span> <span class='ocrx_word' id='word_1_120' title='bbox 584 777 671 814; x_wconf 84' lang='grc' dir='ltr'>τούτῳ</span> <span class='ocrx_word' id='word_1_121' title='bbox 693 779 950 814; x_wconf 80' lang='grc' dir='ltr'>συσχηματίζεσθαι,</span> 
     </span>
    </p>
   </div>
   <div class='ocr_carea' id='block_1_19' title="bbox 166 823 950 860">
    <p class='ocr_par' dir='ltr' id='par_1_19' title="bbox 166 823 950 860">
     <span class='ocr_line' id='line_1_19' title="bbox 166 823 950 860; baseline 0 -10"><span class='ocrx_word' id='word_1_122' title='bbox 166 823 254 856; x_wconf 83' lang='grc' dir='ltr'>καλῶς</span> <span class='ocrx_word' id='word_1_123' title='bbox 268 832 333 860; x_wconf 86' lang='grc' dir='ltr'>φησι</span> <span class='ocrx_word' id='word_1_124' title='bbox 344 824 411 860; x_wconf 80' lang='grc' dir='ltr'>πρὸς</span> <span class='ocrx_word' id='word_1_125' title='bbox 422 824 471 859; x_wconf 79' lang='grc' dir='ltr'>τὴν</span> <span class='ocrx_word' id='word_1_126' title='bbox 482 823 668 859; x_wconf 83' lang='grc' dir='ltr'>ὼραιωθεῖσαν</span> <span class='ocrx_word' id='word_1_127' title='bbox 683 824 697 850; x_wconf 98' lang='lat'><strong>6</strong></span> <span class='ocrx_word' id='word_1_128' title='bbox 714 824 792 858; x_wconf 81' lang='grc' dir='ltr'>λόγος</span> <span class='ocrx_word' id='word_1_129' title='bbox 801 833 808 839; x_wconf 83' lang='lat'><strong>&#39;</strong></span> <span class='ocrx_word' id='word_1_130' title='bbox 820 825 860 850; x_wconf 81' lang='grc' dir='ltr'>ὃτι</span> <span class='ocrx_word' id='word_1_131' title='bbox 873 824 950 850; x_wconf 78' lang='grc' dir='ltr'>Ἀπο-</span> 
     </span>
    </p>
   </div>
   <div class='ocr_carea' id='block_1_20' title="bbox 166 859 987 905">
    <p class='ocr_par' dir='ltr' id='par_1_20' title="bbox 166 859 987 905">
     <span class='ocr_line' id='line_1_20' title="bbox 166 859 987 905; baseline 0 -9"><span class='ocrx_word' id='word_1_132' title='bbox 166 871 251 896; x_wconf 82' lang='grc' dir='ltr'>στᾶσα</span> <span class='ocrx_word' id='word_1_133' title='bbox 270 870 318 904; x_wconf 86' lang='grc' dir='ltr'>μὲν</span> <span class='ocrx_word' id='word_1_134' title='bbox 333 870 382 904; x_wconf 81' lang='grc' dir='ltr'>τῆς</span> <span class='ocrx_word' id='word_1_135' title='bbox 408 869 454 896; x_wconf 78' lang='grc' dir='ltr'>τοῦ</span> <span class='ocrx_word' id='word_1_136' title='bbox 471 868 555 896; x_wconf 82' lang='grc' dir='ltr'>κακοῦ</span> <span class='ocrx_word' id='word_1_137' title='bbox 574 869 713 900; x_wconf 74' lang='grc' dir='ltr'>κοινωνίας</span> <span class='ocrx_word' id='word_1_138' title='bbox 730 869 791 904; x_wconf 81' lang='grc' dir='ltr'>ἐμοὶ</span> <span class='ocrx_word' id='word_1_139' title='bbox 803 870 952 905; x_wconf 87' lang='grc' dir='ltr'>προσήγγι-</span> <span class='ocrx_word' id='word_1_140' title='bbox 968 859 987 886; x_wconf 73' lang='grc' dir='ltr'><strong>Β</strong></span> 
     </span>
    </p>
   </div>
   <div class='ocr_carea' id='block_1_21' title="bbox 166 915 951 951">
    <p class='ocr_par' dir='ltr' id='par_1_21' title="bbox 166 915 951 951">
     <span class='ocr_line' id='line_1_21' title="bbox 166 915 951 951; baseline -0.001 -9"><span class='ocrx_word' id='word_1_141' title='bbox 166 924 214 947; x_wconf 85' lang='grc' dir='ltr'><strong>σας</strong></span> <span class='ocrx_word' id='word_1_142' title='bbox 225 923 231 931; x_wconf 89' lang='grc'><strong>·</strong></span> <span class='ocrx_word' id='word_1_143' title='bbox 248 916 421 951; x_wconf 74' lang='grc' dir='ltr'>πλησιάσασα</span> <span class='ocrx_word' id='word_1_144' title='bbox 442 915 470 941; x_wconf 79' lang='grc' dir='ltr'><strong>δὲ</strong></span> <span class='ocrx_word' id='word_1_145' title='bbox 482 915 521 950; x_wconf 83' lang='grc' dir='ltr'>τῷ</span> <span class='ocrx_word' id='word_1_146' title='bbox 546 915 685 950; x_wconf 83' lang='grc' dir='ltr'>ἁπροσίτῳ</span> <span class='ocrx_word' id='word_1_147' title='bbox 698 915 800 947; x_wconf 78' lang='grc' dir='ltr'>κάλλει,</span> <span class='ocrx_word' id='word_1_148' title='bbox 815 916 862 942; x_wconf 78' lang='grc' dir='ltr'><strong>καὶ</strong></span> <span class='ocrx_word' id='word_1_149' title='bbox 883 915 951 951; x_wconf 75' lang='grc' dir='ltr'>αὐτὴ</span> 
     </span>
    </p>
   </div>
   <div class='ocr_carea' id='block_1_22' title="bbox 166 959 951 997">
    <p class='ocr_par' dir='ltr' id='par_1_22' title="bbox 166 959 951 997">
     <span class='ocr_line' id='line_1_22' title="bbox 166 959 951 997; baseline 0 -9"><span class='ocrx_word' id='word_1_150' title='bbox 166 962 234 996; x_wconf 84' lang='grc' dir='ltr'>καλὴ</span> <span class='ocrx_word' id='word_1_151' title='bbox 243 962 368 996; x_wconf 79' lang='grc' dir='ltr'>γέγονας,</span> <span class='ocrx_word' id='word_1_152' title='bbox 384 959 439 988; x_wconf 78' lang='grc' dir='ltr'>οἷόν</span> <span class='ocrx_word' id='word_1_153' title='bbox 454 971 478 988; x_wconf 88' lang='grc' dir='ltr'><strong>τι</strong></span> <span class='ocrx_word' id='word_1_154' title='bbox 502 961 653 997; x_wconf 79' lang='grc' dir='ltr'>κάτοπτρον</span> <span class='ocrx_word' id='word_1_155' title='bbox 673 961 712 996; x_wconf 83' lang='grc' dir='ltr'>τῷ</span> <span class='ocrx_word' id='word_1_156' title='bbox 727 960 785 996; x_wconf 76' lang='grc' dir='ltr'><strong>ἐμῷ</strong></span> <span class='ocrx_word' id='word_1_157' title='bbox 798 961 951 997; x_wconf 79' lang='grc' dir='ltr'>χαρακτῆρι</span> 
     </span>
    </p>
   </div>
   <div class='ocr_carea' id='block_1_23' title="bbox 166 1006 951 1042">
    <p class='ocr_par' dir='ltr' id='par_1_23' title="bbox 166 1006 951 1042">
     <span class='ocr_line' id='line_1_23' title="bbox 166 1006 951 1042; baseline 0 -9"><span class='ocrx_word' id='word_1_158' title='bbox 166 1007 385 1042; x_wconf 72' lang='grc' dir='ltr'>ἐμμορφωοεῖσα.</span> <span class='ocrx_word' id='word_1_159' title='bbox 403 1008 553 1042; x_wconf 80' lang='grc' dir='ltr'>Κατόπτρῳ</span> <span class='ocrx_word' id='word_1_160' title='bbox 567 1007 621 1042; x_wconf 71' lang='grc' dir='ltr'>γὰρ</span> <span class='ocrx_word' id='word_1_161' title='bbox 645 1006 732 1033; x_wconf 75' lang='grc' dir='ltr'>ἔοικεν</span> <span class='ocrx_word' id='word_1_162' title='bbox 748 1007 784 1039; x_wconf 82' lang='grc' dir='ltr'>ὡς</span> <span class='ocrx_word' id='word_1_163' title='bbox 800 1006 906 1042; x_wconf 80' lang='grc' dir='ltr'>ἀληθῶς</span> <span class='ocrx_word' id='word_1_164' title='bbox 921 1007 951 1033; x_wconf 85' lang='grc' dir='ltr'>τὸ</span> 
     </span>
    </p>
   </div>
   <div class='ocr_carea' id='block_1_24' title="bbox 166 1051 951 1087">
    <p class='ocr_par' dir='ltr' id='par_1_24' title="bbox 166 1051 951 1087">
     <span class='ocr_line' id='line_1_24' title="bbox 166 1051 951 1087; baseline 0.001 -10"><span class='ocrx_word' id='word_1_165' title='bbox 166 1052 334 1087; x_wconf 78' lang='grc' dir='ltr'>ἀνθρώπινον</span> <span class='ocrx_word' id='word_1_166' title='bbox 360 1052 430 1078; x_wconf 75' lang='grc' dir='ltr'>κατὰ</span> <span class='ocrx_word' id='word_1_167' title='bbox 453 1051 501 1082; x_wconf 79' lang='grc' dir='ltr'><strong>τὰς</strong></span> <span class='ocrx_word' id='word_1_168' title='bbox 528 1051 582 1080; x_wconf 85' lang='grc' dir='ltr'><strong>τῶν</strong></span> <span class='ocrx_word' id='word_1_169' title='bbox 609 1051 795 1086; x_wconf 78' lang='grc' dir='ltr'>προαιρέσεων</span> <span class='ocrx_word' id='word_1_170' title='bbox 818 1051 951 1085; x_wconf 79' lang='grc' dir='ltr'>ἐμφάσεις</span> 
     </span>
    </p>
   </div>
   <div class='ocr_carea' id='block_1_25' title="bbox 167 1097 952 1133">
    <p class='ocr_par' dir='ltr' id='par_1_25' title="bbox 167 1097 952 1133">
     <span class='ocr_line' id='line_1_25' title="bbox 167 1097 952 1133; baseline -0.001 -9"><span class='ocrx_word' id='word_1_171' title='bbox 167 1097 406 1133; x_wconf 77' lang='grc' dir='ltr'>μεταποιούμενον.</span> <span class='ocrx_word' id='word_1_172' title='bbox 423 1098 471 1124; x_wconf 78' lang='grc' dir='ltr'>Ἂν</span> <span class='ocrx_word' id='word_1_173' title='bbox 486 1105 516 1124; x_wconf 82' lang='grc' dir='ltr'>τε.</span> <span class='ocrx_word' id='word_1_174' title='bbox 528 1097 582 1132; x_wconf 85' lang='grc' dir='ltr'>γὰρ</span> <span class='ocrx_word' id='word_1_175' title='bbox 598 1098 698 1133; x_wconf 77' lang='grc' dir='ltr'>χρυσὸν</span> <span class='ocrx_word' id='word_1_176' title='bbox 710 1098 768 1128; x_wconf 76' lang='grc' dir='ltr'>ἴδοι,</span> <span class='ocrx_word' id='word_1_177' title='bbox 781 1097 879 1132; x_wconf 82' lang='grc' dir='ltr'>χρυσὸς</span> <span class='ocrx_word' id='word_1_178' title='bbox 890 1097 952 1132; x_wconf 82' lang='grc' dir='ltr'>φαί-</span> 
     </span>
    </p>
   </div>
   <div class='ocr_carea' id='block_1_26' title="bbox 165 1142 951 1178">
    <p class='ocr_par' dir='ltr' id='par_1_26' title="bbox 165 1142 951 1178">
     <span class='ocr_line' id='line_1_26' title="bbox 165 1142 951 1178; baseline 0.006 -8"><span class='ocrx_word' id='word_1_179' title='bbox 165 1153 249 1175; x_wconf 82' lang='grc' dir='ltr'>νεται,</span> <span class='ocrx_word' id='word_1_180' title='bbox 261 1143 368 1175; x_wconf 73' lang='grc' dir='ltr'>καὶτὰς</span> <span class='ocrx_word' id='word_1_181' title='bbox 391 1143 474 1174; x_wconf 71' lang='grc' dir='ltr'>αὐτὰς</span> <span class='ocrx_word' id='word_1_182' title='bbox 494 1143 579 1177; x_wconf 77' lang='grc' dir='ltr'>αὐγὰς</span> <span class='ocrx_word' id='word_1_183' title='bbox 596 1143 645 1178; x_wconf 82' lang='grc' dir='ltr'>τῆς</span> <span class='ocrx_word' id='word_1_184' title='bbox 660 1142 724 1177; x_wconf 77' lang='grc' dir='ltr'>ὕλης</span> <span class='ocrx_word' id='word_1_185' title='bbox 737 1142 780 1169; x_wconf 77' lang='grc' dir='ltr'><strong>διὰ</strong></span> <span class='ocrx_word' id='word_1_186' title='bbox 794 1143 844 1178; x_wconf 77' lang='grc' dir='ltr'><strong>τῆς</strong></span> <span class='ocrx_word' id='word_1_187' title='bbox 860 1143 951 1178; x_wconf 66' lang='grc' dir='ltr'>ἐμφά-</span> 
     </span>
    </p>
   </div>
   <div class='ocr_carea' id='block_1_27' title="bbox 166 1189 952 1224">
    <p class='ocr_par' dir='ltr' id='par_1_27' title="bbox 166 1189 952 1224">
     <span class='ocr_line' id='line_1_27' title="bbox 166 1189 952 1224; baseline 0 -8"><span class='ocrx_word' id='word_1_188' title='bbox 166 1199 233 1222; x_wconf 80' lang='grc' dir='ltr'>σεως</span> <span class='ocrx_word' id='word_1_189' title='bbox 247 1190 381 1216; x_wconf 86' lang='grc' dir='ltr'>δείκνυσιν</span> <span class='ocrx_word' id='word_1_190' title='bbox 392 1198 398 1204; x_wconf 94' lang='grc'><strong>·</strong></span> <span class='ocrx_word' id='word_1_191' title='bbox 416 1191 448 1217; x_wconf 77' lang='grc' dir='ltr'>ἂν</span> <span class='ocrx_word' id='word_1_192' title='bbox 460 1190 489 1216; x_wconf 90' lang='grc' dir='ltr'><strong>τέ</strong></span> <span class='ocrx_word' id='word_1_193' title='bbox 503 1198 529 1216; x_wconf 87' lang='grc' dir='ltr'><strong>τι</strong></span> <span class='ocrx_word' id='word_1_194' title='bbox 543 1190 598 1216; x_wconf 86' lang='grc' dir='ltr'><strong>τῶν</strong></span> <span class='ocrx_word' id='word_1_195' title='bbox 613 1189 738 1224; x_wconf 83' lang='grc' dir='ltr'>εἰδεχοῶν</span> <span class='ocrx_word' id='word_1_196' title='bbox 750 1189 891 1224; x_wconf 76' lang='grc' dir='ltr'>ὲμφανείη,</span> <span class='ocrx_word' id='word_1_197' title='bbox 906 1189 952 1216; x_wconf 77' lang='grc' dir='ltr'>καὶ</span> 
     </span>
    </p>
   </div>
   <div class='ocr_carea' id='block_1_28' title="bbox 164 1234 949 1271">
    <p class='ocr_par' dir='ltr' id='par_1_28' title="bbox 164 1234 949 1271">
     <span class='ocr_line' id='line_1_28' title="bbox 164 1234 949 1271; baseline -0.003 -9"><span class='ocrx_word' id='word_1_198' title='bbox 164 1236 259 1262; x_wconf 69' lang='grc' dir='ltr'>τούτου</span> <span class='ocrx_word' id='word_1_199' title='bbox 276 1236 304 1262; x_wconf 85' lang='grc' dir='ltr'><strong>τὺ</strong></span> <span class='ocrx_word' id='word_1_200' title='bbox 316 1234 408 1271; x_wconf 78' lang='grc' dir='ltr'>αἶσχος</span> <span class='ocrx_word' id='word_1_201' title='bbox 419 1236 452 1262; x_wconf 89' lang='grc' dir='ltr'><strong>δι’</strong></span> <span class='ocrx_word' id='word_1_202' title='bbox 467 1235 621 1270; x_wconf 81' lang='grc' dir='ltr'>ὁμοιώσεως</span> <span class='ocrx_word' id='word_1_203' title='bbox 641 1234 949 1270; x_wconf 71' lang='grc' dir='ltr'>ἀπομάσσεταινβάτρα-</span> 
     </span>
    </p>
   </div>
   <div class='ocr_carea' id='block_1_29' title="bbox 165 1281 952 1317">
    <p class='ocr_par' dir='ltr' id='par_1_29' title="bbox 165 1281 952 1317">
     <span class='ocr_line' id='line_1_29' title="bbox 165 1281 952 1317; baseline -0.003 -9"><span class='ocrx_word' id='word_1_204' title='bbox 165 1282 211 1317; x_wconf 79' lang='grc' dir='ltr'><strong>χόν</strong></span> <span class='ocrx_word' id='word_1_205' title='bbox 225 1291 295 1314; x_wconf 84' lang='grc' dir='ltr'>τινα,</span> <span class='ocrx_word' id='word_1_206' title='bbox 315 1282 330 1317; x_wconf 82' lang='grc' dir='ltr'>ἢ</span> <span class='ocrx_word' id='word_1_207' title='bbox 348 1281 460 1317; x_wconf 80' lang='grc' dir='ltr'>φρῦνον,</span> <span class='ocrx_word' id='word_1_208' title='bbox 478 1281 494 1315; x_wconf 81' lang='grc' dir='ltr'><strong>ἢ</strong></span> <span class='ocrx_word' id='word_1_209' title='bbox 521 1281 728 1316; x_wconf 80' lang='grc' dir='ltr'>σκολόπενδραν,</span> <span class='ocrx_word' id='word_1_210' title='bbox 744 1281 760 1316; x_wconf 86' lang='grc' dir='ltr'>ἢ</span> <span class='ocrx_word' id='word_1_211' title='bbox 778 1281 841 1307; x_wconf 81' lang='grc' dir='ltr'>ἄλλο</span> <span class='ocrx_word' id='word_1_212' title='bbox 854 1289 880 1307; x_wconf 88' lang='grc' dir='ltr'><strong>τι</strong></span> <span class='ocrx_word' id='word_1_213' title='bbox 898 1281 952 1307; x_wconf 87' lang='grc' dir='ltr'><strong>τῶν</strong></span> 
     </span>
    </p>
   </div>
   <div class='ocr_carea' id='block_1_30' title="bbox 165 1323 953 1362">
    <p class='ocr_par' dir='ltr' id='par_1_30' title="bbox 165 1323 953 1362">
     <span class='ocr_line' id='line_1_30' title="bbox 165 1323 953 1362; baseline -0.001 -9"><span class='ocrx_word' id='word_1_214' title='bbox 165 1327 253 1362; x_wconf 82' lang='grc' dir='ltr'>ἀηδῶν</span> <span class='ocrx_word' id='word_1_215' title='bbox 270 1327 413 1361; x_wconf 76' lang='grc' dir='ltr'>θεαμάτων</span> <span class='ocrx_word' id='word_1_216' title='bbox 431 1326 470 1362; x_wconf 84' lang='grc' dir='ltr'>τῷ</span> <span class='ocrx_word' id='word_1_217' title='bbox 487 1327 578 1362; x_wconf 74' lang='grc' dir='ltr'>οἰκείῳ</span> <span class='ocrx_word' id='word_1_218' title='bbox 598 1326 818 1361; x_wconf 79' lang='grc' dir='ltr'>ὑποκρινόμενον,</span> <span class='ocrx_word' id='word_1_219' title='bbox 831 1323 906 1361; x_wconf 80' lang='grc' dir='ltr'>ᾧπερ</span> <span class='ocrx_word' id='word_1_220' title='bbox 920 1326 953 1352; x_wconf 86' lang='grc' dir='ltr'>ἂν</span> 
     </span>
    </p>
   </div>
   <div class='ocr_carea' id='block_1_31' title="bbox 164 1371 953 1406">
    <p class='ocr_par' dir='ltr' id='par_1_31' title="bbox 164 1371 953 1406">
     <span class='ocr_line' id='line_1_31' title="bbox 164 1371 953 1406; baseline -0.001 -8"><span class='ocrx_word' id='word_1_221' title='bbox 164 1371 265 1398; x_wconf 78' lang='grc' dir='ltr'>τούτων</span> <span class='ocrx_word' id='word_1_222' title='bbox 291 1371 388 1406; x_wconf 86' lang='grc' dir='ltr'>εὑρεθῇ</span> <span class='ocrx_word' id='word_1_223' title='bbox 413 1371 631 1406; x_wconf 84' lang='grc' dir='ltr'>ἀντιπρόσωπον.</span> <span class='ocrx_word' id='word_1_224' title='bbox 653 1371 760 1405; x_wconf 78' lang='grc' dir='ltr'>Ἐπειδὴ</span> <span class='ocrx_word' id='word_1_225' title='bbox 781 1371 869 1397; x_wconf 78' lang='grc' dir='ltr'>τοίνυν</span> <span class='ocrx_word' id='word_1_226' title='bbox 883 1371 953 1397; x_wconf 71' lang='grc' dir='ltr'>κατὰ</span> 
     </span>
    </p>
   </div>
   <div class='ocr_carea' id='block_1_32' title="bbox 165 1410 952 1452">
    <p class='ocr_par' dir='ltr' id='par_1_32' title="bbox 165 1410 952 1452">
     <span class='ocr_line' id='line_1_32' title="bbox 165 1410 952 1452; baseline 0 -10"><span class='ocrx_word' id='word_1_227' title='bbox 165 1416 250 1444; x_wconf 83' lang='grc' dir='ltr'>νώτου</span> <span class='ocrx_word' id='word_1_228' title='bbox 267 1416 314 1452; x_wconf 87' lang='grc' dir='ltr'><strong>τὴν</strong></span> <span class='ocrx_word' id='word_1_229' title='bbox 332 1417 429 1443; x_wconf 83' lang='grc' dir='ltr'>κακίαν</span> <span class='ocrx_word' id='word_1_230' title='bbox 453 1417 621 1452; x_wconf 76' lang='grc' dir='ltr'>ποιησαμένη</span> <span class='ocrx_word' id='word_1_231' title='bbox 642 1417 658 1451; x_wconf 87' lang='grc' dir='ltr'><strong>ή</strong></span> <span class='ocrx_word' id='word_1_232' title='bbox 680 1410 868 1451; x_wconf 76' lang='grc' dir='ltr'>κεκαθαρμένη</span> <span class='ocrx_word' id='word_1_233' title='bbox 881 1415 952 1451; x_wconf 70' lang='grc' dir='ltr'>ψυχὴ</span> 
     </span>
    </p>
   </div>
   <div class='ocr_carea' id='block_1_33' title="bbox 166 1462 953 1497">
    <p class='ocr_par' dir='ltr' id='par_1_33' title="bbox 166 1462 953 1497">
     <span class='ocr_line' id='line_1_33' title="bbox 166 1462 953 1497; baseline 0 -9"><span class='ocrx_word' id='word_1_234' title='bbox 166 1463 218 1489; x_wconf 66' lang='grc' dir='ltr'><strong>ὑπὸ</strong></span> <span class='ocrx_word' id='word_1_235' title='bbox 229 1462 376 1496; x_wconf 73' lang='grc' dir='ltr'>Λόγου,τὸν</span> <span class='ocrx_word' id='word_1_236' title='bbox 391 1462 502 1497; x_wconf 76' lang='grc' dir='ltr'>ἡλιακὸν</span> <span class='ocrx_word' id='word_1_237' title='bbox 525 1463 554 1489; x_wconf 80' lang='grc' dir='ltr'>ὲν</span> <span class='ocrx_word' id='word_1_238' title='bbox 574 1463 656 1497; x_wconf 82' lang='grc' dir='ltr'>ἑαυτῇ</span> <span class='ocrx_word' id='word_1_239' title='bbox 669 1462 766 1489; x_wconf 84' lang='grc' dir='ltr'>κύκλον</span> <span class='ocrx_word' id='word_1_240' title='bbox 780 1462 896 1494; x_wconf 79' lang='grc' dir='ltr'>ἐδέξατο.</span> <span class='ocrx_word' id='word_1_241' title='bbox 907 1462 953 1488; x_wconf 83' lang='grc' dir='ltr'><strong>καὶ</strong></span> 
     </span>
    </p>
   </div>
   <div class='ocr_carea' id='block_1_34' title="bbox 165 1506 986 1550">
    <p class='ocr_par' dir='ltr' id='par_1_34' title="bbox 165 1506 986 1550">
     <span class='ocr_line' id='line_1_34' title="bbox 165 1506 986 1550; baseline 0 -17"><span class='ocrx_word' id='word_1_242' title='bbox 165 1506 204 1541; x_wconf 76' lang='grc' dir='ltr'>τῷ</span> <span class='ocrx_word' id='word_1_243' title='bbox 218 1506 325 1540; x_wconf 66' lang='grc' dir='ltr'>όςρθέντι</span> <span class='ocrx_word' id='word_1_244' title='bbox 337 1509 364 1533; x_wconf 77' lang='grc' dir='ltr'>ἐν</span> <span class='ocrx_word' id='word_1_245' title='bbox 375 1508 443 1542; x_wconf 73' lang='grc' dir='ltr'>αὐτῇ</span> <span class='ocrx_word' id='word_1_246' title='bbox 452 1508 520 1542; x_wconf 73' lang='grc' dir='ltr'>φωτὶ</span> <span class='ocrx_word' id='word_1_247' title='bbox 533 1507 728 1542; x_wconf 78' lang='grc' dir='ltr'>συνεξέλαμψε.</span> <span class='ocrx_word' id='word_1_248' title='bbox 741 1507 784 1534; x_wconf 80' lang='grc' dir='ltr'>διὰ</span> <span class='ocrx_word' id='word_1_249' title='bbox 795 1507 873 1534; x_wconf 73' lang='grc' dir='ltr'>τοῦτό</span> <span class='ocrx_word' id='word_1_250' title='bbox 886 1515 952 1543; x_wconf 73' lang='grc' dir='ltr'>φησι</span> <span class='ocrx_word' id='word_1_251' title='bbox 965 1521 986 1550; x_wconf 73' lang='lat' dir='ltr'>C</span> 
     </span>
    </p>
   </div>
   <div class='ocr_carea' id='block_1_35' title="bbox 167 1551 954 1588">
    <p class='ocr_par' dir='ltr' id='par_1_35' title="bbox 167 1551 954 1588">
     <span class='ocr_line' id='line_1_35' title="bbox 167 1551 954 1588; baseline 0.003 -11"><span class='ocrx_word' id='word_1_252' title='bbox 167 1552 233 1586; x_wconf 73' lang='grc' dir='ltr'>πρὸς</span> <span class='ocrx_word' id='word_1_253' title='bbox 249 1551 332 1586; x_wconf 78' lang='grc' dir='ltr'>αὐτὴν</span> <span class='ocrx_word' id='word_1_254' title='bbox 340 1552 354 1577; x_wconf 90' lang='lat'><strong>6</strong></span> <span class='ocrx_word' id='word_1_255' title='bbox 362 1552 458 1587; x_wconf 84' lang='grc' dir='ltr'>Λόγος,</span> <span class='ocrx_word' id='word_1_256' title='bbox 468 1553 629 1588; x_wconf 73' lang='grc' dir='ltr'>ὃτιΓέ-ίονας</span> <span class='ocrx_word' id='word_1_257' title='bbox 638 1552 687 1588; x_wconf 71' lang='grc' dir='ltr'><strong>ἤδη</strong></span> <span class='ocrx_word' id='word_1_258' title='bbox 699 1553 768 1588; x_wconf 81' lang='grc' dir='ltr'>καλὴ</span> <span class='ocrx_word' id='word_1_259' title='bbox 779 1552 954 1588; x_wconf 77' lang='grc' dir='ltr'>πλησιάσασα</span> 
     </span>
    </p>
   </div>
   <div class='ocr_carea' id='block_1_36' title="bbox 166 1595 954 1633">
    <p class='ocr_par' dir='ltr' id='par_1_36' title="bbox 166 1595 954 1633">
     <span class='ocr_line' id='line_1_36' title="bbox 166 1595 954 1633; baseline 0.004 -12"><span class='ocrx_word' id='word_1_260' title='bbox 166 1596 204 1630; x_wconf 80' lang='grc' dir='ltr'>τῷ</span> <span class='ocrx_word' id='word_1_261' title='bbox 221 1595 278 1631; x_wconf 78' lang='grc' dir='ltr'><strong>ἐμῷ</strong></span> <span class='ocrx_word' id='word_1_262' title='bbox 293 1597 371 1630; x_wconf 81' lang='grc' dir='ltr'>φωτὶ,</span> <span class='ocrx_word' id='word_1_263' title='bbox 387 1596 431 1622; x_wconf 85' lang='grc' dir='ltr'>διὰ</span> <span class='ocrx_word' id='word_1_264' title='bbox 455 1596 502 1622; x_wconf 80' lang='grc' dir='ltr'>τοῦ</span> <span class='ocrx_word' id='word_1_265' title='bbox 519 1598 723 1632; x_wconf 85' lang='grc' dir='ltr'>προσεγγισμοῦ</span> <span class='ocrx_word' id='word_1_266' title='bbox 748 1598 797 1633; x_wconf 83' lang='grc' dir='ltr'>τὴν</span> <span class='ocrx_word' id='word_1_267' title='bbox 812 1599 954 1625; x_wconf 82' lang='grc' dir='ltr'>κοινωνίαν</span> 
     </span>
    </p>
   </div>
   <div class='ocr_carea' id='block_1_37' title="bbox 167 1640 951 1682">
    <p class='ocr_par' dir='ltr' id='par_1_37' title="bbox 167 1640 951 1682">
     <span class='ocr_line' id='line_1_37' title="bbox 167 1640 951 1682; baseline 0.001 -15"><span class='ocrx_word' id='word_1_268' title='bbox 167 1640 332 1676; x_wconf 68' lang='grc' dir='ltr'>ἐφελκομένη</span> <span class='ocrx_word' id='word_1_269' title='bbox 347 1641 394 1667; x_wconf 85' lang='grc' dir='ltr'>τοῦ</span> <span class='ocrx_word' id='word_1_270' title='bbox 420 1641 544 1682; x_wconf 77' lang='grc' dir='ltr'>κάλλους.</span> <span class='ocrx_word' id='word_1_271' title='bbox 567 1641 644 1668; x_wconf 83' lang='grc' dir='ltr'><strong>Ἰδοὺ</strong></span> <span class='ocrx_word' id='word_1_272' title='bbox 665 1643 694 1669; x_wconf 79' lang='grc' dir='ltr'>εἴ</span> <span class='ocrx_word' id='word_1_273' title='bbox 714 1643 803 1676; x_wconf 76' lang='grc' dir='ltr'>καλὴ,</span> <span class='ocrx_word' id='word_1_274' title='bbox 817 1643 909 1678; x_wconf 69' lang='grc' dir='ltr'>φησιν,</span> <span class='ocrx_word' id='word_1_275' title='bbox 933 1643 951 1676; x_wconf 76' lang='grc' dir='ltr'><strong><em>ἡ</em></strong></span> 
     </span>
    </p>
   </div>
   <div class='ocr_carea' id='block_1_38' title="bbox 166 1683 953 1725">
    <p class='ocr_par' dir='ltr' id='par_1_38' title="bbox 166 1683 953 1725">
     <span class='ocr_line' id='line_1_38' title="bbox 166 1683 953 1725; baseline 0.001 -12"><span class='ocrx_word' id='word_1_276' title='bbox 166 1688 372 1721; x_wconf 68' lang='grc' dir='ltr'>πλησίονμου.</span> <span class='ocrx_word' id='word_1_277' title='bbox 383 1683 449 1714; x_wconf 83' lang='grc' dir='ltr'>Εἶτα</span> <span class='ocrx_word' id='word_1_278' title='bbox 458 1687 587 1722; x_wconf 76' lang='grc' dir='ltr'>ἐπισχὼν,</span> <span class='ocrx_word' id='word_1_279' title='bbox 594 1689 640 1714; x_wconf 68' lang='grc' dir='ltr'>καὶ</span> <span class='ocrx_word' id='word_1_280' title='bbox 648 1685 703 1714; x_wconf 72' lang='grc' dir='ltr'>οἷον</span> <span class='ocrx_word' id='word_1_281' title='bbox 714 1689 743 1714; x_wconf 79' lang='grc' dir='ltr'>ὲν</span> <span class='ocrx_word' id='word_1_282' title='bbox 750 1688 892 1725; x_wconf 82' lang='grc' dir='ltr'>προσθήκῃ</span> <span class='ocrx_word' id='word_1_283' title='bbox 901 1689 953 1714; x_wconf 81' lang='grc' dir='ltr'>τινὶ</span> 
     </span>
    </p>
   </div>
   <div class='ocr_carea' id='block_1_39' title="bbox 167 1732 951 1769">
    <p class='ocr_par' dir='ltr' id='par_1_39' title="bbox 167 1732 951 1769">
     <span class='ocr_line' id='line_1_39' title="bbox 167 1732 951 1769; baseline 0.001 -10"><span class='ocrx_word' id='word_1_284' title='bbox 167 1733 214 1759; x_wconf 79' lang='grc' dir='ltr'>καὶ</span> <span class='ocrx_word' id='word_1_285' title='bbox 222 1733 343 1762; x_wconf 75' lang='grc' dir='ltr'>ἐπιτάσει</span> <span class='ocrx_word' id='word_1_286' title='bbox 352 1732 497 1768; x_wconf 78' lang='grc' dir='ltr'>γενομένην</span> <span class='ocrx_word' id='word_1_287' title='bbox 506 1733 552 1759; x_wconf 87' lang='grc' dir='ltr'>τοῦ</span> <span class='ocrx_word' id='word_1_288' title='bbox 560 1733 674 1765; x_wconf 84' lang='grc' dir='ltr'>κάλλους</span> <span class='ocrx_word' id='word_1_289' title='bbox 681 1734 764 1769; x_wconf 81' lang='grc' dir='ltr'>αὐτὴν</span> <span class='ocrx_word' id='word_1_290' title='bbox 774 1734 951 1769; x_wconf 82' lang='grc' dir='ltr'>θεασάμενος,</span> 
     </span>
    </p>
   </div>
   <div class='ocr_carea' id='block_1_40' title="bbox 168 1777 956 1813">
    <p class='ocr_par' dir='ltr' id='par_1_40' title="bbox 168 1777 956 1813">
     <span class='ocr_line' id='line_1_40' title="bbox 168 1777 956 1813; baseline 0.003 -9"><span class='ocrx_word' id='word_1_291' title='bbox 168 1778 248 1805; x_wconf 82' lang='grc' dir='ltr'>πάλιν</span> <span class='ocrx_word' id='word_1_292' title='bbox 255 1778 299 1804; x_wconf 79' lang='grc' dir='ltr'>τὸν</span> <span class='ocrx_word' id='word_1_293' title='bbox 307 1778 388 1804; x_wconf 77' lang='grc' dir='ltr'>αὑτὸν</span> <span class='ocrx_word' id='word_1_294' title='bbox 400 1778 619 1813; x_wconf 80' lang='grc' dir='ltr'>ὲπαναλαμὸάνει</span> <span class='ocrx_word' id='word_1_295' title='bbox 630 1778 718 1812; x_wconf 86' lang='grc' dir='ltr'>λόγον,</span> <span class='ocrx_word' id='word_1_296' title='bbox 732 1778 825 1805; x_wconf 73' lang='grc' dir='ltr'>εἰπώνι</span> <span class='ocrx_word' id='word_1_297' title='bbox 841 1779 917 1806; x_wconf 82' lang='grc' dir='ltr'>Ἰδοὺ</span> <span class='ocrx_word' id='word_1_298' title='bbox 927 1777 956 1806; x_wconf 77' lang='grc' dir='ltr'>εἴ</span> 
     </span>
    </p>
   </div>
   <div class='ocr_carea' id='block_1_41' title="bbox 168 1823 953 1860">
    <p class='ocr_par' dir='ltr' id='par_1_41' title="bbox 168 1823 953 1860">
     <span class='ocr_line' id='line_1_41' title="bbox 168 1823 953 1860; baseline 0 -9"><span class='ocrx_word' id='word_1_299' title='bbox 168 1824 257 1857; x_wconf 64' lang='grc' dir='ltr'>καλή.</span> <span class='ocrx_word' id='word_1_300' title='bbox 279 1824 382 1850; x_wconf 70' lang='grc' dir='ltr'>Ἀλλ’ὲν</span> <span class='ocrx_word' id='word_1_301' title='bbox 392 1824 440 1858; x_wconf 79' lang='grc' dir='ltr'>μὲν</span> <span class='ocrx_word' id='word_1_302' title='bbox 447 1823 486 1858; x_wconf 88' lang='grc' dir='ltr'>τῷ</span> <span class='ocrx_word' id='word_1_303' title='bbox 497 1824 620 1859; x_wconf 79' lang='grc' dir='ltr'>προτέρῳ</span> <span class='ocrx_word' id='word_1_304' title='bbox 625 1824 673 1859; x_wconf 81' lang='grc' dir='ltr'>τὴν</span> <span class='ocrx_word' id='word_1_305' title='bbox 683 1824 795 1860; x_wconf 86' lang='grc' dir='ltr'>πλησίον</span> <span class='ocrx_word' id='word_1_306' title='bbox 801 1825 953 1860; x_wconf 72' lang='grc' dir='ltr'>ὠνόμασεν*</span> 
     </span>
    </p>
   </div>
   <div class='ocr_carea' id='block_1_42' title="bbox 168 1867 962 1905">
    <p class='ocr_par' dir='ltr' id='par_1_42' title="bbox 168 1867 962 1905">
     <span class='ocr_line' id='line_1_42' title="bbox 168 1867 962 1905; baseline 0.003 -11"><span class='ocrx_word' id='word_1_307' title='bbox 168 1867 285 1894; x_wconf 74' lang='grc' dir='ltr'>ἐνταῦθα</span> <span class='ocrx_word' id='word_1_308' title='bbox 316 1869 344 1894; x_wconf 81' lang='grc' dir='ltr'><strong>δὲ</strong></span> <span class='ocrx_word' id='word_1_309' title='bbox 363 1869 411 1904; x_wconf 82' lang='grc' dir='ltr'>τὴν</span> <span class='ocrx_word' id='word_1_310' title='bbox 424 1870 455 1895; x_wconf 77' lang='grc' dir='ltr'>ἐκ</span> <span class='ocrx_word' id='word_1_311' title='bbox 469 1868 514 1895; x_wconf 84' lang='grc' dir='ltr'>τοῦ</span> <span class='ocrx_word' id='word_1_312' title='bbox 528 1869 614 1900; x_wconf 79' lang='grc' dir='ltr'>εἴδους</span> <span class='ocrx_word' id='word_1_313' title='bbox 632 1868 687 1895; x_wconf 85' lang='grc' dir='ltr'><strong>τῶν</strong></span> <span class='ocrx_word' id='word_1_314' title='bbox 703 1870 833 1904; x_wconf 80' lang='grc' dir='ltr'>ὀμμάτων</span> <span class='ocrx_word' id='word_1_315' title='bbox 855 1879 962 1905; x_wconf 64' lang='grc' dir='ltr'>γνωριοι</span> 
     </span>
    </p>
   </div>
   <div class='ocr_carea' id='block_1_43' title="bbox 169 1912 951 1949">
    <p class='ocr_par' dir='ltr' id='par_1_43' title="bbox 169 1912 951 1949">
     <span class='ocr_line' id='line_1_43' title="bbox 169 1912 951 1949; baseline 0.004 -11"><span class='ocrx_word' id='word_1_316' title='bbox 169 1912 295 1947; x_wconf 69' lang='grc' dir='ltr'>ζομένηψ</span> <span class='ocrx_word' id='word_1_317' title='bbox 321 1913 481 1947; x_wconf 64' lang='grc' dir='ltr'>’ϐφοωιμοί</span> <span class='ocrx_word' id='word_1_318' title='bbox 503 1913 557 1948; x_wconf 82' lang='grc' dir='ltr'><strong>γάρ</strong></span> <span class='ocrx_word' id='word_1_319' title='bbox 575 1919 643 1944; x_wconf 87' lang='grc' dir='ltr'>σου,</span> <span class='ocrx_word' id='word_1_320' title='bbox 662 1914 744 1949; x_wconf 81' lang='grc' dir='ltr'>φησὶ,</span> <span class='ocrx_word' id='word_1_321' title='bbox 766 1914 951 1948; x_wconf 77' lang='grc' dir='ltr'>περιστερᾶς.</span> 
     </span>
    </p>
   </div>
   <div class='ocr_carea' id='block_1_44' title="bbox 168 1957 953 1995">
    <p class='ocr_par' dir='ltr' id='par_1_44' title="bbox 168 1957 953 1995">
     <span class='ocr_line' id='line_1_44' title="bbox 168 1957 953 1995; baseline 0.005 -12"><span class='ocrx_word' id='word_1_322' title='bbox 168 1957 304 1993; x_wconf 76' lang='grc' dir='ltr'>Πρότερον</span> <span class='ocrx_word' id='word_1_323' title='bbox 322 1958 370 1993; x_wconf 79' lang='grc' dir='ltr'>μὲν</span> <span class='ocrx_word' id='word_1_324' title='bbox 386 1958 439 1994; x_wconf 83' lang='grc' dir='ltr'><strong>γὰρ</strong></span> <span class='ocrx_word' id='word_1_325' title='bbox 456 1959 498 1985; x_wconf 82' lang='grc' dir='ltr'>ὅτε</span> <span class='ocrx_word' id='word_1_326' title='bbox 514 1959 589 1994; x_wconf 88' lang='grc' dir='ltr'>ῖππῳ</span> <span class='ocrx_word' id='word_1_327' title='bbox 604 1959 781 1995; x_wconf 77' lang='grc' dir='ltr'>ἀφωμοιώθη,</span> <span class='ocrx_word' id='word_1_328' title='bbox 803 1961 832 1986; x_wconf 83' lang='grc' dir='ltr'>ὲν</span> <span class='ocrx_word' id='word_1_329' title='bbox 849 1961 953 1994; x_wconf 81' lang='grc' dir='ltr'>σιαγόνι</span> 
     </span>
    </p>
   </div>
   <div class='ocr_carea' id='block_1_45' title="bbox 169 2003 954 2040">
    <p class='ocr_par' dir='ltr' id='par_1_45' title="bbox 169 2003 954 2040">
     <span class='ocr_line' id='line_1_45' title="bbox 169 2003 954 2040; baseline 0.004 -10"><span class='ocrx_word' id='word_1_330' title='bbox 169 2012 197 2029; x_wconf 80' lang='grc' dir='ltr'><strong>τε</strong></span> <span class='ocrx_word' id='word_1_331' title='bbox 213 2004 259 2030; x_wconf 68' lang='grc' dir='ltr'>καὶ</span> <span class='ocrx_word' id='word_1_332' title='bbox 271 2005 397 2040; x_wconf 81' lang='grc' dir='ltr'>τραχήλῳ</span> <span class='ocrx_word' id='word_1_333' title='bbox 409 2006 423 2031; x_wconf 88' lang='grc' dir='ltr'><strong>ό</strong></span> <span class='ocrx_word' id='word_1_334' title='bbox 437 2004 546 2036; x_wconf 81' lang='grc' dir='ltr'>ἔπαινος</span> <span class='ocrx_word' id='word_1_335' title='bbox 558 2003 602 2040; x_wconf 83' lang='grc' dir='ltr'><strong>ἦν.</strong></span> <span class='ocrx_word' id='word_1_336' title='bbox 619 2005 675 2031; x_wconf 82' lang='grc' dir='ltr'><strong>Νῦν</strong></span> <span class='ocrx_word' id='word_1_337' title='bbox 689 2006 717 2032; x_wconf 82' lang='grc' dir='ltr'>δὲ</span> <span class='ocrx_word' id='word_1_338' title='bbox 730 2007 773 2032; x_wconf 77' lang='grc' dir='ltr'>ὅτε</span> <span class='ocrx_word' id='word_1_339' title='bbox 787 2006 816 2033; x_wconf 80' lang='grc' dir='ltr'><strong>τὺ</strong></span> <span class='ocrx_word' id='word_1_340' title='bbox 831 2007 894 2033; x_wconf 75' lang='grc' dir='ltr'>ἴδιον</span> <span class='ocrx_word' id='word_1_341' title='bbox 909 2007 954 2033; x_wconf 86' lang='grc' dir='ltr'><strong>αὑ-</strong></span> 
     </span>
    </p>
   </div>
   <div class='ocr_carea' id='block_1_46' title="bbox 168 2050 952 2087">
    <p class='ocr_par' dir='ltr' id='par_1_46' title="bbox 168 2050 952 2087">
     <span class='ocr_line' id='line_1_46' title="bbox 168 2050 952 2087; baseline 0.004 -11"><span class='ocrx_word' id='word_1_342' title='bbox 168 2050 218 2084; x_wconf 83' lang='grc' dir='ltr'>τῆς</span> <span class='ocrx_word' id='word_1_343' title='bbox 233 2050 352 2085; x_wconf 70' lang='grc' dir='ltr'>ἀνεφάνη</span> <span class='ocrx_word' id='word_1_344' title='bbox 376 2051 482 2082; x_wconf 79' lang='grc' dir='ltr'>κάλλος,</span> <span class='ocrx_word' id='word_1_345' title='bbox 501 2051 517 2086; x_wconf 88' lang='grc' dir='ltr'>ὴ</span> <span class='ocrx_word' id='word_1_346' title='bbox 533 2051 586 2078; x_wconf 86' lang='grc' dir='ltr'><strong>τῶν</strong></span> <span class='ocrx_word' id='word_1_347' title='bbox 609 2052 754 2087; x_wconf 76' lang='grc' dir='ltr'>ὀφθαλμῶν</span> <span class='ocrx_word' id='word_1_348' title='bbox 769 2053 848 2087; x_wconf 77' lang='grc' dir='ltr'>χάρις</span> <span class='ocrx_word' id='word_1_349' title='bbox 863 2054 952 2087; x_wconf 78' lang='grc' dir='ltr'>ἐγκω-</span> 
     </span>
    </p>
   </div>
   <div class='ocr_carea' id='block_1_47' title="bbox 170 2095 952 2133">
    <p class='ocr_par' dir='ltr' id='par_1_47' title="bbox 170 2095 952 2133">
     <span class='ocr_line' id='line_1_47' title="bbox 170 2095 952 2133; baseline 0.003 -11"><span class='ocrx_word' id='word_1_350' title='bbox 170 2095 306 2130; x_wconf 66' lang='grc' dir='ltr'>μιάζεταν</span> <span class='ocrx_word' id='word_1_351' title='bbox 318 2097 332 2123; x_wconf 88' lang='lat'><strong>6</strong></span> <span class='ocrx_word' id='word_1_352' title='bbox 342 2096 370 2122; x_wconf 76' lang='grc' dir='ltr'><strong>δὲ</strong></span> <span class='ocrx_word' id='word_1_353' title='bbox 381 2096 434 2122; x_wconf 85' lang='grc' dir='ltr'><strong>τῶν</strong></span> <span class='ocrx_word' id='word_1_354' title='bbox 443 2096 587 2131; x_wconf 80' lang='grc' dir='ltr'>ὀφθαλμῶν</span> <span class='ocrx_word' id='word_1_355' title='bbox 599 2097 706 2129; x_wconf 74' lang='grc' dir='ltr'>ἔπαινός</span> <span class='ocrx_word' id='word_1_356' title='bbox 720 2098 776 2124; x_wconf 73' lang='grc' dir='ltr'>ἐστι</span> <span class='ocrx_word' id='word_1_357' title='bbox 789 2097 818 2124; x_wconf 80' lang='grc' dir='ltr'><strong>τὺ</strong></span> <span class='ocrx_word' id='word_1_358' title='bbox 830 2106 861 2124; x_wconf 82' lang='grc' dir='ltr'><strong>πε</strong></span> <span class='ocrx_word' id='word_1_359' title='bbox 867 2106 952 2133; x_wconf 81' lang='grc' dir='ltr'>ριστε-</span> 
     </span>
    </p>
   </div>
   <div class='ocr_carea' id='block_1_48' title="bbox 169 2139 952 2179">
    <p class='ocr_par' dir='ltr' id='par_1_48' title="bbox 169 2139 952 2179">
     <span class='ocr_line' id='line_1_48' title="bbox 169 2139 952 2179; baseline 0.004 -12"><span class='ocrx_word' id='word_1_360' title='bbox 169 2142 219 2177; x_wconf 80' lang='grc' dir='ltr'>ρᾶς</span> <span class='ocrx_word' id='word_1_361' title='bbox 232 2141 266 2168; x_wconf 84' lang='grc' dir='ltr'><strong>τὰ</strong></span> <span class='ocrx_word' id='word_1_362' title='bbox 277 2142 386 2176; x_wconf 80' lang='grc' dir='ltr'>ὖμματα</span> <span class='ocrx_word' id='word_1_363' title='bbox 398 2139 477 2172; x_wconf 82' lang='grc' dir='ltr'>εἶναι,</span> <span class='ocrx_word' id='word_1_364' title='bbox 493 2142 561 2177; x_wconf 80' lang='grc' dir='ltr'>ὅπερ</span> <span class='ocrx_word' id='word_1_365' title='bbox 576 2151 619 2178; x_wconf 85' lang='grc' dir='ltr'><strong>μοι</strong></span> <span class='ocrx_word' id='word_1_366' title='bbox 631 2143 705 2170; x_wconf 85' lang='grc' dir='ltr'>δοκεῖ</span> <span class='ocrx_word' id='word_1_367' title='bbox 716 2143 842 2179; x_wconf 81' lang='grc' dir='ltr'>τοιαύτην</span> <span class='ocrx_word' id='word_1_368' title='bbox 855 2144 952 2178; x_wconf 73' lang='grc' dir='ltr'>ἐμφαί-</span> 
     </span>
    </p>
   </div>
   <div class='ocr_carea' id='block_1_49' title="bbox 168 2184 990 2224">
    <p class='ocr_par' dir='ltr' id='par_1_49' title="bbox 168 2184 990 2224">
     <span class='ocr_line' id='line_1_49' title="bbox 168 2184 990 2224; baseline 0.002 -11"><span class='ocrx_word' id='word_1_369' title='bbox 168 2195 224 2213; x_wconf 88' lang='grc' dir='ltr'>νειν</span> <span class='ocrx_word' id='word_1_370' title='bbox 244 2187 373 2219; x_wconf 89' lang='grc' dir='ltr'>διάνοιαν,</span> <span class='ocrx_word' id='word_1_371' title='bbox 397 2187 490 2222; x_wconf 79' lang='grc' dir='ltr'>ἐπειδὴ</span> <span class='ocrx_word' id='word_1_372' title='bbox 513 2189 572 2219; x_wconf 89' lang='grc' dir='ltr'>ταῖς</span> <span class='ocrx_word' id='word_1_373' title='bbox 593 2188 725 2224; x_wconf 82' lang='grc' dir='ltr'>καθαραῖς</span> <span class='ocrx_word' id='word_1_374' title='bbox 746 2189 798 2215; x_wconf 86' lang='grc' dir='ltr'><strong>τῶν</strong></span> <span class='ocrx_word' id='word_1_375' title='bbox 821 2189 951 2224; x_wconf 80' lang='grc' dir='ltr'>ὀμμάτων</span> <span class='ocrx_word' id='word_1_376' title='bbox 969 2184 990 2210; x_wconf 79' lang='grc' dir='ltr'><strong>Ῐ)</strong></span> 
     </span>
    </p>
   </div>
   <div class='ocr_carea' id='block_1_50' title="bbox 169 2232 955 2270">
    <p class='ocr_par' dir='ltr' id='par_1_50' title="bbox 169 2232 955 2270">
     <span class='ocr_line' id='line_1_50' title="bbox 169 2232 955 2270; baseline 0.004 -12"><span class='ocrx_word' id='word_1_377' title='bbox 169 2232 263 2268; x_wconf 84' lang='grc' dir='ltr'>κόραις</span> <span class='ocrx_word' id='word_1_378' title='bbox 297 2233 395 2268; x_wconf 74' lang='grc' dir='ltr'>ὁρᾶται</span> <span class='ocrx_word' id='word_1_379' title='bbox 410 2232 464 2259; x_wconf 83' lang='grc' dir='ltr'><strong>τῶν</strong></span> <span class='ocrx_word' id='word_1_380' title='bbox 482 2234 659 2266; x_wconf 78' lang='grc' dir='ltr'>ἀτενιζόντων</span> <span class='ocrx_word' id='word_1_381' title='bbox 673 2235 707 2261; x_wconf 78' lang='grc' dir='ltr'><strong>τὰ</strong></span> <span class='ocrx_word' id='word_1_382' title='bbox 728 2235 869 2270; x_wconf 80' lang='grc' dir='ltr'>πρόσωπα.</span> <span class='ocrx_word' id='word_1_383' title='bbox 887 2235 955 2261; x_wconf 76' lang='grc' dir='ltr'>Φασὶ</span> 
     </span>
    </p>
   </div>
   <div class='ocr_carea' id='block_1_51' title="bbox 169 2277 954 2316">
    <p class='ocr_par' dir='ltr' id='par_1_51' title="bbox 169 2277 954 2316">
     <span class='ocr_line' id='line_1_51' title="bbox 169 2277 954 2316; baseline 0.004 -12"><span class='ocrx_word' id='word_1_384' title='bbox 169 2278 223 2313; x_wconf 74' lang='grc' dir='ltr'><strong>γὰρ</strong></span> <span class='ocrx_word' id='word_1_385' title='bbox 238 2279 261 2304; x_wconf 83' lang='grc' dir='ltr'>οἱ</span> <span class='ocrx_word' id='word_1_386' title='bbox 274 2277 385 2305; x_wconf 72' lang='grc' dir='ltr'>τοιαῦτα</span> <span class='ocrx_word' id='word_1_387' title='bbox 396 2279 567 2313; x_wconf 79' lang='grc' dir='ltr'>φυσιολογεῖν</span> <span class='ocrx_word' id='word_1_388' title='bbox 581 2281 771 2316; x_wconf 72' lang='grc' dir='ltr'>ἐπιστήμονες.</span> <span class='ocrx_word' id='word_1_389' title='bbox 788 2281 829 2307; x_wconf 83' lang='grc' dir='ltr'>ὃτι</span> <span class='ocrx_word' id='word_1_390' title='bbox 842 2281 890 2312; x_wconf 78' lang='grc' dir='ltr'><strong>τὰς</strong></span> <span class='ocrx_word' id='word_1_391' title='bbox 902 2280 954 2307; x_wconf 82' lang='grc' dir='ltr'><strong>τῶν</strong></span> 
     </span>
    </p>
   </div>
   <div class='ocr_carea' id='block_1_52' title="bbox 169 2323 955 2362">
    <p class='ocr_par' dir='ltr' id='par_1_52' title="bbox 169 2323 955 2362">
     <span class='ocr_line' id='line_1_52' title="bbox 169 2323 955 2362; baseline 0.005 -13"><span class='ocrx_word' id='word_1_392' title='bbox 169 2324 284 2350; x_wconf 69' lang='grc' dir='ltr'>εἰδώλων</span> <span class='ocrx_word' id='word_1_393' title='bbox 300 2323 455 2358; x_wconf 78' lang='grc' dir='ltr'>ἐμπτώσεις</span> <span class='ocrx_word' id='word_1_394' title='bbox 472 2324 626 2360; x_wconf 82' lang='grc' dir='ltr'>δεχόμενος,</span> <span class='ocrx_word' id='word_1_395' title='bbox 641 2326 669 2352; x_wconf 82' lang='grc' dir='ltr'>αἳ</span> <span class='ocrx_word' id='word_1_396' title='bbox 683 2326 737 2353; x_wconf 84' lang='grc' dir='ltr'><strong>τῶν</strong></span> <span class='ocrx_word' id='word_1_397' title='bbox 753 2326 858 2361; x_wconf 82' lang='grc' dir='ltr'>ὁρατῶν</span> <span class='ocrx_word' id='word_1_398' title='bbox 871 2327 955 2362; x_wconf 73' lang='grc' dir='ltr'>ἀπορ-</span> 
     </span>
    </p>
   </div>
   <div class='ocr_carea' id='block_1_53' title="bbox 171 2367 952 2407">
    <p class='ocr_par' dir='ltr' id='par_1_53' title="bbox 171 2367 952 2407">
     <span class='ocr_line' id='line_1_53' title="bbox 171 2367 952 2407; baseline 0.008 -14"><span class='ocrx_word' id='word_1_399' title='bbox 171 2367 286 2402; x_wconf 70' lang='grc' dir='ltr'>ρέουσιν,</span> <span class='ocrx_word' id='word_1_400' title='bbox 306 2369 391 2400; x_wconf 82' lang='grc' dir='ltr'>οὕτως</span> <span class='ocrx_word' id='word_1_401' title='bbox 406 2369 513 2404; x_wconf 77' lang='grc' dir='ltr'>ἐνεργεῖ</span> <span class='ocrx_word' id='word_1_402' title='bbox 525 2370 574 2404; x_wconf 85' lang='grc' dir='ltr'><strong>τὴν</strong></span> <span class='ocrx_word' id='word_1_403' title='bbox 590 2370 649 2405; x_wconf 71' lang='grc' dir='ltr'>όψιν</span> <span class='ocrx_word' id='word_1_404' title='bbox 662 2372 676 2397; x_wconf 83' lang='lat'><strong>6</strong></span> <span class='ocrx_word' id='word_1_405' title='bbox 692 2371 840 2407; x_wconf 81' lang='grc' dir='ltr'>ὀφθαλμός.</span> <span class='ocrx_word' id='word_1_406' title='bbox 852 2372 952 2399; x_wconf 84' lang='grc' dir='ltr'>Τούτου</span> 
     </span>
    </p>
   </div>
   <div class='ocr_carea' id='block_1_54' title="bbox 170 2413 955 2453">
    <p class='ocr_par' dir='ltr' id='par_1_54' title="bbox 170 2413 955 2453">
     <span class='ocr_line' id='line_1_54' title="bbox 170 2413 955 2453; baseline 0.008 -15"><span class='ocrx_word' id='word_1_407' title='bbox 170 2414 248 2448; x_wconf 81' lang='grc' dir='ltr'>χάριν</span> <span class='ocrx_word' id='word_1_408' title='bbox 264 2413 372 2446; x_wconf 70' lang='grc' dir='ltr'>ἔπαινος</span> <span class='ocrx_word' id='word_1_409' title='bbox 387 2414 490 2447; x_wconf 83' lang='grc' dir='ltr'>γίνεται</span> <span class='ocrx_word' id='word_1_410' title='bbox 504 2415 554 2451; x_wconf 84' lang='grc' dir='ltr'>τῆς</span> <span class='ocrx_word' id='word_1_411' title='bbox 569 2416 623 2442; x_wconf 90' lang='grc' dir='ltr'><strong>τῶν</strong></span> <span class='ocrx_word' id='word_1_412' title='bbox 645 2416 790 2451; x_wconf 66' lang='grc' dir='ltr'>ὀφθαλμῶν</span> <span class='ocrx_word' id='word_1_413' title='bbox 805 2417 955 2453; x_wconf 72' lang='grc' dir='ltr'>εὐμορφίας</span> 
     </span>
    </p>
   </div>
   <div class='ocr_carea' id='block_1_55' title="bbox 169 2459 955 2498">
    <p class='ocr_par' dir='ltr' id='par_1_55' title="bbox 169 2459 955 2498">
     <span class='ocr_line' id='line_1_55' title="bbox 169 2459 955 2498; baseline 0.008 -14"><span class='ocrx_word' id='word_1_414' title='bbox 169 2459 199 2485; x_wconf 71' lang='grc' dir='ltr'>τὸ</span> <span class='ocrx_word' id='word_1_415' title='bbox 210 2459 259 2493; x_wconf 80' lang='grc' dir='ltr'>τῆς</span> <span class='ocrx_word' id='word_1_416' title='bbox 270 2461 433 2494; x_wconf 78' lang='grc' dir='ltr'>περιστερᾶς</span> <span class='ocrx_word' id='word_1_417' title='bbox 447 2459 526 2493; x_wconf 76' lang='grc' dir='ltr'>εἶδος,</span> <span class='ocrx_word' id='word_1_418' title='bbox 538 2462 568 2488; x_wconf 75' lang='grc' dir='ltr'>τὸ</span> <span class='ocrx_word' id='word_1_419' title='bbox 580 2463 639 2493; x_wconf 83' lang='grc' dir='ltr'>ταῖς</span> <span class='ocrx_word' id='word_1_420' title='bbox 652 2462 746 2498; x_wconf 86' lang='grc' dir='ltr'>κόραις</span> <span class='ocrx_word' id='word_1_421' title='bbox 757 2463 846 2490; x_wconf 78' lang='grc' dir='ltr'>αὐτῶν</span> <span class='ocrx_word' id='word_1_422' title='bbox 858 2465 955 2498; x_wconf 72' lang='grc' dir='ltr'>ἐμφαι-</span> 
     </span>
    </p>
   </div>
   <div class='ocr_carea' id='block_1_56' title="bbox 170 2504 956 2544">
    <p class='ocr_par' dir='ltr' id='par_1_56' title="bbox 170 2504 956 2544">
     <span class='ocr_line' id='line_1_56' title="bbox 170 2504 956 2544; baseline 0.008 -14"><span class='ocrx_word' id='word_1_423' title='bbox 170 2504 290 2539; x_wconf 83' lang='grc' dir='ltr'>νόμενον.</span> <span class='ocrx_word' id='word_1_424' title='bbox 306 2505 377 2539; x_wconf 82' lang='grc' dir='ltr'>Πρὺς</span> <span class='ocrx_word' id='word_1_425' title='bbox 389 2505 403 2530; x_wconf 86' lang='grc' dir='ltr'><strong>ὃ</strong></span> <span class='ocrx_word' id='word_1_426' title='bbox 418 2505 472 2541; x_wconf 80' lang='grc' dir='ltr'><strong>γὰρ</strong></span> <span class='ocrx_word' id='word_1_427' title='bbox 487 2507 519 2533; x_wconf 82' lang='grc' dir='ltr'>ἄν</span> <span class='ocrx_word' id='word_1_428' title='bbox 532 2515 573 2539; x_wconf 87' lang='grc' dir='ltr'><strong>τις</strong></span> <span class='ocrx_word' id='word_1_429' title='bbox 587 2508 738 2544; x_wconf 81' lang='grc' dir='ltr'>ὲνατενίσῃ,</span> <span class='ocrx_word' id='word_1_430' title='bbox 755 2508 833 2535; x_wconf 82' lang='grc' dir='ltr'>τοῦτο</span> <span class='ocrx_word' id='word_1_431' title='bbox 849 2509 956 2544; x_wconf 83' lang='grc' dir='ltr'>δέχεται</span> 
     </span>
    </p>
   </div>
   <div class='ocr_carea' id='block_1_57' title="bbox 169 2549 956 2589">
    <p class='ocr_par' dir='ltr' id='par_1_57' title="bbox 169 2549 956 2589">
     <span class='ocr_line' id='line_1_57' title="bbox 169 2549 956 2589; baseline 0.008 -15"><span class='ocrx_word' id='word_1_432' title='bbox 169 2550 199 2575; x_wconf 77' lang='grc' dir='ltr'>ὲν</span> <span class='ocrx_word' id='word_1_433' title='bbox 212 2549 299 2584; x_wconf 80' lang='grc' dir='ltr'>ἐαυτῷ</span> <span class='ocrx_word' id='word_1_434' title='bbox 316 2550 347 2575; x_wconf 85' lang='grc' dir='ltr'>τὸ</span> <span class='ocrx_word' id='word_1_435' title='bbox 361 2550 497 2585; x_wconf 80' lang='grc' dir='ltr'>ὁμοίωμα.</span> <span class='ocrx_word' id='word_1_436' title='bbox 515 2551 591 2579; x_wconf 80' lang='grc' dir='ltr'>Ἐπεὶ</span> <span class='ocrx_word' id='word_1_437' title='bbox 604 2551 650 2580; x_wconf 83' lang='grc' dir='ltr'>οὖν</span> <span class='ocrx_word' id='word_1_438' title='bbox 668 2553 766 2588; x_wconf 83' lang='grc' dir='ltr'>μηκέτι</span> <span class='ocrx_word' id='word_1_439' title='bbox 782 2553 849 2588; x_wconf 83' lang='grc' dir='ltr'>πρὸς</span> <span class='ocrx_word' id='word_1_440' title='bbox 867 2554 956 2589; x_wconf 83' lang='grc' dir='ltr'>σάρκα</span> 
     </span>
    </p>
   </div>
   <div class='ocr_carea' id='block_1_58' title="bbox 170 2592 952 2634">
    <p class='ocr_par' dir='ltr' id='par_1_58' title="bbox 170 2592 952 2634">
     <span class='ocr_line' id='line_1_58' title="bbox 170 2592 952 2634; baseline 0.008 -14"><span class='ocrx_word' id='word_1_441' title='bbox 170 2595 216 2621; x_wconf 73' lang='grc' dir='ltr'><strong>καὶ</strong></span> <span class='ocrx_word' id='word_1_442' title='bbox 230 2592 300 2629; x_wconf 74' lang='grc' dir='ltr'>αἷμα</span> <span class='ocrx_word' id='word_1_443' title='bbox 316 2594 431 2630; x_wconf 82' lang='grc' dir='ltr'>βλέπων,</span> <span class='ocrx_word' id='word_1_444' title='bbox 456 2595 523 2632; x_wconf 70' lang='grc' dir='ltr'>πρὸς</span> <span class='ocrx_word' id='word_1_445' title='bbox 537 2598 582 2624; x_wconf 82' lang='grc' dir='ltr'><strong>τὸν</strong></span> <span class='ocrx_word' id='word_1_446' title='bbox 606 2599 789 2634; x_wconf 73' lang='grc' dir='ltr'>πνευματικὸν</span> <span class='ocrx_word' id='word_1_447' title='bbox 814 2599 870 2634; x_wconf 84' lang='grc' dir='ltr'>βίον</span> <span class='ocrx_word' id='word_1_448' title='bbox 885 2600 935 2634; x_wconf 79' lang='grc' dir='ltr'>ὁρᾷ</span> <span class='ocrx_word' id='word_1_449' title='bbox 945 2620 952 2632; x_wconf 87' lang='grc'><strong>,</strong></span> 
     </span>
    </p>
   </div>
   <div class='ocr_carea' id='block_1_59' title="bbox 169 2641 954 2679">
    <p class='ocr_par' dir='ltr' id='par_1_59' title="bbox 169 2641 954 2679">
     <span class='ocr_line' id='line_1_59' title="bbox 169 2641 954 2679; baseline 0.006 -12"><span class='ocrx_word' id='word_1_450' title='bbox 169 2641 260 2671; x_wconf 75' lang='grc' dir='ltr'>καθώς</span> <span class='ocrx_word' id='word_1_451' title='bbox 275 2649 356 2675; x_wconf 84' lang='grc' dir='ltr'>φησιν</span> <span class='ocrx_word' id='word_1_452' title='bbox 370 2642 384 2668; x_wconf 88' lang='lat'><strong>6</strong></span> <span class='ocrx_word' id='word_1_453' title='bbox 403 2642 571 2674; x_wconf 76' lang='grc' dir='ltr'>Ἀπόστολος.</span> <span class='ocrx_word' id='word_1_454' title='bbox 583 2644 637 2675; x_wconf 79' lang='grc' dir='ltr'>ζῶν</span> <span class='ocrx_word' id='word_1_455' title='bbox 652 2645 797 2679; x_wconf 78' lang='grc' dir='ltr'>πνεύματι,</span> <span class='ocrx_word' id='word_1_456' title='bbox 813 2645 860 2671; x_wconf 70' lang='grc' dir='ltr'>καὶ</span> <span class='ocrx_word' id='word_1_457' title='bbox 875 2645 954 2672; x_wconf 79' lang='grc' dir='ltr'>πνεύ-</span> 
     </span>
    </p>
   </div>
   <div class='ocr_carea' id='block_1_60' title="bbox 172 2686 954 2725">
    <p class='ocr_par' dir='ltr' id='par_1_60' title="bbox 172 2686 954 2725">
     <span class='ocr_line' id='line_1_60' title="bbox 172 2686 954 2725; baseline 0.008 -13"><span class='ocrx_word' id='word_1_458' title='bbox 172 2695 187 2721; x_wconf 68' lang='lat' dir='ltr'><strong>gl</strong></span> <span class='ocrx_word' id='word_1_459' title='bbox 194 2695 235 2712; x_wconf 73' lang='grc' dir='ltr'><strong>ατι</strong></span> <span class='ocrx_word' id='word_1_460' title='bbox 253 2686 376 2721; x_wconf 83' lang='grc' dir='ltr'>στοιχῶν,</span> <span class='ocrx_word' id='word_1_461' title='bbox 394 2687 439 2714; x_wconf 80' lang='grc' dir='ltr'>καὶ</span> <span class='ocrx_word' id='word_1_462' title='bbox 451 2688 500 2719; x_wconf 73' lang='grc' dir='ltr'><strong>τὰς</strong></span> <span class='ocrx_word' id='word_1_463' title='bbox 509 2689 622 2723; x_wconf 76' lang='grc' dir='ltr'>πράξεις</span> <span class='ocrx_word' id='word_1_464' title='bbox 633 2690 679 2716; x_wconf 80' lang='grc' dir='ltr'>τοῦ</span> <span class='ocrx_word' id='word_1_465' title='bbox 690 2691 815 2725; x_wconf 82' lang='grc' dir='ltr'>σώματος</span> <span class='ocrx_word' id='word_1_466' title='bbox 831 2691 954 2722; x_wconf 76' lang='grc' dir='ltr'>θανατῶν</span> 
     </span>
    </p>
   </div>
   <div class='ocr_carea' id='block_1_61' title="bbox 169 2731 954 2772">
    <p class='ocr_par' dir='ltr' id='par_1_61' title="bbox 169 2731 954 2772">
     <span class='ocr_line' id='line_1_61' title="bbox 169 2731 954 2772; baseline 0.006 -14"><span class='ocrx_word' id='word_1_467' title='bbox 169 2731 209 2767; x_wconf 86' lang='grc' dir='ltr'>τῷ</span> <span class='ocrx_word' id='word_1_468' title='bbox 224 2731 371 2767; x_wconf 82' lang='grc' dir='ltr'>πνεύματι,</span> <span class='ocrx_word' id='word_1_469' title='bbox 386 2733 433 2759; x_wconf 78' lang='grc' dir='ltr'><strong>καὶ</strong></span> <span class='ocrx_word' id='word_1_470' title='bbox 447 2733 506 2765; x_wconf 75' lang='grc' dir='ltr'>ὅλος</span> <span class='ocrx_word' id='word_1_471' title='bbox 518 2733 552 2760; x_wconf 79' lang='grc' dir='ltr'><strong>δι’</strong></span> <span class='ocrx_word' id='word_1_472' title='bbox 568 2735 628 2761; x_wconf 82' lang='grc' dir='ltr'>ὅλου</span> <span class='ocrx_word' id='word_1_473' title='bbox 645 2736 827 2771; x_wconf 63' lang='grc' dir='ltr'>πνευματικὶς</span> <span class='ocrx_word' id='word_1_474' title='bbox 840 2737 954 2772; x_wconf 77' lang='grc' dir='ltr'>γενόμε-</span> 
     </span>
    </p>
   </div>
   <div class='ocr_carea' id='block_1_62' title="bbox 169 2777 953 2818">
    <p class='ocr_par' dir='ltr' id='par_1_62' title="bbox 169 2777 953 2818">
     <span class='ocr_line' id='line_1_62' title="bbox 169 2777 953 2818; baseline 0.008 -15"><span class='ocrx_word' id='word_1_475' title='bbox 169 2785 223 2809; x_wconf 85' lang='grc' dir='ltr'>νος,</span> <span class='ocrx_word' id='word_1_476' title='bbox 239 2777 270 2804; x_wconf 78' lang='grc' dir='ltr'>οὐ</span> <span class='ocrx_word' id='word_1_477' title='bbox 286 2778 415 2813; x_wconf 76' lang='grc' dir='ltr'>ψυχικὸς,</span> <span class='ocrx_word' id='word_1_478' title='bbox 434 2779 494 2806; x_wconf 70' lang='grc' dir='ltr'><strong>οὐδὲ</strong></span> <span class='ocrx_word' id='word_1_479' title='bbox 512 2779 652 2816; x_wconf 80' lang='grc' dir='ltr'>σάρκινος·</span> <span class='ocrx_word' id='word_1_480' title='bbox 671 2781 764 2808; x_wconf 76' lang='grc' dir='ltr'>τούτου</span> <span class='ocrx_word' id='word_1_481' title='bbox 781 2782 859 2818; x_wconf 81' lang='grc' dir='ltr'>χάριν</span> <span class='ocrx_word' id='word_1_482' title='bbox 882 2791 953 2818; x_wconf 79' lang='grc' dir='ltr'>μαρ-</span> 
     </span>
    </p>
   </div>
   <div class='ocr_carea' id='block_1_63' title="bbox 205 2833 483 2869">
    <p class='ocr_par' dir='ltr' id='par_1_63' title="bbox 205 2833 483 2869">
     <span class='ocr_line' id='line_1_63' title="bbox 205 2833 483 2869; baseline 0.007 -9"><span class='ocrx_word' id='word_1_483' title='bbox 205 2833 228 2849; x_wconf 74' lang='lat'>“</span> <span class='ocrx_word' id='word_1_484' title='bbox 240 2833 326 2861; x_wconf 86' lang='lat' dir='ltr'><strong>Galat.</strong></span> <span class='ocrx_word' id='word_1_485' title='bbox 339 2842 365 2866; x_wconf 77' lang='grc' dir='ltr'>ι’,</span> <span class='ocrx_word' id='word_1_486' title='bbox 382 2834 414 2860; x_wconf 77' lang='lat' dir='ltr'><strong>ib</strong></span> <span class='ocrx_word' id='word_1_487' title='bbox 424 2841 483 2869; x_wconf 88' lang='lat' dir='ltr'><strong>sqq.</strong></span> 
     </span>
    </p>
   </div>
   <div class='ocr_carea' id='block_1_64' title="bbox 1005 232 1788 269">
    <p class='ocr_par' dir='ltr' id='par_1_64' title="bbox 1005 232 1788 269">
     <span class='ocr_line' id='line_1_64' title="bbox 1005 232 1788 269; baseline 0.008 -12"><span class='ocrx_word' id='word_1_488' title='bbox 1005 238 1057 265; x_wconf 87' lang='lat' dir='ltr'><strong>que</strong></span> <span class='ocrx_word' id='word_1_489' title='bbox 1068 232 1227 266; x_wconf 86' lang='lat' dir='ltr'><strong>perturbato</strong></span> <span class='ocrx_word' id='word_1_490' title='bbox 1240 236 1312 259; x_wconf 84' lang='lat' dir='ltr'><strong>statu</strong></span> <span class='ocrx_word' id='word_1_491' title='bbox 1327 233 1433 260; x_wconf 60' lang='lat' dir='ltr'><strong>animm.</strong></span> <span class='ocrx_word' id='word_1_492' title='bbox 1450 232 1543 261; x_wconf 83' lang='lat' dir='ltr'><strong>Evenit</strong></span> <span class='ocrx_word' id='word_1_493' title='bbox 1556 242 1632 269; x_wconf 80' lang='lat' dir='ltr'><strong>ergo,</strong></span> <span class='ocrx_word' id='word_1_494' title='bbox 1644 239 1673 261; x_wconf 82' lang='lat' dir='ltr'><strong>ut</strong></span> <span class='ocrx_word' id='word_1_495' title='bbox 1687 236 1788 263; x_wconf 86' lang='lat' dir='ltr'><strong>virtute</strong></span> 
     </span>
    </p>
   </div>
   <div class='ocr_carea' id='block_1_65' title="bbox 1005 276 1788 314">
    <p class='ocr_par' dir='ltr' id='par_1_65' title="bbox 1005 276 1788 314">
     <span class='ocr_line' id='line_1_65' title="bbox 1005 276 1788 314; baseline 0.006 -13"><span class='ocrx_word' id='word_1_496' title='bbox 1005 283 1020 301; x_wconf 72' lang='grc' dir='ltr'><strong>ιι</strong></span> <span class='ocrx_word' id='word_1_497' title='bbox 1037 276 1101 303; x_wconf 86' lang='lat' dir='ltr'><strong>vitio</strong></span> <span class='ocrx_word' id='word_1_498' title='bbox 1118 276 1257 310; x_wconf 82' lang='lat' dir='ltr'><strong>disjuncta</strong></span> <span class='ocrx_word' id='word_1_499' title='bbox 1273 277 1332 304; x_wconf 86' lang='lat' dir='ltr'><strong>sine</strong></span> <span class='ocrx_word' id='word_1_500' title='bbox 1347 277 1447 309; x_wconf 88' lang='lat' dir='ltr'><strong>medio,</strong></span> <span class='ocrx_word' id='word_1_501' title='bbox 1476 285 1530 304; x_wconf 93' lang='lat' dir='ltr'><strong>non</strong></span> <span class='ocrx_word' id='word_1_502' title='bbox 1550 279 1655 312; x_wconf 88' lang='lat' dir='ltr'><strong>possint</strong></span> <span class='ocrx_word' id='word_1_503' title='bbox 1673 284 1788 314; x_wconf 88' lang='lat' dir='ltr'><strong>utraque</strong></span> 
     </span>
    </p>
   </div>
   <div class='ocr_carea' id='block_1_66' title="bbox 1005 321 1786 358">
    <p class='ocr_par' dir='ltr' id='par_1_66' title="bbox 1005 321 1786 358">
     <span class='ocr_line' id='line_1_66' title="bbox 1005 321 1786 358; baseline 0.006 -12"><span class='ocrx_word' id='word_1_504' title='bbox 1005 321 1049 347; x_wconf 88' lang='lat' dir='ltr'><strong>uni</strong></span> <span class='ocrx_word' id='word_1_505' title='bbox 1066 321 1147 347; x_wconf 85' lang='lat' dir='ltr'><strong>simul</strong></span> <span class='ocrx_word' id='word_1_506' title='bbox 1163 321 1277 349; x_wconf 85' lang='lat' dir='ltr'><strong>adesse:</strong></span> <span class='ocrx_word' id='word_1_507' title='bbox 1292 322 1338 356; x_wconf 91' lang='lat' dir='ltr'><strong>qui</strong></span> <span class='ocrx_word' id='word_1_508' title='bbox 1350 322 1422 349; x_wconf 88' lang='lat' dir='ltr'><strong>enim</strong></span> <span class='ocrx_word' id='word_1_509' title='bbox 1439 324 1552 350; x_wconf 88' lang='lat' dir='ltr'><strong>recessit</strong></span> <span class='ocrx_word' id='word_1_510' title='bbox 1566 331 1582 350; x_wconf 87' lang='lat' dir='ltr'><strong>a</strong></span> <span class='ocrx_word' id='word_1_511' title='bbox 1595 325 1786 358; x_wconf 81' lang='lat' dir='ltr'><strong>temperantia,</strong></span> 
     </span>
    </p>
   </div>
   <div class='ocr_carea' id='block_1_67' title="bbox 1004 367 1786 405">
    <p class='ocr_par' dir='ltr' id='par_1_67' title="bbox 1004 367 1786 405">
     <span class='ocr_line' id='line_1_67' title="bbox 1004 367 1786 405; baseline 0.005 -13"><span class='ocrx_word' id='word_1_512' title='bbox 1004 370 1129 393; x_wconf 86' lang='lat' dir='ltr'><strong>versatur</strong></span> <span class='ocrx_word' id='word_1_513' title='bbox 1143 367 1254 393; x_wconf 85' lang='lat' dir='ltr'><strong>omnino</strong></span> <span class='ocrx_word' id='word_1_514' title='bbox 1265 367 1291 394; x_wconf 95' lang='lat' dir='ltr'><strong>in</strong></span> <span class='ocrx_word' id='word_1_515' title='bbox 1305 367 1358 393; x_wconf 87' lang='lat' dir='ltr'><strong>vita</strong></span> <span class='ocrx_word' id='word_1_516' title='bbox 1368 367 1501 394; x_wconf 84' lang='lat' dir='ltr'><strong>dissoluta</strong></span> <span class='ocrx_word' id='word_1_517' title='bbox 1512 373 1539 395; x_wconf 89' lang='lat' dir='ltr'><strong>et</strong></span> <span class='ocrx_word' id='word_1_518' title='bbox 1551 369 1661 396; x_wconf 87' lang='lat' dir='ltr'><strong>minime</strong></span> <span class='ocrx_word' id='word_1_519' title='bbox 1673 369 1786 405; x_wconf 77' lang='lat' dir='ltr'><strong>frugali,</strong></span> 
     </span>
    </p>
   </div>
   <div class='ocr_carea' id='block_1_68' title="bbox 1003 411 1788 450">
    <p class='ocr_par' dir='ltr' id='par_1_68' title="bbox 1003 411 1788 450">
     <span class='ocr_line' id='line_1_68' title="bbox 1003 411 1788 450; baseline 0.006 -13"><span class='ocrx_word' id='word_1_520' title='bbox 1003 415 1030 438; x_wconf 87' lang='lat' dir='ltr'><strong>et</strong></span> <span class='ocrx_word' id='word_1_521' title='bbox 1043 411 1095 445; x_wconf 64' lang='lat' dir='ltr'><strong>qui”</strong></span> <span class='ocrx_word' id='word_1_522' title='bbox 1105 411 1186 438; x_wconf 89' lang='lat' dir='ltr'><strong>vitam</strong></span> <span class='ocrx_word' id='word_1_523' title='bbox 1211 412 1386 439; x_wconf 85' lang='lat' dir='ltr'><strong>abominatur</strong></span> <span class='ocrx_word' id='word_1_524' title='bbox 1412 412 1590 446; x_wconf 85' lang='lat' dir='ltr'><strong>immundam,</strong></span> <span class='ocrx_word' id='word_1_525' title='bbox 1609 414 1646 440; x_wconf 86' lang='lat' dir='ltr'><strong>ita</strong></span> <span class='ocrx_word' id='word_1_526' title='bbox 1664 422 1694 441; x_wconf 88' lang='lat' dir='ltr'><strong>se</strong></span> <span class='ocrx_word' id='word_1_527' title='bbox 1716 415 1788 450; x_wconf 70' lang='lat' dir='ltr'><strong>gerit</strong></span> 
     </span>
    </p>
   </div>
   <div class='ocr_carea' id='block_1_69' title="bbox 1004 455 1787 493">
    <p class='ocr_par' dir='ltr' id='par_1_69' title="bbox 1004 455 1787 493">
     <span class='ocr_line' id='line_1_69' title="bbox 1004 455 1787 493; baseline 0.009 -12"><span class='ocrx_word' id='word_1_528' title='bbox 1004 459 1033 481; x_wconf 94' lang='lat' dir='ltr'><strong>ut</strong></span> <span class='ocrx_word' id='word_1_529' title='bbox 1050 455 1076 482; x_wconf 91' lang='lat' dir='ltr'><strong>in</strong></span> <span class='ocrx_word' id='word_1_530' title='bbox 1095 456 1248 483; x_wconf 78' lang='lat' dir='ltr'><strong>aversando</strong></span> <span class='ocrx_word' id='word_1_531' title='bbox 1261 457 1333 483; x_wconf 84' lang='lat' dir='ltr'><strong>malo</strong></span> <span class='ocrx_word' id='word_1_532' title='bbox 1348 462 1456 485; x_wconf 82' lang='lat' dir='ltr'><strong>maneat</strong></span> <span class='ocrx_word' id='word_1_533' title='bbox 1468 459 1635 493; x_wconf 77' lang='lat' dir='ltr'><strong>impollutus.</strong></span> <span class='ocrx_word' id='word_1_534' title='bbox 1650 460 1688 487; x_wconf 88' lang='lat' dir='ltr'><strong>Ita</strong></span> <span class='ocrx_word' id='word_1_535' title='bbox 1704 461 1787 488; x_wconf 89' lang='lat' dir='ltr'><strong>etiam</strong></span> 
     </span>
    </p>
   </div>
   <div class='ocr_carea' id='block_1_70' title="bbox 1002 501 1786 541">
    <p class='ocr_par' dir='ltr' id='par_1_70' title="bbox 1002 501 1786 541">
     <span class='ocr_line' id='line_1_70' title="bbox 1002 501 1786 541; baseline 0.005 -13"><span class='ocrx_word' id='word_1_536' title='bbox 1002 501 1036 528; x_wconf 85' lang='lat' dir='ltr'><strong>de</strong></span> <span class='ocrx_word' id='word_1_537' title='bbox 1050 503 1156 529; x_wconf 72' lang='lat' dir='ltr'><strong>caeteris</strong></span> <span class='ocrx_word' id='word_1_538' title='bbox 1172 510 1178 527; x_wconf 92' lang='lat'>:</span> <span class='ocrx_word' id='word_1_539' title='bbox 1197 503 1243 537; x_wconf 89' lang='lat' dir='ltr'><strong>qui</strong></span> <span class='ocrx_word' id='word_1_540' title='bbox 1259 507 1302 530; x_wconf 87' lang='lat' dir='ltr'><strong>est</strong></span> <span class='ocrx_word' id='word_1_541' title='bbox 1318 503 1440 536; x_wconf 83' lang='lat' dir='ltr'><strong>humilis,</strong></span> <span class='ocrx_word' id='word_1_542' title='bbox 1457 509 1602 539; x_wconf 81' lang='lat' dir='ltr'><strong>separatur</strong></span> <span class='ocrx_word' id='word_1_543' title='bbox 1614 513 1629 532; x_wconf 92' lang='lat' dir='ltr'><strong>a</strong></span> <span class='ocrx_word' id='word_1_544' title='bbox 1646 507 1786 541; x_wconf 81' lang='lat' dir='ltr'><strong>superbia,</strong></span> 
     </span>
    </p>
   </div>
   <div class='ocr_carea' id='block_1_71' title="bbox 1002 547 1786 584">
    <p class='ocr_par' dir='ltr' id='par_1_71' title="bbox 1002 547 1786 584">
     <span class='ocr_line' id='line_1_71' title="bbox 1002 547 1786 584; baseline 0.006 -11"><span class='ocrx_word' id='word_1_545' title='bbox 1002 550 1029 573; x_wconf 89' lang='lat' dir='ltr'><strong>ct</strong></span> <span class='ocrx_word' id='word_1_546' title='bbox 1046 547 1091 582; x_wconf 89' lang='lat' dir='ltr'><strong>qui</strong></span> <span class='ocrx_word' id='word_1_547' title='bbox 1108 555 1156 582; x_wconf 90' lang='lat' dir='ltr'><strong>per</strong></span> <span class='ocrx_word' id='word_1_548' title='bbox 1171 547 1270 575; x_wconf 85' lang='lat' dir='ltr'><strong>fastum</strong></span> <span class='ocrx_word' id='word_1_549' title='bbox 1298 548 1438 583; x_wconf 82' lang='lat' dir='ltr'><strong>intumuit,</strong></span> <span class='ocrx_word' id='word_1_550' title='bbox 1457 551 1564 584; x_wconf 84' lang='lat' dir='ltr'><strong>repellit</strong></span> <span class='ocrx_word' id='word_1_551' title='bbox 1594 551 1786 578; x_wconf 74' lang='lat' dir='ltr'><strong>humilitatem.</strong></span> 
     </span>
    </p>
   </div>
   <div class='ocr_carea' id='block_1_72' title="bbox 1003 591 1786 632">
    <p class='ocr_par' dir='ltr' id='par_1_72' title="bbox 1003 591 1786 632">
     <span class='ocr_line' id='line_1_72' title="bbox 1003 591 1786 632; baseline 0.006 -13"><span class='ocrx_word' id='word_1_552' title='bbox 1003 591 1035 619; x_wconf 88' lang='lat' dir='ltr'><strong>Et</strong></span> <span class='ocrx_word' id='word_1_553' title='bbox 1051 593 1117 628; x_wconf 86' lang='lat' dir='ltr'><strong>quid</strong></span> <span class='ocrx_word' id='word_1_554' title='bbox 1145 601 1214 628; x_wconf 92' lang='lat' dir='ltr'><strong>opus</strong></span> <span class='ocrx_word' id='word_1_555' title='bbox 1229 597 1272 621; x_wconf 90' lang='lat' dir='ltr'><strong>est</strong></span> <span class='ocrx_word' id='word_1_556' title='bbox 1299 593 1438 621; x_wconf 90' lang='lat' dir='ltr'><strong>immorari</strong></span> <span class='ocrx_word' id='word_1_557' title='bbox 1456 596 1483 622; x_wconf 93' lang='lat' dir='ltr'><strong>iu</strong></span> <span class='ocrx_word' id='word_1_558' title='bbox 1510 595 1634 624; x_wconf 86' lang='lat' dir='ltr'><strong>dicendis</strong></span> <span class='ocrx_word' id='word_1_559' title='bbox 1659 597 1786 632; x_wconf 76' lang='lat' dir='ltr'><strong>singulis,</strong></span> 
     </span>
    </p>
   </div>
   <div class='ocr_carea' id='block_1_73' title="bbox 1002 638 1786 675">
    <p class='ocr_par' dir='ltr' id='par_1_73' title="bbox 1002 638 1786 675">
     <span class='ocr_line' id='line_1_73' title="bbox 1002 638 1786 675; baseline 0.006 -10"><span class='ocrx_word' id='word_1_560' title='bbox 1002 639 1234 673; x_wconf 87' lang='lat' dir='ltr'><strong>quemadmodum</strong></span> <span class='ocrx_word' id='word_1_561' title='bbox 1249 640 1275 666; x_wconf 93' lang='lat' dir='ltr'><strong>in</strong></span> <span class='ocrx_word' id='word_1_562' title='bbox 1290 640 1323 667; x_wconf 88' lang='lat' dir='ltr'><strong>iis</strong></span> <span class='ocrx_word' id='word_1_563' title='bbox 1338 648 1398 675; x_wconf 71' lang='lat' dir='ltr'><strong>qua:</strong></span> <span class='ocrx_word' id='word_1_564' title='bbox 1411 638 1463 667; x_wconf 82' lang='lat' dir='ltr'><strong>sibi</strong></span> <span class='ocrx_word' id='word_1_565' title='bbox 1479 642 1550 668; x_wconf 88' lang='lat' dir='ltr'><strong>inter</strong></span> <span class='ocrx_word' id='word_1_566' title='bbox 1564 649 1593 668; x_wconf 85' lang='lat' dir='ltr'><strong>se</strong></span> <span class='ocrx_word' id='word_1_567' title='bbox 1604 642 1786 670; x_wconf 78' lang='lat' dir='ltr'><strong>adversantur</strong></span> 
     </span>
    </p>
   </div>
   <div class='ocr_carea' id='block_1_74' title="bbox 1002 684 1786 721">
    <p class='ocr_par' dir='ltr' id='par_1_74' title="bbox 1002 684 1786 721">
     <span class='ocr_line' id='line_1_74' title="bbox 1002 684 1786 721; baseline 0.005 -10"><span class='ocrx_word' id='word_1_568' title='bbox 1002 688 1112 716; x_wconf 88' lang='lat' dir='ltr'><strong>natura,</strong></span> <span class='ocrx_word' id='word_1_569' title='bbox 1129 686 1252 712; x_wconf 73' lang='lat' dir='ltr'><strong>absentia</strong></span> <span class='ocrx_word' id='word_1_570' title='bbox 1271 684 1353 713; x_wconf 76' lang='lat' dir='ltr'><strong>unius</strong></span> <span class='ocrx_word' id='word_1_571' title='bbox 1378 686 1413 713; x_wconf 91' lang='lat' dir='ltr'><strong>sit</strong></span> <span class='ocrx_word' id='word_1_572' title='bbox 1435 687 1535 721; x_wconf 80' lang='lat' dir='ltr'><strong>positio</strong></span> <span class='ocrx_word' id='word_1_573' title='bbox 1553 691 1581 716; x_wconf 89' lang='lat' dir='ltr'><strong>et</strong></span> <span class='ocrx_word' id='word_1_574' title='bbox 1609 688 1786 716; x_wconf 83' lang='lat' dir='ltr'><strong>subsistentia</strong></span> 
     </span>
    </p>
   </div>
   <div class='ocr_carea' id='block_1_75' title="bbox 1002 730 1786 766">
    <p class='ocr_par' dir='ltr' id='par_1_75' title="bbox 1002 730 1786 766">
     <span class='ocr_line' id='line_1_75' title="bbox 1002 730 1786 766; baseline 0.005 -10"><span class='ocrx_word' id='word_1_575' title='bbox 1002 730 1221 757; x_wconf 75' lang='lat' dir='ltr'><strong>alterius‘ICum</strong></span> <span class='ocrx_word' id='word_1_576' title='bbox 1246 731 1357 765; x_wconf 83' lang='lat' dir='ltr'><strong>sitcrgo</strong></span> <span class='ocrx_word' id='word_1_577' title='bbox 1383 731 1410 758; x_wconf 91' lang='lat' dir='ltr'><strong>in</strong></span> <span class='ocrx_word' id='word_1_578' title='bbox 1437 736 1568 766; x_wconf 81' lang='lat' dir='ltr'><strong>potestate</strong></span> <span class='ocrx_word' id='word_1_579' title='bbox 1592 733 1681 760; x_wconf 89' lang='lat' dir='ltr'><strong>nostri</strong></span> <span class='ocrx_word' id='word_1_580' title='bbox 1707 733 1786 761; x_wconf 86' lang='lat' dir='ltr'><strong>liberi</strong></span> 
     </span>
    </p>
   </div>
   <div class='ocr_carea' id='block_1_76' title="bbox 1002 775 1786 814">
    <p class='ocr_par' dir='ltr' id='par_1_76' title="bbox 1002 775 1786 814">
     <span class='ocr_line' id='line_1_76' title="bbox 1002 775 1786 814; baseline 0.005 -12"><span class='ocrx_word' id='word_1_581' title='bbox 1002 775 1118 806; x_wconf 79' lang='lat' dir='ltr'><strong>arbitrii.</strong></span> <span class='ocrx_word' id='word_1_582' title='bbox 1134 776 1158 803; x_wconf 93' lang='lat' dir='ltr'><strong>ei</strong></span> <span class='ocrx_word' id='word_1_583' title='bbox 1176 776 1293 803; x_wconf 88' lang='lat' dir='ltr'><strong>similem</strong></span> <span class='ocrx_word' id='word_1_584' title='bbox 1312 776 1426 811; x_wconf 80' lang='lat' dir='ltr'><strong>ﬁgurant</strong></span> <span class='ocrx_word' id='word_1_585' title='bbox 1443 778 1487 805; x_wconf 90' lang='lat' dir='ltr'><strong>cui</strong></span> <span class='ocrx_word' id='word_1_586' title='bbox 1505 778 1621 805; x_wconf 88' lang='lat' dir='ltr'><strong>voluerit</strong></span> <span class='ocrx_word' id='word_1_587' title='bbox 1633 778 1786 814; x_wconf 87' lang='lat' dir='ltr'><strong>suscipere,</strong></span> 
     </span>
    </p>
   </div>
   <div class='ocr_carea' id='block_1_77' title="bbox 1002 821 1787 857">
    <p class='ocr_par' dir='ltr' id='par_1_77' title="bbox 1002 821 1787 857">
     <span class='ocr_line' id='line_1_77' title="bbox 1002 821 1787 857; baseline 0.005 -9"><span class='ocrx_word' id='word_1_588' title='bbox 1002 821 1026 848; x_wconf 88' lang='lat' dir='ltr'><strong>ei</strong></span> <span class='ocrx_word' id='word_1_589' title='bbox 1041 829 1102 856; x_wconf 75' lang='lat' dir='ltr'><strong>qua:</strong></span> <span class='ocrx_word' id='word_1_590' title='bbox 1116 822 1230 857; x_wconf 88' lang='lat' dir='ltr'><strong>pulchra</strong></span> <span class='ocrx_word' id='word_1_591' title='bbox 1247 821 1317 849; x_wconf 82' lang='lat' dir='ltr'><strong>facta</strong></span> <span class='ocrx_word' id='word_1_592' title='bbox 1332 827 1374 850; x_wconf 91' lang='lat' dir='ltr'><strong>est</strong></span> <span class='ocrx_word' id='word_1_593' title='bbox 1392 827 1465 851; x_wconf 86' lang='lat' dir='ltr'><strong>recte</strong></span> <span class='ocrx_word' id='word_1_594' title='bbox 1480 823 1545 851; x_wconf 89' lang='lat' dir='ltr'><strong>dicit</strong></span> <span class='ocrx_word' id='word_1_595' title='bbox 1558 825 1646 851; x_wconf 88' lang='lat' dir='ltr'><strong>oratio</strong></span> <span class='ocrx_word' id='word_1_596' title='bbox 1661 834 1669 852; x_wconf 89' lang='lat'><strong>:</strong></span> <span class='ocrx_word' id='word_1_597' title='bbox 1685 826 1706 852; x_wconf 86' lang='lat' dir='ltr'><strong>A</strong></span> <span class='ocrx_word' id='word_1_598' title='bbox 1721 824 1787 852; x_wconf 86' lang='lat' dir='ltr'><strong>mali</strong></span> 
     </span>
    </p>
   </div>
   <div class='ocr_carea' id='block_1_78' title="bbox 1002 867 1784 905">
    <p class='ocr_par' dir='ltr' id='par_1_78' title="bbox 1002 867 1784 905">
     <span class='ocr_line' id='line_1_78' title="bbox 1002 867 1784 905; baseline 0.006 -12"><span class='ocrx_word' id='word_1_599' title='bbox 1002 867 1109 901; x_wconf 84' lang='lat' dir='ltr'><strong>quidem</strong></span> <span class='ocrx_word' id='word_1_600' title='bbox 1135 868 1266 895; x_wconf 72' lang='lat' dir='ltr'><strong>societate</strong></span> <span class='ocrx_word' id='word_1_601' title='bbox 1291 868 1423 896; x_wconf 85' lang='lat' dir='ltr'><strong>recedens</strong></span> <span class='ocrx_word' id='word_1_602' title='bbox 1448 869 1515 896; x_wconf 89' lang='lat' dir='ltr'><strong>mihi</strong></span> <span class='ocrx_word' id='word_1_603' title='bbox 1538 871 1784 905; x_wconf 82' lang='lat' dir='ltr'><strong>appropinquasti:</strong></span> 
     </span>
    </p>
   </div>
   <div class='ocr_carea' id='block_1_79' title="bbox 1002 913 1786 950">
    <p class='ocr_par' dir='ltr' id='par_1_79' title="bbox 1002 913 1786 950">
     <span class='ocr_line' id='line_1_79' title="bbox 1002 913 1786 950; baseline 0.005 -11"><span class='ocrx_word' id='word_1_604' title='bbox 1002 913 1227 948; x_wconf 84' lang='lat' dir='ltr'><strong>appropinquans</strong></span> <span class='ocrx_word' id='word_1_605' title='bbox 1243 917 1333 941; x_wconf 78' lang='lat' dir='ltr'><strong>autent</strong></span> <span class='ocrx_word' id='word_1_606' title='bbox 1353 914 1490 949; x_wconf 76' lang='lat' dir='ltr'><strong>primariae</strong></span> <span class='ocrx_word' id='word_1_607' title='bbox 1507 919 1535 942; x_wconf 90' lang='lat' dir='ltr'><strong>et</strong></span> <span class='ocrx_word' id='word_1_608' title='bbox 1551 916 1699 950; x_wconf 80' lang='lat' dir='ltr'><strong>exemplari</strong></span> <span class='ocrx_word' id='word_1_609' title='bbox 1725 917 1786 950; x_wconf 88' lang='lat' dir='ltr'><strong>pul-</strong></span> 
     </span>
    </p>
   </div>
   <div class='ocr_carea' id='block_1_80' title="bbox 1003 958 1786 995">
    <p class='ocr_par' dir='ltr' id='par_1_80' title="bbox 1003 958 1786 995">
     <span class='ocr_line' id='line_1_80' title="bbox 1003 958 1786 995; baseline 0.005 -11"><span class='ocrx_word' id='word_1_610' title='bbox 1003 958 1165 991; x_wconf 84' lang='lat' dir='ltr'><strong>chritudini,</strong></span> <span class='ocrx_word' id='word_1_611' title='bbox 1176 958 1235 993; x_wconf 86' lang='lat' dir='ltr'><strong>ipsa</strong></span> <span class='ocrx_word' id='word_1_612' title='bbox 1249 967 1357 994; x_wconf 86' lang='lat' dir='ltr'><strong>quoque</strong></span> <span class='ocrx_word' id='word_1_613' title='bbox 1370 960 1484 995; x_wconf 90' lang='lat' dir='ltr'><strong>pulchra</strong></span> <span class='ocrx_word' id='word_1_614' title='bbox 1496 967 1536 992; x_wconf 86' lang='lat' dir='ltr'><strong>es,</strong></span> <span class='ocrx_word' id='word_1_615' title='bbox 1549 960 1631 988; x_wconf 89' lang='lat' dir='ltr'><strong>veluti</strong></span> <span class='ocrx_word' id='word_1_616' title='bbox 1647 960 1786 995; x_wconf 86' lang='lat' dir='ltr'><strong>quoddam</strong></span> 
     </span>
    </p>
   </div>
   <div class='ocr_carea' id='block_1_81' title="bbox 1002 1004 1785 1038">
    <p class='ocr_par' dir='ltr' id='par_1_81' title="bbox 1002 1004 1785 1038">
     <span class='ocr_line' id='line_1_81' title="bbox 1002 1004 1785 1038; baseline 0.005 -8"><span class='ocrx_word' id='word_1_617' title='bbox 1002 1004 1143 1038; x_wconf 88' lang='lat' dir='ltr'><strong>speculum</strong></span> <span class='ocrx_word' id='word_1_618' title='bbox 1159 1004 1329 1032; x_wconf 86' lang='lat' dir='ltr'><strong>conformata</strong></span> <span class='ocrx_word' id='word_1_619' title='bbox 1350 1013 1409 1034; x_wconf 90' lang='lat' dir='ltr'><strong>meo</strong></span> <span class='ocrx_word' id='word_1_620' title='bbox 1433 1007 1596 1034; x_wconf 86' lang='lat' dir='ltr'><strong>characteri.</strong></span> <span class='ocrx_word' id='word_1_621' title='bbox 1615 1006 1701 1034; x_wconf 85' lang='lat' dir='ltr'><strong>Homo</strong></span> <span class='ocrx_word' id='word_1_622' title='bbox 1715 1007 1785 1034; x_wconf 91' lang='lat' dir='ltr'><strong>enim</strong></span> 
     </span>
    </p>
   </div>
   <div class='ocr_carea' id='block_1_82' title="bbox 1002 1050 1786 1088">
    <p class='ocr_par' dir='ltr' id='par_1_82' title="bbox 1002 1050 1786 1088">
     <span class='ocr_line' id='line_1_82' title="bbox 1002 1050 1786 1088; baseline 0.006 -12"><span class='ocrx_word' id='word_1_623' title='bbox 1002 1056 1096 1077; x_wconf 83' lang='lat' dir='ltr'><strong>revera</strong></span> <span class='ocrx_word' id='word_1_624' title='bbox 1106 1050 1216 1084; x_wconf 83' lang='lat' dir='ltr'><strong>speculo</strong></span> <span class='ocrx_word' id='word_1_625' title='bbox 1229 1054 1269 1077; x_wconf 91' lang='lat' dir='ltr'><strong>est</strong></span> <span class='ocrx_word' id='word_1_626' title='bbox 1283 1051 1382 1078; x_wconf 89' lang='lat' dir='ltr'><strong>similis</strong></span> <span class='ocrx_word' id='word_1_627' title='bbox 1397 1050 1498 1084; x_wconf 84' lang='lat' dir='ltr'><strong>factus,</strong></span> <span class='ocrx_word' id='word_1_628' title='bbox 1516 1052 1618 1080; x_wconf 81' lang='lat' dir='ltr'><strong>formas</strong></span> <span class='ocrx_word' id='word_1_629' title='bbox 1632 1052 1786 1088; x_wconf 84' lang='lat' dir='ltr'><strong>suscipiens</strong></span> 
     </span>
    </p>
   </div>
   <div class='ocr_carea' id='block_1_83' title="bbox 1002 1095 1788 1126">
    <p class='ocr_par' dir='ltr' id='par_1_83' title="bbox 1002 1095 1788 1126">
     <span class='ocr_line' id='line_1_83' title="bbox 1002 1095 1788 1126; baseline 0.005 -4"><span class='ocrx_word' id='word_1_630' title='bbox 1002 1102 1035 1122; x_wconf 81' lang='lat' dir='ltr'><strong>ex</strong></span> <span class='ocrx_word' id='word_1_631' title='bbox 1065 1095 1220 1122; x_wconf 87' lang='lat' dir='ltr'><strong>simulacris</strong></span> <span class='ocrx_word' id='word_1_632' title='bbox 1246 1095 1433 1123; x_wconf 85' lang='lat' dir='ltr'><strong>institutorum</strong></span> <span class='ocrx_word' id='word_1_633' title='bbox 1455 1101 1482 1124; x_wconf 88' lang='lat' dir='ltr'><strong>et</strong></span> <span class='ocrx_word' id='word_1_634' title='bbox 1503 1097 1650 1125; x_wconf 86' lang='lat' dir='ltr'><strong>liberarum</strong></span> <span class='ocrx_word' id='word_1_635' title='bbox 1676 1098 1788 1126; x_wconf 85' lang='lat' dir='ltr'><strong>electio-</strong></span> 
     </span>
    </p>
   </div>
   <div class='ocr_carea' id='block_1_84' title="bbox 1002 1139 1786 1179">
    <p class='ocr_par' dir='ltr' id='par_1_84' title="bbox 1002 1139 1786 1179">
     <span class='ocr_line' id='line_1_84' title="bbox 1002 1139 1786 1179; baseline 0.008 -13"><span class='ocrx_word' id='word_1_636' title='bbox 1002 1147 1077 1167; x_wconf 92' lang='lat' dir='ltr'><strong>num.</strong></span> <span class='ocrx_word' id='word_1_637' title='bbox 1098 1139 1161 1168; x_wconf 86' lang='lat' dir='ltr'><strong>Sive</strong></span> <span class='ocrx_word' id='word_1_638' title='bbox 1174 1141 1246 1168; x_wconf 92' lang='lat' dir='ltr'><strong>enim</strong></span> <span class='ocrx_word' id='word_1_639' title='bbox 1261 1149 1358 1169; x_wconf 84' lang='lat' dir='ltr'><strong>aurum</strong></span> <span class='ocrx_word' id='word_1_640' title='bbox 1379 1142 1486 1176; x_wconf 86' lang='lat' dir='ltr'><strong>viderit,</strong></span> <span class='ocrx_word' id='word_1_641' title='bbox 1506 1151 1601 1170; x_wconf 87' lang='lat' dir='ltr'><strong>aurum</strong></span> <span class='ocrx_word' id='word_1_642' title='bbox 1624 1149 1747 1179; x_wconf 82' lang='lat' dir='ltr'><strong>apparet,</strong></span> <span class='ocrx_word' id='word_1_643' title='bbox 1759 1148 1786 1172; x_wconf 86' lang='lat' dir='ltr'><strong>et</strong></span> 
     </span>
    </p>
   </div>
   <div class='ocr_carea' id='block_1_85' title="bbox 1002 1186 1784 1222">
    <p class='ocr_par' dir='ltr' id='par_1_85' title="bbox 1002 1186 1784 1222">
     <span class='ocr_line' id='line_1_85' title="bbox 1002 1186 1784 1222; baseline 0.006 -10"><span class='ocrx_word' id='word_1_644' title='bbox 1002 1186 1128 1212; x_wconf 90' lang='lat' dir='ltr'><strong>eumdem</strong></span> <span class='ocrx_word' id='word_1_645' title='bbox 1138 1187 1258 1214; x_wconf 68' lang='lat' dir='ltr'><strong>materiae</strong></span> <span class='ocrx_word' id='word_1_646' title='bbox 1270 1187 1442 1222; x_wconf 81' lang='lat' dir='ltr'><strong>splendorem</strong></span> <span class='ocrx_word' id='word_1_647' title='bbox 1453 1195 1507 1222; x_wconf 84' lang='lat' dir='ltr'><strong>prae</strong></span> <span class='ocrx_word' id='word_1_648' title='bbox 1516 1197 1546 1216; x_wconf 87' lang='lat' dir='ltr'><strong>se</strong></span> <span class='ocrx_word' id='word_1_649' title='bbox 1558 1189 1625 1216; x_wconf 88' lang='lat' dir='ltr'><strong>fert:</strong></span> <span class='ocrx_word' id='word_1_650' title='bbox 1636 1190 1693 1217; x_wconf 84' lang='lat' dir='ltr'><strong>sive</strong></span> <span class='ocrx_word' id='word_1_651' title='bbox 1703 1190 1784 1217; x_wconf 88' lang='lat' dir='ltr'><strong>etiam</strong></span> 
     </span>
    </p>
   </div>
   <div class='ocr_carea' id='block_1_86' title="bbox 1002 1229 1785 1267">
    <p class='ocr_par' dir='ltr' id='par_1_86' title="bbox 1002 1229 1785 1267">
     <span class='ocr_line' id='line_1_86' title="bbox 1002 1229 1785 1267; baseline 0.008 -11"><span class='ocrx_word' id='word_1_652' title='bbox 1002 1229 1143 1264; x_wconf 86' lang='lat' dir='ltr'><strong>quidpiam</strong></span> <span class='ocrx_word' id='word_1_653' title='bbox 1158 1231 1280 1259; x_wconf 80' lang='lat' dir='ltr'><strong>deforme</strong></span> <span class='ocrx_word' id='word_1_654' title='bbox 1302 1233 1469 1267; x_wconf 86' lang='lat' dir='ltr'><strong>apparuerit,</strong></span> <span class='ocrx_word' id='word_1_655' title='bbox 1496 1233 1617 1261; x_wconf 85' lang='lat' dir='ltr'><strong>ean-dem</strong></span> <span class='ocrx_word' id='word_1_656' title='bbox 1631 1235 1711 1262; x_wconf 79' lang='lat' dir='ltr'><strong>etiam</strong></span> <span class='ocrx_word' id='word_1_657' title='bbox 1728 1239 1785 1263; x_wconf 87' lang='lat' dir='ltr'><strong>tur-</strong></span> 
     </span>
    </p>
   </div>
   <div class='ocr_carea' id='block_1_87' title="bbox 1002 1276 1786 1316">
    <p class='ocr_par' dir='ltr' id='par_1_87' title="bbox 1002 1276 1786 1316">
     <span class='ocr_line' id='line_1_87' title="bbox 1002 1276 1786 1316; baseline 0.008 -14"><span class='ocrx_word' id='word_1_658' title='bbox 1002 1276 1154 1310; x_wconf 90' lang='lat' dir='ltr'><strong>pitudinem</strong></span> <span class='ocrx_word' id='word_1_659' title='bbox 1181 1277 1310 1311; x_wconf 77' lang='lat' dir='ltr'><strong>exprimit</strong></span> <span class='ocrx_word' id='word_1_660' title='bbox 1337 1285 1384 1312; x_wconf 89' lang='lat' dir='ltr'><strong>per</strong></span> <span class='ocrx_word' id='word_1_661' title='bbox 1414 1279 1662 1312; x_wconf 87' lang='lat' dir='ltr'><strong>assimilationem,</strong></span> <span class='ocrx_word' id='word_1_662' title='bbox 1692 1285 1786 1316; x_wconf 89' lang='lat' dir='ltr'><strong>utpote</strong></span> 
     </span>
    </p>
   </div>
   <div class='ocr_carea' id='block_1_88' title="bbox 1002 1322 1784 1363">
    <p class='ocr_par' dir='ltr' id='par_1_88' title="bbox 1002 1322 1784 1363">
     <span class='ocr_line' id='line_1_88' title="bbox 1002 1322 1784 1363; baseline 0.009 -15"><span class='ocrx_word' id='word_1_663' title='bbox 1002 1329 1096 1349; x_wconf 88' lang='lat' dir='ltr'><strong>ranam</strong></span> <span class='ocrx_word' id='word_1_664' title='bbox 1114 1322 1244 1357; x_wconf 87' lang='lat' dir='ltr'><strong>aliquam,</strong></span> <span class='ocrx_word' id='word_1_665' title='bbox 1259 1329 1305 1350; x_wconf 88' lang='lat' dir='ltr'><strong>aut</strong></span> <span class='ocrx_word' id='word_1_666' title='bbox 1330 1324 1468 1357; x_wconf 81' lang='lat' dir='ltr'><strong>bufonem,</strong></span> <span class='ocrx_word' id='word_1_667' title='bbox 1496 1331 1542 1353; x_wconf 86' lang='lat' dir='ltr'><strong>aut</strong></span> <span class='ocrx_word' id='word_1_668' title='bbox 1565 1327 1784 1363; x_wconf 81' lang='lat' dir='ltr'><strong>scolopendram.</strong></span> 
     </span>
    </p>
   </div>
   <div class='ocr_carea' id='block_1_89' title="bbox 1003 1367 1785 1406">
    <p class='ocr_par' dir='ltr' id='par_1_89' title="bbox 1003 1367 1785 1406">
     <span class='ocr_line' id='line_1_89' title="bbox 1003 1367 1785 1406; baseline 0.01 -13"><span class='ocrx_word' id='word_1_669' title='bbox 1003 1371 1050 1394; x_wconf 88' lang='lat' dir='ltr'><strong>aut</strong></span> <span class='ocrx_word' id='word_1_670' title='bbox 1076 1367 1184 1402; x_wconf 79' lang='lat' dir='ltr'><strong>aliquod</strong></span> <span class='ocrx_word' id='word_1_671' title='bbox 1207 1369 1279 1395; x_wconf 89' lang='lat' dir='ltr'><strong>aliud</strong></span> <span class='ocrx_word' id='word_1_672' title='bbox 1302 1369 1482 1404; x_wconf 73' lang='lat' dir='ltr'><strong>iniucundum</strong></span> <span class='ocrx_word' id='word_1_673' title='bbox 1513 1373 1709 1406; x_wconf 86' lang='lat' dir='ltr'><strong>spectaculum,</strong></span> <span class='ocrx_word' id='word_1_674' title='bbox 1735 1381 1785 1401; x_wconf 84' lang='lat' dir='ltr'><strong>sua</strong></span> 
     </span>
    </p>
   </div>
   <div class='ocr_carea' id='block_1_90' title="bbox 1003 1411 1783 1449">
    <p class='ocr_par' dir='ltr' id='par_1_90' title="bbox 1003 1411 1783 1449">
     <span class='ocr_line' id='line_1_90' title="bbox 1003 1411 1783 1449; baseline 0.009 -10"><span class='ocrx_word' id='word_1_675' title='bbox 1003 1411 1089 1439; x_wconf 85' lang='lat' dir='ltr'><strong>forma</strong></span> <span class='ocrx_word' id='word_1_676' title='bbox 1105 1414 1228 1442; x_wconf 79' lang='lat' dir='ltr'><strong>referens</strong></span> <span class='ocrx_word' id='word_1_677' title='bbox 1239 1414 1310 1449; x_wconf 91' lang='lat' dir='ltr'><strong>quod</strong></span> <span class='ocrx_word' id='word_1_678' title='bbox 1323 1415 1461 1443; x_wconf 83' lang='lat' dir='ltr'><strong>inventum</strong></span> <span class='ocrx_word' id='word_1_679' title='bbox 1477 1415 1558 1443; x_wconf 68' lang='lat' dir='ltr'><strong>fuerit</strong></span> <span class='ocrx_word' id='word_1_680' title='bbox 1573 1417 1612 1445; x_wconf 89' lang='lat' dir='ltr'><strong>eis</strong></span> <span class='ocrx_word' id='word_1_681' title='bbox 1625 1418 1783 1446; x_wconf 86' lang='lat' dir='ltr'><strong>adversum.</strong></span> 
     </span>
    </p>
   </div>
   <div class='ocr_carea' id='block_1_91' title="bbox 1003 1458 1784 1500">
    <p class='ocr_par' dir='ltr' id='par_1_91' title="bbox 1003 1458 1784 1500">
     <span class='ocr_line' id='line_1_91' title="bbox 1003 1458 1784 1500; baseline 0.009 -15"><span class='ocrx_word' id='word_1_682' title='bbox 1003 1458 1137 1490; x_wconf 83' lang='lat' dir='ltr'><strong>Quoniam</strong></span> <span class='ocrx_word' id='word_1_683' title='bbox 1159 1467 1224 1494; x_wconf 75' lang='lat' dir='ltr'><strong>ergo</strong></span> <span class='ocrx_word' id='word_1_684' title='bbox 1239 1461 1353 1495; x_wconf 88' lang='lat' dir='ltr'><strong>expulso</strong></span> <span class='ocrx_word' id='word_1_685' title='bbox 1378 1468 1393 1488; x_wconf 91' lang='lat' dir='ltr'><strong>a</strong></span> <span class='ocrx_word' id='word_1_686' title='bbox 1409 1465 1485 1496; x_wconf 74' lang='lat' dir='ltr'><strong>tergo</strong></span> <span class='ocrx_word' id='word_1_687' title='bbox 1499 1463 1575 1496; x_wconf 86' lang='lat' dir='ltr'><strong>vitio,</strong></span> <span class='ocrx_word' id='word_1_688' title='bbox 1597 1468 1746 1500; x_wconf 77' lang='lat' dir='ltr'><strong>expurgatu</strong></span> <span class='ocrx_word' id='word_1_689' title='bbox 1768 1473 1784 1492; x_wconf 90' lang='lat' dir='ltr'><strong>a</strong></span> 
     </span>
    </p>
   </div>
   <div class='ocr_carea' id='block_1_92' title="bbox 1003 1503 1785 1543">
    <p class='ocr_par' dir='ltr' id='par_1_92' title="bbox 1003 1503 1785 1543">
     <span class='ocr_line' id='line_1_92' title="bbox 1003 1503 1785 1543; baseline 0.009 -12"><span class='ocrx_word' id='word_1_690' title='bbox 1003 1503 1092 1532; x_wconf 69' lang='lat' dir='ltr'><strong>Verbo</strong></span> <span class='ocrx_word' id='word_1_691' title='bbox 1100 1505 1201 1539; x_wconf 86' lang='lat' dir='ltr'><strong>anima,</strong></span> <span class='ocrx_word' id='word_1_692' title='bbox 1214 1507 1281 1534; x_wconf 86' lang='lat' dir='ltr'><strong>solis</strong></span> <span class='ocrx_word' id='word_1_693' title='bbox 1293 1506 1425 1533; x_wconf 90' lang='lat' dir='ltr'><strong>circulum</strong></span> <span class='ocrx_word' id='word_1_694' title='bbox 1439 1508 1465 1534; x_wconf 93' lang='lat' dir='ltr'><strong>in</strong></span> <span class='ocrx_word' id='word_1_695' title='bbox 1479 1515 1508 1535; x_wconf 89' lang='lat' dir='ltr'><strong>se</strong></span> <span class='ocrx_word' id='word_1_696' title='bbox 1523 1510 1653 1543; x_wconf 85' lang='lat' dir='ltr'><strong>suscepit,</strong></span> <span class='ocrx_word' id='word_1_697' title='bbox 1665 1514 1692 1537; x_wconf 92' lang='lat' dir='ltr'><strong>et</strong></span> <span class='ocrx_word' id='word_1_698' title='bbox 1703 1510 1785 1538; x_wconf 88' lang='lat' dir='ltr'><strong>simul</strong></span> 
     </span>
    </p>
   </div>
   <div class='ocr_carea' id='block_1_93' title="bbox 1005 1549 1784 1591">
    <p class='ocr_par' dir='ltr' id='par_1_93' title="bbox 1005 1549 1784 1591">
     <span class='ocr_line' id='line_1_93' title="bbox 1005 1549 1784 1591; baseline 0.01 -15"><span class='ocrx_word' id='word_1_699' title='bbox 1005 1549 1104 1576; x_wconf 76' lang='lat' dir='ltr'><strong>reluxit</strong></span> <span class='ocrx_word' id='word_1_700' title='bbox 1118 1558 1179 1577; x_wconf 90' lang='lat' dir='ltr'><strong>cum</strong></span> <span class='ocrx_word' id='word_1_701' title='bbox 1196 1551 1257 1578; x_wconf 87' lang='lat' dir='ltr'><strong>luce</strong></span> <span class='ocrx_word' id='word_1_702' title='bbox 1279 1559 1340 1586; x_wconf 64' lang='lat' dir='ltr'><strong>quae</strong></span> <span class='ocrx_word' id='word_1_703' title='bbox 1362 1553 1389 1579; x_wconf 90' lang='lat' dir='ltr'><strong>in</strong></span> <span class='ocrx_word' id='word_1_704' title='bbox 1408 1552 1467 1587; x_wconf 86' lang='lat' dir='ltr'><strong>ipsa</strong></span> <span class='ocrx_word' id='word_1_705' title='bbox 1489 1555 1625 1589; x_wconf 80' lang='lat' dir='ltr'><strong>apparuit,</strong></span> <span class='ocrx_word' id='word_1_706' title='bbox 1643 1561 1784 1591; x_wconf 79' lang='lat' dir='ltr'><strong>prapterca</strong></span> 
     </span>
    </p>
   </div>
   <div class='ocr_carea' id='block_1_94' title="bbox 1003 1595 1784 1635">
    <p class='ocr_par' dir='ltr' id='par_1_94' title="bbox 1003 1595 1784 1635">
     <span class='ocr_line' id='line_1_94' title="bbox 1003 1595 1784 1635; baseline 0.012 -15"><span class='ocrx_word' id='word_1_707' title='bbox 1003 1596 1029 1623; x_wconf 83' lang='lat' dir='ltr'><strong>ei</strong></span> <span class='ocrx_word' id='word_1_708' title='bbox 1045 1597 1111 1623; x_wconf 81' lang='lat' dir='ltr'><strong>dicit</strong></span> <span class='ocrx_word' id='word_1_709' title='bbox 1122 1595 1385 1626; x_wconf 74' lang='lat' dir='ltr'><strong>VerbumzPulchra</strong></span> <span class='ocrx_word' id='word_1_710' title='bbox 1400 1598 1469 1625; x_wconf 86' lang='lat' dir='ltr'><strong>facta</strong></span> <span class='ocrx_word' id='word_1_711' title='bbox 1492 1607 1532 1631; x_wconf 88' lang='lat' dir='ltr'><strong>es,</strong></span> <span class='ocrx_word' id='word_1_712' title='bbox 1552 1608 1613 1635; x_wconf 72' lang='lat' dir='ltr'><strong>qua:</strong></span> <span class='ocrx_word' id='word_1_713' title='bbox 1636 1609 1701 1629; x_wconf 70' lang='lat' dir='ltr'><strong>mem</strong></span> <span class='ocrx_word' id='word_1_714' title='bbox 1729 1602 1784 1630; x_wconf 86' lang='lat' dir='ltr'><strong>luci</strong></span> 
     </span>
    </p>
   </div>
   <div class='ocr_carea' id='block_1_95' title="bbox 1004 1643 1785 1682">
    <p class='ocr_par' dir='ltr' id='par_1_95' title="bbox 1004 1643 1785 1682">
     <span class='ocr_line' id='line_1_95' title="bbox 1004 1643 1785 1682; baseline 0.009 -14"><span class='ocrx_word' id='word_1_715' title='bbox 1004 1643 1239 1677; x_wconf 89' lang='lat' dir='ltr'><strong>appropinquasti,</strong></span> <span class='ocrx_word' id='word_1_716' title='bbox 1260 1651 1308 1677; x_wconf 94' lang='lat' dir='ltr'><strong>per</strong></span> <span class='ocrx_word' id='word_1_717' title='bbox 1322 1645 1613 1680; x_wconf 85' lang='lat' dir='ltr'><strong>appropinquationcm</strong></span> <span class='ocrx_word' id='word_1_718' title='bbox 1639 1648 1785 1682; x_wconf 86' lang='lat' dir='ltr'><strong>acquireus</strong></span> 
     </span>
    </p>
   </div>
   <div class='ocr_carea' id='block_1_96' title="bbox 1003 1688 1783 1726">
    <p class='ocr_par' dir='ltr' id='par_1_96' title="bbox 1003 1688 1783 1726">
     <span class='ocr_line' id='line_1_96' title="bbox 1003 1688 1783 1726; baseline 0.005 -12"><span class='ocrx_word' id='word_1_719' title='bbox 1003 1688 1221 1715; x_wconf 88' lang='lat' dir='ltr'><strong>communionem</strong></span> <span class='ocrx_word' id='word_1_720' title='bbox 1251 1689 1476 1723; x_wconf 87' lang='lat' dir='ltr'><strong>pulchritudinis.</strong></span> <span class='ocrx_word' id='word_1_721' title='bbox 1508 1690 1575 1718; x_wconf 79' lang='lat' dir='ltr'><strong>Ecce</strong></span> <span class='ocrx_word' id='word_1_722' title='bbox 1605 1700 1648 1724; x_wconf 74' lang='lat' dir='ltr'><strong>es,</strong></span> <span class='ocrx_word' id='word_1_723' title='bbox 1684 1692 1783 1726; x_wconf 89' lang='lat' dir='ltr'><strong>inquit,</strong></span> 
     </span>
    </p>
   </div>
   <div class='ocr_carea' id='block_1_97' title="bbox 1002 1733 1784 1769">
    <p class='ocr_par' dir='ltr' id='par_1_97' title="bbox 1002 1733 1784 1769">
     <span class='ocr_line' id='line_1_97' title="bbox 1002 1733 1784 1769; baseline 0.004 -10"><span class='ocrx_word' id='word_1_724' title='bbox 1002 1733 1123 1767; x_wconf 79' lang='lat' dir='ltr'><strong>pulchra,</strong></span> <span class='ocrx_word' id='word_1_725' title='bbox 1136 1734 1282 1767; x_wconf 81' lang='lat' dir='ltr'><strong>propinqua</strong></span> <span class='ocrx_word' id='word_1_726' title='bbox 1295 1742 1362 1761; x_wconf 85' lang='lat' dir='ltr'><strong>mea.</strong></span> <span class='ocrx_word' id='word_1_727' title='bbox 1376 1734 1477 1762; x_wconf 87' lang='lat' dir='ltr'><strong>Deinde</strong></span> <span class='ocrx_word' id='word_1_728' title='bbox 1488 1743 1549 1762; x_wconf 89' lang='lat' dir='ltr'><strong>cum</strong></span> <span class='ocrx_word' id='word_1_729' title='bbox 1563 1743 1592 1763; x_wconf 87' lang='lat' dir='ltr'><strong>se</strong></span> <span class='ocrx_word' id='word_1_730' title='bbox 1603 1736 1784 1769; x_wconf 83' lang='lat' dir='ltr'><strong>cohibuisset,</strong></span> 
     </span>
    </p>
   </div>
   <div class='ocr_carea' id='block_1_98' title="bbox 1002 1778 1785 1813">
    <p class='ocr_par' dir='ltr' id='par_1_98' title="bbox 1002 1778 1785 1813">
     <span class='ocr_line' id='line_1_98' title="bbox 1002 1778 1785 1813; baseline 0.004 -8"><span class='ocrx_word' id='word_1_731' title='bbox 1002 1782 1030 1805; x_wconf 87' lang='lat' dir='ltr'><strong>et</strong></span> <span class='ocrx_word' id='word_1_732' title='bbox 1043 1786 1102 1806; x_wconf 90' lang='lat' dir='ltr'><strong>eam</strong></span> <span class='ocrx_word' id='word_1_733' title='bbox 1124 1779 1207 1806; x_wconf 89' lang='lat' dir='ltr'><strong>veluti</strong></span> <span class='ocrx_word' id='word_1_734' title='bbox 1223 1779 1249 1805; x_wconf 93' lang='lat' dir='ltr'><strong>in</strong></span> <span class='ocrx_word' id='word_1_735' title='bbox 1274 1778 1392 1813; x_wconf 84' lang='lat' dir='ltr'><strong>quadam</strong></span> <span class='ocrx_word' id='word_1_736' title='bbox 1418 1779 1556 1807; x_wconf 90' lang='lat' dir='ltr'><strong>additione</strong></span> <span class='ocrx_word' id='word_1_737' title='bbox 1575 1784 1602 1808; x_wconf 90' lang='lat' dir='ltr'><strong>et</strong></span> <span class='ocrx_word' id='word_1_738' title='bbox 1626 1781 1785 1809; x_wconf 82' lang='lat' dir='ltr'><strong>accessione</strong></span> 
     </span>
    </p>
   </div>
   <div class='ocr_carea' id='block_1_99' title="bbox 1003 1824 1784 1858">
    <p class='ocr_par' dir='ltr' id='par_1_99' title="bbox 1003 1824 1784 1858">
     <span class='ocr_line' id='line_1_99' title="bbox 1003 1824 1784 1858; baseline 0.003 -7"><span class='ocrx_word' id='word_1_739' title='bbox 1003 1824 1202 1857; x_wconf 83' lang='lat' dir='ltr'><strong>contemplatus</strong></span> <span class='ocrx_word' id='word_1_740' title='bbox 1217 1827 1292 1852; x_wconf 85' lang='lat' dir='ltr'><strong>esset</strong></span> <span class='ocrx_word' id='word_1_741' title='bbox 1311 1824 1534 1858; x_wconf 86' lang='lat' dir='ltr'><strong>pulchritudinis,</strong></span> <span class='ocrx_word' id='word_1_742' title='bbox 1549 1833 1644 1853; x_wconf 86' lang='lat' dir='ltr'><strong>rursus</strong></span> <span class='ocrx_word' id='word_1_743' title='bbox 1660 1826 1784 1854; x_wconf 84' lang='lat' dir='ltr'><strong>eamdem</strong></span> 
     </span>
    </p>
   </div>
   <div class='ocr_carea' id='block_1_100' title="bbox 1002 1869 1783 1906">
    <p class='ocr_par' dir='ltr' id='par_1_100' title="bbox 1002 1869 1783 1906">
     <span class='ocr_line' id='line_1_100' title="bbox 1002 1869 1783 1906; baseline 0.004 -10"><span class='ocrx_word' id='word_1_744' title='bbox 1002 1870 1101 1904; x_wconf 87' lang='lat' dir='ltr'><strong>repetit</strong></span> <span class='ocrx_word' id='word_1_745' title='bbox 1134 1869 1310 1903; x_wconf 88' lang='lat' dir='ltr'><strong>orationem,</strong></span> <span class='ocrx_word' id='word_1_746' title='bbox 1349 1870 1467 1897; x_wconf 90' lang='lat' dir='ltr'><strong>dicens:</strong></span> <span class='ocrx_word' id='word_1_747' title='bbox 1503 1869 1570 1897; x_wconf 82' lang='lat' dir='ltr'><strong>Ecce</strong></span> <span class='ocrx_word' id='word_1_748' title='bbox 1608 1871 1718 1906; x_wconf 78' lang='lat' dir='ltr'><strong>pulchra</strong></span> <span class='ocrx_word' id='word_1_749' title='bbox 1744 1880 1783 1900; x_wconf 74' lang='lat' dir='ltr'><strong>es.</strong></span> 
     </span>
    </p>
   </div>
   <div class='ocr_carea' id='block_1_101' title="bbox 1004 1916 1783 1952">
    <p class='ocr_par' dir='ltr' id='par_1_101' title="bbox 1004 1916 1783 1952">
     <span class='ocr_line' id='line_1_101' title="bbox 1004 1916 1783 1952; baseline 0.001 -9"><span class='ocrx_word' id='word_1_750' title='bbox 1004 1916 1056 1943; x_wconf 86' lang='lat' dir='ltr'><strong>Sed</strong></span> <span class='ocrx_word' id='word_1_751' title='bbox 1092 1916 1167 1951; x_wconf 91' lang='lat' dir='ltr'><strong>prius</strong></span> <span class='ocrx_word' id='word_1_752' title='bbox 1198 1916 1306 1951; x_wconf 87' lang='lat' dir='ltr'><strong>quidem</strong></span> <span class='ocrx_word' id='word_1_753' title='bbox 1329 1923 1388 1943; x_wconf 86' lang='lat' dir='ltr'><strong>eam</strong></span> <span class='ocrx_word' id='word_1_754' title='bbox 1414 1916 1565 1943; x_wconf 86' lang='lat' dir='ltr'><strong>nominavit</strong></span> <span class='ocrx_word' id='word_1_755' title='bbox 1582 1917 1783 1952; x_wconf 78' lang='lat' dir='ltr'><strong>propinquam:</strong></span> 
     </span>
    </p>
   </div>
   <div class='ocr_carea' id='block_1_102' title="bbox 1001 1960 1787 1996">
    <p class='ocr_par' dir='ltr' id='par_1_102' title="bbox 1001 1960 1787 1996">
     <span class='ocr_line' id='line_1_102' title="bbox 1001 1960 1787 1996; baseline 0.001 -9"><span class='ocrx_word' id='word_1_756' title='bbox 1001 1960 1048 1988; x_wconf 88' lang='lat' dir='ltr'><strong>hic</strong></span> <span class='ocrx_word' id='word_1_757' title='bbox 1068 1965 1157 1987; x_wconf 85' lang='lat' dir='ltr'><strong>autem</strong></span> <span class='ocrx_word' id='word_1_758' title='bbox 1174 1968 1232 1987; x_wconf 91' lang='lat' dir='ltr'><strong>cam</strong></span> <span class='ocrx_word' id='word_1_759' title='bbox 1250 1968 1310 1995; x_wconf 60' lang='lat' dir='ltr'><strong>quae</strong></span> <span class='ocrx_word' id='word_1_760' title='bbox 1337 1961 1512 1994; x_wconf 75' lang='lat' dir='ltr'><strong>cognosci&#39;ur</strong></span> <span class='ocrx_word' id='word_1_761' title='bbox 1534 1969 1566 1987; x_wconf 83' lang='lat' dir='ltr'><strong>ex</strong></span> <span class='ocrx_word' id='word_1_762' title='bbox 1585 1962 1676 1996; x_wconf 86' lang='lat' dir='ltr'><strong>specie</strong></span> <span class='ocrx_word' id='word_1_763' title='bbox 1693 1963 1787 1988; x_wconf 87' lang='lat' dir='ltr'><strong>oculo—</strong></span> 
     </span>
    </p>
   </div>
   <div class='ocr_carea' id='block_1_103' title="bbox 1003 2005 1786 2042">
    <p class='ocr_par' dir='ltr' id='par_1_103' title="bbox 1003 2005 1786 2042">
     <span class='ocr_line' id='line_1_103' title="bbox 1003 2005 1786 2042; baseline 0 -8"><span class='ocrx_word' id='word_1_764' title='bbox 1003 2015 1079 2039; x_wconf 89' lang='lat' dir='ltr'><strong>rum,</strong></span> <span class='ocrx_word' id='word_1_765' title='bbox 1098 2007 1176 2035; x_wconf 82' lang='lat' dir='ltr'><strong>Oculi</strong></span> <span class='ocrx_word' id='word_1_766' title='bbox 1194 2007 1266 2034; x_wconf 90' lang='lat' dir='ltr'><strong>enim</strong></span> <span class='ocrx_word' id='word_1_767' title='bbox 1285 2007 1322 2033; x_wconf 82' lang='lat' dir='ltr'><strong>tui</strong></span> <span class='ocrx_word' id='word_1_768' title='bbox 1339 2007 1475 2033; x_wconf 66' lang='lat' dir='ltr'><strong>columba).</strong></span> <span class='ocrx_word' id='word_1_769' title='bbox 1489 2005 1568 2033; x_wconf 86' lang='lat' dir='ltr'><strong>Prius</strong></span> <span class='ocrx_word' id='word_1_770' title='bbox 1586 2007 1657 2034; x_wconf 87' lang='lat' dir='ltr'><strong>enim</strong></span> <span class='ocrx_word' id='word_1_771' title='bbox 1678 2007 1786 2042; x_wconf 81' lang='lat' dir='ltr'><strong>quando</strong></span> 
     </span>
    </p>
   </div>
   <div class='ocr_carea' id='block_1_104' title="bbox 1003 2052 1784 2087">
    <p class='ocr_par' dir='ltr' id='par_1_104' title="bbox 1003 2052 1784 2087">
     <span class='ocr_line' id='line_1_104' title="bbox 1003 2052 1784 2087; baseline 0 -7"><span class='ocrx_word' id='word_1_772' title='bbox 1003 2060 1072 2087; x_wconf 83' lang='lat' dir='ltr'><strong>equo</strong></span> <span class='ocrx_word' id='word_1_773' title='bbox 1088 2052 1139 2080; x_wconf 84' lang='lat' dir='ltr'><strong>fuit</strong></span> <span class='ocrx_word' id='word_1_774' title='bbox 1154 2053 1302 2080; x_wconf 85' lang='lat' dir='ltr'><strong>assimilata</strong></span> <span class='ocrx_word' id='word_1_775' title='bbox 1314 2073 1321 2085; x_wconf 93' lang='lat'><strong>,</strong></span> <span class='ocrx_word' id='word_1_776' title='bbox 1342 2053 1401 2079; x_wconf 72' lang='lat' dir='ltr'><strong>imis</strong></span> <span class='ocrx_word' id='word_1_777' title='bbox 1418 2055 1476 2080; x_wconf 88' lang='lat' dir='ltr'><strong>erat</strong></span> <span class='ocrx_word' id='word_1_778' title='bbox 1492 2052 1519 2078; x_wconf 92' lang='lat' dir='ltr'><strong>in</strong></span> <span class='ocrx_word' id='word_1_779' title='bbox 1536 2053 1646 2079; x_wconf 74' lang='lat' dir='ltr'><strong>maxilla</strong></span> <span class='ocrx_word' id='word_1_780' title='bbox 1661 2058 1688 2080; x_wconf 92' lang='lat' dir='ltr'><strong>et</strong></span> <span class='ocrx_word' id='word_1_781' title='bbox 1702 2053 1784 2080; x_wconf 85' lang='lat' dir='ltr'><strong>collo.</strong></span> 
     </span>
    </p>
   </div>
   <div class='ocr_carea' id='block_1_105' title="bbox 1003 2098 1787 2133">
    <p class='ocr_par' dir='ltr' id='par_1_105' title="bbox 1003 2098 1787 2133">
     <span class='ocr_line' id='line_1_105' title="bbox 1003 2098 1787 2133; baseline 0 -7"><span class='ocrx_word' id='word_1_782' title='bbox 1003 2099 1081 2126; x_wconf 73' lang='lat' dir='ltr'><strong>Nilne</strong></span> <span class='ocrx_word' id='word_1_783' title='bbox 1103 2103 1191 2126; x_wconf 84' lang='lat' dir='ltr'><strong>autem</strong></span> <span class='ocrx_word' id='word_1_784' title='bbox 1213 2106 1275 2125; x_wconf 83' lang='lat' dir='ltr'><strong>cum</strong></span> <span class='ocrx_word' id='word_1_785' title='bbox 1291 2098 1350 2131; x_wconf 90' lang='lat' dir='ltr'><strong>ejus</strong></span> <span class='ocrx_word' id='word_1_786' title='bbox 1373 2098 1479 2132; x_wconf 85' lang='lat' dir='ltr'><strong>propria</strong></span> <span class='ocrx_word' id='word_1_787' title='bbox 1496 2098 1787 2133; x_wconf 70' lang='lat' dir='ltr'><strong>apparuit‘pulchritu-</strong></span> 
     </span>
    </p>
   </div>
   <div class='ocr_carea' id='block_1_106' title="bbox 1003 2142 1786 2178">
    <p class='ocr_par' dir='ltr' id='par_1_106' title="bbox 1003 2142 1786 2178">
     <span class='ocr_line' id='line_1_106' title="bbox 1003 2142 1786 2178; baseline 0.003 -8"><span class='ocrx_word' id='word_1_788' title='bbox 1003 2143 1055 2175; x_wconf 86' lang='lat' dir='ltr'><strong>do,</strong></span> <span class='ocrx_word' id='word_1_789' title='bbox 1071 2143 1197 2170; x_wconf 84' lang='lat' dir='ltr'><strong>laudatur</strong></span> <span class='ocrx_word' id='word_1_790' title='bbox 1210 2143 1297 2178; x_wconf 84' lang='lat' dir='ltr'><strong>gratia</strong></span> <span class='ocrx_word' id='word_1_791' title='bbox 1313 2147 1339 2170; x_wconf 91' lang='lat' dir='ltr'><strong>et</strong></span> <span class='ocrx_word' id='word_1_792' title='bbox 1354 2143 1438 2170; x_wconf 84' lang='lat' dir='ltr'><strong>decor</strong></span> <span class='ocrx_word' id='word_1_793' title='bbox 1457 2142 1516 2176; x_wconf 85' lang='lat' dir='ltr'><strong>ejus</strong></span> <span class='ocrx_word' id='word_1_794' title='bbox 1536 2143 1688 2170; x_wconf 91' lang='lat' dir='ltr'><strong>oculorum.</strong></span> <span class='ocrx_word' id='word_1_795' title='bbox 1715 2144 1786 2172; x_wconf 87' lang='lat' dir='ltr'><strong>Laus</strong></span> 
     </span>
    </p>
   </div>
   <div class='ocr_carea' id='block_1_107' title="bbox 1004 2186 1780 2222">
    <p class='ocr_par' dir='ltr' id='par_1_107' title="bbox 1004 2186 1780 2222">
     <span class='ocr_line' id='line_1_107' title="bbox 1004 2186 1780 2222; baseline -0.001 -6"><span class='ocrx_word' id='word_1_796' title='bbox 1004 2194 1092 2216; x_wconf 84' lang='lat' dir='ltr'><strong>autem</strong></span> <span class='ocrx_word' id='word_1_797' title='bbox 1111 2189 1170 2222; x_wconf 84' lang='lat' dir='ltr'><strong>ejus</strong></span> <span class='ocrx_word' id='word_1_798' title='bbox 1189 2188 1332 2215; x_wconf 85' lang='lat' dir='ltr'><strong>oculorum</strong></span> <span class='ocrx_word' id='word_1_799' title='bbox 1345 2207 1353 2218; x_wconf 89' lang='lat'><strong>,</strong></span> <span class='ocrx_word' id='word_1_800' title='bbox 1375 2187 1446 2222; x_wconf 89' lang='lat' dir='ltr'><strong>quod</strong></span> <span class='ocrx_word' id='word_1_801' title='bbox 1469 2186 1523 2213; x_wconf 92' lang='lat' dir='ltr'><strong>sint</strong></span> <span class='ocrx_word' id='word_1_802' title='bbox 1545 2187 1617 2213; x_wconf 88' lang='lat' dir='ltr'><strong>oculi</strong></span> <span class='ocrx_word' id='word_1_803' title='bbox 1637 2188 1780 2215; x_wconf 61' lang='lat' dir='ltr'><strong>columbae.</strong></span> 
     </span>
    </p>
   </div>
   <div class='ocr_carea' id='block_1_108' title="bbox 1003 2232 1787 2268">
    <p class='ocr_par' dir='ltr' id='par_1_108' title="bbox 1003 2232 1787 2268">
     <span class='ocr_line' id='line_1_108' title="bbox 1003 2232 1787 2268; baseline -0.001 -7"><span class='ocrx_word' id='word_1_804' title='bbox 1003 2234 1080 2267; x_wconf 87' lang='lat' dir='ltr'><strong>Quod</strong></span> <span class='ocrx_word' id='word_1_805' title='bbox 1101 2233 1209 2268; x_wconf 89' lang='lat' dir='ltr'><strong>quidem</strong></span> <span class='ocrx_word' id='word_1_806' title='bbox 1232 2233 1297 2260; x_wconf 88' lang='lat' dir='ltr'><strong>mihi</strong></span> <span class='ocrx_word' id='word_1_807' title='bbox 1315 2233 1420 2259; x_wconf 82' lang='lat' dir='ltr'><strong>videtur</strong></span> <span class='ocrx_word' id='word_1_808' title='bbox 1434 2232 1506 2258; x_wconf 85' lang='lat' dir='ltr'><strong>hunc</strong></span> <span class='ocrx_word' id='word_1_809' title='bbox 1520 2239 1630 2259; x_wconf 88' lang='lat' dir='ltr'><strong>sensum</strong></span> <span class='ocrx_word' id='word_1_810' title='bbox 1646 2233 1787 2266; x_wconf 86' lang='lat' dir='ltr'><strong>indicare,</strong></span> 
     </span>
    </p>
   </div>
   <div class='ocr_carea' id='block_1_109' title="bbox 1003 2277 1787 2315">
    <p class='ocr_par' dir='ltr' id='par_1_109' title="bbox 1003 2277 1787 2315">
     <span class='ocr_line' id='line_1_109' title="bbox 1003 2277 1787 2315; baseline 0 -9"><span class='ocrx_word' id='word_1_811' title='bbox 1003 2279 1222 2315; x_wconf 89' lang='lat' dir='ltr'><strong>quandoquidem</strong></span> <span class='ocrx_word' id='word_1_812' title='bbox 1240 2278 1267 2305; x_wconf 89' lang='lat' dir='ltr'><strong>in</strong></span> <span class='ocrx_word' id='word_1_813' title='bbox 1284 2278 1395 2313; x_wconf 89' lang='lat' dir='ltr'><strong>pupillis</strong></span> <span class='ocrx_word' id='word_1_814' title='bbox 1408 2277 1550 2304; x_wconf 89' lang='lat' dir='ltr'><strong>oculorum</strong></span> <span class='ocrx_word' id='word_1_815' title='bbox 1573 2283 1723 2305; x_wconf 88' lang='lat' dir='ltr'><strong>cernuntur</strong></span> <span class='ocrx_word' id='word_1_816' title='bbox 1746 2279 1787 2306; x_wconf 85' lang='lat' dir='ltr'><strong>fa-</strong></span> 
     </span>
    </p>
   </div>
   <div class='ocr_carea' id='block_1_110' title="bbox 1003 2322 1786 2359">
    <p class='ocr_par' dir='ltr' id='par_1_110' title="bbox 1003 2322 1786 2359">
     <span class='ocr_line' id='line_1_110' title="bbox 1003 2322 1786 2359; baseline -0.001 -7"><span class='ocrx_word' id='word_1_817' title='bbox 1003 2326 1058 2353; x_wconf 86' lang='lat' dir='ltr'><strong>cies</strong></span> <span class='ocrx_word' id='word_1_818' title='bbox 1072 2332 1168 2352; x_wconf 89' lang='lat' dir='ltr'><strong>eorum</strong></span> <span class='ocrx_word' id='word_1_819' title='bbox 1186 2324 1231 2359; x_wconf 89' lang='lat' dir='ltr'><strong>qui</strong></span> <span class='ocrx_word' id='word_1_820' title='bbox 1251 2323 1312 2350; x_wconf 75' lang='lat' dir='ltr'><strong>fixis</strong></span> <span class='ocrx_word' id='word_1_821' title='bbox 1330 2323 1473 2350; x_wconf 85' lang='lat' dir='ltr'><strong>intuentur</strong></span> <span class='ocrx_word' id='word_1_822' title='bbox 1486 2323 1583 2350; x_wconf 90' lang='lat' dir='ltr'><strong>oculis.</strong></span> <span class='ocrx_word' id='word_1_823' title='bbox 1604 2322 1701 2351; x_wconf 89' lang='lat' dir='ltr'><strong>Dicunt</strong></span> <span class='ocrx_word' id='word_1_824' title='bbox 1716 2325 1786 2352; x_wconf 87' lang='lat' dir='ltr'><strong>enim</strong></span> 
     </span>
    </p>
   </div>
   <div class='ocr_carea' id='block_1_111' title="bbox 1003 2367 1788 2406">
    <p class='ocr_par' dir='ltr' id='par_1_111' title="bbox 1003 2367 1788 2406">
     <span class='ocr_line' id='line_1_111' title="bbox 1003 2367 1788 2406; baseline -0.003 -8"><span class='ocrx_word' id='word_1_825' title='bbox 1003 2371 1030 2398; x_wconf 91' lang='lat' dir='ltr'><strong>hi</strong></span> <span class='ocrx_word' id='word_1_826' title='bbox 1045 2371 1092 2406; x_wconf 90' lang='lat' dir='ltr'><strong>qui</strong></span> <span class='ocrx_word' id='word_1_827' title='bbox 1108 2374 1173 2398; x_wconf 90' lang='lat' dir='ltr'><strong>sunt</strong></span> <span class='ocrx_word' id='word_1_828' title='bbox 1187 2369 1294 2405; x_wconf 70' lang='lat' dir='ltr'><strong>prmditi</strong></span> <span class='ocrx_word' id='word_1_829' title='bbox 1311 2369 1426 2396; x_wconf 90' lang='lat' dir='ltr'><strong>scicntia</strong></span> <span class='ocrx_word' id='word_1_830' title='bbox 1447 2367 1602 2403; x_wconf 90' lang='lat' dir='ltr'><strong>hujusmodi</strong></span> <span class='ocrx_word' id='word_1_831' title='bbox 1625 2376 1715 2395; x_wconf 86' lang='lat' dir='ltr'><strong>rerum</strong></span> <span class='ocrx_word' id='word_1_832' title='bbox 1740 2377 1788 2396; x_wconf 90' lang='lat' dir='ltr'><strong>na-</strong></span> 
     </span>
    </p>
   </div>
   <div class='ocr_carea' id='block_1_112' title="bbox 1005 2413 1788 2450">
    <p class='ocr_par' dir='ltr' id='par_1_112' title="bbox 1005 2413 1788 2450">
     <span class='ocr_line' id='line_1_112' title="bbox 1005 2413 1788 2450; baseline -0.005 -6"><span class='ocrx_word' id='word_1_833' title='bbox 1005 2417 1153 2449; x_wconf 88' lang='lat' dir='ltr'><strong>turalium,</strong></span> <span class='ocrx_word' id='word_1_834' title='bbox 1178 2415 1251 2450; x_wconf 90' lang='lat' dir='ltr'><strong>quod</strong></span> <span class='ocrx_word' id='word_1_835' title='bbox 1277 2414 1488 2442; x_wconf 89' lang='lat' dir='ltr'><strong>simulacrorum</strong></span> <span class='ocrx_word' id='word_1_836' title='bbox 1516 2413 1687 2441; x_wconf 89' lang='lat' dir='ltr'><strong>incursiones</strong></span> <span class='ocrx_word' id='word_1_837' title='bbox 1714 2414 1788 2440; x_wconf 77' lang='lat' dir='ltr'><strong>exci-</strong></span> 
     </span>
    </p>
   </div>
   <div class='ocr_carea' id='block_1_113' title="bbox 1006 2459 1790 2498">
    <p class='ocr_par' dir='ltr' id='par_1_113' title="bbox 1006 2459 1790 2498">
     <span class='ocr_line' id='line_1_113' title="bbox 1006 2459 1790 2498; baseline -0.005 -8"><span class='ocrx_word' id='word_1_838' title='bbox 1006 2463 1098 2498; x_wconf 87' lang='lat' dir='ltr'><strong>piens,</strong></span> <span class='ocrx_word' id='word_1_839' title='bbox 1116 2469 1176 2497; x_wconf 66' lang='lat' dir='ltr'><strong>quaa</strong></span> <span class='ocrx_word' id='word_1_840' title='bbox 1190 2464 1291 2489; x_wconf 82' lang='lat' dir='ltr'><strong>exeunt</strong></span> <span class='ocrx_word' id='word_1_841' title='bbox 1305 2468 1338 2488; x_wconf 86' lang='lat' dir='ltr'><strong>ex</strong></span> <span class='ocrx_word' id='word_1_842' title='bbox 1354 2460 1436 2488; x_wconf 84' lang='lat' dir='ltr'><strong>rebus</strong></span> <span class='ocrx_word' id='word_1_843' title='bbox 1453 2460 1682 2494; x_wconf 77' lang='lat' dir='ltr'><strong>aspectabilibus,</strong></span> <span class='ocrx_word' id='word_1_844' title='bbox 1697 2459 1734 2486; x_wconf 89' lang='lat' dir='ltr'><strong>ita</strong></span> <span class='ocrx_word' id='word_1_845' title='bbox 1750 2459 1790 2486; x_wconf 90' lang='lat' dir='ltr'><strong>vi-</strong></span> 
     </span>
    </p>
   </div>
   <div class='ocr_carea' id='block_1_114' title="bbox 1007 2502 1790 2541">
    <p class='ocr_par' dir='ltr' id='par_1_114' title="bbox 1007 2502 1790 2541">
     <span class='ocr_line' id='line_1_114' title="bbox 1007 2502 1790 2541; baseline -0.006 -7"><span class='ocrx_word' id='word_1_846' title='bbox 1007 2515 1066 2535; x_wconf 86' lang='lat' dir='ltr'><strong>sum</strong></span> <span class='ocrx_word' id='word_1_847' title='bbox 1084 2507 1112 2533; x_wconf 93' lang='lat' dir='ltr'><strong>in</strong></span> <span class='ocrx_word' id='word_1_848' title='bbox 1128 2505 1313 2541; x_wconf 85' lang='lat' dir='ltr'><strong>operationem</strong></span> <span class='ocrx_word' id='word_1_849' title='bbox 1328 2504 1440 2531; x_wconf 81' lang='lat' dir='ltr'><strong>deducit</strong></span> <span class='ocrx_word' id='word_1_850' title='bbox 1456 2503 1564 2531; x_wconf 87' lang='lat' dir='ltr'><strong>oculus.</strong></span> <span class='ocrx_word' id='word_1_851' title='bbox 1586 2502 1642 2530; x_wconf 82' lang='lat' dir='ltr'><strong>Hac</strong></span> <span class='ocrx_word' id='word_1_852' title='bbox 1659 2503 1692 2530; x_wconf 89' lang='lat' dir='ltr'><strong>de</strong></span> <span class='ocrx_word' id='word_1_853' title='bbox 1707 2510 1790 2529; x_wconf 82' lang='lat' dir='ltr'><strong>causa</strong></span> 
     </span>
    </p>
   </div>
   <div class='ocr_carea' id='block_1_115' title="bbox 1006 2547 1788 2584">
    <p class='ocr_par' dir='ltr' id='par_1_115' title="bbox 1006 2547 1788 2584">
     <span class='ocr_line' id='line_1_115' title="bbox 1006 2547 1788 2584; baseline -0.009 -5"><span class='ocrx_word' id='word_1_854' title='bbox 1006 2552 1066 2579; x_wconf 86' lang='lat' dir='ltr'><strong>laus</strong></span> <span class='ocrx_word' id='word_1_855' title='bbox 1082 2550 1222 2578; x_wconf 89' lang='lat' dir='ltr'><strong>oculorum</strong></span> <span class='ocrx_word' id='word_1_856' title='bbox 1241 2548 1456 2584; x_wconf 89' lang='lat' dir='ltr'><strong>pulchritudinis</strong></span> <span class='ocrx_word' id='word_1_857' title='bbox 1473 2552 1515 2575; x_wconf 89' lang='lat' dir='ltr'><strong>est</strong></span> <span class='ocrx_word' id='word_1_858' title='bbox 1535 2547 1621 2574; x_wconf 88' lang='lat' dir='ltr'><strong>forma</strong></span> <span class='ocrx_word' id='word_1_859' title='bbox 1638 2547 1788 2577; x_wconf 58' lang='lat' dir='ltr'><strong>columbae,</strong></span> 
     </span>
    </p>
   </div>
   <div class='ocr_carea' id='block_1_116' title="bbox 1007 2590 1791 2633">
    <p class='ocr_par' dir='ltr' id='par_1_116' title="bbox 1007 2590 1791 2633">
     <span class='ocr_line' id='line_1_116' title="bbox 1007 2590 1791 2633; baseline -0.006 -9"><span class='ocrx_word' id='word_1_860' title='bbox 1007 2606 1067 2633; x_wconf 69' lang='lat' dir='ltr'><strong>qua:</strong></span> <span class='ocrx_word' id='word_1_861' title='bbox 1077 2599 1188 2631; x_wconf 86' lang='lat' dir='ltr'><strong>apparet</strong></span> <span class='ocrx_word' id='word_1_862' title='bbox 1198 2595 1224 2622; x_wconf 90' lang='lat' dir='ltr'><strong>in</strong></span> <span class='ocrx_word' id='word_1_863' title='bbox 1233 2601 1326 2622; x_wconf 92' lang='lat' dir='ltr'><strong>eorum</strong></span> <span class='ocrx_word' id='word_1_864' title='bbox 1336 2594 1456 2628; x_wconf 84' lang='lat' dir='ltr'><strong>pupillis.</strong></span> <span class='ocrx_word' id='word_1_865' title='bbox 1466 2592 1495 2620; x_wconf 85' lang='lat' dir='ltr'><strong>In</strong></span> <span class='ocrx_word' id='word_1_866' title='bbox 1505 2592 1576 2627; x_wconf 89' lang='lat' dir='ltr'><strong>quod</strong></span> <span class='ocrx_word' id='word_1_867' title='bbox 1586 2593 1657 2619; x_wconf 90' lang='lat' dir='ltr'><strong>enim</strong></span> <span class='ocrx_word' id='word_1_868' title='bbox 1667 2590 1791 2619; x_wconf 74' lang='lat' dir='ltr'><strong>defixerit</strong></span> 
     </span>
    </p>
   </div>
   <div class='ocr_carea' id='block_1_117' title="bbox 1008 2637 1789 2676">
    <p class='ocr_par' dir='ltr' id='par_1_117' title="bbox 1008 2637 1789 2676">
     <span class='ocr_line' id='line_1_117' title="bbox 1008 2637 1789 2676; baseline -0.012 -5"><span class='ocrx_word' id='word_1_869' title='bbox 1008 2643 1118 2675; x_wconf 76' lang='lat' dir='ltr'><strong>oculos,</strong></span> <span class='ocrx_word' id='word_1_870' title='bbox 1136 2642 1197 2676; x_wconf 85' lang='lat' dir='ltr'><strong>ejus</strong></span> <span class='ocrx_word' id='word_1_871' title='bbox 1211 2641 1238 2668; x_wconf 92' lang='lat' dir='ltr'><strong>in</strong></span> <span class='ocrx_word' id='word_1_872' title='bbox 1254 2648 1282 2668; x_wconf 91' lang='lat' dir='ltr'><strong>se</strong></span> <span class='ocrx_word' id='word_1_873' title='bbox 1295 2640 1411 2674; x_wconf 86' lang='lat' dir='ltr'><strong>suscipit</strong></span> <span class='ocrx_word' id='word_1_874' title='bbox 1423 2638 1642 2667; x_wconf 85' lang='lat' dir='ltr'><strong>similitudinem.</strong></span> <span class='ocrx_word' id='word_1_875' title='bbox 1656 2637 1789 2670; x_wconf 87' lang='lat' dir='ltr'><strong>Quoniam</strong></span> 
     </span>
    </p>
   </div>
   <div class='ocr_carea' id='block_1_118' title="bbox 1007 2683 1791 2726">
    <p class='ocr_par' dir='ltr' id='par_1_118' title="bbox 1007 2683 1791 2726">
     <span class='ocr_line' id='line_1_118' title="bbox 1007 2683 1791 2726; baseline -0.013 -9"><span class='ocrx_word' id='word_1_876' title='bbox 1007 2697 1071 2726; x_wconf 77' lang='lat' dir='ltr'><strong>ergo</strong></span> <span class='ocrx_word' id='word_1_877' title='bbox 1085 2689 1131 2724; x_wconf 88' lang='lat' dir='ltr'><strong>qui</strong></span> <span class='ocrx_word' id='word_1_878' title='bbox 1148 2695 1202 2715; x_wconf 88' lang='lat' dir='ltr'><strong>non</strong></span> <span class='ocrx_word' id='word_1_879' title='bbox 1217 2687 1334 2721; x_wconf 84' lang='lat' dir='ltr'><strong>amplius</strong></span> <span class='ocrx_word' id='word_1_880' title='bbox 1349 2685 1448 2720; x_wconf 87' lang='lat' dir='ltr'><strong>aspicit</strong></span> <span class='ocrx_word' id='word_1_881' title='bbox 1466 2685 1498 2711; x_wconf 87' lang='lat' dir='ltr'><strong>ad</strong></span> <span class='ocrx_word' id='word_1_882' title='bbox 1511 2691 1621 2711; x_wconf 87' lang='lat' dir='ltr'><strong>carnem</strong></span> <span class='ocrx_word' id='word_1_883' title='bbox 1638 2688 1665 2710; x_wconf 91' lang='lat' dir='ltr'><strong>et</strong></span> <span class='ocrx_word' id='word_1_884' title='bbox 1681 2683 1791 2716; x_wconf 78' lang='lat' dir='ltr'><strong>sangui-</strong></span> 
     </span>
    </p>
   </div>
   <div class='ocr_carea' id='block_1_119' title="bbox 1009 2726 1792 2767">
    <p class='ocr_par' dir='ltr' id='par_1_119' title="bbox 1009 2726 1792 2767">
     <span class='ocr_line' id='line_1_119' title="bbox 1009 2726 1792 2767; baseline -0.014 -4"><span class='ocrx_word' id='word_1_885' title='bbox 1009 2743 1087 2767; x_wconf 90' lang='lat' dir='ltr'><strong>nem,</strong></span> <span class='ocrx_word' id='word_1_886' title='bbox 1116 2733 1150 2761; x_wconf 88' lang='lat' dir='ltr'><strong>ad</strong></span> <span class='ocrx_word' id='word_1_887' title='bbox 1181 2733 1261 2761; x_wconf 85' lang='lat' dir='ltr'><strong>vitam</strong></span> <span class='ocrx_word' id='word_1_888' title='bbox 1293 2731 1390 2766; x_wconf 85' lang='lat' dir='ltr'><strong>aspicit</strong></span> <span class='ocrx_word' id='word_1_889' title='bbox 1416 2729 1603 2764; x_wconf 85' lang='lat' dir='ltr'><strong>spiritualem,</strong></span> <span class='ocrx_word' id='word_1_890' title='bbox 1631 2727 1701 2755; x_wconf 79' lang='lat' dir='ltr'><strong>sicut</strong></span> <span class='ocrx_word' id='word_1_891' title='bbox 1725 2726 1792 2753; x_wconf 84' lang='lat' dir='ltr'><strong>dicit</strong></span> 
     </span>
    </p>
   </div>
   <div class='ocr_carea' id='block_1_120' title="bbox 1007 2772 1791 2816">
    <p class='ocr_par' dir='ltr' id='par_1_120' title="bbox 1007 2772 1791 2816">
     <span class='ocr_line' id='line_1_120' title="bbox 1007 2772 1791 2816; baseline -0.011 -9"><span class='ocrx_word' id='word_1_892' title='bbox 1007 2779 1152 2816; x_wconf 82' lang='lat' dir='ltr'><strong>Apostolus</strong></span> <span class='ocrx_word' id='word_1_893' title='bbox 1162 2797 1170 2811; x_wconf 89' lang='lat'><strong>,</strong></span> <span class='ocrx_word' id='word_1_894' title='bbox 1185 2776 1342 2808; x_wconf 75' lang='lat' dir='ltr'><strong>viviﬁcans,</strong></span> <span class='ocrx_word' id='word_1_895' title='bbox 1355 2775 1453 2811; x_wconf 84' lang='lat' dir='ltr'><strong>spiritu</strong></span> <span class='ocrx_word' id='word_1_896' title='bbox 1470 2773 1615 2800; x_wconf 85' lang='lat' dir='ltr'><strong>ambulans</strong></span> <span class='ocrx_word' id='word_1_897' title='bbox 1629 2772 1664 2805; x_wconf 80' lang='lat'><strong>“,</strong></span> <span class='ocrx_word' id='word_1_898' title='bbox 1683 2775 1710 2800; x_wconf 89' lang='lat' dir='ltr'><strong>et</strong></span> <span class='ocrx_word' id='word_1_899' title='bbox 1727 2778 1791 2799; x_wconf 87' lang='lat' dir='ltr'><strong>cor-</strong></span> 
     </span>
    </p>
   </div>
  </div>
