1984 3068
186 129 238 156 835

802 127 830 155 s.
847 127 1011 155 curconu
1033 104 1178 154 Μεδειὴ

1758 120 1812 148 836

185 184 259 220 poris
290 185 412 211 actiones
446 183 543 218 spiritu
582 183 769 217 mortiﬁcans,
801 189 874 212 totus
909 185 965 212 effc-

1025 194 1056 212 τυ
1060 186 1145 221 ρεῖται
1156 185 1173 218 ἠ
1183 183 1233 218 τῆς
1246 181 1404 217 σωματικῆς
1417 180 1602 217 προσπαθείας
1614 179 1810 215 ἀπηλλαγμὲνη

185 235 245 258 ctus
259 229 408 264 spiritualis
418 249 425 262 ,
441 237 495 256 non
510 230 647 262 animalis,
664 237 752 265 neque
763 231 902 258 carnalis:
920 231 970 257 hac

184 277 218 304 de
232 284 315 303 causa
337 275 423 302 fertur
445 276 632 302 testimonium
657 276 690 303 de
711 277 800 303 anima
824 277 939 303 liberata
955 285 969 303 a

184 322 321 356 corporali
335 321 493 354 adiectione,
507 322 580 356 quod
595 322 693 349 habeat
707 323 824 356 speciem
838 322 971 349 columba:

186 367 213 394 in
230 367 318 394 oculis
332 375 338 393 :
351 367 402 394 hoc
415 371 474 398 est,
490 367 562 401 quod
577 367 723 394 character
740 367 800 394 vita:
818 367 969 404 spiritualis

185 412 339 439 illustretur
364 412 546 447 perspicieule
566 411 649 438 animi
673 412 810 439 facultate.
835 411 968 445 Quoniam

185 465 250 492 ergo
265 465 349 491 purus
366 457 455 484 factus
469 462 509 484 cst
522 456 582 491 ejus
596 457 692 484 oculus
704 465 787 492 capax
803 457 970 484 characteris

189 504 322 530 columba:
335 523 341 534 ,
362 508 503 538 propterea
523 503 548 529 in
566 511 624 529 eam
655 502 735 530 etiam
752 503 824 530 cadit
850 507 878 530 ut
893 511 969 530 com-

189 550 334 584 templctur
349 551 442 584 sponsi
461 549 700 584 pulchritudinem.
717 549 795 577 Nunc
826 550 898 577 enim
915 549 970 584 pri-

186 602 260 622 mum
274 594 349 630 virgo
363 595 389 621 in
407 595 499 629 sponsi
516 594 630 621 formam
646 595 763 621 intendit
778 594 885 625 oculos,
902 600 969 629 quo-

183 640 256 667 niam
271 641 423 668 columbam
441 641 557 668 habebat
573 642 600 668 in
617 641 715 669 oculis.
736 640 820 667 Nemo
836 640 905 667 enim
923 647 969 673 po-

185 691 233 713 test
248 686 333 714 dicere
351 677 492 713 Dominum
507 685 599 713 Jesum
612 707 618 718 ,
639 687 742 721 inquit,
759 686 810 713 nisi
825 686 851 712 in
867 685 969 719 Spiritu

183 737 275 759 sancto
284 733 304 747 “
319 741 325 759 :
341 735 368 759 et
376 732 458 759 dicit:
474 732 538 759 Ecce
548 731 654 765 pulcher
667 740 703 764 es,
712 731 839 766 patruelis
855 734 969 763 meus,et

183 777 325 814 formosus.
341 777 378 804 Ex
390 786 445 812 quo
457 778 529 804 enim
544 778 610 804 nihil
623 777 696 804 aliud
709 777 773 804 mihi
787 776 895 803 videtur
907 783 968 802 esse

183 823 348 858 pulchrum,
373 824 420 851 sed
442 827 582 850 aversatus
606 831 665 850 sum
690 823 782 849 omnia
806 830 867 857 quat
889 826 968 849 antea

183 869 379 903 repntabantur
402 869 429 896 in
447 869 526 896 bonis
552 875 583 895 ac
610 868 750 903 pulchris,
769 876 822 894 non
850 868 967 902 amplius

182 915 249 941 mihi
264 915 373 941 aberrat
391 914 425 941 de
447 914 520 940 bono
538 913 691 948 judicium,
714 918 743 940 ut
764 913 865 948 aliquid
893 913 967 940 aliud

182 959 329 986 existimem
368 963 464 994 praeter
490 964 515 986 te
537 967 599 987 esse
623 960 724 986 bonum
740 967 772 986 ac
797 959 966 993 pulchrum:

182 1011 237 1030 non
265 1003 349 1030 ullum
380 1003 512 1030 honorem
544 1003 712 1034 humanum,
745 1011 799 1030 non
831 1003 966 1038 gloriam,

182 1057 236 1076 non
251 1048 422 1083 splendorem
443 1049 610 1076 mundanum
623 1068 630 1080 ,
652 1056 706 1075 non
723 1049 881 1083 potentiam.
905 1047 968 1076 Hmc

183 1095 255 1121 enim
279 1095 313 1122 iis
337 1095 383 1130 qui
407 1095 544 1130 aspiciunt
566 1094 599 1121 ad
625 1102 754 1128 sensuml
771 1095 842 1121 boni
859 1094 967 1128 quidem

183 1140 272 1174 specie
294 1144 357 1166 sunt
377 1140 443 1166 illita
455 1161 461 1172 ,
476 1140 522 1168 sed
538 1148 591 1167 non
608 1144 672 1167 sunt
687 1140 713 1167 id
731 1140 803 1175 quod
819 1145 967 1175 putantur.

182 1184 324 1218 Quomodo
339 1185 412 1212 enim
428 1185 510 1212 fuerit
527 1185 688 1220 pulchrum,
706 1185 778 1220 quod
796 1186 870 1213 nullo
886 1186 968 1212 modo

182 1230 331 1258 consistit?
345 1230 410 1256 Nam
422 1231 494 1264 quod
514 1230 541 1257 in
555 1230 605 1257 hoe
617 1230 720 1257 mundo
732 1234 773 1257 est
787 1230 966 1262 lionoral'nm,

183 1283 260 1303 suam
278 1276 358 1303 habet
369 1276 516 1303 essentiam
534 1276 561 1316 ip
579 1276 636 1302 sola
651 1276 850 1303 existimatione
872 1282 967 1302 eorum

181 1322 304 1356 quiesse
323 1321 489 1348 existimant.
509 1320 548 1347 Tn
565 1325 654 1348 autem
670 1329 735 1348 vere
753 1321 865 1356 pulcher
883 1329 890 1347 :
912 1327 966 1347 non

182 1367 269 1394 solum
282 1367 405 1401 pulcher.
416 1367 462 1394 sed
475 1367 531 1402 ipsa
540 1367 604 1394 boni
618 1367 736 1394 essentia
750 1374 856 1401 semper
869 1366 929 1393 talis
938 1373 967 1393 es

182 1412 294 1439 omnino
307 1412 333 1439 id
348 1412 419 1446 quod
435 1420 465 1439 es
479 1421 485 1438 ε
502 1419 552 1439 nec
570 1412 596 1438 in
611 1417 731 1446 tempore
745 1411 844 1438 floreus
855 1432 862 1444 ,
878 1418 927 1438 nec
939 1411 966 1438 in

181 1461 304 1492 tempore
328 1465 426 1485 rursus
452 1457 546 1484 ﬂorem
570 1458 721 1492 abjieiens,
751 1458 797 1485 sed
824 1466 886 1485 cum
907 1459 967 1485 vitae

181 1500 333 1527 mter-nitate
346 1501 427 1528 simul
436 1500 584 1528 extendens
592 1501 709 1535 speciem
720 1509 751 1528 ac
763 1502 889 1529 decorem
902 1511 909 1529 ε
923 1502 965 1529 cui

1024 231 1106 266 ψυχὴ.
1121 230 1150 256 τὸ
1159 230 1209 264 τῆς
1224 229 1386 264 περιστερᾶς
1400 227 1469 259 εἶδος
1482 228 1511 253 ὲν
1522 229 1577 258 τοῖς
1593 227 1714 262 ὄμμασιν
1726 226 1810 261 ἔχειν,

1024 275 1145 302 τουτέστι
1161 275 1205 300 τδν
1220 274 1381 309 χαρακτῆρα
1401 274 1450 308 τῆς
1469 271 1655 306 πνευματικῆς
1678 272 1750 306 ζωῆς
1771 271 1812 305 τῷ

1024 320 1170 357 διορατικῷ
1186 321 1235 355 τῆς
1255 320 1342 354 ψυχῆς
1367 317 1574 351 ὲναυγάζεσθαι.
1598 317 1674 343 Ἐπεὶ
1695 315 1742 344 οὖν
1765 317 1811 349 γέ-

1024 375 1086 401 γονε
1105 365 1225 401 καθαρὸς
1250 366 1264 391 ὀ
1282 364 1365 399 αὐτῆς
1388 363 1526 398 ὀφθαλμὸς
1546 362 1668 393 δεκτικδς
1693 361 1741 388 τοῦ
1764 362 1813 396 τῆς

1024 412 1190 448 περιστερᾶς
1212 411 1402 447 χαρακτῆρος,
1425 408 1471 436 διὰ
1493 409 1573 436 τοῦτο
1593 409 1676 444 χωρεῖ
1694 409 1741 434 καὶ
1765 408 1812 434 τοῦ

1025 458 1144 493 νυμφίου
1165 457 1195 483 τὸ
1215 456 1311 487 καλλος
1334 455 1496 482 θεάσασθαι.
1516 454 1573 481 Νῦν
1597 454 1650 489 γὰρ
1676 453 1812 488 πρῶτονή

1026 503 1158 539 παρθένος
1170 501 1285 532 ἀτενίςει
1298 502 1330 536 τῇ
1344 500 1390 527 τοῦ
1402 500 1520 535 νυμφίου
1529 502 1629 535 μορφῇ,
1640 500 1682 524 ὅτε
1694 498 1754 532 ἔσχε
1764 499 1814 533 τὴν

1020 546 1186 582 περιστερὰν
1196 546 1224 573 ἐν
1232 547 1286 577 τοῖς
1301 545 1430 581 ὄμμασιν.
1441 545 1546 578 Οὐδείς
1555 545 1610 579 γὰρ
1617 544 1741 571 δύναται
1754 543 1813 570 Κύ-

1016 602 1086 628 ⁴ριον
1104 592 1223 626 Ἰησοῦν
1240 592 1345 624 εἰπεῖν,
1361 593 1386 619 εί
1396 592 1438 626 μὴ
1452 592 1487 619 ἐν
1500 592 1648 626 Πνεύματι
1660 592 1734 624 ἁγίῳ
1746 599 1752 606 ’
1765 591 1812 617 καί

1020 649 1111 676 φησιν·
1120 640 1192 667 Ἰδοὺ
1200 637 1228 667 εἷ
1235 640 1337 673 καλὸς,
1346 639 1506 674 ἀδελςριδός
1512 648 1581 674 μου,
1591 639 1640 666 και
1650 647 1683 674 τε
1691 639 1804 672 ὡραῖος.

1027 686 1084 721 Ἀφ’
1102 683 1132 713 οὗ
1154 686 1207 722 γὰρ
1228 685 1304 712 οὐδὲν
1319 686 1382 713 ἄλλο
1399 694 1443 720 μοι
1461 686 1542 712 mihi:
1557 683 1627 712 εἶναι
1651 683 1732 716 δοκεῖ,
1751 685 1808 711 ἀλλ’

1019 732 1199 768 ἀπεστράφην
1214 731 1301 758 πάντα
1316 732 1366 758 ὅσα
1380 732 1409 758 τὸ
1426 731 1556 767 πρότερον
1569 732 1598 757 ὲν
1612 730 1705 763 καλοῖς
1715 729 1808 764 ὲνομί-

1020 775 1090 808 ζετο,
1102 775 1193 801 οὐκέτι
1208 783 1253 809 μοι
1263 774 1431 810 πεπλάνηται
1443 775 1459 809 ὴ
1474 775 1520 801 τοῦ
1532 774 1614 801 καλοῦ
1625 774 1727 810 κρίσις,
1738 772 1808 801 ὥστε

1019 819 1082 846 ἄλλο
1096 828 1122 846 τι
1139 819 1212 854 παρὰ
1228 819 1257 845 σὲ
1276 819 1358 846 καλὸν
1376 819 1489 846 οἴεσθαυ
1505 820 1554 846 οὐκ
1576 819 1686 851 ἔπαινός
1702 829 1744 851 τις
1759 820 1801 846 ἀν-

983 860 1004 887 Β
1019 866 1164 901 θρώπινος,
1184 866 1213 892 οὐ
1228 866 1300 898 δόξα,
1317 866 1347 892 σὺ
1364 866 1535 901 περιφάνεια,
1556 867 1585 892 οὐ
1599 867 1717 901 κοσμικὴ
1729 865 1808 892 δύνα-

1021 920 1075 947 μις.
1093 911 1184 938 Ταῦτα
1204 911 1262 946 γὰρ.
1278 912 1334 943 τοῖς
1358 911 1425 947 προς
1442 912 1491 946 τὴν
1509 912 1634 946 αἴσθησιν
1653 911 1806 946 βλέπουσιν,

1019 957 1218 993 ὲπικέχρωσται
1235 957 1284 992 μὲν
1307 958 1339 992 τῇ
1355 957 1401 983 τοῦ
1422 957 1503 984 καλοῦ
1529 957 1674 992 φαντασίᾳ,
1698 957 1728 983 οὺ
1755 957 1808 992 μήν

1020 1004 1092 1030 ἐστιν
1106 1003 1172 1038 ὅπερ
1191 1003 1340 1038 νομίζεται.
1367 1002 1428 1034 Πῶς
1443 1003 1498 1038 γὰρ
1515 1003 1547 1029 ἄν
1568 1011 1594 1029 τι
1619 1002 1661 1038 εἴη
1685 1003 1776 1036 καλὸν,
1792 1002 1808 1029 ὅ

1022 1049 1088 1084 μηδὲ
1100 1049 1167 1080 ὅλως
1179 1047 1235 1075 ἔστι
1247 1048 1307 1075 καθ’
1321 1048 1484 1080 ὑπόστασινς
1499 1049 1535 1074 Τὺ
1547 1048 1600 1084 γὰρ
1620 1049 1648 1075 ὲν
1662 1048 1700 1083 τῷ
1713 1048 1808 1084 κόσμῳ

1019 1092 1106 1128 τούτῳ
1116 1093 1309 1128 τετιμημένον,
1319 1093 1348 1119 ἐν
1363 1093 1430 1129 μόνῃ
1437 1095 1470 1128 τῇ
1483 1094 1569 1129 οἰήσει
1583 1093 1635 1119 τῶν
1645 1093 1808 1128 νομιζόντων

1020 1137 1099 1170 εἶναι,
1114 1138 1145 1164 τὸ
1157 1135 1225 1164 εἶναι
1240 1138 1306 1173 ἔχει.
1321 1138 1358 1165 Σὺ
1370 1138 1397 1164 δὲ
1410 1138 1518 1174 ἀληθῶς
1532 1136 1558 1164 εἴ
1569 1138 1660 1170 καλός
1674 1138 1705 1164 οὐ
1728 1138 1808 1169 καλὸς

1019 1184 1046 1211 δὲ
1063 1185 1152 1219 μόνον,
1171 1184 1228 1210 ἀλλ’
1244 1185 1312 1219 αὐτῇ
1333 1186 1365 1220 τῇ
1383 1184 1429 1211 τοῦ
1447 1184 1528 1210 καλοῦ
1543 1184 1621 1219 οὐσίᾳ
1633 1185 1676 1210 ἀεὶ
1688 1183 1807 1216 τοιοῦτος

1021 1230 1160 1265 ὑπάρχων,
1175 1230 1290 1256 πάντοτε
1302 1230 1339 1257 ὢν
1357 1230 1424 1264 ὅπερ
1441 1228 1473 1256 εἴ·
1490 1229 1552 1256 οὒτε
1566 1229 1634 1256 κατὰ
1650 1229 1746 1264 καιρὸν
1761 1229 1808 1255 ἀν-

1019 1276 1083 1307 θῶν,
1107 1275 1168 1302 οῦτε
1192 1275 1238 1302 ἐπὶ
1260 1276 1356 1311 καιροῦ
1377 1276 1457 1303 πάλιν
1480 1275 1638 1302 ἀποϐάλλων
1664 1275 1695 1301 τὸ
1715 1274 1806 1306 ἄνθοςθ

1021 1320 1087 1347 ἀλλὰ
1096 1322 1129 1356 τῇ
1144 1320 1275 1355 ἀίδιότητι
1283 1321 1332 1356 τῆς
1341 1321 1414 1356 ζωῆς
1423 1320 1650 1356 συμπαρατείνων
1663 1320 1711 1354 τὴν
1721 1319 1806 1355 ὤραν*

1018 1362 1040 1399 ᾧ
1054 1365 1167 1400 ὅνομαὴ
1184 1365 1382 1399 φιλανθρωπία.
1406 1365 1434 1392 '0
1450 1365 1503 1400 γὰρ
1519 1366 1547 1399 ἐξ
1567 1365 1652 1392 Ἰούδα
1665 1364 1809 1397 ἀνατείλας

1019 1411 1084 1446 ἡμῖν
1108 1411 1240 1446 Χριστὸς,
1263 1412 1377 1446 ἁδελφὸς
1399 1411 1428 1438 δὲ
1449 1413 1463 1438 ό
1491 1412 1624 1438 Ἰουδαίων
1641 1412 1703 1443 λαὸς
1718 1410 1764 1438 τοῦ
1776 1411 1807 1443 ἐξ

1018 1455 1102 1482 ἐθνῶν
1116 1463 1156 1482 σοι
1172 1456 1340 1491 προσιόντος,
1356 1456 1446 1487 καλῶς
1459 1456 1503 1483 διὰ
1520 1456 1567 1492 τὴν
1585 1458 1613 1483 ὲν
1629 1458 1711 1493 σαρκὶ
1727 1466 1806 1492 γεγε-

1019 1502 1138 1536 νημένην
1151 1502 1198 1536 τῆς
1214 1501 1340 1537 θεότητος
1356 1510 1402 1528 σου
1420 1503 1582 1537 φανέρωσιν,
1603 1502 1741 1537 ἀδελφιδὺς
1755 1502 1806 1537 τῆς

182 1552 280 1572 nomen
296 1544 346 1572 fuit
360 1545 513 1580 benignitas
525 1550 552 1572 et
564 1545 684 1572 charitas
700 1546 726 1572 in
743 1546 878 1574 homines.
896 1547 965 1574 Nam

1019 1547 1154 1582 ποθούσης
1169 1547 1379 1582 κατωνομάσθη.

181 1591 228 1626 qui
245 1599 278 1618 ex
297 1589 366 1618 Juda
383 1591 463 1618 nobis
483 1594 559 1618 ortus
580 1594 622 1618 est
642 1590 771 1618 Christus
787 1611 794 1623 ,
817 1595 859 1619 est
880 1596 970 1619 autem
1007 1590 1136 1618 Judalcus
1163 1592 1280 1626 populus
1295 1591 1379 1619 frater
1399 1592 1459 1627 ejus
1478 1592 1524 1627 qui
1547 1591 1580 1619 ad
1603 1595 1630 1619 te
1644 1591 1751 1620 accedit
1771 1599 1805 1619 ex

181 1637 309 1672 gentibus
325 1639 436 1671 propter
449 1636 487 1663 tui
505 1636 532 1663 in
549 1643 631 1663 carne
649 1636 747 1663 factam
763 1636 1024 1670 manifestationem,
1039 1637 1141 1664 dicitur
1157 1638 1287 1671 patruelis
1304 1638 1364 1672 ejus
1377 1646 1438 1673 quae
1452 1643 1536 1665 amat.

216 1682 319 1710 Deinde
343 1681 501 1718 subjuugit,
524 1682 618 1710 Lectus
636 1689 725 1710 noster
739 1683 888 1710 umbrosus.
907 1682 964 1710 Hoc

181 1731 240 1759 est,
257 1731 284 1754 te
300 1728 444 1762 cognovit,
468 1731 515 1754 aut
537 1733 684 1763 cognoscet
703 1729 821 1756 humana
849 1732 963 1761 natura,

181 1772 338 1799 umbrosum
346 1771 442 1800 factum
450 1782 496 1808 per
503 1773 745 1808 dispensationem.
754 1773 854 1802 Venisti
873 1772 944 1800 enim
955 1792 962 1804 ,

180 1817 286 1852 inquit,
299 1821 326 1843 tu
341 1817 455 1851 pulcher
470 1821 496 1844 et
510 1817 630 1845 decorus
646 1818 777 1852 patruelis
792 1825 868 1846 meus
882 1818 913 1845 ad
927 1818 965 1846 le-

180 1866 254 1890 ctum
265 1866 389 1889 nostrum
401 1861 489 1889 factus
504 1862 660 1890 umbrosus.
675 1862 731 1890 Nisi
746 1863 818 1890 enim
831 1862 889 1897 ipse
900 1863 966 1897 teip-

180 1916 240 1936 sum
255 1907 467 1939 obumbrasses,
485 1907 550 1934 dum
568 1916 616 1943 per
636 1908 709 1936 servi
728 1908 843 1936 formam
860 1915 963 1936 merum

180 1953 286 1980 radium
301 1952 451 1979 divinitatis
463 1952 610 1986 obvelasti,
623 1954 684 1988 quis
699 1958 773 1981 tuam
787 1954 966 1981 sustinuisset

180 1998 400 2034 appuritionem?
422 1997 519 2026 Nullus
545 1999 617 2026 enim
642 2007 762 2034 unquam
797 1999 902 2027 videbit
925 1999 965 2026 fa-

179 2044 248 2071 ciem
265 2043 387 2074 Domini,
403 2048 430 2070 et
444 2045 515 2070 vivet
530 2044 562 2072 ”.
579 2043 686 2072 Venisti
711 2052 777 2079 ergo
800 2045 944 2080 speciosus
955 2064 964 2077 ,

180 2089 226 2116 sed
242 2089 304 2115 talis
319 2088 432 2116 eﬂ'ectus
449 2093 478 2115 ut
493 2094 519 2116 te
530 2096 675 2124 possemus
690 2091 841 2125 suscipere.
857 2090 964 2118 Venisti

178 2134 347 2162 adumbratis
363 2134 448 2162 radiis
461 2134 614 2162 divinitatis
628 2135 815 2170 integumento
827 2137 963 2171 corporis.

179 2179 412 2213 Quemadmodum
437 2179 510 2207 enim
535 2179 670 2214 potuisset
697 2179 822 2207 mortalis
846 2184 963 2213 natura,

177 2227 205 2252 et
218 2224 246 2251 in
261 2231 343 2258 quam
359 2223 432 2252 cadit
447 2224 593 2256 interitus,
617 2224 747 2260 conjungi
770 2233 832 2252 cum
854 2233 886 2253 ea
904 2232 964 2260 qua:

178 2269 298 2297 interitui
312 2269 423 2296 minime
439 2274 480 2296 est
497 2269 661 2301 obuoxia,et
675 2269 708 2296 ad
724 2277 805 2304 quam
822 2278 876 2297 non
891 2273 964 2304 patct

1050 1682 1117 1710 Εἶτα
1133 1684 1255 1719 ἐπήγαγε
1267 1706 1273 1717 ,
1286 1685 1460 1719 "pou-2dqu
1475 1685 1559 1719 ἡμῶν
1567 1686 1706 1718 σύσκιος.
1719 1686 1804 1712 Τουτ-

1016 1728 1100 1760 έστιν,
1118 1728 1187 1763 ἔγνω
1202 1738 1230 1755 σε
1242 1750 1248 1762 ,
1265 1730 1323 1765 ἢτοι
1343 1730 1477 1764 γνώσεται
1499 1731 1515 1765 ἡ
1533 1721 1690 1766 ἀνθρωπίνη
1705 1731 1803 1765 φύσις,

1016 1772 1126 1800 σύσκιον
1143 1775 1176 1809 τῇ
1191 1775 1330 1810 οἰκονομίᾳ
1346 1775 1500 1811 γενόμενον.
1514 1774 1616 1808 Ἦλοες
1628 1776 1684 1812 γὰρ
1696 1777 1739 1808 σὺ,
1757 1785 1804 1811 φη-

1017 1819 1069 1851 σὶν,
1087 1820 1102 1845 6
1115 1819 1206 1852 καλὸς,
1231 1821 1245 1847 6
1267 1821 1421 1856 ἀΰελφιδδς,
1437 1822 1452 1848 ὁ
1470 1821 1584 1857 ὡραῖος,
1601 1822 1669 1858 πρὸς
1678 1824 1711 1858 τῇ
1726 1822 1803 1859 κλίνῃ

1016 1863 1094 1899 ἡμῶν
1119 1865 1229 1897 σύσκιος
1247 1866 1404 1902 γενόμενος.
1426 1867 1457 1893 Εἰ
1478 1867 1533 1903 γὰρ
1562 1868 1599 1903 μὴ
1625 1868 1804 1900 συνεσκίασας

1015 1909 1095 1940 αὐτὸς
1110 1909 1215 1941 ἑαυτὺν,
1228 1910 1277 1945 τὴν
1289 1911 1407 1947 ἄκρατον
1423 1912 1473 1947 τῆς
1481 1913 1606 1948 θεότητος
1623 1914 1719 1941 ἀκτῖνα
1732 1923 1800 1948 συγ-

1016 1954 1140 1986 καλύψας
1162 1957 1195 1991 τῇ
1215 1956 1261 1982 τοῦ
1280 1956 1373 1984 δούλου
1400 1960 1501 1993 μορφῇ,
1522 1959 1564 1990 τίς
1579 1959 1612 1986 ἂν
1637 1960 1740 1995 ὑπέστη
1755 1959 1802 1987 σοῦ

1016 1999 1064 2035 τὴν
1078 2001 1242 2035 ἐμφάνειανς
1259 2002 1352 2034 Οὐδεὶς
1373 2002 1427 2037 γὰρ
1447 2003 1541 2037 δψεται
1558 2004 1703 2040 πρόσωπον
1717 2004 1801 2037 Θεοῦ,

1015 2045 1062 2071 καὶ
1077 2045 1198 2080 ζήσεται.
1212 2043 1314 2077 *Ηλθες
1329 2047 1420 2074 τοίνυν
1430 2048 1445 2073 ὁ
1455 2047 1565 2083 ὡραῖος,
1580 2049 1637 2075 ἀλλ’
1651 2049 1689 2081 ὡς
1701 2049 1803 2084 χωροῦ-

1017 2098 1066 2125 μεν
1082 2090 1227 2124 δέξασθαι,
1241 2091 1361 2123 τοιοῦτος
1382 2093 1537 2127 γενόμενος.
1556 2091 1658 2125 Ἧλθες
1677 2094 1726 2126 τὰς
1750 2094 1801 2129 τῆς

1015 2134 1142 2170 θεότητος
1159 2136 1270 2167 ἀκτῖνας
1284 2138 1316 2172 τῇ
1332 2136 1461 2173 περιδολῇ
1480 2138 1629 2171 συσκιάσας
1645 2138 1692 2165 τοῦ
1707 2138 1801 2174 σώμα-

1013 2188 1069 2211 τος.
1085 2180 1147 2212 Πῶς
1161 2181 1213 2216 γὰρ
1227 2181 1260 2208 ἂν
1277 2182 1400 2218 ἐχώρησε
1416 2183 1501 2219 θνητὴ
1518 2185 1565 2210 καί
1575 2184 1706 2220 ἐπίκηρος
1721 2185 1802 2218 φύσις

1014 2227 1046 2261 τῇ
1062 2226 1191 2262 ἀκηράτῳ
1210 2228 1256 2254 καὶ
1271 2228 1409 2264 ἀπροσίτῳ
1432 2229 1548 2265 συζυγίᾳ
1568 2230 1800 2265 συναρμοσθῆναι,

1014 2274 1038 2300 εἰ
1062 2274 1099 2309 μὴ
1112 2275 1168 2305 τοῖς
1180 2275 1208 2300 ὲν
1226 2274 1315 2301 σκότει
1327 2274 1409 2307 ζῶσιν
1422 2277 1487 2311 ἡμῖν
1499 2277 1516 2312 ὴ
1533 2276 1597 2303 σκιά
1607 2277 1654 2303 τοῦ
1674 2276 1800 2312 σώματος

178 2314 283 2346 aditus,
308 2314 362 2340 nisi
383 2313 463 2340 nobis
485 2314 642 2341 viventibus
663 2314 689 2340 in
706 2315 844 2348 tenebris,
863 2315 959 2342 umbra

1018 2315 1080 2350 πρὸς
1088 2316 1117 2342 τὸ
1127 2317 1184 2350 φῶς
1195 2318 1352 2352 ἐμεσίτευσε
1363 2327 1370 2351 ;
1383 2319 1484 2356 Κλίνην
1495 2321 1523 2347 δὲ
1533 2321 1683 2356 ὀνομάζειὴ
1695 2321 1798 2357 νύμφη,

178 2359 301 2394 corporis
326 2358 424 2386 fuisset
448 2359 591 2393 interjecta
620 2359 691 2387 inter
716 2360 828 2388 lucem?
851 2359 962 2388 Lectum

177 2407 267 2431 autem
291 2403 413 2430 nominat
431 2411 549 2438 sponsa,
575 2405 680 2439 tropica
700 2405 900 2440 significatione
917 2406 962 2432 in-

176 2450 329 2482 terpretans
350 2446 476 2474 humana:
497 2451 602 2476 natura:
617 2457 680 2476 cum
696 2448 787 2476 divina
805 2453 961 2485 contempe-

175 2493 320 2520 rationem.
338 2492 480 2526 Quomodo
496 2494 578 2521 etiam
600 2503 716 2530 magnus
739 2495 886 2530 Apostolus
911 2495 959 2523 de.

175 2535 290 2571 spondet
304 2543 354 2563 nos
370 2537 502 2572 virginem
527 2538 656 2573 Christo,
681 2540 856 2575 animataque
880 2544 960 2567 ornat

174 2586 304 2616 tanquam
330 2590 476 2617 sponsam,
497 2589 524 2612 et
542 2585 659 2612 duorum
679 2586 902 2620 conjunctionem
925 2587 960 2614 ad

173 2626 256 2654 unius
269 2628 393 2662 corporis
408 2628 537 2656 unionem
555 2637 684 2665 magnum
700 2630 767 2658 dicit
780 2638 842 2658 esse
856 2635 960 2665 myste~

173 2671 244 2699 rium
260 2679 292 2700 ac
306 2680 508 2702 sacramentum
531 2676 641 2703 unionis
657 2675 760 2703 Christi
781 2683 843 2703 cum
867 2677 960 2704 Eccle-

173 2717 222 2744 sia.
243 2717 311 2745 Cum
328 2719 401 2746 enim
417 2719 551 2750 disisset.
573 2720 660 2747 Erunt
681 2722 733 2748 duo
755 2722 781 2748 in
799 2730 878 2749 unum
899 2730 960 2748 car-

172 2769 230 2788 nem
239 2783 245 2795 ,
259 2763 400 2798 subjungit
412 2772 419 2790 ι
434 2764 634 2792 Sat-ramentum
646 2766 694 2792 hoc
706 2774 829 2801 maguum
841 2771 897 2799 est;
910 2775 956 2802 ego

208 2825 230 2842 “
246 2826 255 2853 l
269 2826 333 2855 Cor.
355 2810 403 2862 ἧι,
420 2830 446 2857 '5.
486 2830 508 2846 “
521 2829 606 2858 Exod.
628 2817 724 2864 sum,
743 2831 786 2860 20.

1009 2362 1042 2396 τῇ
1057 2363 1173 2397 τροπικῇ
1187 2363 1309 2399 σημασίᾳ.
1319 2364 1368 2399 τὴν
1377 2365 1444 2400 πρὸς
1458 2365 1488 2392 τὺ
1499 2365 1576 2393 Θεῖον
1591 2366 1741 2402 ἀνάκρασιν
1751 2368 1801 2403 τῆς

1009 2405 1184 2441 ἀνθρωπίνης
1209 2407 1315 2440 φύσεως
1331 2409 1530 2444 ἑρμηνεύουσα.
1552 2409 1596 2441 Ὠς
1619 2410 1665 2436 καὶ
1685 2411 1699 2437 ό
1714 2410 1801 2445 μέγας

1015 2451 1176 2484 Ἀπόστολος
1203 2453 1353 2488 ἁρμόζεται
1379 2454 1418 2490 τῷ
1445 2454 1555 2490 Χριστῷ
1587 2455 1637 2491 τὴν
1665 2455 1800 2491 παρθένον

1008 2496 1092 2532 ἡμᾶς.
1108 2497 1156 2524 καὶ
1167 2498 1345 2533 νυμφοστολεῖ
1359 2500 1408 2535 τὴν
1421 2500 1520 2536 ψυχὴν,
1535 2501 1582 2527 καὶ
1597 2502 1646 2537 τὴν
1665 2501 1800 2536 προσκόλ-

1011 2541 1089 2577 λησιν
1102 2543 1157 2570 τῶν
1177 2544 1223 2570 δύο
1237 2545 1278 2576 εἰς
1298 2545 1356 2576 ἐνὸς
1374 2545 1499 2581 σώματος
1514 2547 1658 2573 κοινωνίαν
1680 2547 1710 2573 τὸ
1729 2547 1800 2582 μέγα

1013 2588 1160 2624 μυστήριον
1181 2586 1250 2615 εἶναι
1272 2589 1346 2623 λέγει
1372 2590 1422 2625 τῆς
1442 2590 1489 2616 τοῦ
1511 2590 1629 2626 Χριστοῦ
1657 2591 1724 2626 πρὸς
1749 2591 1800 2626 τὴν

1016 2633 1179 2668 Ἐκκλησίαν
1192 2633 1326 2666 ἐνώσεως.
1336 2635 1428 2662 Εἰπὼν
1437 2636 1491 2672 γὰρ
1501 2637 1542 2663 ὅτι
1557 2637 1697 2663 Ἔσονται
1708 2637 1734 2663 οὶ
1743 2636 1798 2663 δύο

1009 2679 1053 2712 εἰς
1064 2679 1163 2713 σάρκα
1177 2680 1260 2714 μίαν,
1270 2681 1420 2716 ὲπήγαγεψ
1433 2683 1474 2708 ὅτι
1486 2683 1521 2708 Τὸ
1528 2682 1698 2716 μυστήριον
1710 2681 1799 2709 τοῦτο

1009 2725 1086 2760 μέῖϊι
1101 2725 1198 2752 ἐστίν’
1213 2726 1270 2761 ἐγὼ
1281 2726 1314 2753 δὲ
1326 2727 1403 2762 λέγω
1418 2729 1462 2761 εἰς
1476 2728 1607 2762 Χριστὸν
1625 2727 1675 2754 καί
1686 2729 1729 2760 είς
1742 2727 1800 2760 τὴν

1018 2772 1211 2805 Ἐκκλησίαν.
1225 2772 1273 2799 Διὰ
1281 2772 1360 2800 τοῦτο
1370 2773 1459 2801 τοίνυν
1470 2773 1499 2800 τὸ
1507 2774 1667 2809 μυστήριον,
1675 2773 1770 2808 κλίνην
1781 2773 1798 2808 ὴ
