1984 3068
116 125 167 153 837

588 117 621 144 IN
642 115 790 144 CANTICA
810 111 946 141 CANTIC.
963 111 1104 139 liOlllLlA
1125 109 1169 136 1V.

1683 98 1735 130 δτζὸ

114 170 245 206 ⁸ῖοαρθένος
253 168 324 204 ψυχὴ
338 167 395 202 ,τὴν
409 165 474 202 πρὸς
488 165 517 191 τὸ
529 164 604 191 Θεῖον
617 162 758 189 κοινωνίαν
768 160 901 195 ὠνόμασε.

963 162 1042 184 tutam
1055 156 1112 182 diro
1125 156 1151 182 in
1161 154 1266 181 Christo
1277 158 1300 180 et
1316 152 1434 188 Ecclesia
1447 151 1479 178 ⁸³.
1492 149 1603 184 Propter
1611 148 1663 176 hoc
1673 155 1738 182 ergo

115 205 221 251 Ταυτην
234 215 262 241 δὲ
278 215 327 240 οὑκ
340 213 426 244 ἄλλως
437 210 470 246 ἦν
490 210 599 245 δυνατρν
611 208 748 243 γενέσθαι,
764 207 787 232 εί
805 206 841 240 μὴ
857 205 901 230 διὰ

115 262 160 289 τοῦ
171 263 279 288 σύσκιον
291 260 357 294 ἡμῖν
371 258 414 284 διὰ
426 256 471 283 τοῦ
485 255 607 290 σώματος
623 253 786 288 ἐπιφανῆναι
795 251 839 277 τὸν
850 248 901 275 Κύ-

117 315 182 343 ριον.
195 307 243 336 "0;
254 305 284 331 οὐ
299 303 414 339 νυμφίος
426 302 515 337 μόνον,
526 299 593 327 ἀλλὰ
601 300 647 326 καὶ
657 298 796 332 οἰκοδόμος
816 296 901 325 ἐστὶν.

116 351 195 382 αὐτὸς
214 352 242 378 ἐν
255 351 323 385 ἡμῖν
339 349 384 375 καὶ
396 346 557 382 τεχνιτεύων
566 345 611 373 τὸν
621 341 706 374 οἷκον,
715 342 761 369 καὶ
769 342 832 377 ὅλης
841 342 902 376 ’τῆς

116 398 211 432 τέχνης
223 395 373 430 γινόμενος.
385 395 500 429 Ὀροφον
508 392 562 427 γὰρ
572 391 710 418 ἐπιϐάλλει
726 389 764 424 τῷ
774 387 849 422 οἴκῳ,
860 388 903 414 διὰ

117 441 164 475 τῆς
181 440 304 475 ἀσήπτου
324 438 389 473 ὕλης
402 437 580 468 καλλωπίζων
593 436 624 461 τὸ
637 435 716 470 ἔργον
726 443 732 449 ·
745 433 856 467 τοιαύτη
875 432 904 458 δέ

118 488 190 513 ἐστιν
202 487 218 520 ἡ
227 483 322 520 κέδρος
331 484 378 510 καὶ
388 485 404 519 ἡ
414 482 594 518 κυπάρισσος,
603 478 664 507 Erro
679 480 835 514 ἐγκείμενος
847 478 904 508 τοῖς

119 532 207 564 ξύλοις
219 531 305 562 τόνος,
322 530 412 564 πάσης
426 528 560 563 σηπτικῆς
573 527 662 558 αἰτίας
676 525 807 560 κρείττων
820 523 902 554 ἐστὶν,

119 577 149 604 οὐ
166 576 255 612 χρόνῳ
279 575 370 607 εἴκων,
389 575 419 600 οὺ
438 574 522 609 σῆτας
539 572 624 607 φύων,
641 572 690 598 οὐκ
715 570 813 605 εὑρῶτι
829 568 904 603 φθει-

121 624 242 659 ρόμενος.
271 621 319 648 Ἐκ
340 619 441 646 τούτων
458 619 550 654 κέδροι
565 617 625 653 μὲν,
641 616 684 643 διὰ
707 615 737 642 τὸ
760 615 904 649 ἐπιμήκεις

119 666 197 698 εἶναι,
211 667 244 693 τὰ
255 666 343 700 πλάτη
356 663 402 690 τοῦ
414 664 489 690 οἴκου
505 662 543 698 τῷ
556 662 647 698 ὀρόφῳ
659 660 886 695 διαλαμϐάνουσιν
895 665 903 673 ·

119 715 145 740 αἱ
162 714 190 740 δὲ
206 712 371 747 κυπάρισσοι
387 709 430 736 διὰ
442 709 491 743 τῆς
507 707 655 742 λεγομένης
668 705 840 740 φατνώσεως,
856 703 905 738 τὴν

119 758 222 785 ἔνδοθεν
236 757 281 784 τοῦ
296 757 371 783 οἴκου
387 753 558 788 κατασκευὴν
574 753 748 788 ὡραῖζουσιν.
783 750 859 784 Ἔχει
879 749 907 776 δὲ

120 805 136 839 ἡ
152 803 224 836 λέξις
238 803 341 834 οὕτως·
370 800 454 828 Δοκοὶ
465 800 556 826 οἴκων
568 798 652 833 ἡμῶν
666 798 776 831 κέδροι.
795 794 906 828 Φατνή-

119 857 197 883 ματα
212 847 296 882 ἡμῶν
309 846 508 879 κυπάρισσος.
531 844 642 875 Πάντως
658 843 685 869 δὲ
706 842 739 868 τὰ
755 840 906 876 δηλούμενα

120 893 163 920 διὰ
173 893 226 919 τῶν
239 892 324 925 ξύλων
337 891 495 926 αἰνίγματα,
510 889 614 925 φανερᾶ
627 890 682 919 τοῖς
692 885 907 914 ἐπακολουθοῦσι

119 939 157 974 τῷ
173 937 259 974 εἱρμῴ
281 938 330 972 τῆς
347 936 464 967 διανοίας
482 935 565 962 ἐστίν.
588 934 692 969 Προχὴν
709 932 837 967 ὀνομάζει
858 931 907 963 τὰς

121 985 244 1016 ποικίλας
257 984 309 1010 τῶν
326 981 485 1018 πειρασμῶν
500 979 651 1016 προσϐολὰς
664 981 693 1005 ἐν
702 979 740 1013 τῷ
751 977 908 1012 Εὑαγγελίῳ

119 1031 135 1057 ὁ
152 1030 263 1065 Κύριος,
289 1028 376 1062 λέγων
398 1027 444 1053 ἐπὶ
458 1026 505 1052 τοῦ
524 1026 613 1056 καλῶς
628 1026 677 1059 τὴν
693 1024 780 1050 οἰκίαν
797 1023 842 1049 ἐπὶ
859 1022 907 1057 τὴν

121 1076 225 1111 πέτραν
242 1074 466 1109 οἷκοδῖμήσαντος
477 1092 484 1104 ,
502 1072 542 1098 ὅτι
563 1069 675 1103 Κατέϐη
693 1069 712 1103 ἡ
727 1067 826 1102 ,ϐροχὴ
838 1089 845 1100 ,
859 1067 908 1094 καὶ

121 1123 276 1150 ἔπνευσαν
297 1121 324 1146 οΙ
343 1119 444 1153 ἄνεμοι
456 1139 462 1149 ,
480 1117 529 1144 καὶ
546 1115 641 1151 ἦλθον
659 1116 686 1142 οἱ
702 1113 846 1148 ποταμοὶ,
861 1113 909 1139 καὶ

123 1168 236 1200 ἀπαθὲς
247 1167 363 1201 ἔμεινεν
382 1166 415 1192 ἐν
427 1165 541 1196 τούτοις
553 1164 584 1190 τὸ
596 1162 788 1196 οἰκοδόμημα.
802 1160 910 1195 Ταύτης

123 1213 168 1242 οὖν
196 1214 288 1241 ἕνεκεν
311 1212 360 1247 τῆς
379 1211 466 1246 κακῆς
490 1209 658 1245 ἐπομϐρίας,
678 1207 757 1242 χρεία
784 1206 910 1233 τοιούτων

126 1263 192 1297 ⁴ἡμῖν
209 1261 266 1286 ἐστι
282 1258 378 1284 δοκῶν.
397 1253 479 1284 Λῦται
495 1255 516 1281 δ’
530 1254 562 1280 ἂν
579 1252 633 1280 εἷεν
645 1253 673 1279 αἱ
689 1251 795 1287 ἀρεταὶ,
817 1251 845 1277 αἳ
862 1249 910 1281 τὰς

124 1306 178 1334 τῶν
195 1303 354 1340 πειρασμῶν
376 1300 505 1337 ὲπιρῤοὰς
523 1298 722 1330 ἐντὸςκὲαυτῶν
741 1297 770 1323 οὐ
786 1295 911 1330 προσίεν-

125 1361 187 1379 ται.
204 1349 315 1385 στερραί
337 1356 365 1374 τε
386 1344 463 1373 οὖσαι
489 1345 535 1371 καὶ
551 1343 696 1374 άνένδοτοι,
716 1342 762 1368 καὶ
790 1341 820 1368 τὸ
844 1340 911 1376 πρὸς

125 1397 223 1424 κακίαν
241 1394 395 1430 ἀμάλακτον
411 1393 439 1418 ὲν
462 1392 518 1422 τοῖς
537 1390 698 1425 πειρασμοῖς
720 1387 910 1419 διασώζουσαι.

125 1443 266 1477 Μάθοιμεν
284 1440 306 1467 δ’
334 1439 367 1466 ἂν
390 1438 421 1464 τὸ
440 1436 594 1472 λεγόμενον,
620 1435 668 1469 τὴν
692 1436 720 1461 ἐν
739 1433 777 1469 τῷ
801 1433 913 1468 Ἐκκλη-

126 1489 223 1523 σιαστῇ
240 1487 318 1522 ῥῆσιν
337 1485 375 1520 τῷ
390 1482 561 1519 προκειμένῳ
579 1480 815 1513 συνεξετάσαντες.
842 1479 914 1505 Ἐκεῖ

126 1535 180 1570 γάρ
195 1542 276 1569 φησιν
289 1541 295 1547 ·
320 1533 367 1558 Ἐν
386 1529 541 1564 ὀκνηρίαις
556 1525 807 1559 ταπεινωθήσεται
827 1525 845 1559 ἡ
857 1525 914 1551 «30’-

127 1587 229 1612 κωσις,
245 1577 293 1604 καὶ
309 1577 344 1604 ἐν
362 1576 450 1611 ἀργίᾳ
464 1574 570 1609 χειρῶν
586 1571 685 1602 στάζει
707 1572 726 1605 ἡ
741 1571 830 1598 οἰκία.
848 1571 915 1597 Ὥσ-

127 1634 179 1660 περ
193 1625 247 1659 γὰρ
264 1624 287 1650 εἰ
305 1622 404 1656 ἀσθενῆ
422 1629 452 1647 τε
468 1619 515 1647 καὶ
536 1619 617 1646 άτονα
635 1617 686 1644 ὑπὸ
698 1616 860 1652 λεπτότητος
872 1616 914 1650 εἴη

127 1671 162 1698 τὰ
184 1671 251 1704 ξύλα
266 1669 300 1695 τὰ
320 1666 476 1702 διειληφότα
499 1665 543 1692 τον
560 1665 667 1700 ὄροφον,
685 1662 808 1698 ὀκνηρῶς
825 1663 852 1688 δὲ
867 1662 916 1697 ἔχη

138 1716 207 1752 πρὸς
233 1715 281 1751 τὴν
299 1714 345 1741 τοῦ
371 1713 494 1748 δώματος
511 1710 667 1746 ἐπιμέλειαν
685 1711 698 1736 ὁ
712 1709 758 1735 τοῦ
777 1708 851 1735 οἴκου
875 1707 917 1733 δε-

130 1751 243 1797 σπότης,
261 1760 337 1787 οὐδὲν
360 1757 486 1785 ἀπώνατο
499 1757 548 1791 τῆς
568 1755 664 1790 στέγης
674 1775 681 1786 ,
696 1753 743 1780 τοῦ
758 1753 861 1788 ὖμϐρου
874 1751 917 1778 διὰ

134 1807 271 1842 σταγόνων
289 1805 452 1839 εἰσρέοντος.
468 1801 638 1829 Κοιλαίνεται
655 1799 708 1835 γὰρ
726 1798 755 1831 ἐξ
771 1798 892 1832 ἀνάγκης
904 1798 918 1826 ὁ

136 1854 246 1889 δροφος,
264 1850 345 1876 εἴκων
362 1849 401 1884 τῷ
419 1849 496 1883 βάρει
512 1846 558 1874 τοῦ
570 1846 675 1877 ὕδατος,
692 1845 739 1872 καὶ¹
749 1844 800 1871 οὐκ
811 1843 918 1878 ἀντέχει

131 1899 186 1925 τῶν
203 1897 289 1930 ξύλων
303 1897 320 1930 ἡ
341 1895 434 1922 ἀτονία
447 1893 516 1928 πρὸς
529 1893 578 1928 τὴν
594 1892 640 1919 τοῦ
654 1891 752 1927 βάρους
768 1889 918 1926 προσϐολὴν

137 1940 338 1972 ὐποκλάζουσα.
354 1939 402 1965 Διὰ
422 1937 500 1964 τοῦτο
516 1938 562 1964 ἐπὶ
581 1937 614 1963 τὰ
637 1937 711 1967 ἐντὸς
730 1935 872 1962 διαδίδοται
889 1933 920 1960 τδ

133 1986 367 2021 ὲναπειλημμένον
379 1985 412 2020 τῇ
431 1983 565 2018 κοιλότητι
581 1982 652 2016 ὕδωρ
664 2002 671 2014 ,
687 1982 733 2008 καὶ
748 1981 775 2006 αἱ
794 1979 920 2013 σταγόνες

135 2031 214 2062 αὗται
231 2031 301 2059 κατὰ
325 2031 370 2057 τὸν
394 2029 566 2065 παροιμιώδη
592 2028 670 2062 λόγον
694 2027 869 2054 ἐκϐάλλουσιν
889 2027 920 2051 ἐκ

134 2079 181 2106 τοῦ
203 2078 268 2105 ἰδίου
288 2076 362 2103 οἴκου
381 2075 427 2102 τὸν
445 2074 587 2110 ἄνθρωπον
603 2074 632 2099 ἐν
647 2074 679 2108 τῇ
699 2072 790 2108 ἡμέρᾳ
808 2071 854 2097 τοῦ
877 2070 922 2096 ὑε-

133 2125 191 2152 τοῦ.
209 2123 302 2155 Οὕτως
317 2121 356 2157 τῷ
374 2122 423 2156 τῆς
437 2120 594 2155 παραϐολῆς
613 2119 752 2153 αἰνίγματι
770 2116 922 2143 διακελεύε-

135 2180 180 2197 ται
198 2169 244 2196 διὰ
264 2169 313 2203 τῆς
332 2167 385 2194 τῶν
402 2165 507 2202 ἀρετῶν
531 2164 653 2195 εὐτονίας
674 2162 828 2192 άνενδότους
851 2158 919 2186 εἶναι
936 2170 957 2196 υ

136 2216 204 2251 πρὸς
216 2215 266 2246 τὰς
281 2214 336 2239 τῶν
351 2211 512 2248 πειρασμῶν
525 2209 666 2245 ἐπιρῤοὰς,
684 2208 788 2243 μήποτε
806 2206 920 2242 μαλακι-

136 2262 248 2292 σθέντες
261 2259 306 2286 διὰ
322 2258 371 2293 τῆς
384 2257 438 2283 τῶν
453 2256 622 2290 παθημάτων
636 2252 820 2288 συμπτώσεως
839 2251 922 2277 κοῖλοι

136 2306 278 2342 γενώμεθα
292 2325 299 2337 ,
323 2305 369 2331 καὶ
386 2304 436 2339 τὴν
456 2301 642 2337 ἐπιῤῥούντων
657 2301 666 2310 ¹
676 2297 804 2324 τοιούτων
818 2296 922 2323 ὑδάτων

137 2341 236 2386 ἔξωθὲν
261 2351 306 2377 ἐπὶ
327 2350 374 2385 τὴν
397 2348 511 2384 καρδίαν
532 2346 690 2382 εἰσρέουσαν
711 2343 785 2374 ἐντὸς
806 2341 858 2368 τῶν
877 2350 923 2367 τα-

140 2385 233 2433 μιείων
259 2391 492 2429 παραδεξώμεθα,
520 2391 553 2417 δι’
577 2388 614 2417 ὧν
636 2389 775 2424 φθείρεται
795 2387 862 2421 ἡμῖν
889 2385 923 2411 τά

137 2430 266 2470 άτιόθετα.
291 2441 323 2466 Δί
342 2440 370 2466 δὲ
385 2439 475 2472 κέδροι
489 2433 575 2464 αὗται,
585 2435 631 2463 τοῦ
656 2434 772 2461 Λιϐάνου
785 2452 792 2464 ,
816 2431 849 2462 ἃς
864 2430 926 2464 ἐφύ-

138 2495 235 2515 τευσεν
250 2488 264 2513 ὸ
278 2485 396 2520 Κύριος,
421 2481 464 2514 αἷς
478 2481 662 2509 ὲννοσεύσουσι
679 2480 712 2506 τὰ
722 2477 862 2514 στρουθία,
887 2473 925 2503 ὧν

137 2535 156 2570 ἡ
181 2533 228 2560 τοῦ
245 2531 357 2567 ὲρωδιοῠ
383 2529 463 2556 καλιά
486 2526 655 2563 καθηγεῖται.
683 2522 767 2552 Λῦται
791 2523 881 2550 τοίνυν
897 2523 925 2549 αἱ

144 2579 246 2613 κέδροι,
275 2577 302 2603 αἱ
328 2574 442 2611 ἀρεταὶ,
466 2573 511 2600 τὸν
532 2571 604 2599 οἷκον
632 2572 682 2606 τῆς
712 2570 850 2606 νυμφικῆς
872 2577 925 2594 πα-

141 2624 237 2654 στάδος
255 2619 511 2655 κατασφαλιζονται,
526 2615 568 2648 αἷς
579 2617 780 2643 ἐννοσεύσουσιν
791 2615 818 2641 αἱ
829 2613 924 2648 ψυχαὶ,

141 2668 270 2704 στρουθία
295 2665 440 2701 γινόμενα,
467 2665 514 2691 καὶ¹
541 2663 597 2689 τῶν
622 2662 744 2696 παγὶδων
774 2659 926 2696 ὑπεριπτά-

143 2723 232 2751 μεναι,
248 2710 285 2740 ὧν
305 2712 465 2747 καθηγεῖται
490 2711 507 2745 ἠ
527 2708 574 2735 τοῦ
592 2707 702 2743 ἐρωδιοῦ
724 2705 803 2734 καλιά
816 2725 823 2737 ,
838 2706 871 2740 ἦν
889 2704 927 2730 oi.»

953 205 1171 231 sacramentum,
1196 199 1296 226 lectum
1313 197 1402 224 anima
1416 196 1494 230 virgo
1509 194 1662 222 nominavit
1676 200 1738 220 cum

954 247 1008 273 Deo
1019 245 1238 279 coniunctionem
1253 249 1284 268 ac
1296 241 1464 268 societatem.
1479 239 1550 266 Fieri
1565 243 1656 265 autem
1669 237 1741 264 bene

953 298 1006 317 non
1024 292 1129 324 poterat
1146 291 1174 314 ut
1200 294 1230 313 ea
1245 289 1334 318 esset,
1356 285 1409 311 nisi
1433 291 1481 321 per
1496 284 1548 309 hoc
1560 282 1634 317 quod
1649 281 1741 308 Domi-

953 344 1005 364 nus
1023 336 1167 362 umhrosus
1185 341 1232 368 per
1247 340 1348 366 corpus
1363 331 1443 358 nobis
1461 330 1596 364 apparuit.
1616 329 1668 361 Qui
1685 335 1741 355 non

954 382 1041 409 solum
1054 384 1096 408 est
1109 387 1228 414 sponsus
1240 398 1247 409 .
1261 378 1308 406 sed
1321 377 1402 404 etiam
1421 377 1478 411 ipse
1491 375 1641 402 azdiﬁcator
1653 374 1680 401 in
1693 380 1742 400 no-

955 427 997 455 bis
1013 427 1065 454 fuit
1081 427 1196 458 domus,
1214 429 1240 452 et
1257 423 1355 450 domus
1370 422 1538 450 architectus
1556 425 1583 446 et
1594 420 1668 446 .artis
1683 427 1742 446 Ina-

954 474 1032 501 tcria.
1057 471 1170 498 Tectum
1192 470 1264 497 enim
1290 469 1403 502 imponit
1424 467 1528 497 domui.
1551 473 1620 500 opus
1640 472 1741 492 ornans

954 526 1001 553 per
1014 518 1154 544 materiam
1168 523 1228 551 quae
1239 515 1333 550 nequit
1347 513 1502 549 putreﬁeri;
1517 512 1579 538 talis
1595 513 1741 537 esLautem

955 563 1052 590 cedrus
1074 566 1101 589 et
1118 568 1275 596 cupressus,
1293 566 1409 594 quarum
1426 558 1513 584 virtus
1528 563 1588 590 qua:
1612 555 1684 581 inest
1709 553 1742 579 li-

955 609 1026 644 gnis,
1043 612 1085 635 cst
1100 606 1236 642 potentior
1251 605 1347 640 quavis
1358 611 1441 631 causa
1457 600 1674 638 putrefactionis,
1688 607 1743 625 non

955 655 1070 689 tempori
1093 653 1205 684 cedens,
1232 659 1286 678 non
1314 651 1402 677 tineas
1426 655 1584 683 proorcans,
1610 653 1664 672 non
1688 645 1743 672 situ

955 686 1067 727 Veniens
1079 698 1111 724 ad
1127 697 1277 724 interitum.
1296 694 1333 721 Ex
1347 694 1401 725 bis,
1417 691 1504 722 cedri,
1516 693 1660 725 propterea
1670 686 1742 722 quod

956 747 1020 773 sunt
1034 750 1163 778 procerze,
1184 740 1354 768 latitudinem
1378 739 1476 765 domus
1503 739 1576 764 tecto
1596 737 1742 767 occupant.

956 790 1086 826 Cupressi
1099 793 1188 816 autem
1201 795 1248 823 per
1260 794 1291 814 ea
1303 793 1363 820 qute
1373 784 1503 811 dicuntur
1515 779 1664 816 laquearia,
1680 781 1744 806 sunt

924 832 944 859 Β
957 835 1049 864 decori
1072 835 1185 861 interna:
1208 832 1299 867 operis
1320 828 1529 858 constructioni.
1548 825 1678 853 Dictionis
1696 831 1746 850 au-

957 886 1011 909 tem
1036 880 1071 907 ita
1090 880 1171 906 habet
1184 880 1331 905 contextus
1347 884 1356 902 :
1375 873 1473 902 Trabes
1491 872 1629 898 domorum
1641 873 1746 896 nostra-

958 934 1016 953 rum
1032 924 1112 952 cedri.
1132 923 1279 958 Laquearia
1300 925 1392 948 nostra
1413 917 1543 953 cupressi.
1565 916 1631 949 Quae
1654 918 1746 941 autem

959 980 1007 1006 per
1019 971 1093 1006 ligna
1110 969 1299 1005 signiﬁcantur
1312 966 1468 1001 enigmata,
1482 967 1547 991 sunt
1558 963 1640 997 plane
1655 960 1745 987 mani-

959 1016 1028 1043 festa
1043 1016 1076 1042 iis
1096 1014 1142 1049 qui
1159 1020 1256 1040 sensus
1271 1013 1481 1045 consequuntur
1499 1008 1609 1035 seriem.
1629 1005 1746 1032 lmbrem

958 1066 1036 1089 vocat
1050 1061 1178 1087 Dominus
1186 1060 1214 1086 in
1222 1057 1375 1092 Evangeliis
1386 1056 1477 1083 varios
1486 1054 1605 1081 insultus
1614 1051 1745 1079 Ientatio-

960 1115 1035 1138 num,
1049 1107 1142 1133 dicens
1152 1105 1186 1132 de
1198 1112 1229 1131 eo
1245 1103 1290 1139 qui
1307 1106 1380 1130 recte
1390 1101 1498 1128 domum
1507 1098 1652 1126 aediﬁcaret
1665 1103 1747 1131 supra

961 1157 1063 1188 petram
1073 1161 1079 1178 :
1088 1150 1161 1176 Venit
1172 1148 1265 1179 imber,
1274 1148 1404 1181 [laverunt
1412 1145 1491 1176 venti,
1501 1148 1524 1170 et
1533 1140 1746 1175 verteruntﬂuvii,

960 1203 984 1226 et
997 1198 1027 1224 ab
1041 1198 1074 1224 iis
1086 1196 1199 1223 illa'sum
1210 1193 1306 1220 mansit
1319 1191 1460 1226 triti/icium
1472 1190 1506 1216 “.
1524 1188 1637 1222 Propter
1648 1185 1747 1212 malam

961 1251 1025 1278 ergo
1039 1243 1108 1269 hanc
1126 1241 1255 1275 pluviam,
1272 1245 1341 1273 opus
1360 1240 1403 1264 est
1421 1235 1502 1262 nobis
1519 1231 1675 1268 liujusmodi
1689 1234 1747 1257 tra-

961 1277 1050 1317 bibus.
1070 1287 1114 1314 Ea:
1128 1291 1216 1313 autem
1232 1285 1333 1312 fuerint
1347 1283 1474 1313 virtutes,
1489 1288 1549 1315 qua:
1567 1277 1747 1307 tentationum

962 1335 1079 1363 iusultus
1093 1334 1120 1360 in
1137 1339 1166 1360 se
1179 1339 1233 1358 non
1252 1329 1413 1357 admittunt.
1431 1330 1460 1353 ut
1473 1333 1534 1360 qua:
1546 1324 1602 1351 sint
1618 1322 1702 1349 ﬁrma:
1716 1327 1749 1346 ac

963 1381 1065 1412 solidat,
1086 1386 1136 1406 nec
1161 1374 1241 1404 facile
1263 1375 1373 1404 cedant.
1395 1376 1423 1400 et
1452 1372 1504 1398 hoc
1527 1372 1648 1399 servent,
1671 1370 1702 1393 ut
1721 1365 1749 1391 in

963 1425 1158 1454 tentationibus
1172 1422 1284 1449 minime
1294 1419 1470 1447 emolliautur
1485 1424 1500 1443 a
1516 1416 1592 1442 vitio.
1609 1411 1688 1446 Quod
1701 1419 1750 1438 au-

964 1477 1018 1500 tem
1038 1471 1147 1502 dicitur,
1164 1468 1354 1501 intelligemus,
1375 1464 1397 1492 si
1413 1471 1475 1491 cum
1492 1470 1525 1489 eo
1542 1460 1614 1496 quod
1631 1462 1673 1486 est
1687 1464 1749 1492 pro-

967 1519 1084 1554 positum
1097 1515 1177 1544 simul
1187 1508 1567 1541 examinavcrimusdictionis
1579 1508 1748 1533 contextum.

966 1548 1011 1600 qui
1026 1567 1068 1590 est
1083 1563 1110 1590 in
1126 1559 1301 1588 Ecclesiaste.
1323 1557 1379 1584 illic
1396 1555 1468 1582 enim
1482 1553 1548 1581 dicit
1563 1563 1570 1580 ι
1588 1551 1620 1578 1η
1634 1548 1750 1584 ρῑῃνὶιὶἱι

966 1608 1151 1637 ltumiliabilur
1170 1603 1344 1640 contignatio,
1371 1606 1396 1629 et
1419 1602 1447 1628 in
1472 1600 1524 1626 otio
1544 1605 1670 1625 manuum
1689 1602 1750 1629 per-

966 1655 1050 1682 stillat
1065 1654 1158 1680 domus
1173 1652 1205 1678 “.
1218 1648 1361 1683 Quomodo
1372 1647 1443 1674 enim
1453 1646 1475 1673 si
1491 1645 1564 1679 ligna
1580 1645 1750 1677 qumtectum

967 1701 1117 1731 continent,
1134 1698 1188 1726 sint
1203 1697 1311 1723 inﬁrma
1328 1698 1354 1721 et
1371 1691 1518 1721 imbecilla,
1537 1690 1570 1716 ad
1591 1689 1689 1716 domus
1703 1694 1751 1714 au-

970 1751 1023 1774 teln
1036 1752 1128 1772 curam
1140 1741 1286 1778 gerendam
1298 1740 1334 1767 sit
1345 1740 1420 1773 piger
1432 1735 1636 1772 paterfamilias,
1649 1735 1750 1759 tectum

969 1792 1034 1820 nihil
1053 1789 1184 1826 profuerit
1204 1795 1265 1815 cum
1293 1786 1380 1813 imber
1404 1791 1452 1818 per
1474 1781 1562 1810 stillas
1581 1779 1696 1811 inﬂuat;
1712 1782 1752 1804 te-

970 1842 1043 1865 ctum
1059 1836 1130 1864 enim
1154 1832 1309 1861 necessario
1333 1834 1445 1857 cavatur
1461 1826 1562 1855 cedens
1582 1831 1660 1859 aqua:
1684 1829 1753 1857 pon-

970 1883 1046 1916 deri;
1065 1889 1115 1909 uec
1130 1881 1264 1915 lignorum
1283 1875 1458 1904 imbecillitas
1479 1871 1591 1902 resistit,
1611 1868 1696 1895 fracta
1718 1866 1753 1892 ah

970 1929 1073 1956 insultu
1090 1925 1218 1962 ponderis
1235 1932 1241 1950 :
1260 1927 1403 1958 propterea
1421 1919 1494 1947 subit
1511 1917 1628 1945 interna.
1645 1920 1705 1948 quae
1725 1912 1752 1938 in

969 1960 1186 2002 concavitatibus
1196 1969 1370 2003 intercipitur
1385 1972 1467 2000 aqua,
1486 1964 1606 1998 ipsazque
1617 1960 1707 1990 stillat,
1723 1961 1754 1984 ut

970 2025 1012 2049 est
1024 2020 1051 2046 in
1068 2015 1230 2054 proverbiis.
1245 2013 1382 2041 hominem
1393 2011 1474 2038 domo
1493 2008 1631 2043 expellunt
1649 2005 1676 2031 in
1689 2008 1755 2030 tem-

971 2073 1037 2101 pore
1053 2063 1164 2099 plurim;
1186 2062 1222 2088 ita
1239 2060 1318 2087 nobis
1331 2058 1358 2085 in
1375 2056 1520 2089 amigmate
1537 2051 1670 2088 parabolae
1686 2056 1755 2084 prae-

971 2111 1047 2146 cipit,
1065 2117 1113 2144 per
1133 2108 1262 2134 virtutum
1276 2105 1360 2132 robur
1373 2111 1405 2130 ac
1419 2101 1573 2129 ﬁrmitatem
1583 2105 1638 2125 non
1658 2095 1756 2123 cedere

973 2155 1136 2183 ﬁuxionibus
1162 2152 1363 2180 tentationum:
1392 2156 1426 2175 ne
1450 2155 1498 2181 per
1523 2144 1607 2172 animi
1632 2145 1755 2169 motuum

973 2201 1084 2230 emolliti
1100 2199 1295 2228 incursionem,
1313 2193 1448 2229 ejusmodi
1472 2197 1603 2226 aquarum
1620 2188 1756 2215 extrinse-

973 2255 1021 2275 cus
1037 2247 1063 2273 in
1077 2253 1124 2272 cor
1144 2243 1315 2271 inﬂuentium
1336 2239 1468 2267 inﬁuxum
1484 2236 1662 2263 adrnittamus
1684 2233 1756 2259 intra

973 2292 1133 2329 penetralia,
1148 2298 1196 2326 per
1212 2296 1280 2325 quas
1296 2287 1374 2315 nobis
1394 2288 1506 2320 pereant
1523 2289 1584 2317 qua:
1599 2284 1663 2308 sunt
1678 2287 1758 2314 repo-

973 2325 1033 2367 sita,
1051 2338 1096 2365 ila:
1112 2325 1201 2364 autem
1217 2335 1291 2362 cedri
1307 2331 1414 2362 Libani.
1432 2337 1501 2365 quas
1516 2327 1647 2363 plantaxit
1665 2325 1758 2352 Domi-

974 2391 1036 2412 nus.
1061 2383 1087 2409 in
1109 2382 1209 2416 quibus
1227 2379 1368 2407 nidiﬁcant
1387 2376 1514 2403 volucres
1534 2374 1573 2405 ",
1604 2372 1676 2399 inter
1690 2377 1758 2405 quas

974 2429 1126 2465 prmeipuus
1142 2431 1184 2454 est
1197 2423 1391 2453 nidusherodii
1405 2422 1463 2453 ;h:r
1479 2427 1543 2455 ergo
1559 2418 1644 2447 cedri,
1661 2423 1759 2450 nempe

973 2463 1098 2505 i'irtutes,
1122 2473 1248 2499 muniunt
1275 2471 1386 2498 domum
1417 2466 1547 2501 nuptialis
1579 2463 1702 2493 thalami,
1731 2463 1759 2487 in

975 2520 1074 2555 quibus
1097 2518 1237 2545 nidiﬁcant
1268 2516 1365 2543 animae
1398 2513 1499 2540 effecta:
1526 2511 1662 2540 volucres,
1690 2507 1761 2534 inter

977 2554 1045 2600 quas
1055 2563 1234 2600 principatum
1246 2565 1319 2589 tenet
1332 2558 1437 2587 herodii
1447 2558 1538 2589 nidus,
1555 2562 1635 2590 quem
1650 2554 1760 2580 domum

977 2615 1057 2638 vocat
1089 2609 1240 2644 Scriptura.
1275 2606 1358 2634 Aiunt
1391 2610 1479 2631 autem
1510 2603 1581 2629 hanc
1604 2606 1679 2626 avem
1698 2597 1761 2623 odio

979 2657 1079 2684 habere
1094 2655 1206 2685 coitum,
1226 2657 1253 2680 et
1277 2652 1394 2687 quadam
1418 2655 1523 2677 naturae
1539 2645 1702 2674 necessitate
1719 2641 1761 2668 in-

979 2707 1019 2728 ter
1033 2708 1062 2728 se
1077 2699 1199 2735 copulari
1213 2686 1373 2727 clamantes,
1391 2699 1418 2723 ct
1434 2702 1504 2729 aegre
1523 2692 1651 2723 ferentes,
1669 2691 1697 2714 cl.
1709 2686 1762 2714 tri-

177 2803 199 2818 "
212 2801 311 2837 Ephcs.
325 2808 351 2832 v,
365 2799 409 2830 3|,
423 2797 468 2825 3‘2.
507 2796 529 2812 “
540 2794 634 2823 Matth.
653 2801 702 2825 vn,
720 2792 753 2819 Ἦ
774 2799 834 2826 sqq.
874 2791 895 2807 “
910 2790 998 2818 Eccle.
1017 2797 1042 2820 ιι,
1063 2787 1104 2815 i8.
1143 2786 1165 2802 ⁸⁸
1177 2786 1247 2813 Psal.
1261 2792 1320 2817 CIII,
1335 2783 1376 2810 16.
