  <div class='ocr_page' id='page_1' title='image "/cluster/home/n/w/nwhite01/storage/ocr_20150623/44/njp.32101009003169/426.png"; bbox 0 0 1984 3068; ppageno 0'>
   <div class='ocr_carea' id='block_1_1' title="bbox 58 134 107 162">
    <p class='ocr_par' dir='ltr' id='par_1_1' title="bbox 58 134 107 162">
     <span class='ocr_line' id='line_1_1' title="bbox 58 134 107 162; baseline -0.02 0"><span class='ocrx_word' id='word_1_1' title='bbox 58 134 107 162; x_wconf 74' lang='lat' dir='ltr'><strong>8H</strong></span> 
     </span>
    </p>
   </div>
   <div class='ocr_carea' id='block_1_2' title="bbox 577 124 1161 157">
    <p class='ocr_par' dir='ltr' id='par_1_2' title="bbox 577 124 1161 157">
     <span class='ocr_line' id='line_1_2' title="bbox 577 124 1161 157; baseline -0.01 0"><span class='ocrx_word' id='word_1_2' title='bbox 577 128 611 157; x_wconf 81' lang='lat' dir='ltr'><strong>IN</strong></span> <span class='ocrx_word' id='word_1_3' title='bbox 631 127 776 156; x_wconf 74' lang='lat' dir='ltr'><strong>CANTICA</strong></span> <span class='ocrx_word' id='word_1_4' title='bbox 799 126 934 155; x_wconf 76' lang='lat' dir='ltr'><strong>CANTIC.</strong></span> <span class='ocrx_word' id='word_1_5' title='bbox 956 124 1097 153; x_wconf 67' lang='lat' dir='ltr'><strong>lIOMlLIA</strong></span> <span class='ocrx_word' id='word_1_6' title='bbox 1117 124 1161 152; x_wconf 78' lang='lat' dir='ltr'><strong>iV.</strong></span> 
     </span>
    </p>
   </div>
   <div class='ocr_carea' id='block_1_3' title="bbox 1632 123 1684 151">
    <p class='ocr_par' dir='ltr' id='par_1_3' title="bbox 1632 123 1684 151">
     <span class='ocr_line' id='line_1_3' title="bbox 1632 123 1684 151; baseline 0.038 -2"><span class='ocrx_word' id='word_1_7' title='bbox 1632 123 1684 151; x_wconf 73' lang='grc' dir='ltr'><strong>8ὶέ</strong></span> 
     </span>
    </p>
   </div>
   <div class='ocr_carea' id='block_1_4' title="bbox 59 172 860 227">
    <p class='ocr_par' dir='ltr' id='par_1_4' title="bbox 59 172 848 227">
     <span class='ocr_line' id='line_1_4' title="bbox 59 172 848 227; baseline -0.008 -8"><span class='ocrx_word' id='word_1_8' title='bbox 59 195 88 219; x_wconf 79' lang='grc' dir='ltr'><strong>ὲν</strong></span> <span class='ocrx_word' id='word_1_9' title='bbox 102 192 170 227; x_wconf 72' lang='grc' dir='ltr'>αὐτῇ</span> <span class='ocrx_word' id='word_1_10' title='bbox 199 172 406 226; x_wconf 77' lang='grc' dir='ltr'>γεγωργηθεῖσα</span> <span class='ocrx_word' id='word_1_11' title='bbox 433 188 522 220; x_wconf 84' lang='grc' dir='ltr'>καλῶς</span> <span class='ocrx_word' id='word_1_12' title='bbox 544 188 624 220; x_wconf 77' lang='grc' dir='ltr'>ἄνθος</span> <span class='ocrx_word' id='word_1_13' title='bbox 646 187 771 222; x_wconf 77' lang='grc' dir='ltr'>γενέσθαι</span> <span class='ocrx_word' id='word_1_14' title='bbox 791 196 797 202; x_wconf 93' lang='grc'>·</span> <span class='ocrx_word' id='word_1_15' title='bbox 816 188 848 212; x_wconf 83' lang='grc' dir='ltr'>ὲκ</span> 
     </span>
    </p>
   </div>
   <div class='ocr_carea' id='block_1_5' title="bbox 913 172 1682 227">
    <p class='ocr_par' dir='ltr' id='par_1_5' title="bbox 916 182 1682 221">
     <span class='ocr_line' id='line_1_5' title="bbox 916 182 1682 221; baseline -0.003 -9"><span class='ocrx_word' id='word_1_16' title='bbox 916 185 987 221; x_wconf 74' lang='lat' dir='ltr'><strong>urgit</strong></span> <span class='ocrx_word' id='word_1_17' title='bbox 1010 192 1118 220; x_wconf 81' lang='lat' dir='ltr'><strong>germen</strong></span> <span class='ocrx_word' id='word_1_18' title='bbox 1133 204 1139 216; x_wconf 84' lang='lat'><strong>,</strong></span> <span class='ocrx_word' id='word_1_19' title='bbox 1168 183 1239 211; x_wconf 86' lang='lat' dir='ltr'><strong>sicut</strong></span> <span class='ocrx_word' id='word_1_20' title='bbox 1263 183 1326 210; x_wconf 82' lang='lat' dir='ltr'><strong>licet</strong></span> <span class='ocrx_word' id='word_1_21' title='bbox 1355 182 1444 210; x_wconf 85' lang='lat' dir='ltr'><strong>videre</strong></span> <span class='ocrx_word' id='word_1_22' title='bbox 1469 182 1526 210; x_wconf 84' lang='lat' dir='ltr'><strong>ﬁeri</strong></span> <span class='ocrx_word' id='word_1_23' title='bbox 1559 182 1586 209; x_wconf 87' lang='lat' dir='ltr'><strong>in</strong></span> <span class='ocrx_word' id='word_1_24' title='bbox 1613 182 1682 211; x_wconf 91' lang='lat' dir='ltr'><strong>lilio-</strong></span> 
     </span>
    </p>
   </div>
   <div class='ocr_carea' id='block_1_6' title="bbox 59 233 846 274">
    <p class='ocr_par' dir='ltr' id='par_1_6' title="bbox 59 233 846 274">
     <span class='ocr_line' id='line_1_6' title="bbox 59 233 846 274; baseline -0.009 -9"><span class='ocrx_word' id='word_1_25' title='bbox 59 238 113 274; x_wconf 70' lang='grc' dir='ltr'><strong>γὰρ</strong></span> <span class='ocrx_word' id='word_1_26' title='bbox 130 238 176 265; x_wconf 78' lang='grc' dir='ltr'>τοῦ</span> <span class='ocrx_word' id='word_1_27' title='bbox 199 237 287 263; x_wconf 85' lang='grc' dir='ltr'>κοίλου</span> <span class='ocrx_word' id='word_1_28' title='bbox 303 237 350 262; x_wconf 76' lang='grc' dir='ltr'><strong>ἐπὶ</strong></span> <span class='ocrx_word' id='word_1_29' title='bbox 369 236 400 262; x_wconf 80' lang='grc' dir='ltr'>τὸ</span> <span class='ocrx_word' id='word_1_30' title='bbox 421 235 522 270; x_wconf 74' lang='grc' dir='ltr'><strong>ὑψηλὸν</strong></span> <span class='ocrx_word' id='word_1_31' title='bbox 536 236 550 261; x_wconf 99' lang='lat'><strong>6</strong></span> <span class='ocrx_word' id='word_1_32' title='bbox 570 235 683 270; x_wconf 75' lang='grc' dir='ltr'><strong>βλαστὸς</strong></span> <span class='ocrx_word' id='word_1_33' title='bbox 697 233 846 264; x_wconf 79' lang='grc' dir='ltr'><strong>ἀνατέλλει,</strong></span> 
     </span>
    </p>
   </div>
   <div class='ocr_carea' id='block_1_7' title="bbox 60 277 848 315">
    <p class='ocr_par' dir='ltr' id='par_1_7' title="bbox 60 277 848 315">
     <span class='ocr_line' id='line_1_7' title="bbox 60 277 848 315; baseline -0.005 -7"><span class='ocrx_word' id='word_1_34' title='bbox 60 282 150 314; x_wconf 83' lang='grc' dir='ltr'>καθὼς</span> <span class='ocrx_word' id='word_1_35' title='bbox 166 281 239 307; x_wconf 76' lang='grc' dir='ltr'>ἔστιν</span> <span class='ocrx_word' id='word_1_36' title='bbox 255 280 318 306; x_wconf 83' lang='grc' dir='ltr'>ἰδεῖν</span> <span class='ocrx_word' id='word_1_37' title='bbox 333 279 379 306; x_wconf 73' lang='grc' dir='ltr'><strong>ἐπὶ</strong></span> <span class='ocrx_word' id='word_1_38' title='bbox 392 279 439 305; x_wconf 78' lang='grc' dir='ltr'>τοῦ</span> <span class='ocrx_word' id='word_1_39' title='bbox 449 279 542 315; x_wconf 78' lang='grc' dir='ltr'>κρίνου</span> <span class='ocrx_word' id='word_1_40' title='bbox 556 279 707 314; x_wconf 82' lang='grc' dir='ltr'>γινόμενον.</span> <span class='ocrx_word' id='word_1_41' title='bbox 718 277 848 304; x_wconf 80' lang='grc' dir='ltr'>Ἑπιπολὺ</span> 
     </span>
    </p>
   </div>
   <div class='ocr_carea' id='block_1_8' title="bbox 61 323 849 362">
    <p class='ocr_par' dir='ltr' id='par_1_8' title="bbox 61 323 849 362">
     <span class='ocr_line' id='line_1_8' title="bbox 61 323 849 362; baseline -0.006 -8"><span class='ocrx_word' id='word_1_42' title='bbox 61 328 115 362; x_wconf 78' lang='grc' dir='ltr'><strong>γὰρ</strong></span> <span class='ocrx_word' id='word_1_43' title='bbox 125 327 171 353; x_wconf 74' lang='grc' dir='ltr'><strong>ἐπὶ</strong></span> <span class='ocrx_word' id='word_1_44' title='bbox 186 326 217 352; x_wconf 75' lang='grc' dir='ltr'>τὸ</span> <span class='ocrx_word' id='word_1_45' title='bbox 233 325 323 361; x_wconf 77' lang='grc' dir='ltr'>δρθιον</span> <span class='ocrx_word' id='word_1_46' title='bbox 336 325 369 350; x_wconf 82' lang='grc' dir='ltr'>ὲκ</span> <span class='ocrx_word' id='word_1_47' title='bbox 382 325 431 359; x_wconf 83' lang='grc' dir='ltr'>τῆς</span> <span class='ocrx_word' id='word_1_48' title='bbox 445 323 524 360; x_wconf 76' lang='grc' dir='ltr'>ῥίζης</span> <span class='ocrx_word' id='word_1_49' title='bbox 540 323 725 359; x_wconf 84' lang='grc' dir='ltr'>καλαμοειδῶς</span> <span class='ocrx_word' id='word_1_50' title='bbox 737 323 849 358; x_wconf 85' lang='grc' dir='ltr'>ἀναδρα-</span> 
     </span>
    </p>
   </div>
   <div class='ocr_carea' id='block_1_9' title="bbox 64 368 849 410">
    <p class='ocr_par' dir='ltr' id='par_1_9' title="bbox 64 368 849 410">
     <span class='ocr_line' id='line_1_9' title="bbox 64 368 849 410; baseline -0.01 -9"><span class='ocrx_word' id='word_1_51' title='bbox 64 375 151 410; x_wconf 75' lang='grc' dir='ltr'>μοῦσα</span> <span class='ocrx_word' id='word_1_52' title='bbox 167 374 184 408; x_wconf 77' lang='grc' dir='ltr'>ἡ</span> <span class='ocrx_word' id='word_1_53' title='bbox 205 372 303 408; x_wconf 79' lang='grc' dir='ltr'><strong>βοτάνη</strong></span> <span class='ocrx_word' id='word_1_54' title='bbox 328 370 375 397; x_wconf 80' lang='grc' dir='ltr'><strong>τοῦ</strong></span> <span class='ocrx_word' id='word_1_55' title='bbox 402 370 505 405; x_wconf 77' lang='grc' dir='ltr'><strong>κρίνου,</strong></span> <span class='ocrx_word' id='word_1_56' title='bbox 526 369 586 396; x_wconf 84' lang='grc' dir='ltr'>τότε</span> <span class='ocrx_word' id='word_1_57' title='bbox 608 369 638 395; x_wconf 73' lang='grc' dir='ltr'>τὴ</span> <span class='ocrx_word' id='word_1_58' title='bbox 658 368 738 399; x_wconf 80' lang='grc' dir='ltr'>ἄνθος</span> <span class='ocrx_word' id='word_1_59' title='bbox 753 368 785 394; x_wconf 78' lang='grc' dir='ltr'>ἐκ</span> <span class='ocrx_word' id='word_1_60' title='bbox 799 368 849 402; x_wconf 82' lang='grc' dir='ltr'><strong>τῆς</strong></span> 
     </span>
    </p>
   </div>
   <div class='ocr_carea' id='block_1_10' title="bbox 62 412 849 454">
    <p class='ocr_par' dir='ltr' id='par_1_10' title="bbox 62 412 849 454">
     <span class='ocr_line' id='line_1_10' title="bbox 62 412 849 454; baseline -0.009 -9"><span class='ocrx_word' id='word_1_61' title='bbox 62 419 182 454; x_wconf 81' lang='grc' dir='ltr'>κορυφῆς</span> <span class='ocrx_word' id='word_1_62' title='bbox 199 416 373 447; x_wconf 83' lang='grc' dir='ltr'>ἀναδίδωσιν,</span> <span class='ocrx_word' id='word_1_63' title='bbox 389 415 440 441; x_wconf 75' lang='grc' dir='ltr'><strong>οὐκ</strong></span> <span class='ocrx_word' id='word_1_64' title='bbox 455 415 538 449; x_wconf 81' lang='grc' dir='ltr'>ὀλίγῳ</span> <span class='ocrx_word' id='word_1_65' title='bbox 556 413 595 449; x_wconf 85' lang='grc' dir='ltr'><strong>τῷ</strong></span> <span class='ocrx_word' id='word_1_66' title='bbox 615 413 714 448; x_wconf 74' lang='grc' dir='ltr'>μεταξὺ</span> <span class='ocrx_word' id='word_1_67' title='bbox 737 412 849 446; x_wconf 81' lang='grc' dir='ltr'>διαστή-</span> 
     </span>
    </p>
   </div>
   <div class='ocr_carea' id='block_1_11' title="bbox 63 457 849 499">
    <p class='ocr_par' dir='ltr' id='par_1_11' title="bbox 63 457 849 499">
     <span class='ocr_line' id='line_1_11' title="bbox 63 457 849 499; baseline -0.01 -9"><span class='ocrx_word' id='word_1_68' title='bbox 63 473 128 499; x_wconf 72' lang='grc' dir='ltr'>ματι</span> <span class='ocrx_word' id='word_1_69' title='bbox 145 464 193 498; x_wconf 83' lang='grc' dir='ltr'>τῆς</span> <span class='ocrx_word' id='word_1_70' title='bbox 210 462 262 496; x_wconf 78' lang='grc' dir='ltr'>γῆς</span> <span class='ocrx_word' id='word_1_71' title='bbox 276 459 513 496; x_wconf 77' lang='grc' dir='ltr'>ἀποστήσασα,ὠς</span> <span class='ocrx_word' id='word_1_72' title='bbox 529 457 665 492; x_wconf 83' lang='grc' dir='ltr'>ἂν,ο¹ίμαι,</span> <span class='ocrx_word' id='word_1_73' title='bbox 683 457 801 493; x_wconf 67' lang='grc' dir='ltr'>καθαρὸν</span> <span class='ocrx_word' id='word_1_74' title='bbox 821 457 849 483; x_wconf 84' lang='grc' dir='ltr'><strong>ἐν</strong></span> 
     </span>
    </p>
   </div>
   <div class='ocr_carea' id='block_1_12' title="bbox 63 504 850 545">
    <p class='ocr_par' dir='ltr' id='par_1_12' title="bbox 63 504 850 545">
     <span class='ocr_line' id='line_1_12' title="bbox 63 504 850 545; baseline -0.008 -10"><span class='ocrx_word' id='word_1_75' title='bbox 63 509 193 545; x_wconf 82' lang='grc' dir='ltr'><strong>μετεώρῳ</strong></span> <span class='ocrx_word' id='word_1_76' title='bbox 213 507 336 543; x_wconf 80' lang='grc' dir='ltr'><strong>διαμένοι</strong></span> <span class='ocrx_word' id='word_1_77' title='bbox 349 507 378 533; x_wconf 83' lang='grc' dir='ltr'><strong>τὺ</strong></span> <span class='ocrx_word' id='word_1_78' title='bbox 399 505 506 537; x_wconf 73' lang='grc' dir='ltr'>κάλλος,</span> <span class='ocrx_word' id='word_1_79' title='bbox 523 506 556 540; x_wconf 81' lang='grc' dir='ltr'>τῇ</span> <span class='ocrx_word' id='word_1_80' title='bbox 570 505 638 540; x_wconf 81' lang='grc' dir='ltr'>πρὸς</span> <span class='ocrx_word' id='word_1_81' title='bbox 651 504 701 540; x_wconf 79' lang='grc' dir='ltr'>τὴν</span> <span class='ocrx_word' id='word_1_82' title='bbox 715 505 766 538; x_wconf 85' lang='grc' dir='ltr'>γῆν</span> <span class='ocrx_word' id='word_1_83' title='bbox 790 504 850 529; x_wconf 80' lang='grc' dir='ltr'>ἐπι-</span> 
     </span>
    </p>
   </div>
   <div class='ocr_carea' id='block_1_13' title="bbox 64 549 850 590">
    <p class='ocr_par' dir='ltr' id='par_1_13' title="bbox 64 549 850 590">
     <span class='ocr_line' id='line_1_13' title="bbox 64 549 850 590; baseline -0.006 -10"><span class='ocrx_word' id='word_1_84' title='bbox 64 555 140 590; x_wconf 77' lang='grc' dir='ltr'>μιξίᾳ</span> <span class='ocrx_word' id='word_1_85' title='bbox 169 554 206 588; x_wconf 80' lang='grc' dir='ltr'>μὴ</span> <span class='ocrx_word' id='word_1_86' title='bbox 232 553 421 588; x_wconf 85' lang='grc' dir='ltr'>μολυνόμενον.</span> <span class='ocrx_word' id='word_1_87' title='bbox 452 550 501 577; x_wconf 78' lang='grc' dir='ltr'>Διά</span> <span class='ocrx_word' id='word_1_88' title='bbox 527 550 613 577; x_wconf 76' lang='grc' dir='ltr'>ταῦτα</span> <span class='ocrx_word' id='word_1_89' title='bbox 638 550 685 577; x_wconf 70' lang='grc' dir='ltr'>καὶ</span> <span class='ocrx_word' id='word_1_90' title='bbox 708 551 722 576; x_wconf 90' lang='lat'><strong>6</strong></span> <span class='ocrx_word' id='word_1_91' title='bbox 748 549 850 580; x_wconf 81' lang='grc' dir='ltr'>δίκαιος</span> 
     </span>
    </p>
   </div>
   <div class='ocr_carea' id='block_1_14' title="bbox 62 595 850 635">
    <p class='ocr_par' dir='ltr' id='par_1_14' title="bbox 62 595 850 635">
     <span class='ocr_line' id='line_1_14' title="bbox 62 595 850 635; baseline -0.009 -8"><span class='ocrx_word' id='word_1_92' title='bbox 62 599 199 635; x_wconf 79' lang='grc' dir='ltr'>ὀφθαλμὸς</span> <span class='ocrx_word' id='word_1_93' title='bbox 221 600 270 634; x_wconf 85' lang='grc' dir='ltr'><strong>τὴν</strong></span> <span class='ocrx_word' id='word_1_94' title='bbox 294 598 372 624; x_wconf 77' lang='grc' dir='ltr'>τοῦτο</span> <span class='ocrx_word' id='word_1_95' title='bbox 388 597 538 632; x_wconf 81' lang='grc' dir='ltr'><strong>γενομένην</strong></span> <span class='ocrx_word' id='word_1_96' title='bbox 551 615 558 628; x_wconf 84' lang='grc'><em>,</em></span> <span class='ocrx_word' id='word_1_97' title='bbox 580 596 639 630; x_wconf 73' lang='grc' dir='ltr'>ἢτοι</span> <span class='ocrx_word' id='word_1_98' title='bbox 654 595 780 629; x_wconf 80' lang='grc' dir='ltr'>γενέσθαι</span> <span class='ocrx_word' id='word_1_99' title='bbox 800 603 850 620; x_wconf 86' lang='grc' dir='ltr'>πο-</span> 
     </span>
    </p>
   </div>
   <div class='ocr_carea' id='block_1_15' title="bbox 63 641 851 681">
    <p class='ocr_par' dir='ltr' id='par_1_15' title="bbox 63 641 851 681">
     <span class='ocr_line' id='line_1_15' title="bbox 63 641 851 681; baseline -0.008 -9"><span class='ocrx_word' id='word_1_100' title='bbox 63 646 187 681; x_wconf 84' lang='grc' dir='ltr'>θήσασαν</span> <span class='ocrx_word' id='word_1_101' title='bbox 208 651 214 658; x_wconf 93' lang='grc'><strong>·</strong></span> <span class='ocrx_word' id='word_1_102' title='bbox 235 643 376 678; x_wconf 78' lang='grc' dir='ltr'>ἀμφότερα</span> <span class='ocrx_word' id='word_1_103' title='bbox 405 642 461 676; x_wconf 85' lang='grc' dir='ltr'><strong>γὰρ</strong></span> <span class='ocrx_word' id='word_1_104' title='bbox 485 643 517 668; x_wconf 82' lang='grc' dir='ltr'>ὲκ</span> <span class='ocrx_word' id='word_1_105' title='bbox 541 641 596 667; x_wconf 84' lang='grc' dir='ltr'>τῶν</span> <span class='ocrx_word' id='word_1_106' title='bbox 619 641 770 676; x_wconf 74' lang='grc' dir='ltr'>εἰρημένων</span> <span class='ocrx_word' id='word_1_107' title='bbox 800 641 851 666; x_wconf 87' lang='grc' dir='ltr'><strong>ὑπ-</strong></span> 
     </span>
    </p>
   </div>
   <div class='ocr_carea' id='block_1_16' title="bbox 63 684 850 725">
    <p class='ocr_par' dir='ltr' id='par_1_16' title="bbox 63 684 850 725">
     <span class='ocr_line' id='line_1_16' title="bbox 63 684 850 725; baseline -0.008 -9"><span class='ocrx_word' id='word_1_108' title='bbox 63 689 257 725; x_wconf 81' lang='grc' dir='ltr'>ενοήσαμεν,ἢ</span> <span class='ocrx_word' id='word_1_109' title='bbox 281 689 322 714; x_wconf 79' lang='grc' dir='ltr'>ὅτι</span> <span class='ocrx_word' id='word_1_110' title='bbox 352 687 562 722; x_wconf 82' lang='grc' dir='ltr'>μεγαλαυχεῖται</span> <span class='ocrx_word' id='word_1_111' title='bbox 585 685 622 717; x_wconf 83' lang='grc' dir='ltr'>ὼς</span> <span class='ocrx_word' id='word_1_112' title='bbox 646 685 696 720; x_wconf 76' lang='grc' dir='ltr'><strong>ἤδη</strong></span> <span class='ocrx_word' id='word_1_113' title='bbox 717 684 850 720; x_wconf 79' lang='grc' dir='ltr'><strong>γενομένη</strong></span> 
     </span>
    </p>
   </div>
   <div class='ocr_carea' id='block_1_17' title="bbox 63 729 851 769">
    <p class='ocr_par' dir='ltr' id='par_1_17' title="bbox 63 729 851 769">
     <span class='ocr_line' id='line_1_17' title="bbox 63 729 851 769; baseline -0.009 -7"><span class='ocrx_word' id='word_1_114' title='bbox 63 736 132 769; x_wconf 66' lang='grc' dir='ltr'>ὅπερ</span> <span class='ocrx_word' id='word_1_115' title='bbox 148 733 330 768; x_wconf 76' lang='grc' dir='ltr'>ἐπεπόθησεν,</span> <span class='ocrx_word' id='word_1_116' title='bbox 348 732 364 767; x_wconf 85' lang='grc' dir='ltr'>ἢ</span> <span class='ocrx_word' id='word_1_117' title='bbox 381 733 422 758; x_wconf 81' lang='grc' dir='ltr'>ὅτι</span> <span class='ocrx_word' id='word_1_118' title='bbox 444 731 528 757; x_wconf 85' lang='grc' dir='ltr'>δεῖται</span> <span class='ocrx_word' id='word_1_119' title='bbox 556 729 603 756; x_wconf 80' lang='grc' dir='ltr'><strong>τοῦ</strong></span> <span class='ocrx_word' id='word_1_120' title='bbox 622 729 745 765; x_wconf 79' lang='grc' dir='ltr'><strong>γεωργοῦ</strong></span> <span class='ocrx_word' id='word_1_121' title='bbox 771 729 851 761; x_wconf 77' lang='grc' dir='ltr'>ἄνθος</span> 
     </span>
    </p>
   </div>
   <div class='ocr_carea' id='block_1_18' title="bbox 64 774 851 814">
    <p class='ocr_par' dir='ltr' id='par_1_18' title="bbox 64 774 851 814">
     <span class='ocr_line' id='line_1_18' title="bbox 64 774 851 814; baseline -0.006 -8"><span class='ocrx_word' id='word_1_122' title='bbox 64 779 200 814; x_wconf 76' lang='grc' dir='ltr'>γενέσθαι,</span> <span class='ocrx_word' id='word_1_123' title='bbox 216 778 260 805; x_wconf 79' lang='grc' dir='ltr'><strong>διὰ</strong></span> <span class='ocrx_word' id='word_1_124' title='bbox 287 778 336 812; x_wconf 80' lang='grc' dir='ltr'>τῆς</span> <span class='ocrx_word' id='word_1_125' title='bbox 355 777 459 803; x_wconf 79' lang='grc' dir='ltr'>ἐκείνου</span> <span class='ocrx_word' id='word_1_126' title='bbox 479 776 574 810; x_wconf 78' lang='grc' dir='ltr'>σοφίας</span> <span class='ocrx_word' id='word_1_127' title='bbox 587 774 619 801; x_wconf 74' lang='grc' dir='ltr'>ὲκ</span> <span class='ocrx_word' id='word_1_128' title='bbox 646 775 701 801; x_wconf 76' lang='grc' dir='ltr'>τῶν</span> <span class='ocrx_word' id='word_1_129' title='bbox 722 775 851 802; x_wconf 85' lang='grc' dir='ltr'>κοιλάδων</span> 
     </span>
    </p>
   </div>
   <div class='ocr_carea' id='block_1_19' title="bbox 46 815 852 860">
    <p class='ocr_par' dir='ltr' id='par_1_19' title="bbox 46 815 852 860">
     <span class='ocr_line' id='line_1_19' title="bbox 46 815 852 860; baseline -0.007 -9"><span class='ocrx_word' id='word_1_130' title='bbox 46 815 114 860; x_wconf 13' lang='grc' dir='ltr'>ίτῆς</span> <span class='ocrx_word' id='word_1_131' title='bbox 132 824 304 860; x_wconf 76' lang='grc' dir='ltr'><strong>ἀνθρωπίνης</strong></span> <span class='ocrx_word' id='word_1_132' title='bbox 333 823 403 857; x_wconf 82' lang='grc' dir='ltr'><strong>ζωῆς</strong></span> <span class='ocrx_word' id='word_1_133' title='bbox 423 823 462 854; x_wconf 89' lang='grc' dir='ltr'><strong>είς</strong></span> <span class='ocrx_word' id='word_1_134' title='bbox 490 822 583 856; x_wconf 82' lang='grc' dir='ltr'>κρίνου</span> <span class='ocrx_word' id='word_1_135' title='bbox 612 820 708 851; x_wconf 83' lang='grc' dir='ltr'>κάλλος</span> <span class='ocrx_word' id='word_1_136' title='bbox 735 819 852 854; x_wconf 80' lang='grc' dir='ltr'>ἀναδρα-</span> 
     </span>
    </p>
   </div>
   <div class='ocr_carea' id='block_1_20' title="bbox 902 228 1686 266">
    <p class='ocr_par' dir='ltr' id='par_1_20' title="bbox 902 228 1686 266">
     <span class='ocr_line' id='line_1_20' title="bbox 902 228 1686 266; baseline -0.004 -8"><span class='ocrx_word' id='word_1_137' title='bbox 902 231 997 266; x_wconf 81' lang='lat' dir='ltr'><strong>Magna</strong></span> <span class='ocrx_word' id='word_1_138' title='bbox 1020 231 1091 258; x_wconf 87' lang='lat' dir='ltr'><strong>enim</strong></span> <span class='ocrx_word' id='word_1_139' title='bbox 1115 238 1146 257; x_wconf 82' lang='lat' dir='ltr'><strong>ex</strong></span> <span class='ocrx_word' id='word_1_140' title='bbox 1171 233 1248 264; x_wconf 84' lang='lat' dir='ltr'><strong>parte</strong></span> <span class='ocrx_word' id='word_1_141' title='bbox 1273 236 1334 256; x_wconf 89' lang='lat' dir='ltr'><strong>cum</strong></span> <span class='ocrx_word' id='word_1_142' title='bbox 1362 229 1388 255; x_wconf 93' lang='lat' dir='ltr'><strong>in</strong></span> <span class='ocrx_word' id='word_1_143' title='bbox 1421 233 1525 256; x_wconf 85' lang='lat' dir='ltr'><strong>rectum</strong></span> <span class='ocrx_word' id='word_1_144' title='bbox 1554 237 1568 255; x_wconf 89' lang='lat' dir='ltr'><strong>a</strong></span> <span class='ocrx_word' id='word_1_145' title='bbox 1595 228 1686 255; x_wconf 81' lang='lat' dir='ltr'><strong>radice</strong></span> 
     </span>
    </p>
   </div>
   <div class='ocr_carea' id='block_1_21' title="bbox 883 273 1686 306">
    <p class='ocr_par' dir='ltr' id='par_1_21' title="bbox 883 273 1686 306">
     <span class='ocr_line' id='line_1_21' title="bbox 883 273 1686 306; baseline -0.004 -3"><span class='ocrx_word' id='word_1_146' title='bbox 883 281 886 283; x_wconf 73' lang='lat'><strong>‘</strong></span> <span class='ocrx_word' id='word_1_147' title='bbox 902 277 990 304; x_wconf 87' lang='lat' dir='ltr'><strong>instar</strong></span> <span class='ocrx_word' id='word_1_148' title='bbox 1005 275 1147 303; x_wconf 82' lang='lat' dir='ltr'><strong>arundinis</strong></span> <span class='ocrx_word' id='word_1_149' title='bbox 1164 274 1313 302; x_wconf 75' lang='lat' dir='ltr'><strong>excurrerit</strong></span> <span class='ocrx_word' id='word_1_150' title='bbox 1329 273 1412 302; x_wconf 83' lang='lat' dir='ltr'><strong>herba</strong></span> <span class='ocrx_word' id='word_1_151' title='bbox 1429 274 1495 306; x_wconf 83' lang='lat' dir='ltr'><strong>lilii,</strong></span> <span class='ocrx_word' id='word_1_152' title='bbox 1517 273 1609 302; x_wconf 84' lang='lat' dir='ltr'><strong>ﬂorem</strong></span> <span class='ocrx_word' id='word_1_153' title='bbox 1629 274 1686 301; x_wconf 84' lang='lat' dir='ltr'><strong>edit</strong></span> 
     </span>
    </p>
   </div>
   <div class='ocr_carea' id='block_1_22' title="bbox 902 319 1686 353">
    <p class='ocr_par' dir='ltr' id='par_1_22' title="bbox 902 319 1686 353">
     <span class='ocr_line' id='line_1_22' title="bbox 902 319 1686 353; baseline -0.005 -5"><span class='ocrx_word' id='word_1_154' title='bbox 902 329 934 348; x_wconf 79' lang='lat' dir='ltr'><strong>ex</strong></span> <span class='ocrx_word' id='word_1_155' title='bbox 948 321 1060 353; x_wconf 83' lang='lat' dir='ltr'><strong>vertice,</strong></span> <span class='ocrx_word' id='word_1_156' title='bbox 1084 327 1140 348; x_wconf 93' lang='lat' dir='ltr'><strong>non</strong></span> <span class='ocrx_word' id='word_1_157' title='bbox 1161 320 1269 347; x_wconf 87' lang='lat' dir='ltr'><strong>modico</strong></span> <span class='ocrx_word' id='word_1_158' title='bbox 1302 319 1486 347; x_wconf 86' lang='lat' dir='ltr'><strong>intercedente</strong></span> <span class='ocrx_word' id='word_1_159' title='bbox 1508 319 1650 346; x_wconf 82' lang='lat' dir='ltr'><strong>intervallo</strong></span> <span class='ocrx_word' id='word_1_160' title='bbox 1671 327 1686 344; x_wconf 75' lang='grc' dir='ltr'>ει</span> 
     </span>
    </p>
   </div>
   <div class='ocr_carea' id='block_1_23' title="bbox 903 364 1688 400">
    <p class='ocr_par' dir='ltr' id='par_1_23' title="bbox 903 364 1688 400">
     <span class='ocr_line' id='line_1_23' title="bbox 903 364 1688 400; baseline -0.004 -7"><span class='ocrx_word' id='word_1_161' title='bbox 903 371 974 394; x_wconf 87' lang='lat' dir='ltr'><strong>terra</strong></span> <span class='ocrx_word' id='word_1_162' title='bbox 991 370 1094 393; x_wconf 91' lang='lat' dir='ltr'><strong>tantum</strong></span> <span class='ocrx_word' id='word_1_163' title='bbox 1110 366 1224 397; x_wconf 88' lang='lat' dir='ltr'><strong>distans,</strong></span> <span class='ocrx_word' id='word_1_164' title='bbox 1240 369 1381 400; x_wconf 87' lang='lat' dir='ltr'><strong>quantum,</strong></span> <span class='ocrx_word' id='word_1_165' title='bbox 1401 369 1430 391; x_wconf 89' lang='lat' dir='ltr'><strong>ut</strong></span> <span class='ocrx_word' id='word_1_166' title='bbox 1446 365 1552 399; x_wconf 78' lang='lat' dir='ltr'><strong>opinor,</strong></span> <span class='ocrx_word' id='word_1_167' title='bbox 1569 364 1636 391; x_wconf 87' lang='lat' dir='ltr'><strong>satis</strong></span> <span class='ocrx_word' id='word_1_168' title='bbox 1652 364 1688 390; x_wconf 90' lang='lat' dir='ltr'><strong>sit</strong></span> 
     </span>
    </p>
   </div>
   <div class='ocr_carea' id='block_1_24' title="bbox 903 409 1686 446">
    <p class='ocr_par' dir='ltr' id='par_1_24' title="bbox 903 409 1686 446">
     <span class='ocr_line' id='line_1_24' title="bbox 903 409 1686 446; baseline -0.004 -8"><span class='ocrx_word' id='word_1_169' title='bbox 903 412 935 439; x_wconf 89' lang='lat' dir='ltr'><strong>ad</strong></span> <span class='ocrx_word' id='word_1_170' title='bbox 958 412 1009 439; x_wconf 83' lang='lat' dir='ltr'><strong>hoc</strong></span> <span class='ocrx_word' id='word_1_171' title='bbox 1039 416 1068 438; x_wconf 88' lang='lat' dir='ltr'><strong>ut</strong></span> <span class='ocrx_word' id='word_1_172' title='bbox 1094 414 1201 438; x_wconf 89' lang='lat' dir='ltr'><strong>maneat</strong></span> <span class='ocrx_word' id='word_1_173' title='bbox 1227 418 1294 446; x_wconf 88' lang='lat' dir='ltr'><strong>pura</strong></span> <span class='ocrx_word' id='word_1_174' title='bbox 1318 411 1344 437; x_wconf 92' lang='lat' dir='ltr'><strong>in</strong></span> <span class='ocrx_word' id='word_1_175' title='bbox 1371 410 1479 437; x_wconf 86' lang='lat' dir='ltr'><strong>sublimi</strong></span> <span class='ocrx_word' id='word_1_176' title='bbox 1505 409 1686 444; x_wconf 77' lang='lat' dir='ltr'><strong>pulchritudo,</strong></span> 
     </span>
    </p>
   </div>
   <div class='ocr_carea' id='block_1_25' title="bbox 903 455 1687 492">
    <p class='ocr_par' dir='ltr' id='par_1_25' title="bbox 903 455 1687 492">
     <span class='ocr_line' id='line_1_25' title="bbox 903 455 1687 492; baseline -0.003 -8"><span class='ocrx_word' id='word_1_177' title='bbox 903 465 957 484; x_wconf 91' lang='lat' dir='ltr'><strong>non</strong></span> <span class='ocrx_word' id='word_1_178' title='bbox 970 457 1108 492; x_wconf 88' lang='lat' dir='ltr'><strong>inquinata</strong></span> <span class='ocrx_word' id='word_1_179' title='bbox 1120 457 1247 484; x_wconf 90' lang='lat' dir='ltr'><strong>mistione</strong></span> <span class='ocrx_word' id='word_1_180' title='bbox 1259 463 1320 484; x_wconf 84' lang='lat' dir='ltr'><strong>cum</strong></span> <span class='ocrx_word' id='word_1_181' title='bbox 1335 459 1417 484; x_wconf 35' lang='lat' dir='ltr'><strong>terra,</strong></span> <span class='ocrx_word' id='word_1_182' title='bbox 1434 455 1578 490; x_wconf 76' lang='lat' dir='ltr'><strong>Propterea</strong></span> <span class='ocrx_word' id='word_1_183' title='bbox 1607 455 1687 482; x_wconf 87' lang='lat' dir='ltr'><strong>etiam</strong></span> 
     </span>
    </p>
   </div>
   <div class='ocr_carea' id='block_1_26' title="bbox 901 500 1689 537">
    <p class='ocr_par' dir='ltr' id='par_1_26' title="bbox 901 500 1689 537">
     <span class='ocr_line' id='line_1_26' title="bbox 901 500 1689 537; baseline -0.004 -8"><span class='ocrx_word' id='word_1_184' title='bbox 901 503 993 537; x_wconf 86' lang='lat' dir='ltr'><strong>justus</strong></span> <span class='ocrx_word' id='word_1_185' title='bbox 1017 502 1124 535; x_wconf 90' lang='lat' dir='ltr'><strong>oculus,</strong></span> <span class='ocrx_word' id='word_1_186' title='bbox 1148 510 1206 529; x_wconf 87' lang='lat' dir='ltr'><strong>eam</strong></span> <span class='ocrx_word' id='word_1_187' title='bbox 1228 510 1288 537; x_wconf 83' lang='lat' dir='ltr'><strong>quae</strong></span> <span class='ocrx_word' id='word_1_188' title='bbox 1311 502 1361 529; x_wconf 88' lang='lat' dir='ltr'><strong>hoc</strong></span> <span class='ocrx_word' id='word_1_189' title='bbox 1379 501 1450 528; x_wconf 82' lang='lat' dir='ltr'><strong>facta</strong></span> <span class='ocrx_word' id='word_1_190' title='bbox 1477 505 1529 534; x_wconf 81' lang='lat' dir='ltr'><strong>est,</strong></span> <span class='ocrx_word' id='word_1_191' title='bbox 1552 501 1594 528; x_wconf 87' lang='lat' dir='ltr'><strong>vel</strong></span> <span class='ocrx_word' id='word_1_192' title='bbox 1632 500 1689 527; x_wconf 73' lang='lat' dir='ltr'><strong>fieri</strong></span> 
     </span>
    </p>
   </div>
   <div class='ocr_carea' id='block_1_27' title="bbox 904 546 1690 583">
    <p class='ocr_par' dir='ltr' id='par_1_27' title="bbox 904 546 1690 583">
     <span class='ocr_line' id='line_1_27' title="bbox 904 546 1690 583; baseline -0.003 -9"><span class='ocrx_word' id='word_1_193' title='bbox 904 547 1067 574; x_wconf 83' lang='lat' dir='ltr'><strong>desideravit</strong></span> <span class='ocrx_word' id='word_1_194' title='bbox 1081 548 1236 583; x_wconf 84' lang='lat' dir='ltr'><strong>(utrumque</strong></span> <span class='ocrx_word' id='word_1_195' title='bbox 1249 548 1320 574; x_wconf 87' lang='lat' dir='ltr'><strong>enim</strong></span> <span class='ocrx_word' id='word_1_196' title='bbox 1351 555 1383 574; x_wconf 83' lang='lat' dir='ltr'><strong>ex</strong></span> <span class='ocrx_word' id='word_1_197' title='bbox 1407 547 1440 574; x_wconf 91' lang='lat' dir='ltr'><strong>iis</strong></span> <span class='ocrx_word' id='word_1_198' title='bbox 1459 554 1519 582; x_wconf 75' lang='lat' dir='ltr'><strong>qua:</strong></span> <span class='ocrx_word' id='word_1_199' title='bbox 1534 546 1606 573; x_wconf 89' lang='lat' dir='ltr'><strong>dicta</strong></span> <span class='ocrx_word' id='word_1_200' title='bbox 1626 549 1690 573; x_wconf 90' lang='lat' dir='ltr'><strong>sunt</strong></span> 
     </span>
    </p>
   </div>
   <div class='ocr_carea' id='block_1_28' title="bbox 904 590 1691 628">
    <p class='ocr_par' dir='ltr' id='par_1_28' title="bbox 904 590 1691 628">
     <span class='ocr_line' id='line_1_28' title="bbox 904 590 1691 628; baseline -0.001 -10"><span class='ocrx_word' id='word_1_201' title='bbox 904 592 1093 627; x_wconf 82' lang='lat' dir='ltr'><strong>intelligimus,</strong></span> <span class='ocrx_word' id='word_1_202' title='bbox 1108 600 1206 628; x_wconf 84' lang='lat' dir='ltr'><strong>nempe</strong></span> <span class='ocrx_word' id='word_1_203' title='bbox 1225 591 1297 627; x_wconf 89' lang='lat' dir='ltr'><strong>quod</strong></span> <span class='ocrx_word' id='word_1_204' title='bbox 1319 592 1359 620; x_wconf 78' lang='lat' dir='ltr'><strong>vel</strong></span> <span class='ocrx_word' id='word_1_205' title='bbox 1373 592 1505 627; x_wconf 74' lang='lat' dir='ltr'><strong>gloriatur</strong></span> <span class='ocrx_word' id='word_1_206' title='bbox 1521 599 1549 618; x_wconf 86' lang='lat' dir='ltr'><strong>se</strong></span> <span class='ocrx_word' id='word_1_207' title='bbox 1561 591 1616 626; x_wconf 86' lang='lat' dir='ltr'><strong>jam</strong></span> <span class='ocrx_word' id='word_1_208' title='bbox 1633 590 1691 617; x_wconf 80' lang='lat' dir='ltr'><strong>fac-</strong></span> 
     </span>
    </p>
   </div>
   <div class='ocr_carea' id='block_1_29' title="bbox 904 636 1690 673">
    <p class='ocr_par' dir='ltr' id='par_1_29' title="bbox 904 636 1690 673">
     <span class='ocr_line' id='line_1_29' title="bbox 904 636 1690 673; baseline -0.005 -7"><span class='ocrx_word' id='word_1_209' title='bbox 904 643 959 666; x_wconf 90' lang='lat' dir='ltr'><strong>tam</strong></span> <span class='ocrx_word' id='word_1_210' title='bbox 996 645 1058 665; x_wconf 88' lang='lat' dir='ltr'><strong>esse</strong></span> <span class='ocrx_word' id='word_1_211' title='bbox 1082 638 1155 673; x_wconf 90' lang='lat' dir='ltr'><strong>quod</strong></span> <span class='ocrx_word' id='word_1_212' title='bbox 1169 638 1344 671; x_wconf 81' lang='lat' dir='ltr'><strong>desideravit,</strong></span> <span class='ocrx_word' id='word_1_213' title='bbox 1360 637 1400 664; x_wconf 87' lang='lat' dir='ltr'><strong>vel</strong></span> <span class='ocrx_word' id='word_1_214' title='bbox 1425 637 1495 671; x_wconf 89' lang='lat' dir='ltr'><strong>quod</strong></span> <span class='ocrx_word' id='word_1_215' title='bbox 1519 642 1595 671; x_wconf 80' lang='lat' dir='ltr'><strong>rogat</strong></span> <span class='ocrx_word' id='word_1_216' title='bbox 1618 636 1690 671; x_wconf 84' lang='lat' dir='ltr'><strong>agri-</strong></span> 
     </span>
    </p>
   </div>
   <div class='ocr_carea' id='block_1_30' title="bbox 904 681 1691 718">
    <p class='ocr_par' dir='ltr' id='par_1_30' title="bbox 904 681 1691 718">
     <span class='ocr_line' id='line_1_30' title="bbox 904 681 1691 718; baseline -0.003 -8"><span class='ocrx_word' id='word_1_217' title='bbox 904 684 992 711; x_wconf 91' lang='lat' dir='ltr'><strong>colam</strong></span> <span class='ocrx_word' id='word_1_218' title='bbox 1011 689 1040 710; x_wconf 89' lang='grc' dir='ltr'><strong>ιιι</strong></span> <span class='ocrx_word' id='word_1_219' title='bbox 1055 683 1104 711; x_wconf 84' lang='lat' dir='ltr'><strong>llos</strong></span> <span class='ocrx_word' id='word_1_220' title='bbox 1122 685 1167 710; x_wconf 84' lang='lat' dir='ltr'><strong>ttat</strong></span> <span class='ocrx_word' id='word_1_221' title='bbox 1180 691 1228 718; x_wconf 86' lang='lat' dir='ltr'><strong>per</strong></span> <span class='ocrx_word' id='word_1_222' title='bbox 1243 684 1314 710; x_wconf 89' lang='lat' dir='ltr'><strong>illius</strong></span> <span class='ocrx_word' id='word_1_223' title='bbox 1331 683 1507 717; x_wconf 85' lang='lat' dir='ltr'><strong>sapientiam,</strong></span> <span class='ocrx_word' id='word_1_224' title='bbox 1523 690 1555 708; x_wconf 83' lang='lat' dir='ltr'><strong>ex</strong></span> <span class='ocrx_word' id='word_1_225' title='bbox 1575 681 1691 708; x_wconf 86' lang='lat' dir='ltr'><strong>vallibus</strong></span> 
     </span>
    </p>
   </div>
   <div class='ocr_carea' id='block_1_31' title="bbox 905 726 1691 762">
    <p class='ocr_par' dir='ltr' id='par_1_31' title="bbox 905 726 1691 762">
     <span class='ocr_line' id='line_1_31' title="bbox 905 726 1691 762; baseline -0.005 -6"><span class='ocrx_word' id='word_1_226' title='bbox 905 729 1030 756; x_wconf 65' lang='lat' dir='ltr'><strong>humanae</strong></span> <span class='ocrx_word' id='word_1_227' title='bbox 1050 730 1111 756; x_wconf 68' lang='lat' dir='ltr'><strong>vitae</strong></span> <span class='ocrx_word' id='word_1_228' title='bbox 1133 729 1166 756; x_wconf 90' lang='lat' dir='ltr'><strong>ad</strong></span> <span class='ocrx_word' id='word_1_229' title='bbox 1200 729 1248 755; x_wconf 82' lang='lat' dir='ltr'><strong>lilii</strong></span> <span class='ocrx_word' id='word_1_230' title='bbox 1271 736 1417 762; x_wconf 80' lang='lat' dir='ltr'><strong>assurgens</strong></span> <span class='ocrx_word' id='word_1_231' title='bbox 1450 726 1691 762; x_wconf 83' lang='lat' dir='ltr'><strong>pulchritudinem)</strong></span> 
     </span>
    </p>
   </div>
   <div class='ocr_carea' id='block_1_32' title="bbox 905 773 1692 810">
    <p class='ocr_par' dir='ltr' id='par_1_32' title="bbox 905 773 1692 810">
     <span class='ocr_line' id='line_1_32' title="bbox 905 773 1692 810; baseline -0.004 -8"><span class='ocrx_word' id='word_1_232' title='bbox 905 776 962 803; x_wconf 83' lang='lat' dir='ltr'><strong>sive</strong></span> <span class='ocrx_word' id='word_1_233' title='bbox 975 783 1040 810; x_wconf 78' lang='lat' dir='ltr'><strong>ergo</strong></span> <span class='ocrx_word' id='word_1_234' title='bbox 1053 775 1110 802; x_wconf 89' lang='lat' dir='ltr'><strong>vult</strong></span> <span class='ocrx_word' id='word_1_235' title='bbox 1125 775 1175 802; x_wconf 86' lang='lat' dir='ltr'><strong>hoc</strong></span> <span class='ocrx_word' id='word_1_236' title='bbox 1198 775 1266 806; x_wconf 76' lang='lat' dir='ltr'><strong>ﬁeri,</strong></span> <span class='ocrx_word' id='word_1_237' title='bbox 1286 782 1334 802; x_wconf 89' lang='lat' dir='ltr'><strong>seu</strong></span> <span class='ocrx_word' id='word_1_238' title='bbox 1353 775 1422 801; x_wconf 79' lang='lat' dir='ltr'><strong>facta</strong></span> <span class='ocrx_word' id='word_1_239' title='bbox 1438 779 1479 801; x_wconf 89' lang='lat' dir='ltr'><strong>est</strong></span> <span class='ocrx_word' id='word_1_240' title='bbox 1493 774 1564 808; x_wconf 87' lang='lat' dir='ltr'><strong>quod</strong></span> <span class='ocrx_word' id='word_1_241' title='bbox 1597 773 1692 804; x_wconf 82' lang='lat' dir='ltr'><strong>voluit,</strong></span> 
     </span>
    </p>
   </div>
   <div class='ocr_carea' id='block_1_33' title="bbox 905 819 1693 855">
    <p class='ocr_par' dir='ltr' id='par_1_33' title="bbox 905 819 1693 855">
     <span class='ocr_line' id='line_1_33' title="bbox 905 819 1693 855; baseline -0.001 -9"><span class='ocrx_word' id='word_1_242' title='bbox 905 825 979 847; x_wconf 83' lang='lat' dir='ltr'><strong>recte</strong></span> <span class='ocrx_word' id='word_1_243' title='bbox 1009 820 1101 855; x_wconf 89' lang='lat' dir='ltr'><strong>justus</strong></span> <span class='ocrx_word' id='word_1_244' title='bbox 1122 821 1215 854; x_wconf 86' lang='lat' dir='ltr'><strong>sponsi</strong></span> <span class='ocrx_word' id='word_1_245' title='bbox 1235 821 1329 847; x_wconf 91' lang='lat' dir='ltr'><strong>oculus</strong></span> <span class='ocrx_word' id='word_1_246' title='bbox 1346 819 1406 855; x_wconf 80' lang='lat' dir='ltr'><strong>ejus</strong></span> <span class='ocrx_word' id='word_1_247' title='bbox 1421 820 1492 847; x_wconf 87' lang='lat' dir='ltr'><strong>bono</strong></span> <span class='ocrx_word' id='word_1_248' title='bbox 1507 820 1602 846; x_wconf 85' lang='lat' dir='ltr'><strong>annuit</strong></span> <span class='ocrx_word' id='word_1_249' title='bbox 1619 819 1693 846; x_wconf 83' lang='lat' dir='ltr'><strong>desi-</strong></span> 
     </span>
    </p>
   </div>
   <div class='ocr_carea' id='block_1_34' title="bbox 67 864 860 906">
    <p class='ocr_par' dir='ltr' id='par_1_34' title="bbox 67 866 853 906">
     <span class='ocr_line' id='line_1_34' title="bbox 67 866 853 906; baseline -0.008 -9"><span class='ocrx_word' id='word_1_250' title='bbox 67 871 169 906; x_wconf 81' lang='grc' dir='ltr'>μοῦσα·</span> <span class='ocrx_word' id='word_1_251' title='bbox 187 870 240 897; x_wconf 71' lang='grc' dir='ltr'>εἴτε</span> <span class='ocrx_word' id='word_1_252' title='bbox 262 868 307 896; x_wconf 81' lang='grc' dir='ltr'><strong>οὖν</strong></span> <span class='ocrx_word' id='word_1_253' title='bbox 331 868 456 903; x_wconf 83' lang='grc' dir='ltr'>γενέσθαι</span> <span class='ocrx_word' id='word_1_254' title='bbox 481 867 604 902; x_wconf 81' lang='grc' dir='ltr'>βούλεται</span> <span class='ocrx_word' id='word_1_255' title='bbox 619 866 706 897; x_wconf 80' lang='grc' dir='ltr'>τοῦτο,</span> <span class='ocrx_word' id='word_1_256' title='bbox 726 867 779 892; x_wconf 73' lang='grc' dir='ltr'>εἴτε</span> <span class='ocrx_word' id='word_1_257' title='bbox 807 866 853 892; x_wconf 73' lang='grc' dir='ltr'>καὶ</span> 
     </span>
    </p>
   </div>
   <div class='ocr_carea' id='block_1_35' title="bbox 913 864 1695 906">
    <p class='ocr_par' dir='ltr' id='par_1_35' title="bbox 913 864 1695 900">
     <span class='ocr_line' id='line_1_35' title="bbox 913 864 1695 900; baseline -0.001 -9"><span class='ocrx_word' id='word_1_258' title='bbox 913 865 979 892; x_wconf 84' lang='lat' dir='ltr'><strong>lerio</strong></span> <span class='ocrx_word' id='word_1_259' title='bbox 997 873 1062 899; x_wconf 60' lang='lat' dir='ltr'><strong>,qure</strong></span> <span class='ocrx_word' id='word_1_260' title='bbox 1089 865 1122 892; x_wconf 85' lang='lat' dir='ltr'><strong>ad</strong></span> <span class='ocrx_word' id='word_1_261' title='bbox 1147 865 1206 900; x_wconf 87' lang='lat' dir='ltr'><strong>ejus</strong></span> <span class='ocrx_word' id='word_1_262' title='bbox 1229 865 1342 892; x_wconf 87' lang='lat' dir='ltr'><strong>tormam</strong></span> <span class='ocrx_word' id='word_1_263' title='bbox 1367 865 1474 900; x_wconf 86' lang='lat' dir='ltr'><strong>aspicit,</strong></span> <span class='ocrx_word' id='word_1_264' title='bbox 1502 869 1532 892; x_wconf 88' lang='lat' dir='ltr'><strong>ut</strong></span> <span class='ocrx_word' id='word_1_265' title='bbox 1566 865 1625 900; x_wconf 85' lang='lat' dir='ltr'><strong>ipsa</strong></span> <span class='ocrx_word' id='word_1_266' title='bbox 1649 864 1695 891; x_wconf 85' lang='lat' dir='ltr'><strong>tiat</strong></span> 
     </span>
    </p>
   </div>
   <div class='ocr_carea' id='block_1_36' title="bbox 64 910 851 950">
    <p class='ocr_par' dir='ltr' id='par_1_36' title="bbox 64 910 851 950">
     <span class='ocr_line' id='line_1_36' title="bbox 64 910 851 950; baseline -0.009 -7"><span class='ocrx_word' id='word_1_267' title='bbox 64 916 176 950; x_wconf 77' lang='grc' dir='ltr'>γέγονεν</span> <span class='ocrx_word' id='word_1_268' title='bbox 186 916 254 950; x_wconf 80' lang='grc' dir='ltr'>ὅπερ</span> <span class='ocrx_word' id='word_1_269' title='bbox 269 914 394 949; x_wconf 76' lang='grc' dir='ltr'>ἠθέλησε,</span> <span class='ocrx_word' id='word_1_270' title='bbox 409 913 500 944; x_wconf 83' lang='grc' dir='ltr'>καλῶς</span> <span class='ocrx_word' id='word_1_271' title='bbox 512 913 526 939; x_wconf 90' lang='lat'><strong>6</strong></span> <span class='ocrx_word' id='word_1_272' title='bbox 539 912 639 943; x_wconf 80' lang='grc' dir='ltr'>δίκαιος</span> <span class='ocrx_word' id='word_1_273' title='bbox 656 911 792 946; x_wconf 73' lang='grc' dir='ltr'>ὀφθαλμὸς</span> <span class='ocrx_word' id='word_1_274' title='bbox 804 910 851 937; x_wconf 79' lang='grc' dir='ltr'><strong>τοῦ</strong></span> 
     </span>
    </p>
   </div>
   <div class='ocr_carea' id='block_1_37' title="bbox 66 955 853 994">
    <p class='ocr_par' dir='ltr' id='par_1_37' title="bbox 66 955 853 994">
     <span class='ocr_line' id='line_1_37' title="bbox 66 955 853 994; baseline -0.005 -8"><span class='ocrx_word' id='word_1_275' title='bbox 66 959 195 994; x_wconf 81' lang='grc' dir='ltr'><strong>νυμφίου,</strong></span> <span class='ocrx_word' id='word_1_276' title='bbox 209 959 276 994; x_wconf 70' lang='grc' dir='ltr'>πρὸς</span> <span class='ocrx_word' id='word_1_277' title='bbox 292 958 340 993; x_wconf 75' lang='grc' dir='ltr'>τὴν</span> <span class='ocrx_word' id='word_1_278' title='bbox 355 957 459 992; x_wconf 83' lang='grc' dir='ltr'>ἀγαθὴν</span> <span class='ocrx_word' id='word_1_279' title='bbox 472 956 619 990; x_wconf 77' lang='grc' dir='ltr'><strong>ἐπιθυμίαν</strong></span> <span class='ocrx_word' id='word_1_280' title='bbox 632 957 682 990; x_wconf 83' lang='grc' dir='ltr'>τῆς</span> <span class='ocrx_word' id='word_1_281' title='bbox 693 955 760 990; x_wconf 77' lang='grc' dir='ltr'>πρὸς</span> <span class='ocrx_word' id='word_1_282' title='bbox 773 955 853 982; x_wconf 75' lang='grc' dir='ltr'>αὐτὸν</span> 
     </span>
    </p>
   </div>
   <div class='ocr_carea' id='block_1_38' title="bbox 65 1000 862 1040">
    <p class='ocr_par' dir='ltr' id='par_1_38' title="bbox 65 1000 862 1040">
     <span class='ocr_line' id='line_1_38' title="bbox 65 1000 862 1040; baseline -0.008 -9"><span class='ocrx_word' id='word_1_283' title='bbox 65 1005 172 1040; x_wconf 81' lang='grc' dir='ltr'>ὁρώσης</span> <span class='ocrx_word' id='word_1_284' title='bbox 203 1004 275 1034; x_wconf 70' lang='grc' dir='ltr'>ἰδὼν.</span> <span class='ocrx_word' id='word_1_285' title='bbox 298 1003 426 1029; x_wconf 72' lang='grc' dir='ltr'>ἐπένευσε</span> <span class='ocrx_word' id='word_1_286' title='bbox 453 1001 579 1036; x_wconf 80' lang='grc' dir='ltr'>γενέσθαι</span> <span class='ocrx_word' id='word_1_287' title='bbox 596 1001 689 1036; x_wconf 84' lang='grc' dir='ltr'>κρίνον</span> <span class='ocrx_word' id='word_1_288' title='bbox 705 1000 800 1035; x_wconf 75' lang='grc' dir='ltr'>αὐτὴν,</span> <span class='ocrx_word' id='word_1_289' title='bbox 817 1000 862 1039; x_wconf 38' lang='grc' dir='ltr'><strong>μὴ.</strong></span> 
     </span>
    </p>
   </div>
   <div class='ocr_carea' id='block_1_39' title="bbox 67 1045 853 1084">
    <p class='ocr_par' dir='ltr' id='par_1_39' title="bbox 67 1045 853 1084">
     <span class='ocr_line' id='line_1_39' title="bbox 67 1045 853 1084; baseline -0.005 -8"><span class='ocrx_word' id='word_1_290' title='bbox 67 1049 286 1084; x_wconf 75' lang='grc' dir='ltr'>συμπνιγόμενον</span> <span class='ocrx_word' id='word_1_291' title='bbox 311 1048 369 1078; x_wconf 84' lang='grc' dir='ltr'>ταῖς</span> <span class='ocrx_word' id='word_1_292' title='bbox 393 1046 440 1072; x_wconf 80' lang='grc' dir='ltr'>τοῦ</span> <span class='ocrx_word' id='word_1_293' title='bbox 459 1046 516 1081; x_wconf 86' lang='grc' dir='ltr'>βίου</span> <span class='ocrx_word' id='word_1_294' title='bbox 530 1045 672 1076; x_wconf 72' lang='grc' dir='ltr'>ἀκάνθαις,</span> <span class='ocrx_word' id='word_1_295' title='bbox 691 1045 724 1077; x_wconf 77' lang='grc' dir='ltr'>ἃς</span> <span class='ocrx_word' id='word_1_296' title='bbox 741 1046 853 1079; x_wconf 78' lang='grc' dir='ltr'>θυγατέ-</span> 
     </span>
    </p>
   </div>
   <div class='ocr_carea' id='block_1_40' title="bbox 906 910 1696 946">
    <p class='ocr_par' dir='ltr' id='par_1_40' title="bbox 906 910 1696 946">
     <span class='ocr_line' id='line_1_40' title="bbox 906 910 1696 946; baseline 0 -9"><span class='ocrx_word' id='word_1_297' title='bbox 906 911 1004 942; x_wconf 82' lang='lat' dir='ltr'><strong>lilium,</strong></span> <span class='ocrx_word' id='word_1_298' title='bbox 1028 911 1139 938; x_wconf 85' lang='lat' dir='ltr'><strong>minime</strong></span> <span class='ocrx_word' id='word_1_299' title='bbox 1163 910 1295 938; x_wconf 81' lang='lat' dir='ltr'><strong>sull‘ocata</strong></span> <span class='ocrx_word' id='word_1_300' title='bbox 1312 919 1327 938; x_wconf 89' lang='lat' dir='ltr'><strong>a</strong></span> <span class='ocrx_word' id='word_1_301' title='bbox 1348 911 1434 946; x_wconf 85' lang='lat' dir='ltr'><strong>spinis</strong></span> <span class='ocrx_word' id='word_1_302' title='bbox 1456 911 1533 942; x_wconf 81' lang='lat' dir='ltr'><strong>vitae,</strong></span> <span class='ocrx_word' id='word_1_303' title='bbox 1560 918 1630 945; x_wconf 84' lang='lat' dir='ltr'><strong>quas</strong></span> <span class='ocrx_word' id='word_1_304' title='bbox 1646 918 1696 937; x_wconf 84' lang='lat' dir='ltr'><strong>no-</strong></span> 
     </span>
    </p>
   </div>
   <div class='ocr_carea' id='block_1_41' title="bbox 907 956 1696 989">
    <p class='ocr_par' dir='ltr' id='par_1_41' title="bbox 907 956 1696 989">
     <span class='ocr_line' id='line_1_41' title="bbox 907 956 1696 989; baseline -0.001 -6"><span class='ocrx_word' id='word_1_305' title='bbox 907 958 1020 984; x_wconf 86' lang='lat' dir='ltr'><strong>minavit</strong></span> <span class='ocrx_word' id='word_1_306' title='bbox 1045 957 1125 989; x_wconf 82' lang='lat' dir='ltr'><strong>ﬁlias,</strong></span> <span class='ocrx_word' id='word_1_307' title='bbox 1147 957 1239 989; x_wconf 84' lang='lat' dir='ltr'><strong>tacite,</strong></span> <span class='ocrx_word' id='word_1_308' title='bbox 1257 962 1286 984; x_wconf 91' lang='lat' dir='ltr'><strong>ut</strong></span> <span class='ocrx_word' id='word_1_309' title='bbox 1311 957 1438 988; x_wconf 83' lang='lat' dir='ltr'><strong>arbitror,</strong></span> <span class='ocrx_word' id='word_1_310' title='bbox 1463 958 1609 984; x_wconf 84' lang='lat' dir='ltr'><strong>ostendens</strong></span> <span class='ocrx_word' id='word_1_311' title='bbox 1648 956 1696 982; x_wconf 91' lang='lat' dir='ltr'><strong>ini-</strong></span> 
     </span>
    </p>
   </div>
   <div class='ocr_carea' id='block_1_42' title="bbox 907 1002 1720 1037">
    <p class='ocr_par' dir='ltr' id='par_1_42' title="bbox 907 1002 1720 1037">
     <span class='ocr_line' id='line_1_42' title="bbox 907 1002 1720 1037; baseline -0.001 -8"><span class='ocrx_word' id='word_1_312' title='bbox 907 1003 992 1029; x_wconf 89' lang='lat' dir='ltr'><strong>micas</strong></span> <span class='ocrx_word' id='word_1_313' title='bbox 1013 1003 1075 1030; x_wconf 64' lang='lat' dir='ltr'><strong>vita:</strong></span> <span class='ocrx_word' id='word_1_314' title='bbox 1093 1003 1219 1030; x_wconf 84' lang='lat' dir='ltr'><strong>humanae</strong></span> <span class='ocrx_word' id='word_1_315' title='bbox 1242 1006 1400 1037; x_wconf 84' lang='lat' dir='ltr'><strong>potestates,</strong></span> <span class='ocrx_word' id='word_1_316' title='bbox 1434 1010 1549 1037; x_wconf 88' lang='lat' dir='ltr'><strong>quarum</strong></span> <span class='ocrx_word' id='word_1_317' title='bbox 1571 1002 1697 1030; x_wconf 89' lang='lat' dir='ltr'><strong>nomina-</strong></span> <span class='ocrx_word' id='word_1_318' title='bbox 1718 1026 1720 1029; x_wconf 90' lang='lat'>.</span> 
     </span>
    </p>
   </div>
   <div class='ocr_carea' id='block_1_43' title="bbox 910 1048 1428 1082">
    <p class='ocr_par' dir='ltr' id='par_1_43' title="bbox 910 1048 1428 1082">
     <span class='ocr_line' id='line_1_43' title="bbox 910 1048 1428 1082; baseline 0 -8"><span class='ocrx_word' id='word_1_319' title='bbox 910 1052 954 1074; x_wconf 90' lang='lat' dir='ltr'><strong>tur</strong></span> <span class='ocrx_word' id='word_1_320' title='bbox 968 1052 1045 1082; x_wconf 86' lang='lat' dir='ltr'><strong>pater</strong></span> <span class='ocrx_word' id='word_1_321' title='bbox 1060 1050 1083 1075; x_wconf 90' lang='lat' dir='ltr'><strong>is</strong></span> <span class='ocrx_word' id='word_1_322' title='bbox 1098 1048 1142 1082; x_wconf 91' lang='lat' dir='ltr'><strong>qni</strong></span> <span class='ocrx_word' id='word_1_323' title='bbox 1162 1052 1202 1075; x_wconf 89' lang='lat' dir='ltr'><strong>est</strong></span> <span class='ocrx_word' id='word_1_324' title='bbox 1220 1048 1345 1075; x_wconf 85' lang='lat' dir='ltr'><strong>inventor</strong></span> <span class='ocrx_word' id='word_1_325' title='bbox 1359 1048 1428 1075; x_wconf 84' lang='lat' dir='ltr'><strong>vitii.</strong></span> 
     </span>
    </p>
   </div>
   <div class='ocr_carea' id='block_1_44' title="bbox 68 1091 1696 1131">
    <p class='ocr_par' dir='ltr' id='par_1_44' title="bbox 68 1091 1696 1131">
     <span class='ocr_line' id='line_1_44' title="bbox 68 1091 1696 1131; baseline -0.002 -9"><span class='ocrx_word' id='word_1_326' title='bbox 68 1105 117 1131; x_wconf 83' lang='grc' dir='ltr'><strong>ρας</strong></span> <span class='ocrx_word' id='word_1_327' title='bbox 138 1095 289 1130; x_wconf 72' lang='grc' dir='ltr'>ὠνόμασεν,</span> <span class='ocrx_word' id='word_1_328' title='bbox 303 1092 501 1127; x_wconf 78' lang='grc' dir='ltr'><strong>ἐνδειξάμενος,</strong></span> <span class='ocrx_word' id='word_1_329' title='bbox 532 1091 619 1128; x_wconf 77' lang='grc' dir='ltr'>οἶμαι,</span> <span class='ocrx_word' id='word_1_330' title='bbox 649 1092 720 1118; x_wconf 83' lang='grc' dir='ltr'><strong>κατά</strong></span> <span class='ocrx_word' id='word_1_331' title='bbox 739 1091 770 1118; x_wconf 82' lang='grc' dir='ltr'><strong>τδ</strong></span> <span class='ocrx_word' id='word_1_332' title='bbox 803 1092 980 1128; x_wconf 79' lang='grc' dir='ltr'>σιωπώμενον</span> <span class='ocrx_word' id='word_1_333' title='bbox 1001 1093 1050 1126; x_wconf 79' lang='grc' dir='ltr'><strong>τὰς</strong></span> <span class='ocrx_word' id='word_1_334' title='bbox 1075 1093 1175 1129; x_wconf 75' lang='grc' dir='ltr'>ἐχθρὰς</span> <span class='ocrx_word' id='word_1_335' title='bbox 1199 1095 1249 1128; x_wconf 82' lang='grc' dir='ltr'>τῆς</span> <span class='ocrx_word' id='word_1_336' title='bbox 1273 1093 1444 1128; x_wconf 75' lang='grc' dir='ltr'>ἀνθρωπίνης</span> <span class='ocrx_word' id='word_1_337' title='bbox 1460 1093 1532 1128; x_wconf 82' lang='grc' dir='ltr'><strong>ζωῆς</strong></span> <span class='ocrx_word' id='word_1_338' title='bbox 1557 1093 1696 1128; x_wconf 80' lang='grc' dir='ltr'>δυνάμεις,</span> 
     </span>
    </p>
   </div>
   <div class='ocr_carea' id='block_1_45' title="bbox 67 1139 780 1177">
    <p class='ocr_par' dir='ltr' id='par_1_45' title="bbox 67 1139 780 1177">
     <span class='ocr_line' id='line_1_45' title="bbox 67 1139 780 1177; baseline -0.003 -9"><span class='ocrx_word' id='word_1_339' title='bbox 67 1139 104 1168; x_wconf 81' lang='grc' dir='ltr'><strong>ὧν</strong></span> <span class='ocrx_word' id='word_1_340' title='bbox 115 1142 205 1177; x_wconf 81' lang='grc' dir='ltr'>πατὴρ</span> <span class='ocrx_word' id='word_1_341' title='bbox 220 1142 234 1167; x_wconf 89' lang='lat'><strong>6</strong></span> <span class='ocrx_word' id='word_1_342' title='bbox 250 1141 298 1176; x_wconf 80' lang='grc' dir='ltr'>τῆς</span> <span class='ocrx_word' id='word_1_343' title='bbox 314 1141 413 1172; x_wconf 78' lang='grc' dir='ltr'><strong>κακίας</strong></span> <span class='ocrx_word' id='word_1_344' title='bbox 429 1140 542 1175; x_wconf 82' lang='grc' dir='ltr'>εὑρετὴς</span> <span class='ocrx_word' id='word_1_345' title='bbox 558 1141 780 1175; x_wconf 75' lang='grc' dir='ltr'>κατονομάζεται.</span> 
     </span>
    </p>
   </div>
   <div class='ocr_carea' id='block_1_46' title="bbox 109 1183 857 1221">
    <p class='ocr_par' dir='ltr' id='par_1_46' title="bbox 109 1183 857 1221">
     <span class='ocr_line' id='line_1_46' title="bbox 109 1183 857 1221; baseline -0.005 -8"><span class='ocrx_word' id='word_1_346' title='bbox 109 1188 157 1219; x_wconf 82' lang='grc' dir='ltr'>Ὡς</span> <span class='ocrx_word' id='word_1_347' title='bbox 179 1186 283 1219; x_wconf 76' lang='grc' dir='ltr'>κρίνον</span> <span class='ocrx_word' id='word_1_348' title='bbox 299 1183 356 1218; x_wconf 84' lang='grc' dir='ltr'><strong>οὖν,</strong></span> <span class='ocrx_word' id='word_1_349' title='bbox 374 1186 455 1221; x_wconf 62' lang='grc' dir='ltr'>φησὶν</span> <span class='ocrx_word' id='word_1_350' title='bbox 465 1205 472 1217; x_wconf 84' lang='grc'><em>,</em></span> <span class='ocrx_word' id='word_1_351' title='bbox 488 1186 523 1212; x_wconf 80' lang='grc' dir='ltr'><strong>ἐν</strong></span> <span class='ocrx_word' id='word_1_352' title='bbox 535 1184 618 1219; x_wconf 85' lang='grc' dir='ltr'><strong>μέσῳ</strong></span> <span class='ocrx_word' id='word_1_353' title='bbox 633 1185 692 1212; x_wconf 81' lang='grc' dir='ltr'><strong>τῶν</strong></span> <span class='ocrx_word' id='word_1_354' title='bbox 709 1183 857 1216; x_wconf 82' lang='grc' dir='ltr'><strong>ἀκανθῶν,</strong></span> 
     </span>
    </p>
   </div>
   <div class='ocr_carea' id='block_1_47' title="bbox 68 1228 859 1265">
    <p class='ocr_par' dir='ltr' id='par_1_47' title="bbox 68 1228 859 1265">
     <span class='ocr_line' id='line_1_47' title="bbox 68 1228 859 1265; baseline -0.003 -7"><span class='ocrx_word' id='word_1_355' title='bbox 68 1232 162 1263; x_wconf 67' lang='grc' dir='ltr'>οὕτως</span> <span class='ocrx_word' id='word_1_356' title='bbox 170 1231 286 1265; x_wconf 54' lang='grc' dir='ltr'>ἀδελφή</span> <span class='ocrx_word' id='word_1_357' title='bbox 294 1240 354 1265; x_wconf 80' lang='grc' dir='ltr'>μου</span> <span class='ocrx_word' id='word_1_358' title='bbox 368 1231 402 1256; x_wconf 70' lang='grc' dir='ltr'><strong>ἐν</strong></span> <span class='ocrx_word' id='word_1_359' title='bbox 410 1231 494 1264; x_wconf 80' lang='grc' dir='ltr'>μέσῳ</span> <span class='ocrx_word' id='word_1_360' title='bbox 507 1229 566 1257; x_wconf 88' lang='grc' dir='ltr'><strong>τῶν</strong></span> <span class='ocrx_word' id='word_1_361' title='bbox 576 1230 755 1265; x_wconf 73' lang='grc' dir='ltr'><strong>θυγατέρων.</strong></span> <span class='ocrx_word' id='word_1_362' title='bbox 773 1228 859 1265; x_wconf 78' lang='grc' dir='ltr'>’Όσην</span> 
     </span>
    </p>
   </div>
   <div class='ocr_carea' id='block_1_48' title="bbox 71 1274 860 1312">
    <p class='ocr_par' dir='ltr' id='par_1_48' title="bbox 71 1274 860 1312">
     <span class='ocr_line' id='line_1_48' title="bbox 71 1274 860 1312; baseline -0.004 -9"><span class='ocrx_word' id='word_1_363' title='bbox 71 1278 179 1312; x_wconf 81' lang='grc' dir='ltr'>ὁρῶμεν</span> <span class='ocrx_word' id='word_1_364' title='bbox 202 1278 251 1311; x_wconf 83' lang='grc' dir='ltr'>τῆς</span> <span class='ocrx_word' id='word_1_365' title='bbox 266 1278 305 1308; x_wconf 84' lang='grc' dir='ltr'><strong>είς</strong></span> <span class='ocrx_word' id='word_1_366' title='bbox 319 1277 349 1302; x_wconf 81' lang='grc' dir='ltr'>τὸ</span> <span class='ocrx_word' id='word_1_367' title='bbox 366 1276 432 1311; x_wconf 63' lang='grc' dir='ltr'>ὕψος</span> <span class='ocrx_word' id='word_1_368' title='bbox 457 1276 549 1302; x_wconf 78' lang='grc' dir='ltr'><strong>ἀνόδου</strong></span> <span class='ocrx_word' id='word_1_369' title='bbox 576 1276 625 1311; x_wconf 82' lang='grc' dir='ltr'><strong>τὴν</strong></span> <span class='ocrx_word' id='word_1_370' title='bbox 648 1275 788 1311; x_wconf 84' lang='grc' dir='ltr'>προκοπὴν</span> <span class='ocrx_word' id='word_1_371' title='bbox 814 1274 860 1301; x_wconf 75' lang='grc' dir='ltr'><strong>ἐπὶ</strong></span> 
     </span>
    </p>
   </div>
   <div class='ocr_carea' id='block_1_49' title="bbox 69 1319 859 1358">
    <p class='ocr_par' dir='ltr' id='par_1_49' title="bbox 69 1319 859 1358">
     <span class='ocr_line' id='line_1_49' title="bbox 69 1319 859 1358; baseline -0.004 -9"><span class='ocrx_word' id='word_1_372' title='bbox 69 1324 119 1358; x_wconf 74' lang='grc' dir='ltr'>τῆς</span> <span class='ocrx_word' id='word_1_373' title='bbox 139 1323 226 1357; x_wconf 68' lang='grc' dir='ltr'>ψυχῆς</span> <span class='ocrx_word' id='word_1_374' title='bbox 249 1322 404 1356; x_wconf 82' lang='grc' dir='ltr'>γινομένην.</span> <span class='ocrx_word' id='word_1_375' title='bbox 426 1321 524 1356; x_wconf 83' lang='grc' dir='ltr'>Πρώτη</span> <span class='ocrx_word' id='word_1_376' title='bbox 542 1321 642 1353; x_wconf 79' lang='grc' dir='ltr'><strong>ἄνοδος,</strong></span> <span class='ocrx_word' id='word_1_377' title='bbox 662 1321 693 1347; x_wconf 75' lang='grc' dir='ltr'>τὸ</span> <span class='ocrx_word' id='word_1_378' title='bbox 719 1320 787 1356; x_wconf 72' lang='grc' dir='ltr'>πρὸς</span> <span class='ocrx_word' id='word_1_379' title='bbox 811 1319 859 1355; x_wconf 77' lang='grc' dir='ltr'><strong>τὴν</strong></span> 
     </span>
    </p>
   </div>
   <div class='ocr_carea' id='block_1_50' title="bbox 71 1367 860 1404">
    <p class='ocr_par' dir='ltr' id='par_1_50' title="bbox 71 1367 860 1404">
     <span class='ocr_line' id='line_1_50' title="bbox 71 1367 860 1404; baseline -0.003 -9"><span class='ocrx_word' id='word_1_380' title='bbox 71 1369 264 1404; x_wconf 82' lang='grc' dir='ltr'>καθαιρετικὴν</span> <span class='ocrx_word' id='word_1_381' title='bbox 282 1369 332 1403; x_wconf 74' lang='grc' dir='ltr'>τῆς</span> <span class='ocrx_word' id='word_1_382' title='bbox 345 1368 495 1402; x_wconf 77' lang='grc' dir='ltr'><strong>Αἰγυπτίας</strong></span> <span class='ocrx_word' id='word_1_383' title='bbox 509 1368 649 1402; x_wconf 76' lang='grc' dir='ltr'>δυνάμεως</span> <span class='ocrx_word' id='word_1_384' title='bbox 662 1367 743 1394; x_wconf 74' lang='grc' dir='ltr'>ἵππον</span> <span class='ocrx_word' id='word_1_385' title='bbox 761 1368 860 1402; x_wconf 81' lang='grc' dir='ltr'>ὀμοιω·</span> 
     </span>
    </p>
   </div>
   <div class='ocr_carea' id='block_1_51' title="bbox 71 1413 861 1449">
    <p class='ocr_par' dir='ltr' id='par_1_51' title="bbox 71 1413 861 1449">
     <span class='ocr_line' id='line_1_51' title="bbox 71 1413 861 1449; baseline -0.001 -9"><span class='ocrx_word' id='word_1_386' title='bbox 71 1415 159 1449; x_wconf 81' lang='grc' dir='ltr'>θῆναι.</span> <span class='ocrx_word' id='word_1_387' title='bbox 178 1413 296 1449; x_wconf 83' lang='grc' dir='ltr'>Δευτέρα</span> <span class='ocrx_word' id='word_1_388' title='bbox 310 1413 401 1445; x_wconf 77' lang='grc' dir='ltr'>ἄνοδος</span> <span class='ocrx_word' id='word_1_389' title='bbox 411 1434 418 1445; x_wconf 82' lang='grc'><em>,</em></span> <span class='ocrx_word' id='word_1_390' title='bbox 433 1413 463 1440; x_wconf 74' lang='grc' dir='ltr'><strong>τὸ</strong></span> <span class='ocrx_word' id='word_1_391' title='bbox 484 1413 597 1448; x_wconf 75' lang='grc' dir='ltr'>πλησίον</span> <span class='ocrx_word' id='word_1_392' title='bbox 622 1413 707 1448; x_wconf 76' lang='grc' dir='ltr'>αὐτὴν</span> <span class='ocrx_word' id='word_1_393' title='bbox 723 1413 861 1446; x_wconf 77' lang='grc' dir='ltr'>γενέσθαι,</span> 
     </span>
    </p>
   </div>
   <div class='ocr_carea' id='block_1_52' title="bbox 71 1458 861 1496">
    <p class='ocr_par' dir='ltr' id='par_1_52' title="bbox 71 1458 861 1496">
     <span class='ocr_line' id='line_1_52' title="bbox 71 1458 861 1496; baseline -0.004 -9"><span class='ocrx_word' id='word_1_394' title='bbox 71 1461 120 1487; x_wconf 75' lang='grc' dir='ltr'>καὶ</span> <span class='ocrx_word' id='word_1_395' title='bbox 144 1460 306 1496; x_wconf 79' lang='grc' dir='ltr'>περιστερᾶς</span> <span class='ocrx_word' id='word_1_396' title='bbox 333 1459 443 1493; x_wconf 73' lang='grc' dir='ltr'>ποιῆσαι</span> <span class='ocrx_word' id='word_1_397' title='bbox 468 1459 501 1485; x_wconf 72' lang='grc' dir='ltr'>τὰ</span> <span class='ocrx_word' id='word_1_398' title='bbox 524 1458 646 1493; x_wconf 76' lang='grc' dir='ltr'>ὄμματα.</span> <span class='ocrx_word' id='word_1_399' title='bbox 667 1459 750 1493; x_wconf 86' lang='grc' dir='ltr'>Τρίτη</span> <span class='ocrx_word' id='word_1_400' title='bbox 772 1458 861 1485; x_wconf 83' lang='grc' dir='ltr'>τοίνυν</span> 
     </span>
    </p>
   </div>
   <div class='ocr_carea' id='block_1_53' title="bbox 72 1502 861 1539">
    <p class='ocr_par' dir='ltr' id='par_1_53' title="bbox 72 1502 861 1539">
     <span class='ocr_line' id='line_1_53' title="bbox 72 1502 861 1539; baseline -0.003 -7"><span class='ocrx_word' id='word_1_401' title='bbox 72 1506 164 1537; x_wconf 76' lang='grc' dir='ltr'>ἄνοδος</span> <span class='ocrx_word' id='word_1_402' title='bbox 181 1504 211 1530; x_wconf 75' lang='grc' dir='ltr'>τὸ</span> <span class='ocrx_word' id='word_1_403' title='bbox 227 1504 325 1539; x_wconf 78' lang='grc' dir='ltr'><strong>μηκέτι</strong></span> <span class='ocrx_word' id='word_1_404' title='bbox 340 1503 463 1538; x_wconf 83' lang='grc' dir='ltr'>πλησίον,</span> <span class='ocrx_word' id='word_1_405' title='bbox 483 1503 540 1529; x_wconf 73' lang='grc' dir='ltr'>ἀλλ’</span> <span class='ocrx_word' id='word_1_406' title='bbox 560 1502 677 1538; x_wconf 81' lang='grc' dir='ltr'>ἀδελφὴν</span> <span class='ocrx_word' id='word_1_407' title='bbox 696 1503 744 1529; x_wconf 75' lang='grc' dir='ltr'><strong>τοῦ</strong></span> <span class='ocrx_word' id='word_1_408' title='bbox 760 1503 861 1530; x_wconf 86' lang='grc' dir='ltr'>Δεσπό-</span> 
     </span>
    </p>
   </div>
   <div class='ocr_carea' id='block_1_54' title="bbox 73 1549 862 1585">
    <p class='ocr_par' dir='ltr' id='par_1_54' title="bbox 73 1549 862 1585">
     <span class='ocr_line' id='line_1_54' title="bbox 73 1549 862 1585; baseline -0.003 -7"><span class='ocrx_word' id='word_1_409' title='bbox 73 1560 119 1578; x_wconf 84' lang='grc' dir='ltr'><strong>του</strong></span> <span class='ocrx_word' id='word_1_410' title='bbox 133 1550 325 1585; x_wconf 78' lang='grc' dir='ltr'>ὀνομασθῆναι.</span> <span class='ocrx_word' id='word_1_411' title='bbox 345 1550 398 1582; x_wconf 81' lang='grc' dir='ltr'><strong>Ὃς</strong></span> <span class='ocrx_word' id='word_1_412' title='bbox 412 1549 451 1577; x_wconf 85' lang='grc' dir='ltr'><strong>ἂν</strong></span> <span class='ocrx_word' id='word_1_413' title='bbox 465 1549 589 1583; x_wconf 79' lang='grc' dir='ltr'><strong>ποιήσῃ,</strong></span> <span class='ocrx_word' id='word_1_414' title='bbox 606 1549 683 1584; x_wconf 78' lang='grc' dir='ltr'>φησὶ,</span> <span class='ocrx_word' id='word_1_415' title='bbox 696 1549 729 1575; x_wconf 78' lang='grc' dir='ltr'>τὸ</span> <span class='ocrx_word' id='word_1_416' title='bbox 747 1549 862 1584; x_wconf 71' lang='grc' dir='ltr'>θέλημα</span> 
     </span>
    </p>
   </div>
   <div class='ocr_carea' id='block_1_55' title="bbox 74 1592 864 1630">
    <p class='ocr_par' dir='ltr' id='par_1_55' title="bbox 74 1592 864 1630">
     <span class='ocr_line' id='line_1_55' title="bbox 74 1592 864 1630; baseline -0.004 -7"><span class='ocrx_word' id='word_1_417' title='bbox 74 1597 128 1623; x_wconf 78' lang='grc' dir='ltr'>τοῦ</span> <span class='ocrx_word' id='word_1_418' title='bbox 149 1597 264 1630; x_wconf 80' lang='grc' dir='ltr'>Πατρός</span> <span class='ocrx_word' id='word_1_419' title='bbox 287 1604 347 1630; x_wconf 83' lang='grc' dir='ltr'><strong>μου</strong></span> <span class='ocrx_word' id='word_1_420' title='bbox 363 1595 416 1622; x_wconf 78' lang='grc' dir='ltr'>τοῦ</span> <span class='ocrx_word' id='word_1_421' title='bbox 436 1595 471 1621; x_wconf 82' lang='grc' dir='ltr'><strong>ἐν</strong></span> <span class='ocrx_word' id='word_1_422' title='bbox 493 1595 556 1628; x_wconf 77' lang='grc' dir='ltr'><strong>τοῖς</strong></span> <span class='ocrx_word' id='word_1_423' title='bbox 580 1594 728 1628; x_wconf 78' lang='grc' dir='ltr'>οὐρανοῖς,</span> <span class='ocrx_word' id='word_1_424' title='bbox 743 1592 864 1627; x_wconf 68' lang='grc' dir='ltr'>οὗτοςο</span> 
     </span>
    </p>
   </div>
   <div class='ocr_carea' id='block_1_56' title="bbox 74 1639 862 1675">
    <p class='ocr_par' dir='ltr' id='par_1_56' title="bbox 74 1639 862 1675">
     <span class='ocr_line' id='line_1_56' title="bbox 74 1639 862 1675; baseline -0.003 -7"><span class='ocrx_word' id='word_1_425' title='bbox 74 1642 207 1675; x_wconf 66' lang='grc' dir='ltr'><strong>ἀδελφός</strong></span> <span class='ocrx_word' id='word_1_426' title='bbox 219 1650 289 1675; x_wconf 82' lang='grc' dir='ltr'>μου,</span> <span class='ocrx_word' id='word_1_427' title='bbox 304 1641 352 1668; x_wconf 78' lang='grc' dir='ltr'><strong>καί</strong></span> <span class='ocrx_word' id='word_1_428' title='bbox 367 1640 481 1674; x_wconf 69' lang='grc' dir='ltr'><strong>ἀδελφή</strong></span> <span class='ocrx_word' id='word_1_429' title='bbox 499 1649 569 1675; x_wconf 85' lang='grc' dir='ltr'>μου,</span> <span class='ocrx_word' id='word_1_430' title='bbox 587 1641 635 1667; x_wconf 82' lang='grc' dir='ltr'>καὶ</span> <span class='ocrx_word' id='word_1_431' title='bbox 649 1639 747 1674; x_wconf 77' lang='grc' dir='ltr'>μήτηρ</span> <span class='ocrx_word' id='word_1_432' title='bbox 767 1640 862 1666; x_wconf 78' lang='grc' dir='ltr'>ἐστίν.</span> 
     </span>
    </p>
   </div>
   <div class='ocr_carea' id='block_1_57' title="bbox 81 1684 865 1721">
    <p class='ocr_par' dir='ltr' id='par_1_57' title="bbox 81 1684 865 1721">
     <span class='ocr_line' id='line_1_57' title="bbox 81 1684 865 1721; baseline -0.004 -8"><span class='ocrx_word' id='word_1_433' title='bbox 81 1687 159 1713; x_wconf 82' lang='grc' dir='ltr'>Ἐπεὶ</span> <span class='ocrx_word' id='word_1_434' title='bbox 172 1685 219 1712; x_wconf 79' lang='grc' dir='ltr'>οὖν</span> <span class='ocrx_word' id='word_1_435' title='bbox 235 1686 345 1720; x_wconf 81' lang='grc' dir='ltr'>γέγονεν</span> <span class='ocrx_word' id='word_1_436' title='bbox 366 1686 455 1718; x_wconf 80' lang='grc' dir='ltr'><strong>ἄνθος,</strong></span> <span class='ocrx_word' id='word_1_437' title='bbox 471 1686 553 1721; x_wconf 78' lang='grc' dir='ltr'>μηδὲν</span> <span class='ocrx_word' id='word_1_438' title='bbox 575 1685 626 1711; x_wconf 83' lang='grc' dir='ltr'><strong>ὑπὸ</strong></span> <span class='ocrx_word' id='word_1_439' title='bbox 637 1685 692 1712; x_wconf 85' lang='grc' dir='ltr'>τῶν</span> <span class='ocrx_word' id='word_1_440' title='bbox 711 1684 865 1720; x_wconf 76' lang='grc' dir='ltr'>ἁκανθηφό-</span> 
     </span>
    </p>
   </div>
   <div class='ocr_carea' id='block_1_58' title="bbox 78 1730 864 1771">
    <p class='ocr_par' dir='ltr' id='par_1_58' title="bbox 78 1730 864 1771">
     <span class='ocr_line' id='line_1_58' title="bbox 78 1730 864 1771; baseline -0.004 -12"><span class='ocrx_word' id='word_1_441' title='bbox 78 1739 132 1769; x_wconf 78' lang='grc' dir='ltr'>ρων</span> <span class='ocrx_word' id='word_1_442' title='bbox 154 1732 314 1768; x_wconf 73' lang='grc' dir='ltr'><strong>πειρασμῶν</strong></span> <span class='ocrx_word' id='word_1_443' title='bbox 330 1732 398 1767; x_wconf 77' lang='grc' dir='ltr'>πρὸς</span> <span class='ocrx_word' id='word_1_444' title='bbox 411 1732 443 1758; x_wconf 82' lang='grc' dir='ltr'>τὸ</span> <span class='ocrx_word' id='word_1_445' title='bbox 461 1731 588 1771; x_wconf 47' lang='grc' dir='ltr'>γενέσθαι</span> <span class='ocrx_word' id='word_1_446' title='bbox 611 1731 702 1766; x_wconf 87' lang='grc' dir='ltr'>κρίνον</span> <span class='ocrx_word' id='word_1_447' title='bbox 724 1730 864 1766; x_wconf 76' lang='grc' dir='ltr'>παραϐλα-</span> 
     </span>
    </p>
   </div>
   <div class='ocr_carea' id='block_1_59' title="bbox 76 1775 865 1812">
    <p class='ocr_par' dir='ltr' id='par_1_59' title="bbox 76 1775 865 1812">
     <span class='ocr_line' id='line_1_59' title="bbox 76 1775 865 1812; baseline -0.004 -8"><span class='ocrx_word' id='word_1_448' title='bbox 76 1778 165 1809; x_wconf 72' lang='grc' dir='ltr'>6εἶσα,</span> <span class='ocrx_word' id='word_1_449' title='bbox 180 1778 363 1812; x_wconf 78' lang='grc' dir='ltr'>ὲπιλαθομὲνη</span> <span class='ocrx_word' id='word_1_450' title='bbox 378 1777 406 1803; x_wconf 82' lang='grc' dir='ltr'>δὲ</span> <span class='ocrx_word' id='word_1_451' title='bbox 431 1777 477 1803; x_wconf 89' lang='grc' dir='ltr'>τοῦ</span> <span class='ocrx_word' id='word_1_452' title='bbox 500 1775 566 1802; x_wconf 77' lang='grc' dir='ltr'>λαοῦ</span> <span class='ocrx_word' id='word_1_453' title='bbox 591 1776 638 1802; x_wconf 75' lang='grc' dir='ltr'>καὶ</span> <span class='ocrx_word' id='word_1_454' title='bbox 660 1775 707 1802; x_wconf 79' lang='grc' dir='ltr'>τοῦ</span> <span class='ocrx_word' id='word_1_455' title='bbox 729 1775 803 1802; x_wconf 79' lang='grc' dir='ltr'>οἴκου</span> <span class='ocrx_word' id='word_1_456' title='bbox 818 1775 865 1801; x_wconf 79' lang='grc' dir='ltr'>τοῦ</span> 
     </span>
    </p>
   </div>
   <div class='ocr_carea' id='block_1_60' title="bbox 77 1818 866 1858">
    <p class='ocr_par' dir='ltr' id='par_1_60' title="bbox 77 1818 866 1858">
     <span class='ocr_line' id='line_1_60' title="bbox 77 1818 866 1858; baseline -0.003 -10"><span class='ocrx_word' id='word_1_457' title='bbox 77 1823 180 1858; x_wconf 81' lang='grc' dir='ltr'>πατρὸς</span> <span class='ocrx_word' id='word_1_458' title='bbox 196 1823 291 1857; x_wconf 74' lang='grc' dir='ltr'>αὐτῆς,</span> <span class='ocrx_word' id='word_1_459' title='bbox 305 1822 373 1857; x_wconf 83' lang='grc' dir='ltr'>πρὸς</span> <span class='ocrx_word' id='word_1_460' title='bbox 404 1822 449 1848; x_wconf 70' lang='grc' dir='ltr'>τὸν</span> <span class='ocrx_word' id='word_1_461' title='bbox 469 1821 594 1856; x_wconf 73' lang='grc' dir='ltr'>ἀληθινὸν</span> <span class='ocrx_word' id='word_1_462' title='bbox 618 1818 671 1846; x_wconf 78' lang='grc' dir='ltr'>εἶδε</span> <span class='ocrx_word' id='word_1_463' title='bbox 689 1820 809 1856; x_wconf 72' lang='grc' dir='ltr'>Πατέρα,</span> <span class='ocrx_word' id='word_1_464' title='bbox 827 1819 866 1846; x_wconf 76' lang='grc' dir='ltr'><strong>διὸ</strong></span> 
     </span>
    </p>
   </div>
   <div class='ocr_carea' id='block_1_61' title="bbox 76 1865 867 1902">
    <p class='ocr_par' dir='ltr' id='par_1_61' title="bbox 76 1865 867 1902">
     <span class='ocr_line' id='line_1_61' title="bbox 76 1865 867 1902; baseline -0.004 -7"><span class='ocrx_word' id='word_1_465' title='bbox 76 1869 125 1895; x_wconf 63' lang='grc' dir='ltr'>καὶ</span> <span class='ocrx_word' id='word_1_466' title='bbox 141 1867 242 1902; x_wconf 79' lang='grc' dir='ltr'>ἀδελφὴ</span> <span class='ocrx_word' id='word_1_467' title='bbox 253 1867 300 1893; x_wconf 79' lang='grc' dir='ltr'>τοῦ</span> <span class='ocrx_word' id='word_1_468' title='bbox 315 1867 418 1902; x_wconf 83' lang='grc' dir='ltr'>Κυρίου</span> <span class='ocrx_word' id='word_1_469' title='bbox 429 1866 590 1901; x_wconf 72' lang='grc' dir='ltr'>ὀνομάζεται</span> <span class='ocrx_word' id='word_1_470' title='bbox 601 1886 607 1898; x_wconf 88' lang='grc'><em>,</em></span> <span class='ocrx_word' id='word_1_471' title='bbox 619 1865 657 1900; x_wconf 87' lang='grc' dir='ltr'>τῷ</span> <span class='ocrx_word' id='word_1_472' title='bbox 667 1865 717 1900; x_wconf 79' lang='grc' dir='ltr'>τῆς</span> <span class='ocrx_word' id='word_1_473' title='bbox 732 1865 867 1896; x_wconf 74' lang='grc' dir='ltr'>υἱοθεσίας</span> 
     </span>
    </p>
   </div>
   <div class='ocr_carea' id='block_1_62' title="bbox 77 1911 866 1948">
    <p class='ocr_par' dir='ltr' id='par_1_62' title="bbox 77 1911 866 1948">
     <span class='ocr_line' id='line_1_62' title="bbox 77 1911 866 1948; baseline -0.004 -8"><span class='ocrx_word' id='word_1_474' title='bbox 77 1913 215 1948; x_wconf 77' lang='grc' dir='ltr'>πνεύματι</span> <span class='ocrx_word' id='word_1_475' title='bbox 230 1912 297 1948; x_wconf 75' lang='grc' dir='ltr'>πρὸς</span> <span class='ocrx_word' id='word_1_476' title='bbox 309 1912 358 1948; x_wconf 86' lang='grc' dir='ltr'><strong>τὴν</strong></span> <span class='ocrx_word' id='word_1_477' title='bbox 378 1913 537 1946; x_wconf 80' lang='grc' dir='ltr'>συγγένειαν</span> <span class='ocrx_word' id='word_1_478' title='bbox 551 1912 652 1946; x_wconf 83' lang='grc' dir='ltr'>ταύτην</span> <span class='ocrx_word' id='word_1_479' title='bbox 665 1911 849 1947; x_wconf 67' lang='grc' dir='ltr'>εἰσποιηθεῖπα</span> <span class='ocrx_word' id='word_1_480' title='bbox 858 1931 866 1944; x_wconf 92' lang='lat'><strong>,</strong></span> 
     </span>
    </p>
   </div>
   <div class='ocr_carea' id='block_1_63' title="bbox 77 1957 867 1993">
    <p class='ocr_par' dir='ltr' id='par_1_63' title="bbox 77 1957 867 1993">
     <span class='ocr_line' id='line_1_63' title="bbox 77 1957 867 1993; baseline -0.004 -7"><span class='ocrx_word' id='word_1_481' title='bbox 77 1959 127 1986; x_wconf 76' lang='grc' dir='ltr'>καὶ</span> <span class='ocrx_word' id='word_1_482' title='bbox 140 1959 191 1993; x_wconf 80' lang='grc' dir='ltr'>τῆς</span> <span class='ocrx_word' id='word_1_483' title='bbox 208 1959 275 1992; x_wconf 80' lang='grc' dir='ltr'>πρὸς</span> <span class='ocrx_word' id='word_1_484' title='bbox 291 1958 340 1990; x_wconf 82' lang='grc' dir='ltr'>τὰς</span> <span class='ocrx_word' id='word_1_485' title='bbox 352 1958 504 1993; x_wconf 79' lang='grc' dir='ltr'><strong>θυγατέρας</strong></span> <span class='ocrx_word' id='word_1_486' title='bbox 519 1957 566 1984; x_wconf 79' lang='grc' dir='ltr'>τοῦ</span> <span class='ocrx_word' id='word_1_487' title='bbox 579 1957 753 1993; x_wconf 72' lang='grc' dir='ltr'>ψευδωνύμου</span> <span class='ocrx_word' id='word_1_488' title='bbox 767 1957 867 1991; x_wconf 75' lang='grc' dir='ltr'>πατρὸς</span> 
     </span>
    </p>
   </div>
   <div class='ocr_carea' id='block_1_64' title="bbox 78 2003 868 2039">
    <p class='ocr_par' dir='ltr' id='par_1_64' title="bbox 78 2003 868 2039">
     <span class='ocr_line' id='line_1_64' title="bbox 78 2003 868 2039; baseline -0.004 -6"><span class='ocrx_word' id='word_1_489' title='bbox 78 2005 222 2036; x_wconf 82' lang='grc' dir='ltr'>κοινωνίας</span> <span class='ocrx_word' id='word_1_490' title='bbox 236 2004 422 2038; x_wconf 73' lang='grc' dir='ltr'><strong>ἀπαλλαγεῖσα</strong></span> <span class='ocrx_word' id='word_1_491' title='bbox 432 2025 439 2037; x_wconf 93' lang='grc'>,</span> <span class='ocrx_word' id='word_1_492' title='bbox 453 2004 534 2031; x_wconf 86' lang='grc' dir='ltr'>πάλιν</span> <span class='ocrx_word' id='word_1_493' title='bbox 555 2004 658 2039; x_wconf 85' lang='grc' dir='ltr'>γίνεται</span> <span class='ocrx_word' id='word_1_494' title='bbox 684 2004 783 2038; x_wconf 75' lang='grc' dir='ltr'>ἑαυτῆς</span> <span class='ocrx_word' id='word_1_495' title='bbox 799 2003 868 2039; x_wconf 69' lang='grc' dir='ltr'><strong>ὑψη-</strong></span> 
     </span>
    </p>
   </div>
   <div class='ocr_carea' id='block_1_65' title="bbox 78 2049 869 2085">
    <p class='ocr_par' dir='ltr' id='par_1_65' title="bbox 78 2049 869 2085">
     <span class='ocr_line' id='line_1_65' title="bbox 78 2049 869 2085; baseline -0.004 -8"><span class='ocrx_word' id='word_1_496' title='bbox 78 2051 188 2085; x_wconf 83' lang='grc' dir='ltr'>λοτέρα,</span> <span class='ocrx_word' id='word_1_497' title='bbox 202 2050 248 2076; x_wconf 74' lang='grc' dir='ltr'>καὶ</span> <span class='ocrx_word' id='word_1_498' title='bbox 262 2050 355 2084; x_wconf 79' lang='grc' dir='ltr'>βλέπει</span> <span class='ocrx_word' id='word_1_499' title='bbox 369 2049 400 2076; x_wconf 79' lang='grc' dir='ltr'>τὸ</span> <span class='ocrx_word' id='word_1_500' title='bbox 415 2050 572 2084; x_wconf 79' lang='grc' dir='ltr'>μυστήριον,</span> <span class='ocrx_word' id='word_1_501' title='bbox 591 2049 635 2076; x_wconf 78' lang='grc' dir='ltr'><strong>διὰ</strong></span> <span class='ocrx_word' id='word_1_502' title='bbox 650 2049 704 2075; x_wconf 85' lang='grc' dir='ltr'>τῶν</span> <span class='ocrx_word' id='word_1_503' title='bbox 723 2049 772 2084; x_wconf 82' lang='grc' dir='ltr'>τῆς</span> <span class='ocrx_word' id='word_1_504' title='bbox 791 2057 869 2084; x_wconf 60' lang='grc' dir='ltr'>περι-</span> 
     </span>
    </p>
   </div>
   <div class='ocr_carea' id='block_1_66' title="bbox 79 2094 867 2131">
    <p class='ocr_par' dir='ltr' id='par_1_66' title="bbox 79 2094 867 2131">
     <span class='ocr_line' id='line_1_66' title="bbox 79 2094 867 2131; baseline -0.003 -9"><span class='ocrx_word' id='word_1_505' title='bbox 79 2096 180 2131; x_wconf 65' lang='lat' dir='ltr'><strong>(mpii;</strong></span> <span class='ocrx_word' id='word_1_506' title='bbox 199 2095 361 2130; x_wconf 77' lang='grc' dir='ltr'><strong>ὀφθαλμῶν·</strong></span> <span class='ocrx_word' id='word_1_507' title='bbox 384 2095 455 2129; x_wconf 86' lang='grc' dir='ltr'>λέγω</span> <span class='ocrx_word' id='word_1_508' title='bbox 471 2095 499 2121; x_wconf 81' lang='grc' dir='ltr'>δὲ</span> <span class='ocrx_word' id='word_1_509' title='bbox 521 2094 561 2130; x_wconf 84' lang='grc' dir='ltr'>τῷ</span> <span class='ocrx_word' id='word_1_510' title='bbox 584 2095 717 2129; x_wconf 79' lang='grc' dir='ltr'>πνεύματι</span> <span class='ocrx_word' id='word_1_511' title='bbox 737 2095 786 2130; x_wconf 82' lang='grc' dir='ltr'>τῆς</span> <span class='ocrx_word' id='word_1_512' title='bbox 801 2103 867 2129; x_wconf 79' lang='grc' dir='ltr'>προ-</span> 
     </span>
    </p>
   </div>
   <div class='ocr_carea' id='block_1_67' title="bbox 78 2139 869 2176">
    <p class='ocr_par' dir='ltr' id='par_1_67' title="bbox 78 2139 869 2176">
     <span class='ocr_line' id='line_1_67' title="bbox 78 2139 869 2176; baseline -0.003 -9"><span class='ocrx_word' id='word_1_513' title='bbox 78 2141 203 2176; x_wconf 73' lang='grc' dir='ltr'>φητείας.</span> <span class='ocrx_word' id='word_1_514' title='bbox 225 2141 258 2166; x_wconf 84' lang='grc' dir='ltr'>Ὀ</span> <span class='ocrx_word' id='word_1_515' title='bbox 271 2140 299 2166; x_wconf 78' lang='grc' dir='ltr'>δὲ</span> <span class='ocrx_word' id='word_1_516' title='bbox 314 2139 396 2174; x_wconf 80' lang='grc' dir='ltr'>λέγει,</span> <span class='ocrx_word' id='word_1_517' title='bbox 409 2139 528 2166; x_wconf 81' lang='grc' dir='ltr'>τοιοῦτόν</span> <span class='ocrx_word' id='word_1_518' title='bbox 548 2141 621 2166; x_wconf 77' lang='grc' dir='ltr'>ἐστιν</span> <span class='ocrx_word' id='word_1_519' title='bbox 659 2139 707 2171; x_wconf 86' lang='grc' dir='ltr'><em>Ὧς</em></span> <span class='ocrx_word' id='word_1_520' title='bbox 719 2139 821 2173; x_wconf 73' lang='grc' dir='ltr'>μῆλον</span> <span class='ocrx_word' id='word_1_521' title='bbox 834 2139 869 2165; x_wconf 84' lang='grc' dir='ltr'><strong>ἐν</strong></span> 
     </span>
    </p>
   </div>
   <div class='ocr_carea' id='block_1_68' title="bbox 78 2184 867 2220">
    <p class='ocr_par' dir='ltr' id='par_1_68' title="bbox 78 2184 867 2220">
     <span class='ocr_line' id='line_1_68' title="bbox 78 2184 867 2220; baseline -0.004 -7"><span class='ocrx_word' id='word_1_522' title='bbox 78 2187 143 2219; x_wconf 76' lang='grc' dir='ltr'>τοῖς</span> <span class='ocrx_word' id='word_1_523' title='bbox 167 2187 272 2219; x_wconf 82' lang='grc' dir='ltr'>ξύλοις</span> <span class='ocrx_word' id='word_1_524' title='bbox 300 2186 353 2212; x_wconf 83' lang='grc' dir='ltr'><strong>τοῦ</strong></span> <span class='ocrx_word' id='word_1_525' title='bbox 370 2185 495 2220; x_wconf 80' lang='grc' dir='ltr'>δρυμοῦ,</span> <span class='ocrx_word' id='word_1_526' title='bbox 517 2185 611 2218; x_wconf 75' lang='grc' dir='ltr'>οὕτως</span> <span class='ocrx_word' id='word_1_527' title='bbox 634 2184 794 2218; x_wconf 59' lang='grc' dir='ltr'>ἀδελέιδός</span> <span class='ocrx_word' id='word_1_528' title='bbox 806 2193 867 2218; x_wconf 83' lang='grc' dir='ltr'><strong>μου</strong></span> 
     </span>
    </p>
   </div>
   <div class='ocr_carea' id='block_1_69' title="bbox 78 2227 869 2264">
    <p class='ocr_par' dir='ltr' id='par_1_69' title="bbox 78 2227 869 2264">
     <span class='ocr_line' id='line_1_69' title="bbox 78 2227 869 2264; baseline -0.004 -7"><span class='ocrx_word' id='word_1_529' title='bbox 78 2231 138 2258; x_wconf 78' lang='grc' dir='ltr'><strong>ἀνὰ</strong></span> <span class='ocrx_word' id='word_1_530' title='bbox 149 2230 246 2264; x_wconf 83' lang='grc' dir='ltr'><em>μέσον</em></span> <span class='ocrx_word' id='word_1_531' title='bbox 258 2229 318 2256; x_wconf 78' lang='grc' dir='ltr'><strong>τῶν</strong></span> <span class='ocrx_word' id='word_1_532' title='bbox 331 2230 412 2256; x_wconf 73' lang='grc' dir='ltr'><strong>υἱῶν.</strong></span> <span class='ocrx_word' id='word_1_533' title='bbox 422 2230 454 2255; x_wconf 86' lang='grc' dir='ltr'>Τί</span> <span class='ocrx_word' id='word_1_534' title='bbox 469 2227 515 2256; x_wconf 79' lang='grc' dir='ltr'>οὖν</span> <span class='ocrx_word' id='word_1_535' title='bbox 533 2230 606 2255; x_wconf 70' lang='grc' dir='ltr'>ἀοι-ιν</span> <span class='ocrx_word' id='word_1_536' title='bbox 618 2229 632 2255; x_wconf 85' lang='grc' dir='ltr'><strong>ὃ</strong></span> <span class='ocrx_word' id='word_1_537' title='bbox 647 2228 786 2261; x_wconf 83' lang='grc' dir='ltr'>τεθέαται;</span> <span class='ocrx_word' id='word_1_538' title='bbox 800 2230 869 2263; x_wconf 89' lang='grc' dir='ltr'>Δρυ-</span> 
     </span>
    </p>
   </div>
   <div class='ocr_carea' id='block_1_70' title="bbox 946 1182 1698 1218">
    <p class='ocr_par' dir='ltr' id='par_1_70' title="bbox 946 1182 1698 1218">
     <span class='ocr_line' id='line_1_70' title="bbox 946 1182 1698 1218; baseline 0.004 -9"><span class='ocrx_word' id='word_1_539' title='bbox 946 1182 1020 1210; x_wconf 72' lang='lat' dir='ltr'><strong>Sicut</strong></span> <span class='ocrx_word' id='word_1_540' title='bbox 1038 1183 1123 1210; x_wconf 82' lang='lat' dir='ltr'><strong>lilium</strong></span> <span class='ocrx_word' id='word_1_541' title='bbox 1139 1191 1220 1218; x_wconf 77' lang='lat' dir='ltr'><strong>ergo,</strong></span> <span class='ocrx_word' id='word_1_542' title='bbox 1238 1183 1343 1218; x_wconf 82' lang='lat' dir='ltr'><strong>inquit,</strong></span> <span class='ocrx_word' id='word_1_543' title='bbox 1365 1184 1432 1210; x_wconf 77' lang='lat' dir='ltr'><strong>inter</strong></span> <span class='ocrx_word' id='word_1_544' title='bbox 1449 1184 1549 1217; x_wconf 73' lang='lat' dir='ltr'><strong>spinas,</strong></span> <span class='ocrx_word' id='word_1_545' title='bbox 1566 1185 1604 1211; x_wconf 78' lang='lat' dir='ltr'><strong>sic</strong></span> <span class='ocrx_word' id='word_1_546' title='bbox 1621 1193 1698 1212; x_wconf 77' lang='lat' dir='ltr'><strong>soror</strong></span> 
     </span>
    </p>
   </div>
   <div class='ocr_carea' id='block_1_71' title="bbox 911 1229 1696 1264">
    <p class='ocr_par' dir='ltr' id='par_1_71' title="bbox 911 1229 1696 1264">
     <span class='ocr_line' id='line_1_71' title="bbox 911 1229 1696 1264; baseline 0.005 -9"><span class='ocrx_word' id='word_1_547' title='bbox 911 1237 968 1256; x_wconf 80' lang='lat' dir='ltr'><strong>mea</strong></span> <span class='ocrx_word' id='word_1_548' title='bbox 989 1230 1059 1256; x_wconf 77' lang='lat' dir='ltr'><strong>inter</strong></span> <span class='ocrx_word' id='word_1_549' title='bbox 1083 1230 1164 1264; x_wconf 80' lang='lat' dir='ltr'><strong>ﬁlias.</strong></span> <span class='ocrx_word' id='word_1_550' title='bbox 1189 1229 1327 1262; x_wconf 79' lang='lat' dir='ltr'><strong>Quantum</strong></span> <span class='ocrx_word' id='word_1_551' title='bbox 1353 1229 1476 1256; x_wconf 86' lang='lat' dir='ltr'><strong>videmus</strong></span> <span class='ocrx_word' id='word_1_552' title='bbox 1501 1237 1644 1258; x_wconf 85' lang='lat' dir='ltr'><strong>ascensum</strong></span> <span class='ocrx_word' id='word_1_553' title='bbox 1669 1232 1696 1259; x_wconf 90' lang='lat' dir='ltr'><strong>in</strong></span> 
     </span>
    </p>
   </div>
   <div class='ocr_carea' id='block_1_72' title="bbox 911 1275 1694 1310">
    <p class='ocr_par' dir='ltr' id='par_1_72' title="bbox 911 1275 1694 1310">
     <span class='ocr_line' id='line_1_72' title="bbox 911 1275 1694 1310; baseline 0.001 -9"><span class='ocrx_word' id='word_1_554' title='bbox 911 1275 1013 1307; x_wconf 85' lang='lat' dir='ltr'><strong>altum,</strong></span> <span class='ocrx_word' id='word_1_555' title='bbox 1039 1279 1144 1302; x_wconf 87' lang='lat' dir='ltr'><strong>tantum</strong></span> <span class='ocrx_word' id='word_1_556' title='bbox 1173 1275 1296 1302; x_wconf 82' lang='lat' dir='ltr'><strong>videmus</strong></span> <span class='ocrx_word' id='word_1_557' title='bbox 1321 1282 1381 1302; x_wconf 87' lang='lat' dir='ltr'><strong>esse</strong></span> <span class='ocrx_word' id='word_1_558' title='bbox 1403 1275 1500 1302; x_wconf 76' lang='lat' dir='ltr'><strong>anima:</strong></span> <span class='ocrx_word' id='word_1_559' title='bbox 1529 1275 1694 1310; x_wconf 79' lang='lat' dir='ltr'><strong>profectum.</strong></span> 
     </span>
    </p>
   </div>
   <div class='ocr_carea' id='block_1_73' title="bbox 911 1320 1698 1357">
    <p class='ocr_par' dir='ltr' id='par_1_73' title="bbox 911 1320 1698 1357">
     <span class='ocr_line' id='line_1_73' title="bbox 911 1320 1698 1357; baseline 0.003 -10"><span class='ocrx_word' id='word_1_560' title='bbox 911 1320 1018 1348; x_wconf 84' lang='lat' dir='ltr'><strong>Primus</strong></span> <span class='ocrx_word' id='word_1_561' title='bbox 1041 1328 1172 1348; x_wconf 78' lang='lat' dir='ltr'><strong>ascensus</strong></span> <span class='ocrx_word' id='word_1_562' title='bbox 1193 1325 1235 1348; x_wconf 88' lang='lat' dir='ltr'><strong>est</strong></span> <span class='ocrx_word' id='word_1_563' title='bbox 1259 1321 1405 1348; x_wconf 83' lang='lat' dir='ltr'><strong>assimilari</strong></span> <span class='ocrx_word' id='word_1_564' title='bbox 1429 1322 1520 1355; x_wconf 85' lang='lat' dir='ltr'><strong>equis,</strong></span> <span class='ocrx_word' id='word_1_565' title='bbox 1536 1321 1582 1356; x_wconf 92' lang='lat' dir='ltr'><strong>qui</strong></span> <span class='ocrx_word' id='word_1_566' title='bbox 1601 1323 1698 1357; x_wconf 87' lang='lat' dir='ltr'><strong>copias</strong></span> 
     </span>
    </p>
   </div>
   <div class='ocr_carea' id='block_1_74' title="bbox 916 1367 1698 1403">
    <p class='ocr_par' dir='ltr' id='par_1_74' title="bbox 916 1367 1698 1403">
     <span class='ocr_line' id='line_1_74' title="bbox 916 1367 1698 1403; baseline 0.001 -8"><span class='ocrx_word' id='word_1_567' title='bbox 916 1367 1059 1403; x_wconf 70' lang='lat' dir='ltr'><strong>Egyptias</strong></span> <span class='ocrx_word' id='word_1_568' title='bbox 1080 1367 1258 1402; x_wconf 77' lang='lat' dir='ltr'><strong>perdiderunt</strong></span> <span class='ocrx_word' id='word_1_569' title='bbox 1283 1375 1316 1394; x_wconf 85' lang='lat' dir='ltr'><strong>ac</strong></span> <span class='ocrx_word' id='word_1_570' title='bbox 1334 1367 1537 1394; x_wconf 82' lang='lat' dir='ltr'><strong>destruxcrunt.</strong></span> <span class='ocrx_word' id='word_1_571' title='bbox 1556 1367 1698 1397; x_wconf 84' lang='lat' dir='ltr'><strong>Secundus</strong></span> 
     </span>
    </p>
   </div>
   <div class='ocr_carea' id='block_1_75' title="bbox 915 1411 1699 1448">
    <p class='ocr_par' dir='ltr' id='par_1_75' title="bbox 915 1411 1699 1448">
     <span class='ocr_line' id='line_1_75' title="bbox 915 1411 1699 1448; baseline 0 -8"><span class='ocrx_word' id='word_1_572' title='bbox 915 1420 1047 1440; x_wconf 90' lang='lat' dir='ltr'><strong>ascensus</strong></span> <span class='ocrx_word' id='word_1_573' title='bbox 1073 1417 1125 1443; x_wconf 86' lang='lat' dir='ltr'><strong>est.</strong></span> <span class='ocrx_word' id='word_1_574' title='bbox 1153 1411 1225 1446; x_wconf 87' lang='lat' dir='ltr'><strong>quod</strong></span> <span class='ocrx_word' id='word_1_575' title='bbox 1259 1419 1290 1439; x_wconf 93' lang='lat' dir='ltr'><strong>ea</strong></span> <span class='ocrx_word' id='word_1_576' title='bbox 1320 1412 1390 1439; x_wconf 80' lang='lat' dir='ltr'><strong>facta</strong></span> <span class='ocrx_word' id='word_1_577' title='bbox 1418 1412 1453 1439; x_wconf 88' lang='lat' dir='ltr'><strong>sit</strong></span> <span class='ocrx_word' id='word_1_578' title='bbox 1481 1413 1644 1448; x_wconf 78' lang='lat' dir='ltr'><strong>propinqua,</strong></span> <span class='ocrx_word' id='word_1_579' title='bbox 1672 1419 1699 1441; x_wconf 89' lang='lat' dir='ltr'><strong>et</strong></span> 
     </span>
    </p>
   </div>
   <div class='ocr_carea' id='block_1_76' title="bbox 914 1457 1699 1493">
    <p class='ocr_par' dir='ltr' id='par_1_76' title="bbox 914 1457 1699 1493">
     <span class='ocr_line' id='line_1_76' title="bbox 914 1457 1699 1493; baseline 0.003 -9"><span class='ocrx_word' id='word_1_580' title='bbox 914 1459 987 1493; x_wconf 89' lang='lat' dir='ltr'><strong>quod</strong></span> <span class='ocrx_word' id='word_1_581' title='bbox 1005 1457 1102 1485; x_wconf 74' lang='lat' dir='ltr'><strong>fecerit</strong></span> <span class='ocrx_word' id='word_1_582' title='bbox 1125 1458 1220 1485; x_wconf 90' lang='lat' dir='ltr'><strong>oculos</strong></span> <span class='ocrx_word' id='word_1_583' title='bbox 1242 1458 1385 1485; x_wconf 65' lang='lat' dir='ltr'><strong>columbae.</strong></span> <span class='ocrx_word' id='word_1_584' title='bbox 1412 1457 1523 1486; x_wconf 73' lang='lat' dir='ltr'><strong>Tertius</strong></span> <span class='ocrx_word' id='word_1_585' title='bbox 1539 1463 1580 1486; x_wconf 88' lang='lat' dir='ltr'><strong>est</strong></span> <span class='ocrx_word' id='word_1_586' title='bbox 1603 1467 1699 1487; x_wconf 85' lang='lat' dir='ltr'><strong>ascen-</strong></span> 
     </span>
    </p>
   </div>
   <div class='ocr_carea' id='block_1_77' title="bbox 914 1503 1700 1539">
    <p class='ocr_par' dir='ltr' id='par_1_77' title="bbox 914 1503 1700 1539">
     <span class='ocr_line' id='line_1_77' title="bbox 914 1503 1700 1539; baseline 0 -7"><span class='ocrx_word' id='word_1_587' title='bbox 914 1512 972 1536; x_wconf 83' lang='lat' dir='ltr'><strong>Sns.</strong></span> <span class='ocrx_word' id='word_1_588' title='bbox 995 1503 1068 1539; x_wconf 89' lang='lat' dir='ltr'><strong>quod</strong></span> <span class='ocrx_word' id='word_1_589' title='bbox 1086 1511 1140 1531; x_wconf 93' lang='lat' dir='ltr'><strong>non</strong></span> <span class='ocrx_word' id='word_1_590' title='bbox 1158 1503 1275 1538; x_wconf 87' lang='lat' dir='ltr'><strong>amplius</strong></span> <span class='ocrx_word' id='word_1_591' title='bbox 1296 1504 1460 1538; x_wconf 87' lang='lat' dir='ltr'><strong>propinqua,</strong></span> <span class='ocrx_word' id='word_1_592' title='bbox 1482 1505 1530 1532; x_wconf 88' lang='lat' dir='ltr'><strong>sed</strong></span> <span class='ocrx_word' id='word_1_593' title='bbox 1551 1512 1630 1532; x_wconf 87' lang='lat' dir='ltr'><strong>soror</strong></span> <span class='ocrx_word' id='word_1_594' title='bbox 1647 1505 1700 1532; x_wconf 88' lang='lat' dir='ltr'><strong>Do-</strong></span> 
     </span>
    </p>
   </div>
   <div class='ocr_carea' id='block_1_78' title="bbox 914 1549 1701 1584">
    <p class='ocr_par' dir='ltr' id='par_1_78' title="bbox 914 1549 1701 1584">
     <span class='ocr_line' id='line_1_78' title="bbox 914 1549 1701 1584; baseline 0.001 -8"><span class='ocrx_word' id='word_1_595' title='bbox 914 1550 979 1576; x_wconf 88' lang='lat' dir='ltr'><strong>mini</strong></span> <span class='ocrx_word' id='word_1_596' title='bbox 993 1551 1026 1577; x_wconf 86' lang='lat' dir='ltr'><strong>sit</strong></span> <span class='ocrx_word' id='word_1_597' title='bbox 1049 1549 1196 1577; x_wconf 77' lang='lat' dir='ltr'><strong>nominata.</strong></span> <span class='ocrx_word' id='word_1_598' title='bbox 1215 1549 1269 1582; x_wconf 80' lang='lat' dir='ltr'><strong>Qui</strong></span> <span class='ocrx_word' id='word_1_599' title='bbox 1287 1549 1479 1584; x_wconf 78' lang='lat' dir='ltr'><strong>cnim,inquit,</strong></span> <span class='ocrx_word' id='word_1_600' title='bbox 1494 1551 1587 1584; x_wconf 79' lang='lat' dir='ltr'><strong>fecerit</strong></span> <span class='ocrx_word' id='word_1_601' title='bbox 1607 1551 1701 1577; x_wconf 76' lang='lat' dir='ltr'><strong>rotun-</strong></span> 
     </span>
    </p>
   </div>
   <div class='ocr_carea' id='block_1_79' title="bbox 917 1594 1699 1631">
    <p class='ocr_par' dir='ltr' id='par_1_79' title="bbox 917 1594 1699 1631">
     <span class='ocr_line' id='line_1_79' title="bbox 917 1594 1699 1631; baseline 0.003 -10"><span class='ocrx_word' id='word_1_602' title='bbox 917 1600 995 1622; x_wconf 82' lang='lat' dir='ltr'><strong>tatem</strong></span> <span class='ocrx_word' id='word_1_603' title='bbox 1015 1594 1105 1621; x_wconf 82' lang='lat' dir='ltr'><strong>Patris</strong></span> <span class='ocrx_word' id='word_1_604' title='bbox 1123 1595 1173 1621; x_wconf 82' lang='lat' dir='ltr'><strong>mei</strong></span> <span class='ocrx_word' id='word_1_605' title='bbox 1196 1595 1241 1630; x_wconf 83' lang='lat' dir='ltr'><strong>qui</strong></span> <span class='ocrx_word' id='word_1_606' title='bbox 1259 1595 1285 1621; x_wconf 81' lang='lat' dir='ltr'><strong>in</strong></span> <span class='ocrx_word' id='word_1_607' title='bbox 1309 1595 1380 1622; x_wconf 72' lang='lat' dir='ltr'><strong>caelis</strong></span> <span class='ocrx_word' id='word_1_608' title='bbox 1402 1600 1451 1627; x_wconf 78' lang='lat' dir='ltr'><strong>est,</strong></span> <span class='ocrx_word' id='word_1_609' title='bbox 1477 1596 1519 1622; x_wconf 79' lang='lat' dir='ltr'><strong>hic</strong></span> <span class='ocrx_word' id='word_1_610' title='bbox 1541 1601 1580 1623; x_wconf 80' lang='lat' dir='ltr'><strong>est</strong></span> <span class='ocrx_word' id='word_1_611' title='bbox 1605 1596 1699 1631; x_wconf 80' lang='lat' dir='ltr'><strong>frater.</strong></span> 
     </span>
    </p>
   </div>
   <div class='ocr_carea' id='block_1_80' title="bbox 915 1632 1699 1676">
    <p class='ocr_par' dir='ltr' id='par_1_80' title="bbox 915 1632 1699 1676">
     <span class='ocr_line' id='line_1_80' title="bbox 915 1632 1699 1676; baseline 0.003 -8"><span class='ocrx_word' id='word_1_612' title='bbox 915 1649 990 1668; x_wconf 70' lang='lat' dir='ltr'><strong>soror</strong></span> <span class='ocrx_word' id='word_1_613' title='bbox 1013 1646 1038 1668; x_wconf 84' lang='lat' dir='ltr'><strong>et</strong></span> <span class='ocrx_word' id='word_1_614' title='bbox 1064 1640 1193 1668; x_wconf 78' lang='lat' dir='ltr'><strong>mater&quot;.</strong></span> <span class='ocrx_word' id='word_1_615' title='bbox 1220 1640 1366 1676; x_wconf 84' lang='lat' dir='ltr'><strong>Postquam</strong></span> <span class='ocrx_word' id='word_1_616' title='bbox 1393 1638 1457 1676; x_wconf 63' lang='lat' dir='ltr'><strong>ergo</strong></span> <span class='ocrx_word' id='word_1_617' title='bbox 1482 1632 1552 1669; x_wconf 78' lang='lat' dir='ltr'><strong>faeta</strong></span> <span class='ocrx_word' id='word_1_618' title='bbox 1576 1647 1618 1670; x_wconf 87' lang='lat' dir='ltr'><strong>est</strong></span> <span class='ocrx_word' id='word_1_619' title='bbox 1640 1643 1699 1673; x_wconf 80' lang='lat' dir='ltr'><strong>nos,</strong></span> 
     </span>
    </p>
   </div>
   <div class='ocr_carea' id='block_1_81' title="bbox 915 1686 1701 1724">
    <p class='ocr_par' dir='ltr' id='par_1_81' title="bbox 915 1686 1701 1724">
     <span class='ocr_line' id='line_1_81' title="bbox 915 1686 1701 1724; baseline 0.005 -11"><span class='ocrx_word' id='word_1_620' title='bbox 915 1694 1003 1721; x_wconf 84' lang='lat' dir='ltr'><strong>neque</strong></span> <span class='ocrx_word' id='word_1_621' title='bbox 1019 1693 1033 1712; x_wconf 91' lang='lat' dir='ltr'><strong>a</strong></span> <span class='ocrx_word' id='word_1_622' title='bbox 1051 1686 1170 1721; x_wconf 88' lang='lat' dir='ltr'><strong>spinosis</strong></span> <span class='ocrx_word' id='word_1_623' title='bbox 1184 1687 1247 1714; x_wconf 72' lang='lat' dir='ltr'><strong>lazsa</strong></span> <span class='ocrx_word' id='word_1_624' title='bbox 1265 1686 1315 1713; x_wconf 80' lang='lat' dir='ltr'><strong>fuit</strong></span> <span class='ocrx_word' id='word_1_625' title='bbox 1343 1688 1541 1715; x_wconf 80' lang='lat' dir='ltr'><strong>tentationibus</strong></span> <span class='ocrx_word' id='word_1_626' title='bbox 1554 1690 1701 1724; x_wconf 87' lang='lat' dir='ltr'><strong>quominus</strong></span> 
     </span>
    </p>
   </div>
   <div class='ocr_carea' id='block_1_82' title="bbox 915 1730 1701 1767">
    <p class='ocr_par' dir='ltr' id='par_1_82' title="bbox 915 1730 1701 1767">
     <span class='ocr_line' id='line_1_82' title="bbox 915 1730 1701 1767; baseline 0.005 -9"><span class='ocrx_word' id='word_1_627' title='bbox 915 1737 988 1758; x_wconf 79' lang='lat' dir='ltr'><strong>esset</strong></span> <span class='ocrx_word' id='word_1_628' title='bbox 1002 1730 1099 1762; x_wconf 87' lang='lat' dir='ltr'><strong>lilium,</strong></span> <span class='ocrx_word' id='word_1_629' title='bbox 1117 1731 1200 1758; x_wconf 89' lang='lat' dir='ltr'><strong>oblita</strong></span> <span class='ocrx_word' id='word_1_630' title='bbox 1220 1731 1312 1765; x_wconf 83' lang='lat' dir='ltr'><strong>populi</strong></span> <span class='ocrx_word' id='word_1_631' title='bbox 1329 1737 1355 1758; x_wconf 89' lang='lat' dir='ltr'><strong>ct</strong></span> <span class='ocrx_word' id='word_1_632' title='bbox 1375 1732 1472 1759; x_wconf 92' lang='lat' dir='ltr'><strong>domus</strong></span> <span class='ocrx_word' id='word_1_633' title='bbox 1486 1734 1572 1767; x_wconf 86' lang='lat' dir='ltr'><strong>patris</strong></span> <span class='ocrx_word' id='word_1_634' title='bbox 1590 1738 1617 1761; x_wconf 79' lang='lat' dir='ltr'><strong>et</strong></span> <span class='ocrx_word' id='word_1_635' title='bbox 1639 1743 1701 1762; x_wconf 78' lang='lat' dir='ltr'><strong>ma-</strong></span> 
     </span>
    </p>
   </div>
   <div class='ocr_carea' id='block_1_83' title="bbox 916 1775 1698 1810">
    <p class='ocr_par' dir='ltr' id='par_1_83' title="bbox 916 1775 1698 1810">
     <span class='ocr_line' id='line_1_83' title="bbox 916 1775 1698 1810; baseline 0.005 -7"><span class='ocrx_word' id='word_1_636' title='bbox 916 1777 966 1804; x_wconf 82' lang='lat' dir='ltr'><strong>tris</strong></span> <span class='ocrx_word' id='word_1_637' title='bbox 980 1784 1045 1808; x_wconf 65' lang='lat' dir='ltr'><strong>suat,</strong></span> <span class='ocrx_word' id='word_1_638' title='bbox 1063 1776 1168 1810; x_wconf 82' lang='lat' dir='ltr'><strong>aspexit</strong></span> <span class='ocrx_word' id='word_1_639' title='bbox 1189 1776 1222 1803; x_wconf 86' lang='lat' dir='ltr'><strong>ad</strong></span> <span class='ocrx_word' id='word_1_640' title='bbox 1238 1784 1330 1804; x_wconf 86' lang='lat' dir='ltr'><strong>verum</strong></span> <span class='ocrx_word' id='word_1_641' title='bbox 1343 1775 1451 1804; x_wconf 80' lang='lat' dir='ltr'><strong>Patrem</strong></span> <span class='ocrx_word' id='word_1_642' title='bbox 1465 1787 1473 1805; x_wconf 87' lang='lat'><strong>:</strong></span> <span class='ocrx_word' id='word_1_643' title='bbox 1493 1783 1521 1805; x_wconf 88' lang='lat' dir='ltr'><strong>et</strong></span> <span class='ocrx_word' id='word_1_644' title='bbox 1540 1779 1601 1806; x_wconf 88' lang='lat' dir='ltr'><strong>ideo</strong></span> <span class='ocrx_word' id='word_1_645' title='bbox 1618 1787 1698 1806; x_wconf 87' lang='lat' dir='ltr'><strong>voca-</strong></span> 
     </span>
    </p>
   </div>
   <div class='ocr_carea' id='block_1_84' title="bbox 916 1820 1701 1858">
    <p class='ocr_par' dir='ltr' id='par_1_84' title="bbox 916 1820 1701 1858">
     <span class='ocr_line' id='line_1_84' title="bbox 916 1820 1701 1858; baseline 0.006 -11"><span class='ocrx_word' id='word_1_646' title='bbox 916 1825 962 1848; x_wconf 90' lang='lat' dir='ltr'><strong>tur</strong></span> <span class='ocrx_word' id='word_1_647' title='bbox 984 1829 1062 1848; x_wconf 90' lang='lat' dir='ltr'><strong>soror</strong></span> <span class='ocrx_word' id='word_1_648' title='bbox 1083 1820 1201 1852; x_wconf 87' lang='lat' dir='ltr'><strong>Domini,</strong></span> <span class='ocrx_word' id='word_1_649' title='bbox 1228 1821 1324 1856; x_wconf 90' lang='lat' dir='ltr'><strong>spiritu</strong></span> <span class='ocrx_word' id='word_1_650' title='bbox 1347 1822 1463 1849; x_wconf 81' lang='lat' dir='ltr'><strong>ﬁliorum</strong></span> <span class='ocrx_word' id='word_1_651' title='bbox 1493 1823 1648 1858; x_wconf 83' lang='lat' dir='ltr'><strong>adoptionis</strong></span> <span class='ocrx_word' id='word_1_652' title='bbox 1674 1825 1701 1852; x_wconf 92' lang='lat' dir='ltr'><strong>in</strong></span> 
     </span>
    </p>
   </div>
   <div class='ocr_carea' id='block_1_85' title="bbox 917 1867 1703 1902">
    <p class='ocr_par' dir='ltr' id='par_1_85' title="bbox 917 1867 1703 1902">
     <span class='ocr_line' id='line_1_85' title="bbox 917 1867 1703 1902; baseline 0.006 -8"><span class='ocrx_word' id='word_1_653' title='bbox 917 1868 987 1894; x_wconf 91' lang='lat' dir='ltr'><strong>hanc</strong></span> <span class='ocrx_word' id='word_1_654' title='bbox 1003 1867 1128 1902; x_wconf 89' lang='lat' dir='ltr'><strong>adoptata</strong></span> <span class='ocrx_word' id='word_1_655' title='bbox 1144 1868 1344 1902; x_wconf 82' lang='lat' dir='ltr'><strong>cognationem,</strong></span> <span class='ocrx_word' id='word_1_656' title='bbox 1363 1873 1388 1896; x_wconf 83' lang='lat' dir='ltr'><strong>et</strong></span> <span class='ocrx_word' id='word_1_657' title='bbox 1403 1869 1516 1896; x_wconf 86' lang='lat' dir='ltr'><strong>liberata</strong></span> <span class='ocrx_word' id='word_1_658' title='bbox 1533 1877 1548 1897; x_wconf 87' lang='lat' dir='ltr'><strong>a</strong></span> <span class='ocrx_word' id='word_1_659' title='bbox 1571 1870 1703 1899; x_wconf 83' lang='lat' dir='ltr'><strong>societate</strong></span> 
     </span>
    </p>
   </div>
   <div class='ocr_carea' id='block_1_86' title="bbox 916 1913 1702 1950">
    <p class='ocr_par' dir='ltr' id='par_1_86' title="bbox 916 1913 1702 1950">
     <span class='ocr_line' id='line_1_86' title="bbox 916 1913 1702 1950; baseline 0.005 -10"><span class='ocrx_word' id='word_1_660' title='bbox 916 1917 943 1940; x_wconf 87' lang='lat' dir='ltr'><strong>et</strong></span> <span class='ocrx_word' id='word_1_661' title='bbox 960 1913 1151 1948; x_wconf 86' lang='lat' dir='ltr'><strong>conjunctione</strong></span> <span class='ocrx_word' id='word_1_662' title='bbox 1176 1921 1238 1940; x_wconf 89' lang='lat' dir='ltr'><strong>cum</strong></span> <span class='ocrx_word' id='word_1_663' title='bbox 1259 1913 1366 1942; x_wconf 75' lang='lat' dir='ltr'><strong>filiabus</strong></span> <span class='ocrx_word' id='word_1_664' title='bbox 1385 1915 1469 1948; x_wconf 84' lang='lat' dir='ltr'><strong>patris</strong></span> <span class='ocrx_word' id='word_1_665' title='bbox 1492 1915 1538 1950; x_wconf 91' lang='lat' dir='ltr'><strong>qui</strong></span> <span class='ocrx_word' id='word_1_666' title='bbox 1561 1915 1631 1944; x_wconf 82' lang='lat' dir='ltr'><strong>falso</strong></span> <span class='ocrx_word' id='word_1_667' title='bbox 1655 1925 1702 1944; x_wconf 92' lang='lat' dir='ltr'><strong>no-</strong></span> 
     </span>
    </p>
   </div>
   <div class='ocr_carea' id='block_1_87' title="bbox 918 1959 1700 1996">
    <p class='ocr_par' dir='ltr' id='par_1_87' title="bbox 918 1959 1700 1996">
     <span class='ocr_line' id='line_1_87' title="bbox 918 1959 1700 1996; baseline 0.004 -10"><span class='ocrx_word' id='word_1_668' title='bbox 918 1959 1048 1990; x_wconf 86' lang='lat' dir='ltr'><strong>minatur,</strong></span> <span class='ocrx_word' id='word_1_669' title='bbox 1079 1959 1166 1993; x_wconf 79' lang='lat' dir='ltr'><strong>scipsa</strong></span> <span class='ocrx_word' id='word_1_670' title='bbox 1191 1967 1289 1986; x_wconf 74' lang='lat' dir='ltr'><strong>rursus</strong></span> <span class='ocrx_word' id='word_1_671' title='bbox 1313 1959 1342 1985; x_wconf 81' lang='lat' dir='ltr'><strong>lit</strong></span> <span class='ocrx_word' id='word_1_672' title='bbox 1365 1960 1519 1993; x_wconf 86' lang='lat' dir='ltr'><strong>sublimior,</strong></span> <span class='ocrx_word' id='word_1_673' title='bbox 1545 1965 1571 1988; x_wconf 88' lang='lat' dir='ltr'><strong>et</strong></span> <span class='ocrx_word' id='word_1_674' title='bbox 1599 1962 1700 1996; x_wconf 86' lang='lat' dir='ltr'><strong>aspicit</strong></span> 
     </span>
    </p>
   </div>
   <div class='ocr_carea' id='block_1_88' title="bbox 918 2005 1704 2042">
    <p class='ocr_par' dir='ltr' id='par_1_88' title="bbox 918 2005 1704 2042">
     <span class='ocr_line' id='line_1_88' title="bbox 918 2005 1704 2042; baseline 0.003 -10"><span class='ocrx_word' id='word_1_675' title='bbox 918 2005 1078 2042; x_wconf 82' lang='lat' dir='ltr'><strong>mysterium</strong></span> <span class='ocrx_word' id='word_1_676' title='bbox 1097 2013 1144 2040; x_wconf 80' lang='lat' dir='ltr'><strong>per</strong></span> <span class='ocrx_word' id='word_1_677' title='bbox 1166 2005 1261 2033; x_wconf 88' lang='lat' dir='ltr'><strong>oculos</strong></span> <span class='ocrx_word' id='word_1_678' title='bbox 1287 2005 1432 2038; x_wconf 66' lang='lat' dir='ltr'><strong>columbae,</strong></span> <span class='ocrx_word' id='word_1_679' title='bbox 1451 2014 1497 2040; x_wconf 85' lang='lat' dir='ltr'><strong>per</strong></span> <span class='ocrx_word' id='word_1_680' title='bbox 1513 2006 1639 2041; x_wconf 88' lang='lat' dir='ltr'><strong>spiritum</strong></span> <span class='ocrx_word' id='word_1_681' title='bbox 1662 2007 1704 2037; x_wconf 84' lang='lat' dir='ltr'><strong>in-</strong></span> 
     </span>
    </p>
   </div>
   <div class='ocr_carea' id='block_1_89' title="bbox 919 2050 1702 2086">
    <p class='ocr_par' dir='ltr' id='par_1_89' title="bbox 919 2050 1702 2086">
     <span class='ocr_line' id='line_1_89' title="bbox 919 2050 1702 2086; baseline 0.003 -9"><span class='ocrx_word' id='word_1_682' title='bbox 919 2059 1000 2086; x_wconf 87' lang='lat' dir='ltr'><strong>quam</strong></span> <span class='ocrx_word' id='word_1_683' title='bbox 1031 2051 1189 2086; x_wconf 58' lang='lat' dir='ltr'><strong>prophetiae.</strong></span> <span class='ocrx_word' id='word_1_684' title='bbox 1213 2050 1271 2077; x_wconf 80' lang='lat' dir='ltr'><strong>Hoc</strong></span> <span class='ocrx_word' id='word_1_685' title='bbox 1294 2054 1336 2078; x_wconf 84' lang='lat' dir='ltr'><strong>est</strong></span> <span class='ocrx_word' id='word_1_686' title='bbox 1362 2055 1452 2078; x_wconf 83' lang='lat' dir='ltr'><strong>autem</strong></span> <span class='ocrx_word' id='word_1_687' title='bbox 1477 2052 1550 2086; x_wconf 89' lang='lat' dir='ltr'><strong>quod</strong></span> <span class='ocrx_word' id='word_1_688' title='bbox 1581 2052 1702 2086; x_wconf 86' lang='lat' dir='ltr'><strong>aspicit:</strong></span> 
     </span>
    </p>
   </div>
   <div class='ocr_carea' id='block_1_90' title="bbox 919 2095 1704 2130">
    <p class='ocr_par' dir='ltr' id='par_1_90' title="bbox 919 2095 1704 2130">
     <span class='ocr_line' id='line_1_90' title="bbox 919 2095 1704 2130; baseline 0.001 -8"><span class='ocrx_word' id='word_1_689' title='bbox 919 2095 993 2123; x_wconf 81' lang='lat' dir='ltr'><strong>Sicut</strong></span> <span class='ocrx_word' id='word_1_690' title='bbox 1014 2103 1118 2130; x_wconf 83' lang='lat' dir='ltr'><strong>pomum</strong></span> <span class='ocrx_word' id='word_1_691' title='bbox 1147 2097 1174 2122; x_wconf 78' lang='lat' dir='ltr'><strong>in</strong></span> <span class='ocrx_word' id='word_1_692' title='bbox 1198 2095 1276 2130; x_wconf 81' lang='lat' dir='ltr'><strong>lignis</strong></span> <span class='ocrx_word' id='word_1_693' title='bbox 1300 2095 1391 2128; x_wconf 64' lang='lat' dir='ltr'><strong>silvae,</strong></span> <span class='ocrx_word' id='word_1_694' title='bbox 1416 2096 1454 2122; x_wconf 81' lang='lat' dir='ltr'><strong>sic</strong></span> <span class='ocrx_word' id='word_1_695' title='bbox 1478 2097 1607 2130; x_wconf 78' lang='lat' dir='ltr'><strong>patruelis</strong></span> <span class='ocrx_word' id='word_1_696' title='bbox 1632 2105 1704 2123; x_wconf 72' lang='lat' dir='ltr'><strong>meus</strong></span> 
     </span>
    </p>
   </div>
   <div class='ocr_carea' id='block_1_91' title="bbox 918 2141 1705 2176">
    <p class='ocr_par' dir='ltr' id='par_1_91' title="bbox 918 2141 1705 2176">
     <span class='ocr_line' id='line_1_91' title="bbox 918 2141 1705 2176; baseline -0.001 -7"><span class='ocrx_word' id='word_1_697' title='bbox 918 2143 986 2169; x_wconf 76' lang='lat' dir='ltr'><strong>inter</strong></span> <span class='ocrx_word' id='word_1_698' title='bbox 999 2142 1079 2176; x_wconf 74' lang='lat' dir='ltr'><strong>ﬁlios.</strong></span> <span class='ocrx_word' id='word_1_699' title='bbox 1097 2141 1167 2174; x_wconf 85' lang='lat' dir='ltr'><strong>Quid</strong></span> <span class='ocrx_word' id='word_1_700' title='bbox 1183 2146 1225 2168; x_wconf 86' lang='lat' dir='ltr'><strong>est</strong></span> <span class='ocrx_word' id='word_1_701' title='bbox 1239 2149 1302 2176; x_wconf 78' lang='lat' dir='ltr'><strong>ergo</strong></span> <span class='ocrx_word' id='word_1_702' title='bbox 1319 2141 1392 2176; x_wconf 92' lang='lat' dir='ltr'><strong>quod</strong></span> <span class='ocrx_word' id='word_1_703' title='bbox 1408 2141 1494 2168; x_wconf 83' lang='lat' dir='ltr'><strong>vidit?</strong></span> <span class='ocrx_word' id='word_1_704' title='bbox 1518 2141 1620 2168; x_wconf 85' lang='lat' dir='ltr'><strong>Silvam</strong></span> <span class='ocrx_word' id='word_1_705' title='bbox 1637 2143 1705 2170; x_wconf 86' lang='lat' dir='ltr'><strong>solet</strong></span> 
     </span>
    </p>
   </div>
   <div class='ocr_carea' id='block_1_92' title="bbox 919 2185 1703 2220">
    <p class='ocr_par' dir='ltr' id='par_1_92' title="bbox 919 2185 1703 2220">
     <span class='ocr_line' id='line_1_92' title="bbox 919 2185 1703 2220; baseline -0.003 -6"><span class='ocrx_word' id='word_1_706' title='bbox 919 2187 1062 2214; x_wconf 88' lang='lat' dir='ltr'><strong>nominare</strong></span> <span class='ocrx_word' id='word_1_707' title='bbox 1085 2186 1236 2220; x_wconf 81' lang='lat' dir='ltr'><strong>Scriptura.</strong></span> <span class='ocrx_word' id='word_1_708' title='bbox 1262 2186 1415 2212; x_wconf 83' lang='lat' dir='ltr'><strong>silvestrem</strong></span> <span class='ocrx_word' id='word_1_709' title='bbox 1441 2185 1582 2212; x_wconf 91' lang='lat' dir='ltr'><strong>hominum</strong></span> <span class='ocrx_word' id='word_1_710' title='bbox 1609 2186 1703 2215; x_wconf 85' lang='lat' dir='ltr'><strong>vitam.</strong></span> 
     </span>
    </p>
   </div>
   <div class='ocr_carea' id='block_1_93' title="bbox 919 2230 1703 2266">
    <p class='ocr_par' dir='ltr' id='par_1_93' title="bbox 919 2230 1703 2266">
     <span class='ocr_line' id='line_1_93' title="bbox 919 2230 1703 2266; baseline -0.001 -7"><span class='ocrx_word' id='word_1_711' title='bbox 919 2232 947 2259; x_wconf 88' lang='lat' dir='ltr'><strong>in</strong></span> <span class='ocrx_word' id='word_1_712' title='bbox 971 2239 1024 2266; x_wconf 84' lang='lat' dir='ltr'><strong>qua</strong></span> <span class='ocrx_word' id='word_1_713' title='bbox 1039 2231 1178 2258; x_wconf 75' lang='lat' dir='ltr'><strong>luxuriant</strong></span> <span class='ocrx_word' id='word_1_714' title='bbox 1194 2230 1268 2257; x_wconf 87' lang='lat' dir='ltr'><strong>varia</strong></span> <span class='ocrx_word' id='word_1_715' title='bbox 1292 2238 1390 2265; x_wconf 80' lang='lat' dir='ltr'><strong>genera</strong></span> <span class='ocrx_word' id='word_1_716' title='bbox 1415 2230 1498 2256; x_wconf 86' lang='lat' dir='ltr'><strong>animi</strong></span> <span class='ocrx_word' id='word_1_717' title='bbox 1519 2231 1703 2265; x_wconf 84' lang='lat' dir='ltr'><strong>perturbatio-</strong></span> 
     </span>
    </p>
   </div>
   <div class='ocr_carea' id='block_1_94' title="bbox 80 2274 860 2316">
    <p class='ocr_par' dir='ltr' id='par_1_94' title="bbox 80 2274 860 2312">
     <span class='ocr_line' id='line_1_94' title="bbox 80 2274 860 2312; baseline -0.004 -10"><span class='ocrx_word' id='word_1_718' title='bbox 80 2277 132 2312; x_wconf 74' lang='grc' dir='ltr'>μὸν</span> <span class='ocrx_word' id='word_1_719' title='bbox 143 2276 269 2311; x_wconf 76' lang='grc' dir='ltr'><strong>ὀνομάζει</strong></span> <span class='ocrx_word' id='word_1_720' title='bbox 282 2276 404 2311; x_wconf 79' lang='grc' dir='ltr'><strong>συνήθως</strong></span> <span class='ocrx_word' id='word_1_721' title='bbox 421 2276 436 2310; x_wconf 82' lang='grc' dir='ltr'>ἡ</span> <span class='ocrx_word' id='word_1_722' title='bbox 457 2275 523 2309; x_wconf 85' lang='grc' dir='ltr'>ἁγία</span> <span class='ocrx_word' id='word_1_723' title='bbox 542 2274 637 2310; x_wconf 82' lang='grc' dir='ltr'>Γραφὴ</span> <span class='ocrx_word' id='word_1_724' title='bbox 651 2274 696 2300; x_wconf 73' lang='grc' dir='ltr'>τὸν</span> <span class='ocrx_word' id='word_1_725' title='bbox 709 2274 795 2309; x_wconf 80' lang='grc' dir='ltr'>ὑλώδη</span> <span class='ocrx_word' id='word_1_726' title='bbox 813 2274 860 2300; x_wconf 59' lang='grc' dir='ltr'>τῶι</span> 
     </span>
    </p>
   </div>
   <div class='ocr_carea' id='block_1_95' title="bbox 913 2274 1704 2316">
    <p class='ocr_par' dir='ltr' id='par_1_95' title="bbox 920 2275 1704 2311">
     <span class='ocr_line' id='line_1_95' title="bbox 920 2275 1704 2311; baseline -0.003 -7"><span class='ocrx_word' id='word_1_727' title='bbox 920 2277 1038 2308; x_wconf 66' lang='lat' dir='ltr'><strong>num,&#39;in</strong></span> <span class='ocrx_word' id='word_1_728' title='bbox 1057 2284 1110 2311; x_wconf 86' lang='lat' dir='ltr'><strong>qua</strong></span> <span class='ocrx_word' id='word_1_729' title='bbox 1127 2281 1255 2310; x_wconf 87' lang='lat' dir='ltr'><strong>tanquam</strong></span> <span class='ocrx_word' id='word_1_730' title='bbox 1276 2276 1303 2302; x_wconf 91' lang='lat' dir='ltr'><strong>in</strong></span> <span class='ocrx_word' id='word_1_731' title='bbox 1326 2279 1405 2302; x_wconf 87' lang='lat' dir='ltr'><strong>antro</strong></span> <span class='ocrx_word' id='word_1_732' title='bbox 1422 2275 1542 2303; x_wconf 84' lang='lat' dir='ltr'><strong>insident</strong></span> <span class='ocrx_word' id='word_1_733' title='bbox 1559 2283 1590 2302; x_wconf 88' lang='lat' dir='ltr'><strong>ac</strong></span> <span class='ocrx_word' id='word_1_734' title='bbox 1609 2276 1704 2303; x_wconf 87' lang='lat' dir='ltr'><strong>delite-</strong></span> 
     </span>
    </p>
   </div>
   <div class='ocr_carea' id='block_1_96' title="bbox 78 2319 866 2357">
    <p class='ocr_par' dir='ltr' id='par_1_96' title="bbox 78 2319 866 2357">
     <span class='ocr_line' id='line_1_96' title="bbox 78 2319 866 2357; baseline -0.003 -9"><span class='ocrx_word' id='word_1_735' title='bbox 78 2322 232 2357; x_wconf 82' lang='grc' dir='ltr'>ἀνθρώπων</span> <span class='ocrx_word' id='word_1_736' title='bbox 245 2322 310 2356; x_wconf 82' lang='grc' dir='ltr'>βίον,</span> <span class='ocrx_word' id='word_1_737' title='bbox 325 2323 370 2348; x_wconf 79' lang='grc' dir='ltr'>τὸν</span> <span class='ocrx_word' id='word_1_738' title='bbox 380 2321 412 2348; x_wconf 84' lang='grc' dir='ltr'><strong>τά</strong></span> <span class='ocrx_word' id='word_1_739' title='bbox 428 2321 537 2348; x_wconf 83' lang='grc' dir='ltr'>ποικίλα</span> <span class='ocrx_word' id='word_1_740' title='bbox 553 2321 606 2347; x_wconf 81' lang='grc' dir='ltr'>τὼν</span> <span class='ocrx_word' id='word_1_741' title='bbox 626 2320 793 2356; x_wconf 71' lang='grc' dir='ltr'>παθημάτων</span> <span class='ocrx_word' id='word_1_742' title='bbox 809 2319 866 2354; x_wconf 77' lang='grc' dir='ltr'>εἴδη</span> 
     </span>
    </p>
   </div>
   <div class='ocr_carea' id='block_1_97' title="bbox 79 2363 868 2402">
    <p class='ocr_par' dir='ltr' id='par_1_97' title="bbox 79 2363 868 2402">
     <span class='ocr_line' id='line_1_97' title="bbox 79 2363 868 2402; baseline -0.004 -9"><span class='ocrx_word' id='word_1_743' title='bbox 79 2367 301 2401; x_wconf 82' lang='grc' dir='ltr'>ὐλομανήσαντα,</span> <span class='ocrx_word' id='word_1_744' title='bbox 315 2367 343 2392; x_wconf 78' lang='grc' dir='ltr'><strong>ἐν</strong></span> <span class='ocrx_word' id='word_1_745' title='bbox 355 2363 377 2400; x_wconf 79' lang='grc' dir='ltr'>ᾧ</span> <span class='ocrx_word' id='word_1_746' title='bbox 393 2367 427 2393; x_wconf 75' lang='grc' dir='ltr'><strong>τὰ</strong></span> <span class='ocrx_word' id='word_1_747' title='bbox 438 2367 575 2402; x_wconf 76' lang='grc' dir='ltr'>φθαρτικὰ</span> <span class='ocrx_word' id='word_1_748' title='bbox 591 2365 673 2401; x_wconf 86' lang='grc' dir='ltr'>θηρία</span> <span class='ocrx_word' id='word_1_749' title='bbox 692 2364 806 2398; x_wconf 70' lang='grc' dir='ltr'>φωλεύει</span> <span class='ocrx_word' id='word_1_750' title='bbox 821 2365 868 2391; x_wconf 81' lang='grc' dir='ltr'>καὶ</span> 
     </span>
    </p>
   </div>
   <div class='ocr_carea' id='block_1_98' title="bbox 79 2408 867 2447">
    <p class='ocr_par' dir='ltr' id='par_1_98' title="bbox 79 2408 867 2447">
     <span class='ocr_line' id='line_1_98' title="bbox 79 2408 867 2447; baseline -0.004 -9"><span class='ocrx_word' id='word_1_751' title='bbox 79 2408 356 2447; x_wconf 80' lang='grc' dir='ltr'>κατακρύπτεται,ὦν</span> <span class='ocrx_word' id='word_1_752' title='bbox 369 2413 386 2446; x_wconf 85' lang='grc' dir='ltr'><strong>ἡ</strong></span> <span class='ocrx_word' id='word_1_753' title='bbox 401 2412 480 2445; x_wconf 76' lang='grc' dir='ltr'>φύσις</span> <span class='ocrx_word' id='word_1_754' title='bbox 492 2413 520 2438; x_wconf 86' lang='grc' dir='ltr'><strong>ὲν</strong></span> <span class='ocrx_word' id='word_1_755' title='bbox 532 2411 600 2445; x_wconf 68' lang='grc' dir='ltr'>φωτὶ</span> <span class='ocrx_word' id='word_1_756' title='bbox 612 2411 658 2437; x_wconf 76' lang='grc' dir='ltr'>καὶ</span> <span class='ocrx_word' id='word_1_757' title='bbox 672 2410 738 2445; x_wconf 82' lang='grc' dir='ltr'>ἡλίῳ</span> <span class='ocrx_word' id='word_1_758' title='bbox 757 2409 867 2445; x_wconf 82' lang='grc' dir='ltr'>ἀνενέρ-</span> 
     </span>
    </p>
   </div>
   <div class='ocr_carea' id='block_1_99' title="bbox 79 2456 868 2492">
    <p class='ocr_par' dir='ltr' id='par_1_99' title="bbox 79 2456 868 2492">
     <span class='ocr_line' id='line_1_99' title="bbox 79 2456 868 2492; baseline -0.003 -9"><span class='ocrx_word' id='word_1_759' title='bbox 79 2466 165 2492; x_wconf 80' lang='grc' dir='ltr'>γητος</span> <span class='ocrx_word' id='word_1_760' title='bbox 186 2457 313 2492; x_wconf 80' lang='grc' dir='ltr'>μένουσα,</span> <span class='ocrx_word' id='word_1_761' title='bbox 337 2457 380 2483; x_wconf 79' lang='grc' dir='ltr'><strong>διὰ</strong></span> <span class='ocrx_word' id='word_1_762' title='bbox 407 2458 518 2488; x_wconf 82' lang='grc' dir='ltr'>σκότους</span> <span class='ocrx_word' id='word_1_763' title='bbox 539 2457 588 2492; x_wconf 83' lang='grc' dir='ltr'>τὴν</span> <span class='ocrx_word' id='word_1_764' title='bbox 613 2457 690 2491; x_wconf 75' lang='grc' dir='ltr'>ἰσχὺν</span> <span class='ocrx_word' id='word_1_765' title='bbox 709 2456 774 2491; x_wconf 76' lang='grc' dir='ltr'>ἔχει.</span> <span class='ocrx_word' id='word_1_766' title='bbox 791 2457 868 2482; x_wconf 78' lang='grc' dir='ltr'>Μετὰ</span> 
     </span>
    </p>
   </div>
   <div class='ocr_carea' id='block_1_100' title="bbox 79 2500 870 2536">
    <p class='ocr_par' dir='ltr' id='par_1_100' title="bbox 79 2500 870 2536">
     <span class='ocr_line' id='line_1_100' title="bbox 79 2500 870 2536; baseline -0.001 -9"><span class='ocrx_word' id='word_1_767' title='bbox 79 2502 137 2536; x_wconf 77' lang='grc' dir='ltr'>γὰρ</span> <span class='ocrx_word' id='word_1_768' title='bbox 152 2501 182 2527; x_wconf 83' lang='grc' dir='ltr'>τὸ</span> <span class='ocrx_word' id='word_1_769' title='bbox 201 2501 276 2527; x_wconf 79' lang='grc' dir='ltr'>δῦναι</span> <span class='ocrx_word' id='word_1_770' title='bbox 293 2501 337 2528; x_wconf 68' lang='grc' dir='ltr'><strong>τὸν</strong></span> <span class='ocrx_word' id='word_1_771' title='bbox 353 2500 446 2535; x_wconf 78' lang='grc' dir='ltr'>ἥλιον,</span> <span class='ocrx_word' id='word_1_772' title='bbox 470 2502 552 2536; x_wconf 69' lang='grc' dir='ltr'>φησὶν</span> <span class='ocrx_word' id='word_1_773' title='bbox 565 2501 578 2526; x_wconf 87' lang='lat'><strong>6</strong></span> <span class='ocrx_word' id='word_1_774' title='bbox 592 2501 749 2536; x_wconf 79' lang='grc' dir='ltr'><strong>Προφήτης,</strong></span> <span class='ocrx_word' id='word_1_775' title='bbox 774 2500 870 2531; x_wconf 69' lang='grc' dir='ltr'>νυκτὸς</span> 
     </span>
    </p>
   </div>
   <div class='ocr_carea' id='block_1_101' title="bbox 80 2545 871 2582">
    <p class='ocr_par' dir='ltr' id='par_1_101' title="bbox 80 2545 871 2582">
     <span class='ocr_line' id='line_1_101' title="bbox 80 2545 871 2582; baseline -0.003 -9"><span class='ocrx_word' id='word_1_776' title='bbox 80 2546 274 2581; x_wconf 73' lang='grc' dir='ltr'>ἐπιγινομένης</span> <span class='ocrx_word' id='word_1_777' title='bbox 295 2547 324 2572; x_wconf 85' lang='grc' dir='ltr'><strong>ὲν</strong></span> <span class='ocrx_word' id='word_1_778' title='bbox 349 2547 417 2581; x_wconf 80' lang='grc' dir='ltr'>αὐτῇ</span> <span class='ocrx_word' id='word_1_779' title='bbox 440 2547 473 2573; x_wconf 87' lang='grc' dir='ltr'><strong>τά</strong></span> <span class='ocrx_word' id='word_1_780' title='bbox 495 2546 577 2582; x_wconf 83' lang='grc' dir='ltr'>θηρία</span> <span class='ocrx_word' id='word_1_781' title='bbox 600 2545 655 2572; x_wconf 82' lang='grc' dir='ltr'>τῶν</span> <span class='ocrx_word' id='word_1_782' title='bbox 673 2545 784 2580; x_wconf 80' lang='grc' dir='ltr'>φωλεῶν</span> <span class='ocrx_word' id='word_1_783' title='bbox 806 2546 871 2571; x_wconf 84' lang='grc' dir='ltr'>ἀνα-</span> 
     </span>
    </p>
   </div>
   <div class='ocr_carea' id='block_1_102' title="bbox 79 2591 870 2627">
    <p class='ocr_par' dir='ltr' id='par_1_102' title="bbox 79 2591 870 2627">
     <span class='ocr_line' id='line_1_102' title="bbox 79 2591 870 2627; baseline -0.003 -8"><span class='ocrx_word' id='word_1_784' title='bbox 79 2593 203 2620; x_wconf 72' lang='grc' dir='ltr'>δύεσθαι.</span> <span class='ocrx_word' id='word_1_785' title='bbox 226 2592 334 2627; x_wconf 84' lang='grc' dir='ltr'>Ἐπειδὴ</span> <span class='ocrx_word' id='word_1_786' title='bbox 360 2591 448 2618; x_wconf 85' lang='grc' dir='ltr'>τοίνυν</span> <span class='ocrx_word' id='word_1_787' title='bbox 470 2593 484 2618; x_wconf 89' lang='lat'><strong>6</strong></span> <span class='ocrx_word' id='word_1_788' title='bbox 501 2592 591 2626; x_wconf 80' lang='grc' dir='ltr'>μονιὸς</span> <span class='ocrx_word' id='word_1_789' title='bbox 610 2593 624 2617; x_wconf 89' lang='lat'><strong>6</strong></span> <span class='ocrx_word' id='word_1_790' title='bbox 641 2593 670 2617; x_wconf 85' lang='grc' dir='ltr'>ὲν</span> <span class='ocrx_word' id='word_1_791' title='bbox 691 2591 730 2626; x_wconf 83' lang='grc' dir='ltr'>τῷ</span> <span class='ocrx_word' id='word_1_792' title='bbox 749 2591 870 2626; x_wconf 76' lang='grc' dir='ltr'>δρυμῶνι</span> 
     </span>
    </p>
   </div>
   <div class='ocr_carea' id='block_1_103' title="bbox 80 2637 872 2673">
    <p class='ocr_par' dir='ltr' id='par_1_103' title="bbox 80 2637 872 2673">
     <span class='ocr_line' id='line_1_103' title="bbox 80 2637 872 2673; baseline -0.003 -8"><span class='ocrx_word' id='word_1_793' title='bbox 80 2638 260 2673; x_wconf 76' lang='grc' dir='ltr'>τρεφόμενος,</span> <span class='ocrx_word' id='word_1_794' title='bbox 276 2637 325 2672; x_wconf 81' lang='grc' dir='ltr'>τὴν</span> <span class='ocrx_word' id='word_1_795' title='bbox 343 2637 427 2672; x_wconf 83' lang='grc' dir='ltr'>καλὴν</span> <span class='ocrx_word' id='word_1_796' title='bbox 443 2637 492 2671; x_wconf 77' lang='grc' dir='ltr'>τῆς</span> <span class='ocrx_word' id='word_1_797' title='bbox 507 2637 678 2672; x_wconf 77' lang='grc' dir='ltr'>ἀνθρωπίνης</span> <span class='ocrx_word' id='word_1_798' title='bbox 695 2637 801 2671; x_wconf 68' lang='grc' dir='ltr'>φύσεως</span> <span class='ocrx_word' id='word_1_799' title='bbox 817 2637 872 2672; x_wconf 80' lang='grc' dir='ltr'>ἀμ-</span> 
     </span>
    </p>
   </div>
   <div class='ocr_carea' id='block_1_104' title="bbox 82 2681 876 2718">
    <p class='ocr_par' dir='ltr' id='par_1_104' title="bbox 82 2681 876 2718">
     <span class='ocr_line' id='line_1_104' title="bbox 82 2681 876 2718; baseline 0 -8"><span class='ocrx_word' id='word_1_800' title='bbox 82 2684 166 2711; x_wconf 72' lang='grc' dir='ltr'>πελον</span> <span class='ocrx_word' id='word_1_801' title='bbox 181 2683 342 2717; x_wconf 72' lang='grc' dir='ltr'>ἐλυμήνατο,</span> <span class='ocrx_word' id='word_1_802' title='bbox 354 2683 443 2714; x_wconf 83' lang='grc' dir='ltr'>καθώς</span> <span class='ocrx_word' id='word_1_803' title='bbox 455 2691 536 2717; x_wconf 75' lang='grc' dir='ltr'>φησιν</span> <span class='ocrx_word' id='word_1_804' title='bbox 547 2683 561 2708; x_wconf 86' lang='grc' dir='ltr'>ὁ</span> <span class='ocrx_word' id='word_1_805' title='bbox 573 2681 727 2718; x_wconf 65' lang='grc' dir='ltr'>Προφήτης,</span> <span class='ocrx_word' id='word_1_806' title='bbox 738 2683 778 2709; x_wconf 80' lang='grc' dir='ltr'>ὅτι</span> <span class='ocrx_word' id='word_1_807' title='bbox 796 2683 876 2710; x_wconf 70' lang='grc' dir='ltr'>Ἐλυ-</span> 
     </span>
    </p>
   </div>
   <div class='ocr_carea' id='block_1_105' title="bbox 83 2725 877 2765">
    <p class='ocr_par' dir='ltr' id='par_1_105' title="bbox 83 2725 877 2765">
     <span class='ocr_line' id='line_1_105' title="bbox 83 2725 877 2765; baseline 0.001 -11"><span class='ocrx_word' id='word_1_808' title='bbox 83 2739 99 2765; x_wconf 69' lang='grc' dir='ltr'>ι.</span> <span class='ocrx_word' id='word_1_809' title='bbox 108 2729 199 2762; x_wconf 62' lang='lat' dir='ltr'><strong>[irato</strong></span> <span class='ocrx_word' id='word_1_810' title='bbox 209 2725 306 2761; x_wconf 80' lang='grc' dir='ltr'><strong>αὐτὴν</strong></span> <span class='ocrx_word' id='word_1_811' title='bbox 315 2726 350 2761; x_wconf 81' lang='grc' dir='ltr'><em>ὗς</em></span> <span class='ocrx_word' id='word_1_812' title='bbox 358 2729 391 2755; x_wconf 77' lang='grc' dir='ltr'>ἐκ</span> <span class='ocrx_word' id='word_1_813' title='bbox 402 2727 526 2763; x_wconf 74' lang='grc' dir='ltr'>δρυμοῦ,</span> <span class='ocrx_word' id='word_1_814' title='bbox 535 2728 693 2762; x_wconf 58' lang='lat' dir='ltr'><strong>actutm-16c</strong></span> <span class='ocrx_word' id='word_1_815' title='bbox 701 2728 801 2762; x_wconf 75' lang='grc' dir='ltr'>ἄγριος</span> <span class='ocrx_word' id='word_1_816' title='bbox 809 2737 877 2756; x_wconf 78' lang='grc' dir='ltr'>κατ-</span> 
     </span>
    </p>
   </div>
   <div class='ocr_carea' id='block_1_106' title="bbox 922 2322 1707 2355">
    <p class='ocr_par' dir='ltr' id='par_1_106' title="bbox 922 2322 1707 2355">
     <span class='ocr_line' id='line_1_106' title="bbox 922 2322 1707 2355; baseline -0.001 -5"><span class='ocrx_word' id='word_1_817' title='bbox 922 2326 1003 2350; x_wconf 87' lang='lat' dir='ltr'><strong>scunt</strong></span> <span class='ocrx_word' id='word_1_818' title='bbox 1031 2323 1095 2349; x_wconf 74' lang='lat' dir='ltr'><strong>fera:</strong></span> <span class='ocrx_word' id='word_1_819' title='bbox 1120 2322 1253 2353; x_wconf 60' lang='lat' dir='ltr'><strong>exitiosae,</strong></span> <span class='ocrx_word' id='word_1_820' title='bbox 1279 2329 1396 2355; x_wconf 87' lang='lat' dir='ltr'><strong>quarum</strong></span> <span class='ocrx_word' id='word_1_821' title='bbox 1424 2325 1521 2348; x_wconf 88' lang='lat' dir='ltr'><strong>natura</strong></span> <span class='ocrx_word' id='word_1_822' title='bbox 1543 2322 1569 2348; x_wconf 94' lang='lat' dir='ltr'><strong>in</strong></span> <span class='ocrx_word' id='word_1_823' title='bbox 1599 2322 1658 2349; x_wconf 81' lang='lat' dir='ltr'><strong>luce</strong></span> <span class='ocrx_word' id='word_1_824' title='bbox 1679 2326 1707 2349; x_wconf 87' lang='lat' dir='ltr'><strong>et</strong></span> 
     </span>
    </p>
   </div>
   <div class='ocr_carea' id='block_1_107' title="bbox 922 2366 1707 2401">
    <p class='ocr_par' dir='ltr' id='par_1_107' title="bbox 922 2366 1707 2401">
     <span class='ocr_line' id='line_1_107' title="bbox 922 2366 1707 2401; baseline 0 -6"><span class='ocrx_word' id='word_1_825' title='bbox 922 2367 979 2395; x_wconf 87' lang='lat' dir='ltr'><strong>sole</strong></span> <span class='ocrx_word' id='word_1_826' title='bbox 992 2370 1032 2394; x_wconf 89' lang='lat' dir='ltr'><strong>est</strong></span> <span class='ocrx_word' id='word_1_827' title='bbox 1047 2367 1145 2398; x_wconf 76' lang='lat' dir='ltr'><strong>otiosa,</strong></span> <span class='ocrx_word' id='word_1_828' title='bbox 1162 2370 1197 2398; x_wconf 86' lang='lat' dir='ltr'><strong>et,</strong></span> <span class='ocrx_word' id='word_1_829' title='bbox 1216 2366 1269 2392; x_wconf 88' lang='lat' dir='ltr'><strong>vim</strong></span> <span class='ocrx_word' id='word_1_830' title='bbox 1286 2374 1339 2393; x_wconf 91' lang='lat' dir='ltr'><strong>non</strong></span> <span class='ocrx_word' id='word_1_831' title='bbox 1357 2366 1459 2394; x_wconf 87' lang='lat' dir='ltr'><strong>habens</strong></span> <span class='ocrx_word' id='word_1_832' title='bbox 1473 2367 1612 2401; x_wconf 83' lang='lat' dir='ltr'><strong>operandi,</strong></span> <span class='ocrx_word' id='word_1_833' title='bbox 1634 2367 1707 2395; x_wconf 78' lang='lat' dir='ltr'><strong>viles</strong></span> 
     </span>
    </p>
   </div>
   <div class='ocr_carea' id='block_1_108' title="bbox 922 2411 1706 2447">
    <p class='ocr_par' dir='ltr' id='par_1_108' title="bbox 922 2411 1706 2447">
     <span class='ocr_line' id='line_1_108' title="bbox 922 2411 1706 2447; baseline 0.001 -8"><span class='ocrx_word' id='word_1_834' title='bbox 922 2413 1004 2440; x_wconf 89' lang='lat' dir='ltr'><strong>habet</strong></span> <span class='ocrx_word' id='word_1_835' title='bbox 1028 2412 1055 2439; x_wconf 90' lang='lat' dir='ltr'><strong>in</strong></span> <span class='ocrx_word' id='word_1_836' title='bbox 1085 2412 1215 2439; x_wconf 79' lang='lat' dir='ltr'><strong>tenebris.</strong></span> <span class='ocrx_word' id='word_1_837' title='bbox 1251 2411 1318 2438; x_wconf 82' lang='lat' dir='ltr'><strong>Nam</strong></span> <span class='ocrx_word' id='word_1_838' title='bbox 1347 2417 1490 2447; x_wconf 72' lang='lat' dir='ltr'><strong>postquam</strong></span> <span class='ocrx_word' id='word_1_839' title='bbox 1521 2413 1561 2440; x_wconf 82' lang='lat' dir='ltr'><strong>sol</strong></span> <span class='ocrx_word' id='word_1_840' title='bbox 1595 2413 1706 2445; x_wconf 79' lang='lat' dir='ltr'><strong>occidit.</strong></span> 
     </span>
    </p>
   </div>
   <div class='ocr_carea' id='block_1_109' title="bbox 923 2457 1706 2492">
    <p class='ocr_par' dir='ltr' id='par_1_109' title="bbox 923 2457 1706 2492">
     <span class='ocr_line' id='line_1_109' title="bbox 923 2457 1706 2492; baseline 0.003 -8"><span class='ocrx_word' id='word_1_841' title='bbox 923 2462 1005 2485; x_wconf 87' lang='lat' dir='ltr'><strong>nocte</strong></span> <span class='ocrx_word' id='word_1_842' title='bbox 1027 2457 1200 2489; x_wconf 87' lang='lat' dir='ltr'><strong>adveniente,</strong></span> <span class='ocrx_word' id='word_1_843' title='bbox 1217 2457 1353 2492; x_wconf 83' lang='lat' dir='ltr'><strong>Propheta</strong></span> <span class='ocrx_word' id='word_1_844' title='bbox 1377 2458 1442 2484; x_wconf 81' lang='lat' dir='ltr'><strong>dicit</strong></span> <span class='ocrx_word' id='word_1_845' title='bbox 1460 2458 1562 2485; x_wconf 85' lang='lat' dir='ltr'><strong>bestias</strong></span> <span class='ocrx_word' id='word_1_846' title='bbox 1583 2459 1658 2485; x_wconf 67' lang='lat' dir='ltr'><strong>silvae</strong></span> <span class='ocrx_word' id='word_1_847' title='bbox 1679 2460 1706 2486; x_wconf 93' lang='lat' dir='ltr'><strong>in</strong></span> 
     </span>
    </p>
   </div>
   <div class='ocr_carea' id='block_1_110' title="bbox 922 2503 1707 2539">
    <p class='ocr_par' dir='ltr' id='par_1_110' title="bbox 922 2503 1707 2539">
     <span class='ocr_line' id='line_1_110' title="bbox 922 2503 1707 2539; baseline 0.001 -9"><span class='ocrx_word' id='word_1_848' title='bbox 922 2511 952 2530; x_wconf 86' lang='lat' dir='ltr'><strong>ea</strong></span> <span class='ocrx_word' id='word_1_849' title='bbox 973 2511 1006 2531; x_wconf 84' lang='lat' dir='ltr'><strong>ex</strong></span> <span class='ocrx_word' id='word_1_850' title='bbox 1024 2503 1112 2531; x_wconf 87' lang='lat' dir='ltr'><strong>antris</strong></span> <span class='ocrx_word' id='word_1_851' title='bbox 1125 2511 1266 2538; x_wconf 79' lang='lat' dir='ltr'><strong>emergere</strong></span> <span class='ocrx_word' id='word_1_852' title='bbox 1279 2503 1312 2530; x_wconf 82' lang='lat'><strong>“.</strong></span> <span class='ocrx_word' id='word_1_853' title='bbox 1329 2503 1464 2536; x_wconf 89' lang='lat' dir='ltr'><strong>Quoniam</strong></span> <span class='ocrx_word' id='word_1_854' title='bbox 1481 2511 1546 2538; x_wconf 77' lang='lat' dir='ltr'><strong>ergo</strong></span> <span class='ocrx_word' id='word_1_855' title='bbox 1560 2504 1707 2539; x_wconf 76' lang='lat' dir='ltr'><strong>singularis</strong></span> 
     </span>
    </p>
   </div>
   <div class='ocr_carea' id='block_1_111' title="bbox 923 2549 1709 2584">
    <p class='ocr_par' dir='ltr' id='par_1_111' title="bbox 923 2549 1709 2584">
     <span class='ocr_line' id='line_1_111' title="bbox 923 2549 1709 2584; baseline 0 -8"><span class='ocrx_word' id='word_1_856' title='bbox 923 2549 997 2576; x_wconf 77' lang='lat' dir='ltr'><strong>ferus</strong></span> <span class='ocrx_word' id='word_1_857' title='bbox 1022 2550 1068 2584; x_wconf 88' lang='lat' dir='ltr'><strong>qui</strong></span> <span class='ocrx_word' id='word_1_858' title='bbox 1095 2550 1217 2584; x_wconf 86' lang='lat' dir='ltr'><strong>pascitur</strong></span> <span class='ocrx_word' id='word_1_859' title='bbox 1241 2549 1268 2576; x_wconf 93' lang='lat' dir='ltr'><strong>in</strong></span> <span class='ocrx_word' id='word_1_860' title='bbox 1296 2549 1376 2580; x_wconf 85' lang='lat' dir='ltr'><strong>silva,</strong></span> <span class='ocrx_word' id='word_1_861' title='bbox 1403 2549 1595 2583; x_wconf 80' lang='lat' dir='ltr'><strong>gravissimum</strong></span> <span class='ocrx_word' id='word_1_862' title='bbox 1619 2550 1709 2576; x_wconf 87' lang='lat' dir='ltr'><strong>attulit</strong></span> 
     </span>
    </p>
   </div>
   <div class='ocr_carea' id='block_1_112' title="bbox 923 2593 1709 2629">
    <p class='ocr_par' dir='ltr' id='par_1_112' title="bbox 923 2593 1709 2629">
     <span class='ocr_line' id='line_1_112' title="bbox 923 2593 1709 2629; baseline 0 -9"><span class='ocrx_word' id='word_1_863' title='bbox 923 2594 1052 2621; x_wconf 88' lang='lat' dir='ltr'><strong>damnum</strong></span> <span class='ocrx_word' id='word_1_864' title='bbox 1082 2594 1202 2629; x_wconf 63' lang='lat' dir='ltr'><strong>pulchrae</strong></span> <span class='ocrx_word' id='word_1_865' title='bbox 1229 2595 1314 2621; x_wconf 66' lang='lat' dir='ltr'><strong>vinea:</strong></span> <span class='ocrx_word' id='word_1_866' title='bbox 1343 2593 1467 2621; x_wconf 66' lang='lat' dir='ltr'><strong>humana:</strong></span> <span class='ocrx_word' id='word_1_867' title='bbox 1491 2598 1606 2626; x_wconf 68' lang='lat' dir='ltr'><strong>natum,</strong></span> <span class='ocrx_word' id='word_1_868' title='bbox 1638 2595 1709 2621; x_wconf 74' lang='lat' dir='ltr'><strong>sicut</strong></span> 
     </span>
    </p>
   </div>
   <div class='ocr_carea' id='block_1_113' title="bbox 923 2639 1710 2674">
    <p class='ocr_par' dir='ltr' id='par_1_113' title="bbox 923 2639 1710 2674">
     <span class='ocr_line' id='line_1_113' title="bbox 923 2639 1710 2674; baseline 0 -8"><span class='ocrx_word' id='word_1_869' title='bbox 923 2639 990 2666; x_wconf 83' lang='lat' dir='ltr'><strong>dicit</strong></span> <span class='ocrx_word' id='word_1_870' title='bbox 1004 2639 1149 2674; x_wconf 79' lang='lat' dir='ltr'><strong>Propheta,</strong></span> <span class='ocrx_word' id='word_1_871' title='bbox 1171 2639 1238 2666; x_wconf 84' lang='lat' dir='ltr'><strong>Eam</strong></span> <span class='ocrx_word' id='word_1_872' title='bbox 1257 2640 1369 2666; x_wconf 76' lang='lat' dir='ltr'><strong>vastavit</strong></span> <span class='ocrx_word' id='word_1_873' title='bbox 1385 2648 1447 2674; x_wconf 71' lang='grc' dir='ltr'><strong>(ψει</strong></span> <span class='ocrx_word' id='word_1_874' title='bbox 1463 2639 1493 2666; x_wconf 81' lang='lat' dir='ltr'><strong>de</strong></span> <span class='ocrx_word' id='word_1_875' title='bbox 1510 2641 1588 2673; x_wconf 74' lang='lat' dir='ltr'><strong>silva,</strong></span> <span class='ocrx_word' id='word_1_876' title='bbox 1611 2645 1635 2666; x_wconf 85' lang='lat' dir='ltr'><strong>et</strong></span> <span class='ocrx_word' id='word_1_877' title='bbox 1654 2641 1710 2667; x_wconf 73' lang='lat' dir='ltr'><strong>sin—</strong></span> 
     </span>
    </p>
   </div>
   <div class='ocr_carea' id='block_1_114' title="bbox 926 2684 1708 2720">
    <p class='ocr_par' dir='ltr' id='par_1_114' title="bbox 926 2684 1708 2720">
     <span class='ocr_line' id='line_1_114' title="bbox 926 2684 1708 2720; baseline 0.003 -10"><span class='ocrx_word' id='word_1_878' title='bbox 926 2684 1027 2719; x_wconf 77' lang='lat' dir='ltr'><strong>gularis</strong></span> <span class='ocrx_word' id='word_1_879' title='bbox 1052 2684 1124 2718; x_wconf 76' lang='lat' dir='ltr'><strong>[erus</strong></span> <span class='ocrx_word' id='word_1_880' title='bbox 1153 2684 1278 2719; x_wconf 67' lang='lat' dir='ltr'><strong>depastus</strong></span> <span class='ocrx_word' id='word_1_881' title='bbox 1306 2690 1344 2712; x_wconf 78' lang='lat' dir='ltr'><strong>est</strong></span> <span class='ocrx_word' id='word_1_882' title='bbox 1370 2686 1462 2712; x_wconf 80' lang='lat' dir='ltr'><strong>eum&quot;</strong></span> <span class='ocrx_word' id='word_1_883' title='bbox 1483 2695 1489 2712; x_wconf 89' lang='lat'>:</span> <span class='ocrx_word' id='word_1_884' title='bbox 1513 2690 1654 2720; x_wconf 84' lang='lat' dir='ltr'><strong>propterea</strong></span> <span class='ocrx_word' id='word_1_885' title='bbox 1681 2685 1708 2712; x_wconf 87' lang='lat' dir='ltr'><strong>in</strong></span> 
     </span>
    </p>
   </div>
   <div class='ocr_carea' id='block_1_115' title="bbox 927 2729 1708 2766">
    <p class='ocr_par' dir='ltr' id='par_1_115' title="bbox 927 2729 1708 2766">
     <span class='ocr_line' id='line_1_115' title="bbox 927 2729 1708 2766; baseline 0.003 -11"><span class='ocrx_word' id='word_1_886' title='bbox 927 2729 995 2756; x_wconf 88' lang='lat' dir='ltr'><strong>silva</strong></span> <span class='ocrx_word' id='word_1_887' title='bbox 1022 2730 1160 2764; x_wconf 88' lang='lat' dir='ltr'><strong>plantatur</strong></span> <span class='ocrx_word' id='word_1_888' title='bbox 1180 2731 1291 2763; x_wconf 88' lang='lat' dir='ltr'><strong>malum,</strong></span> <span class='ocrx_word' id='word_1_889' title='bbox 1313 2731 1384 2766; x_wconf 91' lang='lat' dir='ltr'><strong>quod</strong></span> <span class='ocrx_word' id='word_1_890' title='bbox 1411 2731 1437 2758; x_wconf 90' lang='lat' dir='ltr'><strong>in</strong></span> <span class='ocrx_word' id='word_1_891' title='bbox 1457 2738 1489 2758; x_wconf 89' lang='lat' dir='ltr'><strong>co</strong></span> <span class='ocrx_word' id='word_1_892' title='bbox 1504 2731 1613 2765; x_wconf 77' lang='lat' dir='ltr'><strong>quidem</strong></span> <span class='ocrx_word' id='word_1_893' title='bbox 1636 2730 1708 2765; x_wconf 88' lang='lat' dir='ltr'><strong>quod</strong></span> 
     </span>
    </p>
   </div>
   <div class='ocr_carea' id='block_1_116' title="bbox 137 2829 860 2869">
    <p class='ocr_par' dir='ltr' id='par_1_116' title="bbox 137 2829 855 2865">
     <span class='ocr_line' id='line_1_116' title="bbox 137 2829 855 2865; baseline 0.006 -8"><span class='ocrx_word' id='word_1_894' title='bbox 137 2830 161 2845; x_wconf 83' lang='lat'>”</span> <span class='ocrx_word' id='word_1_895' title='bbox 176 2829 271 2857; x_wconf 78' lang='lat' dir='ltr'><strong>Matth.</strong></span> <span class='ocrx_word' id='word_1_896' title='bbox 291 2837 341 2862; x_wconf 72' lang='lat' dir='ltr'><strong>xu,</strong></span> <span class='ocrx_word' id='word_1_897' title='bbox 364 2831 417 2863; x_wconf 84' lang='lat'><strong>50;</strong></span> <span class='ocrx_word' id='word_1_898' title='bbox 434 2831 500 2859; x_wconf 81' lang='lat' dir='ltr'><strong>Luc.</strong></span> <span class='ocrx_word' id='word_1_899' title='bbox 522 2841 582 2865; x_wconf 80' lang='lat' dir='ltr'><strong>\‘lll,</strong></span> <span class='ocrx_word' id='word_1_900' title='bbox 598 2833 642 2861; x_wconf 62' lang='lat' dir='ltr'><strong>Et.</strong></span> <span class='ocrx_word' id='word_1_901' title='bbox 666 2854 671 2856; x_wconf 87' lang='lat'>.</span> <span class='ocrx_word' id='word_1_902' title='bbox 691 2834 712 2849; x_wconf 90' lang='lat'><em>&quot;</em></span> <span class='ocrx_word' id='word_1_903' title='bbox 731 2834 803 2862; x_wconf 87' lang='lat' dir='ltr'><strong>l&#39;sal.</strong></span> <span class='ocrx_word' id='word_1_904' title='bbox 820 2841 855 2861; x_wconf 87' lang='lat' dir='ltr'><strong>cn</strong></span> 
     </span>
    </p>
   </div>
   <div class='ocr_carea' id='block_1_117' title="bbox 913 2829 1329 2869">
    <p class='ocr_par' dir='ltr' id='par_1_117' title="bbox 916 2834 1329 2869">
     <span class='ocr_line' id='line_1_117' title="bbox 916 2834 1329 2869; baseline -0.007 -7"><span class='ocrx_word' id='word_1_905' title='bbox 916 2834 932 2862; x_wconf 85' lang='lat'><strong>9</strong></span> <span class='ocrx_word' id='word_1_906' title='bbox 952 2841 1009 2869; x_wconf 79' lang='lat' dir='ltr'><strong>seq.</strong></span> <span class='ocrx_word' id='word_1_907' title='bbox 1049 2834 1072 2850; x_wconf 84' lang='lat'><strong>&quot;</strong></span> <span class='ocrx_word' id='word_1_908' title='bbox 1085 2834 1158 2862; x_wconf 53' lang='lat' dir='ltr'><strong>Paul.</strong></span> <span class='ocrx_word' id='word_1_909' title='bbox 1174 2842 1264 2866; x_wconf 72' lang='lat' dir='ltr'><strong>L\xtx,</strong></span> <span class='ocrx_word' id='word_1_910' title='bbox 1288 2834 1329 2860; x_wconf 75' lang='grc' dir='ltr'>Η.</span> 
     </span>
    </p>
   </div>
   <div class='ocr_carea' id='block_1_118' title="bbox 251 2878 598 2910">
    <p class='ocr_par' dir='ltr' id='par_1_118' title="bbox 251 2878 598 2910">
     <span class='ocr_line' id='line_1_118' title="bbox 251 2878 598 2910; baseline 0.009 -3"><span class='ocrx_word' id='word_1_911' title='bbox 251 2878 384 2910; x_wconf 65' lang='lat' dir='ltr'><strong>Parant.</strong></span> <span class='ocrx_word' id='word_1_912' title='bbox 410 2879 455 2910; x_wconf 84' lang='lat' dir='ltr'><strong>Gn</strong></span> <span class='ocrx_word' id='word_1_913' title='bbox 486 2880 598 2910; x_wconf 78' lang='lat' dir='ltr'><strong>XLIV.</strong></span> 
     </span>
    </p>
   </div>
  </div>
