1984 3068
277 132 311 159 ’8νῖ
316 131 332 157 5

280 189 321 212 est
338 184 452 218 lignum,
469 186 510 210 est
535 181 657 217 ejusdem
680 181 807 209 essentia;
824 181 904 216 cujus
927 181 995 209 silva
1010 181 1062 208 hu-
1075 185 1099 213 Α

281 237 370 262 mana,
396 231 517 256 tentatus
529 232 571 256 est
587 228 659 255 enim
680 228 706 255 in
731 226 938 255 similitudinem
959 226 1063 261 absque

282 279 395 309 peccato
406 275 428 290 "
443 284 449 301 :
465 275 492 300 in
510 281 542 301 eo
563 278 653 301 autem
672 273 744 309 quod
763 273 844 300 talem
862 272 914 300 fert
929 272 1061 306 fructum,

283 324 313 348 ut
330 328 377 355 per
392 327 454 347 eum
473 319 567 346 dulces
581 318 730 346 reddantur
748 326 846 346 sensus
860 317 968 350 anime,
982 317 1063 344 habet

281 366 411 401 majorem
445 373 460 392 a
486 365 554 392 silva
580 363 779 396 differentiam,
807 371 889 399 quam
917 371 949 391 ea
980 370 1062 398 quam

281 412 361 438 habet
377 411 463 438 lilium
479 417 493 437 a
506 410 601 445 spinis.
616 409 683 436 Nam
702 410 787 437 lilium
801 409 912 445 quidem
931 410 1022 444 specie
1036 413 1063 436 ct

279 457 363 484 odore
389 461 468 483 tenus
506 455 714 482 delectationem
745 455 835 490 parit;
874 455 947 490 pomi
972 458 1062 482 autem

279 499 365 533 gratia
384 499 472 526 tribus
490 498 616 526 sensibus
632 503 694 534 apte
715 503 742 526 et
763 499 958 527 convenienter
971 499 1063 526 distri-

280 546 381 576 huitnr,
402 549 431 571 ut
447 552 508 579 quae
522 549 547 572 et
571 545 666 572 oculos
683 545 802 572 delectat
822 546 913 580 specie
938 549 1062 581 aspecta-

279 589 336 620 hili,
359 594 386 616 et
409 589 482 616 bono
506 589 590 617 odore
607 589 738 616 odoratus
761 597 872 616 sensum
895 594 1013 621 recreat,
1036 593 1063 617 et

278 634 372 662 eﬂ'ecta
395 634 593 662 nutrimentum
618 634 760 661 dulcedine
780 634 861 662 allicit
885 643 996 663 sensum
1013 642 1064 670 gu-

279 684 348 707 stus.
371 679 456 706 Recte
478 687 543 715 ergo
561 679 629 706 vidit
654 687 756 714 sponsa
772 687 833 714 quae
857 679 893 706 sit
917 680 959 706 sui
975 687 990 706 a
1011 678 1063 705 Do-

279 726 353 752 mino
368 725 532 757 diﬁ‘ereutia,
556 725 684 760 quoniam
702 725 747 752 ille
762 725 873 760 quidem
894 731 922 752 et
938 725 1018 752 nobis
1034 725 1063 751 lit

279 770 371 797 la't'litia
384 771 536 802 oculorum.
559 775 588 797 ut
604 771 650 805 qui
670 769 698 798 in
717 771 757 798 eis
772 771 807 798 sit
820 771 877 801 lux.
891 775 916 797 ct
938 777 1062 805 unguen-

277 820 334 843 tum
351 816 486 847 odoratui,
502 820 528 843 et
549 816 602 843 vita
620 816 837 844 comedentibus.
856 815 928 842 Nam
942 816 988 851 qui
1003 823 1062 842 eum

277 863 428 893 comederit,
450 862 525 895 vivet,
547 862 618 888 sicut
639 861 738 888 alicubi
758 861 823 888 dicit
837 849 1011 896 Evangelium
1027 860 1060 888 “.
1079 849 1100 876 Β

278 907 400 935 Humana
421 912 511 934 autem
541 912 638 934 natura
666 907 785 942 perfecta
804 915 850 942 per
875 907 1002 938 virtutes,
1030 907 1060 934 ﬁt

277 954 336 983 llos,
357 962 411 980 non
433 953 520 981 solum
542 953 689 988 agricolam
717 953 851 984 nutriens.
872 954 919 980 sed
945 952 1061 988 seipsam

277 1007 424 1027 exornans.
451 999 498 1027 llle
520 999 592 1026 enim
613 1006 665 1026 non
682 1003 724 1026 est
745 999 878 1026 bonorum
903 1003 1062 1026 nostrorum

278 1054 372 1081 egens,
399 1045 446 1072 sed
475 1053 525 1072 nos
551 1045 624 1072 illius
649 1044 729 1071 bonis
751 1052 872 1079 egemus,
899 1044 970 1072 sicut
996 1044 1062 1071 dicit

277 1087 412 1124 Propheta
427 1089 449 1104 "
468 1096 474 1114 :
495 1089 625 1122 Quoniam
644 1088 772 1115 bonorum
790 1097 905 1116 meorum
928 1097 978 1116 non
994 1097 1061 1123 eges.

313 1229 456 1262 Propterea
482 1234 613 1263 sponsum
640 1226 737 1261 aspicit
765 1230 877 1261 purgata
898 1225 1000 1256 anima,
1031 1225 1059 1251 in

277 1275 358 1310 lignis
373 1275 448 1302 silva:
463 1273 532 1300 facta
548 1273 666 1304 malum,
684 1276 713 1298 ut
733 1278 795 1298 cum
829 1270 882 1297 sibi
915 1269 1063 1297 inseruerit

277 1328 371 1347 omnes
388 1324 509 1354 agrestes
539 1325 631 1346 ramos
660 1317 745 1349 silvae,
776 1316 874 1344 eﬁiciat
898 1320 928 1343 ut
960 1314 1063 1342 similes

278 1366 384 1392 fructus
399 1364 561 1400 producant.
579 1362 720 1396 Quomodo
735 1364 801 1397 ergo
816 1361 898 1392 ﬁlias,
915 1360 988 1395 quod
1008 1360 1064 1387 sint

278 1411 362 1446 spinis
380 1410 496 1439 similes,
522 1409 705 1436 intelleximus
726 1407 797 1434 ﬁlios
815 1407 902 1441 patris
919 1406 966 1441 qui
994 1405 1063 1434 falso

278 1455 397 1482 dicitur:
413 1462 474 1489 qure
488 1453 598 1488 quidem
619 1453 700 1480 simul
715 1459 776 1479 cum
792 1450 858 1478 ﬂore
873 1454 985 1482 exortae,
1005 1458 1064 1485 pro-

277 1507 356 1526 cessu
376 1498 508 1533 temporis
523 1498 588 1532 ipsa:
607 1504 716 1532 quoque
740 1500 883 1523 transeunt
897 1495 930 1522 ad
949 1496 1063 1530 gratiam

278 1545 342 1573 lilii:
361 1545 397 1571 ita
412 1544 457 1570 hic
473 1551 581 1578 quoque
596 1551 658 1569 cum
674 1541 880 1569 .audivissemus
895 1541 1064 1568 assimilatos

277 1589 412 1624 ejusmodi
428 1589 508 1624 lignis
527 1582 612 1620 silvae,
639 1595 693 1615 non
719 1586 939 1615 existimavimus
961 1586 1065 1622 signiﬁ-

277 1635 333 1662 cari
354 1634 456 1662 amicos
491 1634 596 1669 sponsi,
615 1633 661 1661 sed
694 1631 880 1664 adversarios,
903 1639 973 1666 quos
1001 1638 1064 1659 cum

278 1681 332 1706 sint
349 1680 394 1706 ﬁlii
416 1679 588 1707 tenebrarum
612 1683 639 1706 et
667 1678 724 1709 irae,
743 1685 790 1712 per
815 1677 921 1704 fruetus
941 1684 1064 1703 commu-

278 1726 384 1752 nionem
407 1725 585 1752 transformat
612 1724 640 1751 in
667 1723 737 1751 ﬁlios
755 1722 826 1749 lucis
843 1727 869 1749 et
899 1722 968 1750 ﬁlios
997 1721 1063 1748 diei.

277 1770 424 1805 Propterea
438 1769 506 1797 dicit
522 1769 611 1796 anima
624 1775 685 1803 qua:
700 1774 797 1795 sensus
821 1766 902 1794 habet
929 1766 1065 1793 exercita-

277 1820 320 1844 tos
339 1825 346 1844 :
362 1815 476 1842 Fructus
496 1815 552 1849 ejus
577 1814 662 1841 dulcis
684 1814 711 1840 in
731 1818 836 1848 gutture
859 1820 925 1839 meo.
949 1811 1066 1840 Fructus

279 1865 368 1887 autem
386 1861 498 1886 omnino
519 1859 643 1886 doctrina
660 1861 703 1886 est
719 1855 822 1888 :Quam
839 1857 927 1884 dulcia
948 1865 1066 1892 namque

277 1905 379 1939 gutturi
394 1913 450 1931 meo
464 1904 568 1939 eloquia
587 1908 642 1936 tua,
659 1903 747 1938 inquit
758 1902 903 1937 Propheta,
919 1910 1002 1936 supra
1016 1902 1066 1929 mel

279 1951 319 1977 ori
342 1959 398 1976 meo
416 1949 636 1977 '°.-—Utmalum
649 1950 676 1976 in
696 1949 774 1984 lignis
800 1949 887 1980 silem,
907 1949 945 1975 sic
960 1953 1066 1983 patrue-

280 1997 311 2022 lis
325 2003 397 2021 meus
413 1995 481 2021 inter
495 1995 575 2028 ﬁlios.
597 2008 631 2012 —
647 1993 700 2021 Sub
727 1994 820 2021 umbra
837 1994 894 2028 ejus
920 1993 1066 2020 desideravi

277 2043 302 2066 et
318 2039 384 2071 sedi,
399 2043 424 2065 et
439 2038 542 2073 fructus
555 2038 612 2072 ejus
628 2037 714 2064 dulcis
731 2038 757 2064 in
778 2043 882 2073 gutture
898 2046 963 2064 meo.
989 2037 1066 2064 Tunc

279 2084 351 2111 enim
370 2092 432 2111 vere
445 2085 528 2111 verbo
539 2084 634 2111 dulces
649 2083 716 2110 ﬁunt
736 2091 836 2111 sensus
851 2083 960 2116 animae,
977 2091 1066 2119 quan-

279 2131 314 2157 do
332 2137 382 2156 nos
399 2130 432 2156 ah
446 2134 514 2157 :t'stu
529 2129 710 2156 tentationum
723 2129 786 2156 mali
802 2129 898 2156 umbra
919 2130 1065 2165 separavit,

280 2180 309 2202 ut
326 2183 380 2203 non
399 2176 433 2203 ab
451 2176 503 2203 hoc
526 2176 583 2203 sole
610 2182 724 2202 uramur
749 2175 794 2210 qui
819 2175 898 2202 ardet
918 2175 1064 2202 imminens
1080 2186 1102 2213 ο

279 2223 353 2249 nudo
366 2222 460 2256 capiti.
479 2221 537 2249 Non
552 2222 619 2249 alias
635 2227 724 2249 autem
740 2221 805 2249 licet
830 2221 881 2248 sub
897 2221 992 2248 umbra
1021 2228 1065 2247 ar-

279 2266 356 2294 boris
371 2267 432 2294 viuc
447 2266 616 2301 refrigerari,
639 2274 719 2301 quam
735 2266 758 2294 si
789 2265 925 2300 cupiditas
955 2264 988 2292 ad
1005 2273 1065 2292 eam

279 2313 423 2342 deduxerit
449 2313 578 2340 animam.
601 2312 686 2340 Vides
713 2319 763 2339 cur
779 2311 827 2338 tibi
853 2311 890 2338 sit
914 2311 996 2338 insita
1025 2311 1066 2338 vis

281 2358 500 2392 eoncupiscendi,
522 2366 621 2392 nempe
644 2362 673 2385 ut
702 2357 750 2385 tibi
770 2357 845 2392 pomi
867 2357 968 2384 aﬁ'erat
991 2357 1066 2384 desi-

280 2403 398 2435 derium,
419 2411 451 2430 ex
471 2411 525 2439 quo
551 2404 575 2430 ei
594 2404 640 2438 qui
672 2402 896 2438 appropinquarit
924 2402 1065 2436 multiplex

282 2447 395 2475 fruenda
410 2448 518 2475 exsistit
532 2449 669 2484 voluptas.
686 2448 754 2475 Nam
773 2452 799 2476 et
811 2449 907 2475 oculus
923 2451 1064 2475 recreatur

282 2495 438 2528 aspectabili
455 2495 670 2528 pulchritudine,
689 2499 715 2521 et
731 2501 817 2521 nasus
830 2493 898 2520 bene
916 2493 1065 2527 spirantem

281 2541 397 2575 percipit
413 2540 535 2572 odorem,
559 2545 586 2567 ct
600 2548 699 2575 corpus
725 2540 817 2570 alitur,
833 2542 860 2565 et
874 2546 906 2566 os
921 2538 1067 2566 dulcedine

282 2587 409 2620 allicitur,
425 2591 452 2615 et
469 2593 553 2614 aestus
569 2586 712 2617 avertitur,
725 2590 751 2612 et
769 2585 864 2612 umbra
882 2584 911 2611 ﬁt
927 2584 1006 2612 sedes
1020 2584 1066 2612 cui

283 2633 400 2661 insideat
414 2633 515 2665 anima,
534 2639 594 2667 quae
615 2630 758 2665 abnegavit
793 2630 953 2657 cathedram
982 2630 1067 2664 pesti-

283 2679 382 2706 lentim.

894 126 923 154 S.
945 125 1108 154 GREGORII
1136 125 1284 155 NYSSENI

1847 126 1894 153 8M

1113 182 1280 217 ενεμήσατο
1292 182 1391 217 αὑτήν
1402 190 1409 197 ·
1429 182 1473 210 διὰ
1488 182 1567 211 τοῦτο
1582 182 1715 218 ἐμφύεται
1729 182 1767 218 τῷ
1780 183 1893 219 δρυμώνι

1113 229 1144 255 τὸ
1159 229 1251 264 μῆλον,
1263 229 1277 255 ὃ
1287 229 1325 264 τῷ
1339 229 1387 264 μὲν
1395 228 1472 262 ξύλον
1487 227 1566 260 εἷναι,
1583 229 1633 260 τῆς
1648 229 1821 265 ἀνθρωπίνης
1834 230 1892 266 ὕλης

1113 275 1187 300 ἐστὶν
1207 274 1366 309 όμοοὺσιον’
1384 273 1533 309 ἐπειράσθη
1556 274 1609 309 γὰρ
1641 274 1711 300 κατὰ
1733 274 1820 301 πάντα
1840 275 1893 302 καθ’

1113 319 1260 355 ὁμοιότητα
1278 320 1361 355 χωρὶς
1386 319 1539 354 ἁμαρτίας·
1557 319 1595 354 τῷ
1613 319 1642 346 δὲ
1667 320 1787 347 τοιοῦτον
1807 321 1893 357 φέρειν

1114 364 1228 399 καρπὸν,
1241 365 1273 391 δι’
1285 362 1314 391 οῦ
1326 364 1498 398 γλυκαίνεται
1515 364 1548 391 τὰ
1561 365 1610 399 τῆς
1622 365 1711 400 ψυχῆς
1727 366 1893 403 αίσθητήρια,

1114 411 1223 437 πλείονα
1246 410 1301 445 ἔχει
1327 410 1376 445 τὴν
1399 409 1468 445 πρὸς
1487 409 1532 436 τὸν
1558 409 1658 446 δρυμὸν
1685 410 1893 447 παραλλαγὴν,ἢ

1113 457 1178 491 ὅσην
1196 455 1252 491 ἔχει
1275 456 1342 490 πρὸς
1358 455 1407 486 τὰς
1423 455 1542 486 ἀκάνθας
1554 455 1585 481 τὺ
1597 455 1698 490 κρίνον.
1723 455 1759 481 Τὸ
1782 455 1831 491 μὲν
1845 456 1895 491 γὰρ

1113 500 1204 536 κρίνον
1216 500 1295 535 μέχρι
1308 499 1354 526 τοῦ
1375 499 1461 532 εἴδους
1478 499 1525 526 καὶ
1537 499 1587 534 τῆς
1602 500 1730 531 εὐπνοίας
1743 500 1773 526 τὸ
1788 501 1895 536 τερπνὸν

1113 545 1180 581 ἔχει.
1205 546 1238 572 'H
1257 545 1286 572 δὲ
1301 544 1348 571 τοῦ
1367 545 1451 580 μήλου
1474 545 1554 581 χάρις
1573 545 1640 580 πρὸς
1660 545 1709 577 τὰς
1724 547 1797 580 τρεῖς
1810 546 1897 582 αίσθή-

1114 599 1171 623 ait;
1186 590 1321 627 ἁρμοδίως
1333 590 1555 626 καταμερίζεται,
1572 591 1618 617 καὶ
1631 590 1769 625 ὀφθαλμὸν
1780 591 1897 626 -εὺφραί-

1113 644 1196 664 νουσα
1211 638 1244 672 τῇ
1261 636 1322 672 ὥρᾳ
1332 635 1378 662 τοῦ
1398 636 1494 669 εἴδους,
1510 636 1558 663 καὶ⁷
1571 636 1620 671 τὴν
1642 637 1825 672 ὀσφραντικὴν
1838 637 1898 670 ἡδύ·

1114 690 1196 707 νουσα
1217 682 1342 716 αἴσθησιν
1366 681 1410 708 διὰ
1427 681 1477 716 τῆς
1499 681 1636 712 εὐπνοίας.
1657 682 1702 708 καὶ
1724 682 1810 718 τροφὴ
1829 691 1898 717 Υινο⁸

1115 725 1182 761 μένη
1201 726 1411 760 καταγλυκαίνει
1425 725 1459 752 τὰ
1474 726 1605 759 γευστικὰ
1615 726 1789 763 αἰσθητήρια.
1806 728 1898 760 Καλῶς

1114 768 1160 797 οὖν
1170 769 1239 798 εἶδεν
1254 772 1271 807 ἡ
1290 772 1382 807 νύμφη
1397 772 1428 798 τὸ
1438 773 1536 807 ἑαυτῆς
1551 772 1618 808 πρὸς
1630 773 1674 799 τὸν
1689 773 1827 809 Δεσπότην
1842 774 1898 801 διά-

1115 825 1195 852 φορον
1209 825 1215 831 -
1230 817 1270 843 ὅτι
1287 817 1390 847 ἐκεῖνος
1408 817 1456 852 μὲν
1478 817 1556 852 ήμῶν
1577 818 1622 844 καὶ
1635 818 1781 853 ὀφθαλμῶν
1798 819 1898 853 γίνεται

1116 861 1205 896 χάρις,
1219 861 1277 895 φῶς
1287 861 1437 896 γινόμενος,
1449 861 1496 888 καὶ
1515 861 1600 897 μύρον
1613 863 1641 889 ἐν
1652 864 1684 898 τῇ
1701 863 1840 899 ὀσφρήσει,
1854 865 1899 891 καὶ

1117 905 1173 941 ζωὴ
1190 907 1247 937 τοῖς
1257 905 1402 933 ἐσθίουσιν.
1425 907 1450 933 '0
1464 907 1518 942 γὰρ
1538 907 1641 943 φαγὼν
1656 909 1758 941 αὐτὸν,
1774 909 1898 943 ζήσεται,

1116 950 1206 982 καθώς
1219 951 1284 986 φησί
1299 959 1348 978 που
1360 952 1391 978 τὸ
1403 952 1575 986 Εὐαγγέλιον.
1597 953 1628 980 Ἦ
1639 953 1666 980 δὲ
1681 954 1834 990 ἀνθρωπίνη
1849 956 1900 990 φύ-

1117 1005 1158 1027 σις
1172 996 1204 1023 δι’
1226 996 1327 1032 ἀρετῆς
1343 997 1516 1024 τελειωθεῑσα
1527 1017 1534 1030 ,
1546 998 1626 1030 ἄνθος
1642 999 1764 1033 γίνεται,
1780 1001 1857 1035 μόνον
1870 1002 1899 1028 οὐ

1116 1042 1160 1069 τὸν
1181 1043 1302 1078 γεωργὸν
1317 1043 1463 1078 τρέφουσα,
1483 1045 1552 1071 ἀλλὰ
1571 1046 1669 1080 ἑαυτὴν
1685 1046 1898 1079 καλλωπίζουσα.

1116 1088 1153 1114 Οὐ
1166 1088 1221 1123 γὰρ
1247 1089 1350 1120 ἐκεῖνος
1371 1089 1463 1125 ἐνδεὴς
1476 1089 1530 1116 τῶν
1545 1091 1686 1126 ἡμετέρων
1707 1091 1828 1125 ἀγαθῶν,
1845 1093 1899 1119 ἀλλ’

1116 1134 1196 1168 ἡμεῖς
1215 1133 1269 1160 τῶν
1294 1134 1399 1161 ἐκείνου
1412 1135 1528 1170 δεόμεθα
1538 1155 1545 1168 ,
1561 1136 1651 1168 καθώς
1674 1145 1756 1172 φησιν
1771 1138 1785 1163 ὁ
1796 1138 1899 1174 Προφή-

1115 1186 1175 1214 της,
1192 1179 1256 1206 Ὅτι
1273 1179 1333 1206 τῶν
1349 1180 1468 1214 ἀγαθῶν
1480 1189 1540 1216 μου
1550 1183 1586 1208 οὐ
1603 1183 1708 1216 χρείαν
1721 1178 1809 1217 ἔχεις,

1151 1223 1200 1250 Διὰ
1215 1224 1294 1251 τοῦτο
1310 1224 1454 1259 βλέπειτὺν
1469 1228 1582 1262 νυμφίον
1592 1229 1608 1262 ἡ
1619 1227 1809 1263 κεκαθαρμένη
1820 1228 1901 1264 ψυχὴ,

1118 1267 1203 1303 μῆλον
1215 1270 1243 1295 ὲν
1256 1270 1312 1300 τοῖς
1330 1269 1377 1296 τοῦ
1396 1270 1498 1306 δρυμοῦ
1518 1271 1605 1303 ξύλοις
1620 1273 1752 1307 γενομένη
1765 1280 1772 1288 ·
1788 1272 1832 1299 ἵνα
1856 1274 1903 1308 ὲγ-

1116 1313 1279 1349 κεντρίσασα
1297 1315 1378 1350 ἑαυτῇ
1390 1315 1493 1347 πάντας
1506 1317 1570 1348 τοὺς
1586 1317 1697 1352 ἀγρίους
1710 1317 1757 1344 τοῦ
1766 1318 1904 1354 δρυμῶνος

1117 1359 1250 1390 κλάδους.
1268 1359 1307 1394 τῷ
1331 1361 1415 1395 ὁμοίῳ
1443 1361 1542 1397 καρπῷ
1579 1362 1670 1397 βρύειν
1698 1364 1904 1400 παρασκευάσῃ.

1119 1404 1223 1439 Ὥσπερ
1238 1404 1328 1431 τοίνυν
1343 1404 1392 1437 τὰς
1415 1405 1578 1442 θυγατέρας,
1596 1407 1642 1434 διὰ
1657 1407 1687 1434 τὸ
1701 1409 1761 1439 ταῖς
1775 1408 1905 1441 ἀκάνθαις

1117 1448 1290 1484 ὁμοιωθῆναι,
1309 1449 1343 1476 τὰ
1354 1450 1399 1477 τοῦ
1415 1451 1591 1486 ψευδωνύμου
1609 1453 1712 1488 πατρὸς
1726 1455 1905 1490 ἐνενοήσαμεν

1117 1493 1213 1519 τέκνα·
1223 1494 1322 1526 αἵτινες
1338 1494 1377 1530 τῷ
1391 1495 1466 1522 ἄνθει
1489 1499 1741 1534 συμπαραφυεῑσαι,
1767 1497 1806 1533 τῷ
1818 1499 1906 1534 χρόνῳ

1116 1539 1163 1565 καὶ
1174 1539 1254 1565 αὑταὶ
1266 1539 1334 1574 πρὸς
1348 1540 1396 1575 τὴν
1418 1540 1464 1567 τοῦ
1487 1541 1579 1576 κρίνου
1598 1542 1790 1576 μεταϐαίνουσι
1805 1543 1885 1578 χάριν
1897 1551 1904 1558 ·

1115 1584 1186 1611 οὕτω
1202 1585 1249 1612 καὶ
1264 1585 1382 1612 ἐνταῦθα
1400 1587 1464 1618 τοὺς
1486 1587 1733 1622 πμσεικασθέντας
1747 1589 1801 1619 τοῖς
1819 1587 1907 1614 τοιού-

1115 1638 1172 1661 τοις
1198 1630 1286 1662 ξύλοις
1305 1630 1352 1657 τοῦ
1375 1630 1479 1666 δρυμοῦ
1501 1631 1678 1664 ἀκούσαντες,
1694 1632 1724 1658 οὐ
1749 1632 1842 1666 φίλους
1859 1641 1908 1668 ση-

1118 1675 1260 1710 μαίνεσθαι
1284 1675 1330 1702 τοῦ
1357 1676 1490 1710 νυμφίου,
1507 1676 1574 1703 ἀλλὰ
1602 1678 1665 1708 τοὺς
1694 1677 1830 1709 ἐναντίους
1853 1678 1908 1704 ὑπ-

1116 1721 1267 1756 ενοήσαμεν
1278 1741 1285 1753 ,
1303 1721 1349 1753 οὓς
1372 1722 1446 1754 υίοὺς
1467 1721 1546 1753 ὄντας
1562 1721 1609 1748 τοῦ
1631 1723 1742 1754 σκότους
1762 1724 1809 1750 καὶ
1825 1723 1907 1750 τέκνα

1116 1765 1212 1801 ὀργῆς,
1229 1767 1262 1802 τῇ
1279 1767 1405 1802 κοινωνίᾳ
1418 1767 1464 1793 τοῦ
1485 1767 1592 1802 καρποῦ
1615 1768 1655 1799 είς
1670 1768 1745 1800 υἱοὺς
1758 1769 1847 1802 φωτὸς
1860 1769 1909 1795 καὶ

1117 1811 1192 1843 υἱοὺς
1208 1811 1315 1846 ἡμέρας
1332 1812 1540 1847 μετασκευάζει.
1557 1812 1605 1839 Διά
1622 1812 1700 1840 τοῦτό
1720 1822 1801 1848 φησιν
1819 1814 1835 1848 ἡ
1856 1822 1905 1847 γε-

1116 1857 1293 1892 γυμνασμένη
1309 1857 1342 1883 τὰ
1356 1857 1518 1893 αίσθητήρια
1530 1857 1613 1893 ψυχὴ,
1629 1858 1669 1885 ὅτι
1683 1859 1803 1892 Καρπὸς
1812 1859 1908 1886 αὐτοῦ

1115 1902 1232 1936 γλυκὺς
1242 1902 1277 1928 ὲν
1297 1901 1337 1934 τῷ
1351 1902 1480 1937 λάρυγτί
1492 1912 1552 1938 μου
1564 1911 1570 1918 ·
1592 1903 1696 1938 καρπὸς
1706 1903 1761 1939 δὲή
1777 1904 1909 1931 διδασκα-

1116 1947 1161 1973 λία
1186 1947 1293 1978 πάντως
1317 1947 1399 1974 ἐστίν.
1423 1947 1471 1981 Ὧς
1485 1948 1599 1982 γλυκέα
1610 1949 1765 1984 γὰρ,φησὶ,
1786 1949 1827 1982 τῷ
1855 1950 1912 1976 λά-

1113 1994 1202 2029 ρυγγί
1212 2003 1272 2029 μου
1284 1995 1319 2022 τὰ
1341 1995 1429 2030 λότιά
1443 2003 1513 2028 σου,
1530 1997 1544 2022 ὁ
1563 1996 1724 2031 Προφήτης,
1736 1995 1815 2029 ὑπὲρ
1835 1996 1910 2030 μέλι

1115 2039 1159 2072 τῷ
1169 2040 1294 2075 στόματί
1305 2049 1376 2074 μου.
1385 2056 1420 2061 ——
1431 2041 1479 2074 Ὧς
1492 2040 1595 2075 μῆλον
1610 2041 1645 2067 ὲν
1661 2040 1722 2073 τοῖς
1736 2041 1840 2073 ξύλοις
1853 2041 1910 2068 τοῦ

1116 2083 1242 2118 δρυμοῦ,
1268 2085 1361 2117 οὕτως
1384 2085 1546 2120 ἀδελφιδός
1569 2094 1628 2119 μου
1645 2085 1702 2112 ἀνὰ
1725 2085 1823 2119 μέσον
1846 2084 1912 2112 τῶν

1116 2127 1317 2158 vitim—Tuo
1322 2130 1572 2165 τὴνσκιὰναὺτοῦ
1578 2131 1754 2166 ἐπεθύμησα
1759 2128 1810 2158 καὶ
1818 2129 1910 2156 ἐκάθ-

1117 2182 1185 2206 ισα,
1205 2174 1255 2200 καὶ
1277 2175 1294 2200 ὀ
1309 2174 1423 2208 καρπὸς
1441 2174 1534 2201 αὐτοῦ
1544 2174 1657 2209 γλυκὺς
1667 2175 1702 2201 ἐν
1722 2173 1762 2206 τῷ
1779 2174 1912 2208 λάρυγτί

1112 2227 1181 2253 μου.
1197 2219 1263 2245 Τότε
1276 2219 1330 2254 γὰρ
1349 2219 1456 2254 ἀληθῶς
1472 2220 1646 2254 γλυκαίνεται
1663 2219 1700 2255 τῷ
1719 2219 1791 2254 λόγῳ
1807 2219 1841 2246 τὰ
1857 2221 1911 2254 τῆς

1113 2264 1204 2299 ψυχῆς
1214 2264 1388 2300 αἰσθητήρια,
1408 2266 1471 2292 ὅταν
1487 2267 1562 2300 ἡμᾶς
1577 2265 1645 2301 πρὸς
1664 2265 1710 2292 τὸν
1727 2266 1759 2292 ὲκ
1774 2264 1827 2291 τῶν
1850 2273 1913 2291 πει-

1117 2311 1228 2346 ρασμῶν
1249 2310 1399 2346 φλογμὸνή
1419 2310 1480 2337 σκιὰ
1507 2310 1554 2337 τοῦ
1575 2311 1659 2346 μήλου
1685 2311 1850 2345 διατειχίσῃ,
1872 2310 1913 2341 ὡς

1117 2358 1154 2392 μὴ
1171 2357 1348 2391 συγκαίεσθαι
1366 2357 1440 2392 ἡμᾶς
1461 2357 1513 2383 ὑπὸ
1537 2357 1584 2383 τοῦ
1604 2356 1724 2383 τοιούτου
1749 2356 1835 2392 ἡλίου,
1859 2364 1915 2390 γυ-

1120 2402 1188 2437 μνῆς
1207 2402 1257 2436 τῆς
1278 2402 1398 2437 κεφαλῆς
1417 2402 1604 2438 ὑπερζέοντος.
1624 2403 1681 2429 Οὐκ
1703 2402 1802 2429 ἔστιδὲ
1820 2401 1916 2432 ἄλλως

1119 2448 1171 2475 ὑπὸ
1185 2447 1233 2483 τὴν
1246 2449 1326 2475 σκιὰν
1340 2448 1387 2475 τοῦ
1405 2447 1482 2480 ξύλου
1492 2448 1542 2483 τῆς
1559 2448 1631 2483 ζωῆς
1646 2447 1791 2482 ἀναψύξαι,
1804 2447 1843 2483 μὴ
1862 2448 1916 2482 τῆς

1119 2492 1265 2527 ἐπιθυμίας
1286 2493 1353 2528 πρὸς
1370 2492 1448 2520 τοῦτο
1462 2493 1510 2528 τὴν
1532 2492 1621 2528 ψυχὴν
1637 2492 1799 2528 ἀναγούσης.
1825 2493 1916 2527 Ὁρᾷς

1119 2536 1163 2563 διὰ
1178 2537 1204 2562 τί
1221 2545 1261 2563 σοι
1276 2537 1292 2572 ἡ
1307 2537 1491 2572 ὲπιθυμητικὴ
1512 2537 1626 2572 δύναμις
1652 2537 1782 2571 ἔγκειται,
1798 2537 1844 2564 ἵνα
1871 2546 1917 2564 σοι

1121 2581 1202 2608 πόθον
1225 2583 1362 2618 ἐμποιήσῃ
1387 2582 1433 2608 τοῦ
1457 2583 1562 2617 μήλου,
1584 2580 1614 2610 οὗ
1638 2582 1779 2618 πολυειδὴς
1803 2583 1919 2616 γίνεται

1119 2628 1174 2659 τοῖς
1194 2627 1405 2662 προσεγγίσασιν
1421 2629 1437 2663 ἡ
1463 2628 1620 2660 ἀπόλαυσις.
1638 2628 1672 2654 Ὅ
1692 2637 1721 2654 τε
1739 2627 1794 2663 γὰρ
1808 2627 1920 2662 ὀφθαλ-

1122 2675 1170 2710 μὸς
1196 2675 1228 2709 τῇ
1251 2673 1309 2709 ὦρᾳ
1335 2674 1381 2700 τοῦ
1410 2675 1524 2707 κάλλους
1549 2674 1805 2710 προσαναπαύεται,
1830 2674 1883 2701 καὶ
1903 2675 1921 2700 ὁ

285 2724 392 2760 μυκτὴρ
404 2723 517 2749 ἀναπνεῖ
536 2722 583 2756 τὴν
597 2720 719 2752 εὐωδίαν,
729 2721 774 2747 καὶ
785 2721 815 2747 τὸ
832 2721 910 2756 σῶμα
929 2720 1068 2756 τρέφεται,
1087 2721 1134 2746 καὶ
1158 2719 1188 2745 τὸ
1209 2719 1296 2753 στόμα
1320 2720 1504 2754 γλυκαίνεται,
1529 2721 1577 2748 καὶ
1596 2722 1610 2747 ὸ
1629 2720 1738 2748 καύσων
1772 2721 1919 2757 ἀποστρέ-

284 2770 426 2806 (ps-muni.
438 2770 455 2804 ἡ
465 2768 528 2795 σκιὰ
543 2768 635 2803 θρόνος
646 2764 788 2804 γίνεται,ᾗ
804 2767 952 2801 ἐγκάθηται
965 2768 980 2801 ή
997 2766 1080 2801 ψυχὴ,
1100 2768 1115 2801 ἡ
1130 2766 1182 2792 τῶν
1199 2765 1300 2800 λοιμῶν
1312 2766 1361 2801 τὴν
1378 2766 1510 2802 καθέδραν
1524 2767 1709 2802 ἀρνησαμένη.

320 2829 343 2845 ⁵³
355 2827 436 2856 Hebr.
450 2835 485 2861 tv,
500 2827 542 2856 15.
582 2825 693 2854 "Joan.
707 2834 744 2860 Vl,
762 2827 805 2854 58.
844 2828 866 2843 "
878 2826 950 2855 Psal.
971 2834 1015 2859 xv,
1029 2825 1056 2853 ‘2.
1095 2825 1202 2853 “Psal.
1231 2833 1309 2859 xvnl,
1327 2826 1370 2852 ll.
