1984 3068
69 120 114 149 iit-5

521 124 554 151 IN
572 123 721 152 CANTICA
738 120 875 150 CANTIC.
897 121 1036 150 IIOMILIA
1056 117 1101 150 ῐν.

1622 123 1678 160 ,εις

99 177 159 208 Εἶτά
169 188 249 213 φησιν
259 189 265 195 ι
280 180 462 216 Εὶσαγάγετέ
470 189 508 216 με
520 183 563 214 εις
577 180 661 208 οἷκον
675 181 728 208 τοῦ
744 181 842 209 οἴνους

933 179 1033 208 Deinde
1054 181 1119 208 dicit
1141 191 1146 208 :
1170 179 1330 207 Introducite
1362 189 1401 207 me
1423 180 1453 207 in
1484 181 1579 207 cellam
1603 175 1681 208 vina:

67 223 164 256 τάξατε
175 224 220 250 ἐπ’
231 225 283 260 ἐμὲ
297 226 426 260 ἀγάπην,
441 226 601 260 στηρίξατέ
616 232 655 261 με
676 226 710 253 ἐν
729 226 844 260 μύροις.

67 269 237 297 Στοιϐάσατέ
250 279 288 305 με
304 271 338 298 ἐν
351 271 477 305 μήλοις*
489 271 534 298 ὅτι
549 272 711 306 τετρωμένη
728 270 845 305 ἀγάπης

66 315 125 350 ἐγώ.
139 315 232 346 Ὅπως
242 316 326 351 τρέχῃ
339 316 378 350 τῷ
395 315 459 350 θείῳ
474 316 566 350 δρόμῳ
578 317 594 350 ἠ
611 316 699 347 καλῶς
715 316 754 350 τῷ
768 315 845 349 ἵππῳ

66 361 286 395 προσεικασθεῖσα
305 361 377 396 ψυχὴ
391 382 398 392 ,
414 362 453 394 ὼς
473 364 582 394 πυκνοῖς
610 370 639 389 τε
661 362 707 388 καὶ
722 369 844 387 συντετα-

67 406 149 440 μὲνοις
177 407 232 437 τοῖς
257 406 359 442 enim
383 409 438 439 τοῖς
463 408 616 442 ἔμπροσθεν
640 407 842 438 ἐπεκτείνεται,

64 451 126 486 πρὸς
138 451 162 477 δὲ
178 452 208 478 τὺ
223 452 336 478 κατόπιν
353 452 403 478 οὐκ
418 452 628 487 ἐπιστρέφεται·
641 452 730 478 πόσων
751 451 845 486 ἔτυχεν

64 497 90 522 ὲν
113 497 165 528 τοῖς
182 497 300 530 φθάσασι
313 506 319 512 ”
331 498 377 524 καὶ
393 498 433 524 ἔτι
447 497 520 533 διψᾷ.
537 498 591 524 Καὶ
606 497 722 532 τοσαύτη
742 497 788 524 τοῦ
805 497 844 524 δί-

63 541 124 575 ψους
138 542 211 568 ἐστὶν
226 543 242 577 ἡ
261 543 395 575 ἐπίτασις,
415 543 456 569 ὅτι
472 544 521 569 οὐκ
535 543 659 578 ἀρκεῖται
673 543 711 578 τῷ
726 543 774 578 τῆς
799 551 844 569 σο-

64 587 123 620 φίας
132 588 259 622 κρατῆρι,
275 588 329 614 οὐδ’
347 588 437 615 ἱκανὸν
449 588 533 624 οἴεται
553 589 621 624 πρὸς
640 589 786 624 θεραπείαν
796 589 845 624 τῆς

63 632 137 668 δίψης
153 632 212 659 ὅλον
223 633 367 667 ὲγχέασθαι
381 634 426 661 τὸν
444 635 568 670 κρατῆρα
583 634 622 670 τῷ
642 635 753 670 στόματι
766 643 772 650 ·
788 634 844 661 ἀλλ’

64 679 101 709 εἰς
112 678 189 704 αὑτὸν
208 678 254 704 τοῦ
266 678 337 704 οἴνου
355 679 400 706 τὸν
417 678 489 706 οἶκον
510 680 680 716 παραχθῆναι
695 681 779 715 ζητεῖ,
798 679 844 706 καὶ

63 724 152 754 αὑταῖς
164 725 223 754 ταῖς
244 723 334 758 ληνοῖς
347 725 474 760 ὑποσχεῖν
489 725 518 751 τὸ
534 725 630 760 στόμα,
643 727 702 757 ταῖς
718 726 764 752 τὸν
775 724 844 752 οἶνον

63 768 183 803 mia-3v
209 769 505 805 ὑπερϐλυζούσαις,καὶ
533 769 595 797 ἰδέῖν
619 772 664 798 τὸν
688 771 784 806 βότρυν
799 771 844 798 τὸν

62 815 119 844 ταῖς
134 814 223 848 ληνοῖς
245 815 441 850 ὲνθλιόόμενον,
457 817 503 843 καὶ
523 816 571 852 τὴν
596 816 718 852 ἄμπελον
738 817 843 852 ἐκείνην

61 859 109 893 τὴν
120 859 164 886 τὸν
178 860 297 886 τοιοῦτον
321 860 417 896 βότρυν
432 862 626 898 ἐκτρέφουσαν,
645 863 689 888 καὶ
701 863 744 888 τὸν
759 871 845 898 γεωρ-

61 903 107 936 γδν
119 904 167 938 τῆς
182 904 313 940 ἀληθινῆς
338 905 472 940 ἀμπέλου,
489 907 537 932 τὸν
553 906 638 938 οὕτως
655 907 785 942 εὖτροιρον
800 907 844 933 τὸν

63 949 156 983 βότρυν
174 950 220 976 καὶ
231 950 296 985 ἡδὺν
312 951 534 986 ἀπεργαζόμενον
551 961 556 966 ·
570 949 607 978 ὧν
622 952 735 979 ἕκαστον
751 961 843 988 περιτ-

59 994 102 1021 τὸν
116 994 147 1021 ἂν
160 995 201 1030 εἴη
214 996 432 1030 διευκρινεῖσθαι,
452 999 570 1032 φανερᾶς
581 997 661 1033 οὔσης
672 998 721 1032 τῆς
738 998 844 1033 ἑκάστῳ

59 1040 158 1067 τούτων
170 1040 388 1076 ὲνθεωρουμένης
412 1042 545 1077 τροπικῆς
569 1043 715 1077 σημασίας.
733 1042 844 1074 Πάντως

58 1085 85 1112 δὲ
99 1086 206 1112 κάκεῖνο
221 1085 345 1120 βούλεται
362 1087 479 1112 κατιδεῖν
493 1087 523 1112 τὸ
544 1088 701 1122 μυστήριον,
716 1087 772 1118 πῶς
786 1087 845 1122 ἐρυ-

58 1130 196 1166 θραίνεται
219 1130 259 1165 τῷ
284 1130 396 1166 πατητῷ
422 1132 470 1165 τῆς
496 1131 576 1166 ληνοῦ
606 1131 640 1157 τὰ
657 1131 703 1157 τοῦ
729 1132 843 1166 νυμφίου

58 1176 240 1210 ἱμάτια.1]ςρὶ
252 1173 281 1203 οὗ
295 1184 376 1210 φησιν
397 1177 410 1202 ό
432 1177 589 1212 προφήτης,
611 1177 651 1203 ὅτι
668 1176 719 1203 Διὰ
737 1177 765 1203 τί
786 1185 843 1204 σου

57 1221 163 1255 ἐρυθρὰ
179 1221 214 1248 τὰ
235 1221 348 1256 lucina,
365 1222 412 1248 καὶ
432 1222 467 1249 τὰ
488 1222 638 1257 ἐνδύματά
652 1229 710 1249 σου
727 1223 766 1255 ὡς
785 1223 843 1249 ἀπὸ

57 1267 189 1299 πατητοῦ
216 1267 328 1300 ληνοῦ;
354 1267 403 1294 Διὰ
421 1267 506 1294 ταῦτα
523 1269 568 1294 καὶ
584 1269 617 1294 τὰ
637 1268 747 1295 τοιαῦτα
770 1268 844 1299 ἐντὸς

56 1311 102 1338 τοῦ
119 1312 192 1338 οἴκου
208 1311 332 1345 γενέσθαι
350 1312 436 1344 ποθεῖ,
452 1313 480 1338 ὲν
494 1309 515 1346 ᾧ
527 1313 556 1338 τὸ
571 1313 640 1339 κατὰ
652 1313 696 1339 τὸν
706 1312 774 1339 οἶνόν
786 1313 844 1338 ἐστι

58 1357 213 1392 μυστήριον.
235 1354 301 1383 Εἶτα
315 1357 390 1389 ἐντὸς
404 1358 547 1393 γενομένη,
564 1358 644 1384 πάλιν
655 1359 700 1384 ἐπὶ
713 1358 742 1384 τὸ
753 1357 844 1393 μεῖζον

55 1402 288 1437 ἑξάλλεται.Ζητεῖ
297 1402 352 1436 γὰρ
359 1403 388 1429 τὸ
397 1403 562 1438 ὑποταγῆναι
575 1405 607 1439 τῇ
618 1404 721 1439 ἀγάπῃ.
737 1404 843 1439 ’Λγάπη

54 1448 83 1474 δέ
93 1448 166 1474 ἐστιν
175 1449 188 1474 ὁ
197 1448 272 1480 Θεὸς,
281 1447 352 1474 κατὰ
362 1449 411 1484 τὴν
426 1448 546 1474 Ἰωάννου
561 1449 661 1485 φωνὴν,
669 1446 691 1483 ᾧ
702 1451 731 1476 τδ
743 1450 844 1476 ὑποτα-

896 227 982 258 riam;
1001 227 1121 254 ordinate
1142 228 1168 254 in
1194 235 1232 254 me
1254 227 1420 254 charitatem.
1441 226 1543 254 Fulcite
1569 235 1608 254 me
1629 235 1679 254 un-

895 273 1014 307 guentis,
1032 273 1110 299 malis
1133 277 1218 299 torum
1238 272 1300 299 mihi
1319 273 1441 303 sternite,
1458 272 1521 306 quia
1541 281 1600 298 sum
1615 281 1678 299 sau-

896 311 967 343 ciata
986 316 1146 344 dilectionis.
1163 315 1197 343 Ut
1208 316 1241 343 ad
1253 316 1375 343 divinum
1388 320 1481 343 currat
1496 323 1606 344 cursum
1618 324 1680 351 quae

896 366 970 389 recte
990 361 1066 396 prius
1085 361 1162 395 equis
1180 361 1330 389 assimilata
1347 364 1389 388 est
1412 361 1514 392 anima,
1546 364 1675 395 tanquam

896 406 1001 434 crebris
1020 411 1048 434 et
1063 407 1196 434 ordinatis
1212 407 1328 434 saltibus
1345 407 1377 433 ad
1395 406 1534 433 anteriora
1563 405 1678 433 tenden-

896 453 970 480 tibus
987 453 1153 484 extenditur,
1167 452 1200 479 ad
1217 451 1370 487 posteriora
1386 455 1476 478 autem
1501 459 1554 478 non
1567 458 1681 478 conver-

896 499 971 531 titur,
990 502 1121 533 quantum
1151 498 1215 525 licet.
1245 497 1415 532 occupando.
1435 496 1588 530 Quinetiam
1611 497 1678 524 sitit.

897 543 990 578 Usque
1009 541 1076 569 adeo
1095 546 1185 568 autem
1220 547 1335 578 augetur
1355 542 1425 576 sitis,
1446 547 1475 569 ut
1491 551 1506 570 e
1538 542 1680 577 sapientia:

896 593 1000 616 cratere
1025 597 1078 616 non
1103 589 1220 622 hauriat,
1251 596 1339 623 neque
1367 588 1399 615 ad
1429 587 1577 615 sedandam
1605 587 1679 614 sitim

896 636 961 663 satis
976 643 1036 662 csse
1051 639 1136 670 putet,
1153 635 1177 662 si
1194 638 1279 662 totutu
1293 639 1425 662 craterem
1449 635 1474 660 in
1493 641 1524 661 os
1541 633 1678 665 infundat,

895 681 942 707 sed
956 684 1033 714 rogat
1049 684 1076 707 ut
1100 679 1297 715 deducaturpad
1313 680 1399 714 ipsam
1411 672 1511 706 cellam
1527 679 1658 706 vinariam
1671 699 1678 709 ,

895 729 921 752 et
938 726 1003 760 ipsis
1019 725 1203 753 torcularibus
1215 733 1245 752 os
1259 724 1398 759 subjiciat,
1427 728 1454 751 et
1473 724 1552 751 dulce
1580 723 1674 750 vinum

895 775 1003 797 scatens
1019 771 1145 805 aspiciat.
1160 770 1324 805 botrumque
1338 769 1384 804 qui
1399 769 1563 804 exprimitur
1578 770 1604 796 in
1627 775 1680 795 tor-

895 815 1044 848 cularibus,
1061 819 1087 842 et
1106 816 1186 842 vitem
1208 815 1281 842 illam
1298 822 1358 850 qua:
1386 815 1458 842 hunc
1474 816 1582 842 botrum
1613 815 1678 846 alit,

895 865 922 888 ct
939 869 1008 888 vera:
1027 861 1099 888 illius
1126 862 1189 889 vitis
1207 861 1365 895 agricolam,
1382 860 1428 895 qui
1446 860 1515 887 adeo
1546 860 1679 894 optimum

894 912 921 935 et
941 913 1051 935 suavem
1080 906 1161 934 eilicit
1177 907 1298 933 botrum.
1315 906 1435 939 Quorum
1465 905 1680 940 unumquodque

895 959 1127 986 supervacaneum
1144 951 1226 978 fuerit
1241 951 1388 986 explicare,
1404 959 1467 978 cum
1483 951 1517 978 sit
1533 950 1680 978 manifesta

895 1005 956 1032 quae
970 996 998 1023 in
1013 1004 1178 1031 unoquoque
1193 1003 1287 1023 eorum
1302 996 1492 1023 consideratur
1513 995 1617 1030 tropica
1643 996 1680 1023 si-

895 1041 1042 1077 gniﬁcatio.
1058 1041 1124 1068 Illud
1141 1045 1230 1068 autem
1250 1041 1362 1068 omnino
1382 1041 1440 1067 vult
1460 1041 1551 1068 videre
1571 1045 1679 1076 mystc-

895 1088 977 1120 rium,
993 1087 1220 1121 quemadmodum
1240 1094 1341 1122 sponso
1359 1087 1476 1113 calcanti
1495 1086 1616 1113 torcular
1633 1095 1679 1114 ru-

894 1133 950 1160 brae
969 1133 1034 1162 (iant
1052 1137 1150 1160 vestes.
1168 1132 1206 1159 De
1222 1140 1275 1167 quo
1289 1132 1355 1160 dicit
1375 1133 1505 1168 propheta
1520 1142 1526 1160 :
1545 1132 1631 1166 Quam
1647 1133 1677 1159 ob

895 1188 948 1207 rem
970 1179 1050 1206 rubra
1066 1183 1126 1206 sunt
1141 1179 1295 1206 vestimenta
1321 1184 1377 1210 tua,
1393 1183 1417 1205 et
1442 1179 1594 1205 indumenta
1610 1179 1678 1205 sirut

894 1224 925 1251 de
938 1225 1039 1251 calcato
1055 1223 1232 1251 torculari"?
1247 1223 1360 1258 Propter
1369 1223 1425 1250 haec
1436 1227 1462 1250 et
1478 1231 1538 1258 qua:
1552 1227 1615 1250 sunt
1628 1223 1679 1250 lm-

893 1262 1023 1304 jtismodi,
1056 1269 1131 1304 cupit
1162 1269 1266 1304 ingredi
1289 1269 1413 1301 domum,
1442 1269 1468 1295 in
1484 1271 1594 1303 quaest
1622 1268 1678 1294 viui

895 1315 1054 1350 mystcriqu
1074 1318 1107 1342 ‘ac
1122 1318 1334 1342 sacramentum.
1362 1313 1464 1341 Deinde
1490 1314 1625 1348 ingressa,
1644 1314 1678 1340 ad

895 1360 983 1395 majus
1011 1368 1108 1387 rursus
1137 1359 1239 1387 exsilit.
1260 1358 1346 1394 Rogat
1369 1360 1440 1387 enim
1472 1363 1500 1386 ut
1517 1359 1678 1394 subjiciatur

895 1405 1033 1433 charitali.
1061 1405 1188 1432 Charitas
1218 1409 1369 1434 autemest
1396 1405 1480 1435 Deus,
1507 1408 1536 1431 ut
1555 1412 1607 1432 vox
1636 1409 1678 1431 est

894 1450 1008 1479 Joannis
1020 1451 1055 1483 ⁸⁸,
1073 1452 1116 1478 cui
1132 1451 1281 1486 subjectam
1299 1459 1360 1478 esse
1378 1451 1506 1482 animam,
1523 1459 1584 1478 esse
1605 1451 1678 1478 salu-

55 1493 135 1526 γῆναι
146 1492 194 1528 τὴν
209 1492 309 1528 ψυχὴν,
320 1492 455 1528 σωτηρίαν
466 1491 534 1520 εἶναι
550 1495 564 1520 ὁ
576 1494 657 1520 ams
674 1495 842 1530 ἀπεφήνατο.

895 1501 948 1524 tem
962 1496 1046 1524 David
1066 1497 1254 1532 pronuntiavit
1264 1497 1298 1523 δι’.
1312 1496 1445 1529 Quoniam
1466 1497 1589 1531 ingressa
1605 1505 1677 1529 sum,

60 1538 136 1564 Ἐπεὶ
149 1536 195 1564 οὖν
214 1538 423 1573 γέγονα,φησ“ιν,
440 1539 468 1564 ἐν
483 1539 522 1574 τῷ
541 1538 608 1575 οἴκῳ
624 1540 670 1566 τοῦ
685 1540 841 1572 οἴνου,ὑπο-

52 1584 153 1617 casm
167 1594 200 1619 με
214 1587 246 1620 τῇ
264 1585 368 1620 ἀγάπῃ,
387 1585 447 1620 ἤτοι
468 1585 566 1618 τάξατε
581 1587 624 1613 ἐπ’
640 1586 689 1621 ἐμὲ
711 1587 760 1623 τὴν
774 1587 842 1621 ἀγά-

51 1639 118 1666 πην.
129 1631 223 1662 Ὅπως
232 1630 264 1657 ἂν
281 1631 370 1666 χρήσῃ
385 1632 417 1666 τῇ
436 1631 591 1667 ἀναστροφῇ
610 1632 656 1658 τοῦ
668 1632 758 1667 λόγου,
775 1634 843 1659 ταὺ-

51 1677 101 1704 τόν
116 1678 173 1703 ἐστι
187 1677 220 1703 δι’
233 1677 364 1712 ἑκατέρου
379 1677 410 1702 τὺ
421 1685 453 1712 orI
459 1677 630 1712 μαινόμενον,
643 1678 674 1704 ἐκ
694 1687 723 1704 τε
733 1678 779 1704 τοῦ
791 1678 843 1704 ὑπὸ

50 1722 100 1758 τὴν
126 1723 236 1757 ἀγάπην
259 1723 400 1758 ταχθῆναι,
425 1723 472 1749 καὶ
493 1723 539 1749 τοῦ
566 1723 615 1758 τὴν
641 1723 751 1758 ἀγάπην
774 1724 842 1760 αὐτῇ

49 1768 242 1802 ἐπιταχθῆναι.
308 1768 311 1772 ’

86 1813 123 1840 Ἦ
141 1813 211 1848 τάχει
229 1822 255 1840 τι
272 1814 319 1840 καὶ
335 1813 422 1848 δόγμα
438 1813 491 1839 τῶν
510 1813 690 1849 ἀστειοτέρων
714 1813 758 1840 διὰ
778 1813 843 1840 ταύ-

48 1868 100 1894 της
114 1861 166 1894 τῆς
180 1859 272 1894 φωνῆς
287 1859 476 1894 διδασκόμεθα,
492 1859 550 1885 οἵαν
565 1857 717 1886 ἀνατιθέναι
731 1860 769 1894 τῷ
784 1860 843 1896 Θεῷ

47 1905 98 1940 τὴν
120 1905 230 1940 ἀγάπην
252 1905 394 1940 προσήκει.
419 1906 465 1931 καὶ
488 1905 560 1936 ὅπως
576 1905 643 1940 πρὸς
663 1905 725 1936 τοὺς
747 1905 842 1937 ἄλλους

47 1951 133 1986 ἔχειν.
153 1950 183 1976 Εἰ
198 1949 255 1984 ,γὰρ
273 1950 324 1985 χρὴ
349 1950 438 1976 πάντα
461 1950 529 1977 κατὰ
542 1950 619 1983 τάξιν
642 1951 687 1976 καὶ
707 1951 843 1986 εὐσχημό-

46 2005 104 2028 νως
116 1995 248 2030 γίνεσθαι,
263 1995 351 2030 πολλῴ
367 1996 464 2031 μᾶλλον
478 1997 494 2032 ή
509 1996 584 2029 τάξις
602 1997 631 2022 ἐν
644 1998 699 2028 τοῖς
713 1997 842 2028 τοιούτοις

47 2041 190 2078 ἁρμόδιος.
216 2041 252 2067 Οὐ
269 2042 324 2076 γὰρ
343 2041 375 2068 ἂν
397 2042 458 2069 οὔτε
483 2042 497 2068 ὁ
518 2042 586 2068 Κάῖν
615 2043 660 2070 ἐπὶ
686 2042 725 2078 τῷ
750 2042 842 2074 κακῶς

44 2087 148 2114 διελεῖν
165 2087 323 2122 κατεκρίθη,
338 2088 361 2114 εἰ
384 2087 452 2122 μετὰ
467 2087 513 2114 τοῦ
531 2087 617 2123 ὀρθῶς
638 2090 839 2123 προσενεγκεῖν,

44 2131 94 2157 καὶ
111 2131 144 2158 τὺ
163 2132 267 2166 πρέπον
290 2133 319 2158 ὲν
339 2134 371 2168 τῇ
387 2132 461 2164 τάξει
487 2133 634 2168 πεφύλαχε,
648 2134 701 2160 τῶν
718 2134 791 2169 αὐτῷ
810 2143 841 2161 τε

895 1542 993 1576 inquit.
1011 1542 1037 1568 in
1053 1542 1151 1570 cellam
1169 1541 1315 1572 vinariam,
1333 1541 1462 1575 subjicitc
1483 1549 1526 1569 me
1542 1541 1680 1572 charitati,

894 1596 942 1616 seu
957 1589 1082 1616 ordinate
1106 1588 1133 1615 in
1162 1596 1204 1615 me
1232 1588 1407 1615 charitateut.
1426 1586 1678 1621 Quomodocunque

894 1635 968 1661 enim
984 1635 1070 1661 utaris
1088 1634 1161 1661 verbi
1187 1634 1351 1666 inversione,
1380 1633 1451 1660 idem
1468 1637 1510 1659 est
1526 1631 1598 1666 quod
1627 1639 1676 1666 per

894 1683 1039 1714 utrumque
1052 1679 1229 1715 signiﬁcatur,
1246 1687 1344 1714 nempe
1363 1682 1390 1705 et
1417 1686 1448 1705 ex
1470 1686 1501 1705 e0
1519 1678 1593 1713 quod
1611 1677 1678 1704 sub-

891 1725 963 1760 jecta
983 1725 1019 1752 sit
1039 1725 1165 1752 charitati
1176 1745 1182 1757 ,
1199 1728 1226 1752 et
1244 1732 1277 1752 ex
1292 1732 1325 1752 eo
1343 1724 1415 1759 quod
1430 1724 1550 1751 cbaritas
1564 1724 1587 1751 ei
1603 1724 1678 1750 ordi-

894 1775 982 1797 netur.

928 1814 1006 1842 Nunc
1019 1820 1106 1842 autent
1117 1818 1143 1842 et
1155 1814 1254 1842 scitum
1265 1813 1375 1849 aliquod
1388 1814 1484 1849 dogma
1498 1822 1530 1841 ex
1542 1814 1593 1841 hac
1612 1822 1677 1842 voce

895 1859 964 1888 forte
982 1860 1121 1893 docemur,
1138 1867 1235 1895 nempe
1254 1859 1407 1894 cuiusmodi
1427 1860 1462 1887 sit
1484 1858 1539 1887 Deo
1555 1860 1677 1887 tribuen-

894 1907 927 1935 da
946 1907 1075 1940 cbaritas,
1091 1912 1117 1934 et
1140 1906 1368 1942 quemadmodum
1385 1907 1411 1933 iu
1428 1914 1457 1933 se
1473 1906 1588 1933 invicem
1611 1906 1679 1934 all‘c-

893 1957 952 1980 ctos
964 1960 1024 1980 esse
1037 1956 1170 1987 oporteat.
1193 1951 1221 1978 Si
1236 1953 1308 1979 enim
1328 1955 1436 1987 oportet
1468 1952 1558 1979 omnia
1582 1952 1678 1980 ordine

893 2001 919 2024 et
935 1997 1047 2024 honeste
1062 1996 1132 2027 iieri,
1152 1997 1238 2024 multo
1251 1997 1376 2031 magisin
1404 1997 1446 2024 his
1468 2001 1510 2024 est
1523 1997 1590 2024 ordo
1611 2005 1678 2025 con-

892 2043 1014 2070 veniens.
1032 2042 1124 2078 Neque
1137 2044 1209 2070 enim
1230 2043 1429 2070 condemnatus
1443 2048 1517 2071 esset
1532 2044 1598 2071 Cain
1615 2052 1678 2078 pro-

892 2093 985 2124 pterea
1000 2089 1072 2122 quod
1088 2089 1157 2116 male
1173 2089 1344 2120 divideret”.
1361 2089 1384 2116 si
1396 2097 1457 2116 cum
1474 2097 1506 2117 eo
1520 2090 1592 2124 quod
1606 2094 1678 2117 recte

892 2134 1045 2168 obtulisset,
1059 2134 1140 2163 etiam
1154 2134 1179 2160 id
1193 2134 1265 2168 quod
1281 2134 1360 2161 decet
1377 2135 1402 2161 iu
1419 2135 1514 2161 ordine
1527 2140 1676 2166 servasset.

43 2176 118 2212 πρὸς
137 2177 231 2212 χρείαν
255 2177 503 2213 καταλειπομένων,
521 2179 567 2205 καὶ
586 2179 639 2205 τῶν
655 2179 693 2214 τῷ
715 2179 773 2214 Θεῷ
790 2180 841 2213 ἀφ-

894 2185 948 2208 tam
965 2188 1060 2208 eorum
1082 2188 1142 2216 quae
1157 2181 1297 2207 restabant
1310 2180 1343 2206 ad
1368 2187 1457 2211 usum,
1477 2188 1558 2214 quant
1582 2188 1676 2207 eorum

43 2223 216 2257 ιερωμένων.
240 2223 304 2250 Δέον
323 2224 376 2259 γὰρ
401 2225 433 2250 ὲκ
453 2224 506 2250 τῶν
529 2224 643 2260 πρώτων
665 2225 841 2260 γεννημάτων

40 2267 83 2302 τῷ
99 2268 162 2303 Θεῷ
177 2268 225 2303 τῆς
241 2269 334 2300 θυσίας
349 2269 532 2305 ἀπάρξασθαι,
547 2270 627 2301 αὐτὸς
643 2269 697 2297 τῶν
715 2269 841 2305 τιμιωτὲ-

42 2322 101 2347 ρων
119 2314 294 2350 ἐμφορηθεὶς,
307 2315 352 2341 τὸν
366 2315 432 2342 Θεὸν
445 2317 501 2347 τοῖς
519 2315 656 2350 λειψάνοις
672 2316 839 2348 ἐδεξιώσατο.

39 2360 105 2394 Χρὴ
123 2359 213 2385 τοίνυν
235 2360 334 2386 εἰδέναι
354 2361 403 2396 τῆς
429 2361 539 2397 ἀγάπης
564 2361 613 2396 τὴν
636 2361 721 2394 τάξιν,
742 2361 774 2397 ἢν
788 2362 839 2396 ὑφ-

37 2406 156 2439 ηγεῖται
182 2400 225 2429 διὰ
239 2403 285 2429 τοῦ
302 2405 394 2438 νόμου,
409 2405 467 2436 πῶς
487 2406 536 2440 μὲν
554 2405 710 2439 ἀγαπᾶσθαι
724 2405 776 2440 χρὴ
791 2405 837 2431 τὸν

36 2450 121 2481 Θεὸν,
137 2449 195 2480 πῶς
211 2449 238 2475 δὲ
254 2449 299 2475 τὸν
320 2449 442 2484 πλησίον,
457 2451 504 2477 καὶ
520 2451 570 2486 τὴν
582 2453 708 2484 γυναῖκα,
730 2452 775 2477 καὶ
792 2451 837 2477 τὸν

35 2495 154 2530 ἐχθρὸν,
168 2496 271 2530 μήποτε
286 2495 401 2526 ἄτακτός
415 2504 456 2527 τις
468 2497 514 2522 καὶ
529 2497 713 2531 ὲνηλλαγμένη
727 2497 837 2531 γένηται

33 2542 90 2576 τῆς
103 2542 217 2576 ἀγάπης
234 2542 249 2576 ἡ
268 2541 468 2576 ἀποπλήρωοις.
493 2543 538 2568 Δεῖ
556 2543 609 2578 γὰρ
627 2543 692 2569 Θεὸν
707 2543 754 2578 μὲν
771 2543 838 2576 ἀγα-

35 2587 95 2621 πᾷν
111 2587 143 2618 ἐξ
156 2586 219 2621 ὅλης
233 2586 344 2621 καρδίας
353 2595 382 2612 τε
399 2586 446 2612 καὶ
456 2586 553 2621 ψυχῆς,
572 2589 617 2614 καῖ¹
630 2588 779 2622 δυνάμεως,
792 2589 838 2614 καὶ

33 2631 208 2666 αἰσθήσεως·
219 2631 264 2657 τὸν
278 2631 306 2658 δὲ
316 2631 439 2666 πλησίον,
451 2632 486 2662 ὡς
498 2632 602 2658 ἑαυτόνσ
613 2632 661 2668 τὴν
674 2633 701 2658 δὲ
710 2634 836 2667 γυναῖκα,

33 2679 60 2704 ει
88 2677 142 2712 μὲν
169 2676 363 2711 καθαρωτέρας
381 2677 438 2702 ἐστὶ
461 2675 560 2711 ψυχῆς,
575 2677 612 2708 ὡς
628 2679 641 2703 ό
658 2678 773 2712 Χριστὸς
788 2678 838 2707 τὴν

40 2721 231 2756 Ἐκκλησίαν·
251 2722 265 2747 ὁ
284 2721 311 2747 δὲ
329 2720 540 2756 ἐμπαθέστερος,
556 2721 593 2753 ὡς
615 2721 644 2747 τὸ
663 2722 726 2748 ἴδιον
740 2721 835 2756 σῶμα·

890 2235 950 2262 qua:
971 2226 1024 2253 Deo
1042 2226 1284 2253 consecrabantur.
1303 2224 1371 2252 Cum
1395 2225 1467 2252 enim
1485 2229 1623 2259 oporteret
1640 2233 1673 2252 ex

890 2273 923 2299 iis
943 2279 1002 2306 quae
1021 2271 1109 2305 pritno
1125 2275 1187 2297 nata
1202 2273 1291 2304 erant,
1310 2270 1364 2297 Deo
1381 2270 1489 2298 divinas
1508 2270 1608 2297 olTerre
1620 2271 1676 2305 pri-

890 2317 990 2348 mitias,
1008 2316 1066 2350 ipse
1079 2316 1201 2351 repletus
1220 2315 1253 2343 iis
1274 2323 1334 2350 quae
1356 2315 1617 2351 erantpretiosiora,
1635 2324 1678 2344 re-

890 2360 983 2394 liquiis
1012 2359 1096 2386 Deum
1124 2359 1264 2394 excipiens
1285 2363 1326 2387 est
1359 2365 1532 2395 prosecutus.
1563 2360 1677 2396 Oportet

890 2411 954 2439 ergo
976 2403 1046 2431 scire
1075 2403 1199 2431 ordinem
1223 2404 1385 2437 charitatis,
1412 2413 1493 2440 quam
1521 2414 1568 2441 per
1589 2407 1675 2442 legem

890 2449 1011 2483 exponit,
1035 2457 1131 2484 nempe
1145 2450 1377 2484 quemadmodum
1393 2451 1477 2479 Deum
1498 2457 1622 2486 oporteat
1635 2453 1676 2480 di-

890 2495 984 2530 ligere,
1002 2499 1028 2522 et
1040 2503 1164 2528 uxorem,
1177 2500 1204 2523 et
1219 2496 1371 2529 inimicum,
1385 2505 1418 2524 ne
1436 2497 1504 2524 forte
1521 2498 1675 2525 inordinata

890 2544 917 2567 et
932 2540 1040 2567 inversa
1063 2540 1109 2568 ﬁat
1127 2541 1269 2568 charitatis
1287 2542 1454 2577 adimpletio.
1474 2542 1586 2578 Oportet
1601 2544 1674 2571 euint

892 2584 974 2612 Deum
993 2585 1102 2620 quidem
1118 2586 1231 2622 diligere
1259 2595 1290 2614 ex
1310 2591 1366 2614 toto
1386 2588 1468 2616 corde
1485 2593 1511 2616 et
1537 2590 1627 2616 anima
1648 2593 1675 2616 et

890 2631 1008 2665 potentia
1024 2636 1050 2658 et
1065 2640 1166 2660 sensu:
1191 2633 1343 2668 proximum
1367 2640 1456 2662 autem
1478 2639 1606 2670 tanquam
1628 2644 1674 2663 se-

889 2677 976 2710 ipsum
991 2686 996 2703 :
1014 2681 1040 2704 ct
1057 2685 1180 2709 uxorem.
1199 2679 1220 2705 si
1236 2680 1354 2714 purioris
1373 2680 1483 2715 quidem
1504 2686 1547 2709 est
1564 2682 1670 2713 animm.

889 2723 958 2749 sicut
979 2723 1105 2751 Christus
1128 2723 1297 2759 Ecdesiam;
1325 2726 1367 2753 sin
1383 2731 1474 2754 autem
1507 2731 1549 2754 est
1574 2727 1673 2754 anima:

81 2811 298 2843 "lsa.t.xut.‘z.
337 2809 554 2842 "lJoan.tv,8.
593 2810 798 2845 "Psal.t.xt,2.
837 2811 1052 2844 °°Genes.tv,7.
