1984 3068
301 125 354 151 ιιιγ

939 120 967 148 S.
985 119 1147 150 GREGORII
1166 120 1314 149 NYSSENI

1875 118 1926 148 848

305 180 385 215 paulo
405 179 490 214 magis
501 178 626 206 obnoxiae
640 177 723 205 animi
739 177 1001 213 perturbationibus,
1013 178 1086 205 sicut

1148 177 1207 205 ιῦτω
1222 177 1276 214 γὰρ
1291 176 1396 204 κελεύει
1413 177 1425 204 6
1441 176 1495 204 τῶν
1515 175 1639 203 τοιούτων
1650 176 1794 212 διατάκτης
1809 176 1927 210 Παῦλος.

304 233 403 260 corpus
428 225 579 259 proprium.
597 223 642 251 Sic
661 225 732 250 enim
748 223 823 258 jubet
843 222 890 258 qui
902 223 958 250 ba‘c
978 223 1095 258 ordinat

304 268 406 296 Paulus
417 268 452 294 ".
472 268 613 296 Inimicum
631 273 731 301 autem,
747 268 774 295 in
785 275 817 295 eo
828 267 901 302 quod
920 275 973 294 non
991 267 1086 294 redda-

303 322 364 341 mus
381 313 482 340 malum
501 320 550 347 pro
570 313 651 343 malo,
677 312 723 339 sed
744 319 793 347 pro
812 312 912 346 injuria
935 311 1087 339 referamus

302 359 475 386 beneﬁcium.
493 358 570 384 Nune
585 363 675 385 autem
703 357 767 384 licet
791 357 883 384 videre
902 356 1045 384 confusam
1061 360 1087 384 et

267 419 276 428 ο
303 404 486 431 inordinatam
508 404 535 430 in
565 403 658 430 multis
683 403 856 434 cbaritatem,
877 410 924 440 per
943 410 997 429 non
1020 409 1087 429 con-

302 455 442 484 gruentem
472 449 717 476 inconcinnitatem
746 449 863 476 erratice
901 448 1085 475 incedentem.

302 494 368 522 Nam
378 495 460 529 aliqui
476 494 584 530 quidem
601 494 741 529 pecunias,
753 498 781 521 et
799 494 927 525 honores,
939 498 965 521 et
976 501 1086 526 uxores,

302 541 328 566 in
349 548 395 568 eas
422 540 456 567 fol
465 544 491 567 te
507 540 649 567 ardentius
665 538 766 572 affecti,
783 547 815 566 ex
843 543 900 566 tota
922 539 1011 566 anima
1024 539 1087 566 dili-

302 591 368 619 gunt
381 589 408 613 et
428 585 494 612 totis
509 585 625 616 viribus,
643 585 765 612 utetiam
779 585 896 611 animam
913 592 963 619 pro
986 585 1026 612 eis
1044 592 1088 612 ve-

304 631 353 656 lint
374 630 558 664 profundere:
579 629 634 656 Deo
656 634 788 664 quantum
816 629 940 656 videtur:
963 629 1087 664 proximo

303 679 392 702 autent
419 675 463 701 vix
483 679 586 700 tantam
606 673 752 701 ostendant
777 673 939 701 ebaritatem
953 694 960 706 ,
985 679 1086 708 quanta

303 722 417 748 debetur
437 720 568 747 inimicis.
595 719 623 746 In
640 727 686 747 eos
707 723 797 746 autem
817 720 864 754 qui
895 719 958 746 odio
987 719 1087 747 habent

303 767 361 793 lucc
381 771 423 793 est
443 765 560 796 affectio,
578 769 607 792 ut
630 766 726 799 majori
747 766 818 792 malo
839 765 1010 792 ulciscantur
1025 772 1085 791 eum

303 812 348 846 qui
365 812 440 846 prior
454 811 543 838 affecit
560 810 670 845 injuria.
692 809 822 838 Ordinate
849 817 914 845 ergo
930 810 958 836 in
976 818 1028 842 me,
1046 810 1087 836 in-

1137 224 1189 250 Τὸν
1200 223 1296 259 ἐχθρὸν
1305 223 1337 250 ’δὲ
1355 223 1383 249 ὲν
1395 222 1433 258 τῷ
1448 222 1485 258 μὴ
1499 221 1584 249 κακὸν
1596 221 1748 249 ἀντιδοῦναι
1760 222 1846 257 κακῷ.
1859 223 1930 250 ἀλλὰ

1136 268 1170 295 δι’
1182 268 1339 302 εὐεργεσίας
1351 267 1400 302 τὴν
1412 267 1516 294 ἀδικίαν
1527 265 1705 301 ἀμείψασθαι.
1719 266 1776 292 Νῦν
1786 266 1815 293 δὲ
1830 275 1930 301 συγχε-

1134 313 1257 349 χυμένην
1271 313 1343 340 ἔστιν
1359 313 1422 339 ἰδεῖν
1435 312 1480 338 καὶ
1495 311 1611 338 ἄτακτον
1627 311 1673 338 ἐπὶ
1691 312 1746 338 τῶν
1760 311 1866 339 πολλῶν
1880 313 1929 348 τὴν

1138 361 1257 396 ἀγάπην,
1274 360 1316 387 διὰ
1330 361 1378 396 τῆς
1392 359 1578 395 ἀκαταλλήλου
1593 359 1777 395 ἀναρμοστίας
1789 360 1928 395 πεπλανη-

1139 407 1226 440 μένως
1252 405 1461 441 ἐνεργουμένην.
1490 405 1521 431 Οἳ
1546 405 1673 440 χρήματα
1699 405 1748 440 μὲν
1776 405 1823 432 καὶ
1845 405 1928 441 τιμὰς

1138 451 1184 478 καὶ
1210 451 1356 485 γυναῖκας,
1380 449 1412 476 ἂν
1433 450 1534 485 τύχωσι
1564 449 1728 484 θερμότερον
1752 449 1820 485 πρὸς
1845 450 1929 482 αὐτὰς

1137 496 1312 531 διακείμενοι,
1328 495 1356 528 ἐξ
1372 495 1435 530 ὅλης
1451 494 1540 529 ψυχῆς
1553 495 1600 521 καὶ
1619 495 1758 529 δυνάμεως
1773 496 1928 530 ἀγαπῶσιν,

1137 541 1174 572 ὡς
1188 541 1235 567 καὶ
1248 541 1297 576 τὴν
1312 539 1384 575 ζωὴν
1398 540 1430 567 ἂν
1449 539 1519 575 ὑπὲρ
1533 539 1621 566 αὐτῶν
1636 539 1763 575 ἐθελῆσαι
1782 531 1928 576 πρῦέσθαι·

1137 586 1204 613 Θεὸν
1217 586 1245 612 δὲ
1261 585 1386 612 τοσοῦτον
1403 585 1465 612 ὅσον
1482 585 1584 612 δοκεῖν’
1607 584 1645 619 τῷ
1667 585 1694 611 δὲ
1719 585 1832 620 πλησίον
1854 586 1929 621 μόλις

1137 631 1169 658 ἂν
1186 631 1366 663 ὲπιδείξαιντο
1380 631 1429 666 τὴν
1443 631 1498 661 τοῖς
1521 630 1628 665 ἐχθροῖς
1653 630 1844 665 ἀφορισθεῖσαν
1861 632 1930 665 ἁγά-

1138 685 1203 711 τι-ην.
1225 676 1257 702 'Il
1281 675 1310 702 δὲ
1333 675 1401 710 πρὸς
1427 675 1490 706 τοὺς
1520 673 1664 709 μισοῦντας
1689 673 1781 708 σχέσις
1806 674 1875 706 ἐστὶ,
1891 674 1930 709 τῷ

1139 720 1239 756 μείζονι
1261 720 1336 756 κακῷ
1354 720 1416 752 τοὺς
1440 719 1676 755 προλελυπηκὸτας
1699 718 1859 754 ἀμύνεσθαι.
1879 720 1931 746 Τά-

1138 767 1200 800 ξατε
1213 764 1269 798 οὖν,
1286 766 1377 802 φησὶν,
1391 767 1434 792 ἐπ’
1450 765 1499 800 ἐμὲ
1519 765 1568 800 τὴν
1582 764 1701 799 ἀγάπην,
1715 764 1785 790 ὥστε
1801 764 1861 800 Θεῷ
1879 764 1929 799 μὲν

1137 812 1290 839 ἀνατιθέναι
1313 812 1374 838 ὅσον
1397 811 1544 846 ὀφείλεται,
1567 810 1614 836 ἐπὶ
1639 810 1667 836 δὲ
1691 809 1745 836 τῶν
1765 809 1851 837 ἄλλων
1868 811 1932 837 ἑκά.-

303 858 372 892 quit.
391 857 562 887 cbaritatem,
581 861 610 883 ut
629 855 684 883 Deo
702 860 806 882 tantum
822 856 938 882 tribuam
955 860 1087 890 quantum

1148 867 1212 891 ιτου,
1228 857 1275 884 τοῦ
1291 858 1474 893 προσήκοντος
1493 856 1591 892 μέτρου
1608 856 1644 891 μὴ
1657 856 1814 891 ἀστοχῆσαι.
1833 857 1869 883 Ἦ
1887 856 1932 883 καὶ

303 904 428 934 debetur,
446 903 472 929 in
494 909 657 936 unoquoque
668 906 757 929 autem
772 902 899 934 aliorum,
915 901 949 928 ab
959 909 990 930 ea
1006 909 1088 937 quam

304 957 353 984 par
369 954 410 976 est
425 955 553 975 mensura
570 955 624 974 non
647 948 779 974 aberrent.
805 948 845 974 An
874 947 944 974 forte
964 955 1012 982 per
1036 947 1089 974 boe

303 998 384 1024 etiam
399 997 461 1024 licet
483 995 642 1030 intelligere,
658 995 731 1029 quod
751 994 884 1028 Quoniam
911 1002 971 1028 quae
1001 994 1089 1029 primo

306 1042 409 1069 fueram
431 1041 539 1072 dilecta,
565 1047 613 1074 per
628 1038 840 1066 inobedieutiam
868 1039 938 1066 inter
965 1039 1089 1066 initnicos

306 1088 343 1114 fui
359 1092 482 1122 reputata
495 1105 502 1117 ,
521 1093 594 1114 nunc
611 1085 652 1121 ad
669 1084 792 1112 eamdem
810 1092 920 1112 reversa
950 1093 1010 1112 sum
1027 1093 1090 1120 gra-

306 1134 382 1164 tiam,
403 1141 449 1167 per
463 1132 624 1159 eliaritatem
652 1137 754 1164 sponso
783 1129 943 1164 conjuncta,
966 1138 997 1156 ea
1018 1138 1092 1158 nunc

306 1179 383 1211 dicit,
400 1177 566 1205 Conﬁrmate
585 1176 651 1203 mibi
668 1175 749 1209 hujus
763 1175 857 1210 gratim
872 1176 1048 1203 stabilitatem
1066 1181 1093 1203 et

308 1225 566 1254 immutabilitatem,
578 1230 628 1250 vos
645 1222 728 1249 amici
745 1222 849 1256 sponsi,
867 1222 958 1249 studio
980 1226 1008 1249 et
1029 1222 1093 1249 dili-

307 1271 398 1307 gentia
418 1270 484 1298 mihi
501 1273 696 1298 conservantes
713 1269 926 1303 propensionem
938 1268 971 1295 ad
983 1267 1008 1294 id
1021 1268 1093 1304 quod

308 1323 348 1345 est
367 1317 474 1344 melius.

344 1363 407 1390 [late
422 1367 512 1390 autem
537 1369 599 1389 eum
619 1361 742 1393 dixisset,
770 1362 870 1388 transit
895 1368 992 1388 rursus
1017 1361 1050 1388 ad
1068 1361 1095 1388 id

310 1409 382 1444 quod
397 1413 436 1437 est
456 1408 605 1436 sublimius
619 1417 626 1434 :
652 1407 743 1434 fulciri
765 1407 864 1442 quippe
877 1411 954 1442 rogat
970 1415 1095 1442 unguen-

311 1455 347 1481 tis
362 1454 394 1480 ad
408 1453 580 1480 obtinendam
597 1453 732 1479 bonorum
748 1452 915 1479 ﬁrmitatem.
930 1451 1034 1478 Fulcite
1046 1461 1095 1485 me,

312 1499 412 1533 inquit,
431 1497 578 1533 unguentis.
595 1497 618 1524 0
636 1497 811 1524 admirabiles
822 1498 964 1525 columnas
986 1502 1013 1525 et
1027 1505 1097 1525 nova
1112 1521 1132 1533 η

314 1544 418 1570 fulcra!
439 1542 674 1576 Quemadmodum
705 1543 773 1569 ﬁunt
798 1546 936 1578 unguenta
965 1543 1098 1570 columna:

313 1589 432 1616 domus?
452 1587 682 1622 quemadmodum
703 1587 860 1614 ﬁrmissima
891 1587 956 1614 tecti
971 1591 1099 1614 constru-

314 1635 369 1661 ctio
399 1633 494 1660 nititur
525 1633 592 1659 bene
623 1631 738 1666 spiranti
767 1632 873 1659 odore?
900 1631 997 1659 Annon
1022 1632 1100 1666 plane

315 1680 488 1714 perspicuum
511 1684 563 1710 est,
585 1677 657 1713 quod
684 1685 744 1712 qua:
769 1678 945 1704 multifariam
963 1684 978 1703 a
1007 1677 1100 1704 multis

315 1729 478 1752 exercentur
511 1724 637 1757 virtutes,
667 1731 718 1758 pro
747 1723 878 1753 varietate
909 1722 1099 1757 operationum

314 1772 396 1798 etiam
408 1770 608 1797 nominantur?
626 1770 712 1797 virtus
728 1770 800 1797 enim
814 1773 856 1796 est
876 1776 930 1796 non
947 1768 1036 1796 solum
1052 1767 1100 1794 bo-

316 1825 380 1844 num
395 1816 505 1848 intueri,
523 1819 550 1842 et
564 1823 625 1842 esse
647 1815 807 1850 participem
821 1815 882 1849 ejus
897 1813 971 1849 quod
986 1817 1027 1841 est
1042 1821 1102 1840 me-

316 1863 379 1894 lius,
397 1862 444 1889 sed
464 1862 545 1889 etiam
563 1861 811 1888 immutabilitatem
833 1860 861 1887 in
887 1861 959 1888 bono
984 1867 1099 1887 conser-

316 1916 389 1934 vare.
406 1907 457 1939 Qui
473 1914 537 1941 ergo
559 1906 615 1933 vult
634 1905 726 1933 fulciri
755 1905 911 1941 unguentis,
931 1905 1030 1940 quaerit
1048 1904 1103 1932 sibi

317 1954 413 1980 adesse
430 1952 586 1979 firmitatem
606 1951 634 1978 in
660 1952 819 1979 virtutibus.
848 1950 943 1978 Virtus
959 1950 1032 1977 enim
1061 1953 1103 1977 est

318 2002 498 2033 unguentum,
518 1998 646 2032 quoniam
670 2001 718 2034 est»
735 1997 860 2031 sejuncta
890 1996 924 2024 ab
939 1996 1014 2023 omni
1033 2000 1104 2023 tetro

319 2045 403 2070 odore
417 2047 602 2078 peccatorum.
621 2043 810 2070 Admirabitur
827 2046 915 2069 autem
932 2042 1013 2069 etiam
1029 2042 1105 2076 quis-

319 2089 390 2124 piam
412 2088 636 2123 consequentiam
665 2095 761 2115 eorum
789 2095 849 2123 qua:
875 2087 948 2114 dicta
968 2092 1041 2120 sunt,
1057 2095 1104 2122 per

319 2141 442 2168 qnzenam
459 2135 535 2169 cupit
548 2133 601 2161 sibi
619 2133 705 2161 sterni
731 2133 851 2160 domum.
879 2133 946 2160 Nam
977 2133 1023 2161 hic
1050 2142 1104 2160 non

1140 903 1217 930 τοῦτο
1242 903 1323 938 τυχὸν
1346 902 1419 929 ἐστιν
1451 902 1598 936 ὑπονοῆσαι
1630 901 1674 927 διὰ
1700 901 1746 927 τοῦ
1776 901 1868 935 λόγου,
1892 903 1932 928 ὅτι

1140 947 1250 983 Ἐπειδὴ
1266 948 1439 983 ἀγαπηθεῖσα
1456 946 1520 982 περὶ
1529 946 1577 981 τὴν
1591 945 1712 985 ⁵ιιριιὶντηην.
1727 945 1770 972 διὰ
1783 946 1831 980 τῆς
1843 955 1933 982 παρα-

1140 994 1205 1029 κοῆς
1220 995 1249 1021 ὲν
1262 995 1315 1025 τοῖς
1331 993 1437 1029 ἐχθροῖς
1452 991 1603 1027 ὲλογίσθην,
1622 991 1678 1018 νυνὶ
1691 992 1720 1018 δὲ
1735 991 1815 1018 πάλιν
1830 992 1871 1023 είς
1885 992 1932 1026 τὴν

1141 1039 1225 1075 αὐτὴν
1239 1039 1388 1074 ἐπανῆλθον
1401 1039 1492 1074 χάριν,
1504 1037 1537 1064 δι’
1555 1037 1665 1072 ἀγάπης
1685 1037 1724 1072 τῷ
1742 1037 1851 1072 νυμφίῳ
1869 1046 1931 1064 συν-

1142 1085 1325 1122 αρμοσθεῖσα·
1350 1085 1492 1120 κυρώσατέ
1522 1094 1585 1121 μοι.
1606 1084 1683 1120 φησὶ,
1699 1084 1728 1110 τὸ
1751 1084 1801 1119 τῆς
1824 1083 1932 1120 χάριτος

1142 1132 1243 1168 ταύτης
1258 1132 1423 1167 τεταγμένον
1446 1131 1492 1158 καὶ
1516 1130 1803 1166 ἀμετάστατον,ὖμεῖς
1817 1131 1841 1156 οι
1863 1131 1932 1164 φίλοι

1143 1177 1189 1204 τοῦ
1204 1177 1330 1213 νυμφίου,
1348 1177 1380 1203 δι’
1394 1176 1550 1211 ἐπιμελείας
1567 1176 1613 1203 καὶ
1638 1176 1772 1212 προσοχῆς
1787 1175 1827 1210 τῷ
1843 1176 1935 1211 παγίψ

1145 1223 1342 1260 συντηροῦντές
1356 1232 1400 1259 μοι
1415 1223 1465 1258 τὴν
1484 1223 1551 1258 πρὸς
1564 1222 1594 1249 τὸ
1608 1224 1730 1258 κρεῖττον
1745 1223 1846 1258 ῥοπήν.

1180 1364 1272 1391 Ταῦτα
1286 1363 1314 1390 δὲ
1327 1363 1451 1396 εἰποῦσα,
1468 1364 1548 1391 πάλιν
1563 1365 1630 1400 πρὸς
1646 1365 1676 1391 τὸ
1692 1365 1856 1402 ὑψηλότερον
1875 1368 1937 1402 μέτα

1145 1418 1213 1437 εισι·
1230 1410 1406 1446 στηριχθῆναι
1425 1410 1479 1445 γὰρ
1493 1410 1561 1446 πρὸς
1573 1411 1622 1446 τὴν
1636 1411 1690 1438 τῶν
1704 1411 1814 1445 ἀγαθῶν
1829 1412 1936 1448 βεϐαιό-

1146 1464 1215 1490 τητα
1237 1457 1292 1487 τοῖς
1319 1455 1412 1491 μύροις
1433 1454 1518 1491 ζητεῖ.
1543 1456 1705 1490 Στγιρίξατέ
1717 1465 1771 1491 με,
1792 1458 1885 1493 φησὶν,
1905 1459 1938 1484 ἐν

1146 1501 1261 1535 μύροις.
1278 1500 1309 1526 Ὢ
1320 1500 1477 1536 παραδόξων
1494 1501 1540 1527 καὶ
1559 1501 1659 1528 καινῶν
1672 1502 1842 1537 ἔρειο-μάτων
1856 1503 1863 1530 !
1879 1504 1939 1535 Πῶς

1149 1545 1183 1571 τὰ
1204 1544 1276 1580 μύρα
1296 1545 1385 1571 στύλοι
1396 1545 1442 1572 τοῦ
1457 1545 1530 1572 οἴκου
1546 1546 1684 1580 γίνονται;
1704 1547 1765 1579 Πῶς
1779 1550 1813 1584 τῇ
1828 1549 1940 1586 admovi;

1149 1590 1179 1616 τὸ
1194 1590 1291 1624 πάγιον
1309 1591 1358 1625 τῆς
1379 1591 1424 1617 τοῦ
1448 1591 1546 1626 ὀρόφου
1569 1593 1742 1628 κατασκευῆς
1760 1594 1939 1629 ὃιερείδεται;

1151 1635 1185 1660 Ἣ
1197 1635 1275 1669 δῆλον
1295 1634 1403 1667 πάντως
1423 1636 1508 1669 ἐστὶν,
1530 1637 1570 1664 ὅτι
1593 1637 1623 1664 τὸ
1643 1638 1697 1664 τῶν
1721 1639 1825 1674 ἀρετῶν
1847 1641 1940 1676 χρῆμα

1151 1680 1296 1712 πολυειδῶς
1311 1682 1339 1707 ὲν
1353 1682 1418 1716 ἡμῖν
1435 1682 1660 1718 κατορθούμενον,
1684 1684 1753 1711 κατά
1775 1685 1825 1717 τὰς
1847 1686 1940 1721 διαφο-

1153 1726 1201 1760 ρὰς
1219 1726 1273 1752 τῶν
1293 1727 1486 1761 ἐνεργημάτων
1508 1727 1554 1753 καὶ
1573 1727 1750 1763 ὀνομάζεταις
1773 1731 1869 1767 ’Δρετὴ
1888 1732 1942 1767 γάρ

1152 1772 1225 1798 ἐστιν
1240 1772 1269 1797 οὐ
1287 1771 1365 1806 μόνον
1378 1772 1409 1798 τὸ
1428 1772 1536 1806 βλέπειν
1551 1773 1581 1799 τὸ
1597 1773 1709 1807 ἀγαθὸν,
1725 1776 1772 1802 καὶ
1785 1776 1814 1803 τδ
1831 1777 1861 1803 ἐν
1881 1786 1942 1812 μετ-

1152 1816 1230 1851 ουσίᾳ
1253 1815 1299 1842 τοῦ
1321 1816 1472 1852 κρείττονος
1493 1817 1628 1851 γίνεσθαι,
1643 1818 1710 1845 ἀλλὰ
1738 1821 1828 1848 καὶτὸ
1842 1821 1944 1858 dustri-

1155 1872 1259 1891 πτωτον
1285 1863 1314 1890 ὲν
1331 1863 1370 1898 τῷ
1396 1863 1472 1900 καλῷ
1500 1861 1689 1894 διασώζεσθαι.
1713 1863 1742 1889 '0
1764 1864 1854 1890 τοίνυν
1881 1873 1943 1901 πη-

1156 1906 1277 1942 ριχθῆναι
1307 1904 1466 1940 βουλόμενος
1494 1907 1522 1933 ὲν
1549 1909 1605 1939 τοῖς
1636 1907 1746 1943 μύροις,
1773 1908 1804 1935 τὸ
1835 1909 1943 1944 βέϐαιον

1154 1953 1182 1979 ὲν
1206 1953 1265 1983 ταῖς
1287 1952 1397 1986 ἀρεταῖς
1422 1951 1496 1986 αὐτῷ
1519 1953 1716 1987 προσγενέσθαι
1738 1953 1823 1989 ζητεῖ.
1847 1956 1943 1992 Ἀρετὴ

1154 1997 1207 2031 γὰρ
1226 1997 1256 2023 τὺ
1279 1997 1373 2031 μύρον,
1395 1997 1462 2023 διότι
1478 1996 1568 2032 πάσης
1587 1998 1719 2030 δυσωδίας
1738 1999 1944 2036 ἁμαρτημάτων

1155 2041 1326 2077 κεχώρισται.
1344 2041 1497 2076 Θαυμάσειε
1516 2041 1538 2067 δ’
1555 2041 1587 2068 ἀν
1605 2050 1647 2073 τις
1664 2043 1711 2068 καὶ
1737 2043 1768 2070 τὺ
1790 2044 1845 2071 τῶν
1869 2048 1945 2081 ειρη-

1156 2087 1245 2122 μένων
1263 2086 1417 2118 ἀκόλουθον,
1439 2086 1482 2112 διὰ
1506 2085 1586 2113 τίνων
1612 2087 1800 2124 ποιόασθῆναι
1813 2089 1859 2116 τὸν
1873 2089 1947 2118 οἶκον

1157 2131 1295 2166 ἐπιθυμεῖ.
1308 2132 1349 2158 Οὐ
1367 2132 1457 2167 βάτοις
1472 2132 1528 2158 τισὶ
1551 2132 1597 2159 καὶ
1618 2133 1758 2166 ἀκάνθαις,
1779 2135 1826 2161 καὶ
1846 2136 1946 2172 χόρτῳ,

319 2178 395 2206 rubis
409 2182 436 2206 et
455 2178 553 2213 spinis,
571 2181 598 2204 et
613 2177 754 2210 stramine,
770 2181 798 2204 et
815 2176 967 2210 arundine,
985 2181 1013 2205 et
1030 2177 1097 2209 feno,

1156 2177 1203 2204 καὶ
1220 2177 1330 2212 καλάμῃ
1349 2177 1461 2212 (μᾶλλον
1479 2176 1508 2203 δὲ
1526 2177 1617 2209 καθώς
1637 2186 1717 2213 φησιν
1739 2180 1753 2206 ὸ
1776 2179 1946 2213 Ἀπόστολος,

320 2225 421 2260 quibus
433 2227 630 2251 construuntur
646 2223 745 2250 domus
761 2223 911 2250 materiata:
925 2234 930 2251 :
948 2225 995 2251 sed
1006 2223 1104 2252 domus

321 2269 474 2300 sternendm
504 2269 618 2295 materia
647 2273 710 2295 sunt
727 2275 816 2302 poma.
841 2267 973 2302 Sternile,
1003 2270 1104 2304 inquit,

320 2315 385 2341 mihi
401 2320 487 2341 larunt
515 2315 542 2340 in
562 2314 650 2341 malis.
676 2313 710 2340 Ut
735 2314 770 2342 sit
790 2315 902 2341 omnino
925 2315 948 2342 ei
974 2315 1019 2342 hic
1045 2314 1105 2342 fru-

321 2365 393 2392 ctus,
406 2360 593 2395 pulchritudo,
611 2364 790 2394 unguentum,
806 2360 932 2392 dulcedo,
954 2361 1106 2388 nutrimen-

321 2411 391 2437 tum,
408 2413 456 2440 per
470 2405 594 2431 umbram
611 2403 792 2439 refrigeratio,
809 2406 888 2433 sedes
912 2406 938 2432 in
958 2414 1012 2440 qua
1028 2406 1106 2441 quie-

323 2451 430 2482 scitur;
447 2449 585 2481 columna,
603 2457 664 2484 quae
676 2450 779 2477 stabilit
793 2459 799 2477 :
818 2454 919 2477 tectum
934 2450 1007 2485 quod
1029 2451 1105 2485 tegit.

323 2495 390 2522 Nam
405 2500 434 2522 ut
448 2494 622 2529 pulchritudo
641 2494 750 2529 quidem
771 2495 892 2522 cernitur
912 2503 974 2522 cum
999 2495 1108 2522 deside-

324 2540 375 2567 rio.
386 2543 416 2566 ut
430 2544 597 2573 unguentum
612 2539 729 2566 delectat
742 2539 895 2570 odoratum,
912 2543 941 2566 ut
956 2539 1108 2566 nutrimen-

323 2589 381 2611 tum
395 2582 562 2619 pinguefacit
574 2591 684 2618 corpus,
699 2588 725 2611 et
740 2583 884 2611 dulcedine
896 2582 978 2610 allicit
988 2589 1108 2619 gustum,

325 2634 355 2656 ut
370 2629 466 2656 umbra
488 2628 631 2663 refrigerat
650 2632 746 2655 aestum
761 2637 768 2655 :
790 2633 819 2655 ut
836 2627 915 2655 sedes
942 2633 1050 2655 recreat
1067 2629 1107 2655 la-

326 2675 437 2702 borem:
455 2679 484 2700 ut
500 2673 597 2701 domus
613 2677 714 2700 tectum
729 2692 736 2705 ,
756 2673 890 2708 inquilino
908 2673 1107 2707 operimentum

327 2719 500 2753 suppeditat:
519 2724 548 2745 ut
571 2719 698 2746 columna
715 2719 815 2754 praebet
838 2719 1085 2748 immutabilitatem
1101 2729 1106 2746 :

362 2807 382 2823 "
396 2808 496 2842 Ephes.
507 2815 532 2839 ν,
543 2807 588 2833 25.

1155 2223 1185 2249 οὑ
1202 2222 1290 2256 ξύλοις
1313 2222 1359 2249 καὶ
1383 2222 1493 2259 καλάμῃ
1517 2223 1564 2249 καὶ
1591 2223 1701 2258 χόρτῳ),
1723 2221 1765 2256 οἷς
1790 2225 1814 2251 ot
1836 2226 1947 2258 ὑλώδεις

1155 2265 1224 2294 οἴκοι
1247 2267 1508 2299 κατασκευάζονται’
1525 2267 1593 2294 ἀλλά
1618 2268 1711 2303 στοιϐὴ
1729 2271 1779 2304 τῆς
1800 2270 1847 2297 τοῦ
1872 2271 1946 2298 οἴκου

1156 2306 1254 2348 στέγης
1270 2312 1304 2339 τά
1321 2313 1392 2347 μῆλα
1405 2313 1519 2346 γίνεται.
1540 2313 1622 2347 Λέγει
1635 2314 1699 2349 γὰρ,
1716 2314 1899 2343 Στοιεάσατέ
1910 2326 1948 2351 με

1155 2359 1191 2386 ἐν
1197 2359 1315 2394 μήλοις·
1326 2358 1368 2385 ἵνα
1379 2359 1489 2395 γένηται
1501 2359 1589 2386 πάντα
1602 2360 1631 2386 ὲν
1643 2361 1726 2386 πᾶσιν
1734 2361 1802 2396 αὐτῇ
1812 2362 1826 2388 ό
1841 2363 1949 2399 καρπὸς

1157 2401 1243 2436 οἴιτος,
1260 2403 1290 2429 τὸ
1303 2403 1410 2437 κάλλος,
1427 2404 1458 2430 τὸ
1474 2403 1569 2439 μύρον,
1586 2404 1600 2431 ό
1610 2404 1775 2440 γλυκασμὺς,
1791 2406 1918 2443 ὴτροφὴ,
1933 2409 1949 2443 ἡ

1157 2450 1200 2477 διὰ
1211 2450 1259 2483 τῆς
1271 2450 1349 2481 σκιᾶς
1359 2449 1500 2484 ἀνάφυξις,
1509 2451 1523 2476 ὁ
1531 2450 1679 2477 ἀναπαύων
1691 2451 1795 2486 θρόνος,
1805 2452 1820 2477 ὁ
1832 2452 1949 2486 βεσαιῶν

1159 2495 1268 2528 στύλος,
1282 2495 1296 2521 ό
1312 2494 1503 2527 ὲπισκεπάζων
1514 2495 1621 2530 ὄροφος.
1643 2496 1687 2527 Ὠς
1700 2496 1796 2528 κάλλος
1808 2497 1863 2533 γὰρ
1882 2498 1951 2533 μετὰ

1159 2539 1305 2575 ἐπιθυμίας
1317 2539 1422 2574 ὁρᾶται,
1437 2539 1475 2571 ὡς
1490 2539 1574 2575 μύρον
1589 2539 1678 2574 ἡδύνει
1692 2540 1741 2576 τὴν
1758 2540 1904 2577 ὕσφρησιν,
1916 2543 1952 2574 ὡς

1160 2585 1246 2621 τροφὴ
1268 2585 1369 2612 πιαίνει
1392 2584 1422 2610 τὸ
1448 2584 1529 2619 σῶμα
1548 2585 1596 2611 καὶ
1619 2585 1758 2620 γλυκαίνει
1778 2586 1828 2622 τὴν
1845 2587 1952 2621 γεῦσιν,

1161 2630 1199 2662 ὡς
1220 2630 1284 2656 σκιὰ
1310 2629 1460 2664 καταψύχει
1485 2630 1529 2656 τὸν
1549 2630 1694 2663 καύσωνα,
1716 2631 1754 2663 ὡς
1769 2631 1865 2667 θρόνος
1885 2633 1955 2660 ἀνα-

1163 2675 1243 2702 παύει
1260 2675 1304 2701 τὸν
1322 2674 1404 2701 κόπον
1416 2682 1422 2689 '
1441 2674 1479 2706 ὡς
1501 2674 1583 2710 στέγη
1599 2674 1646 2702 τοῦ
1660 2676 1744 2708 οἴκου,
1757 2676 1844 2712 σκέπη
1860 2677 1900 2712 τῷ
1913 2679 1957 2705 Gv-

1163 2720 1280 2748 οικοῦντι
1293 2720 1395 2754 γίνεται
1404 2728 1411 2736 ·
1425 2720 1462 2752 ὡς
1475 2720 1569 2753 στύλος
1583 2721 1696 2756 παρέχει
1707 2722 1737 2749 τὸ
1747 2723 1954 2758 ἀμετάπτωτονι
