1984 3068
54 131 106 161 869

560 134 591 163 IN
610 132 909 164 CANTICA.CANTIC.
929 132 1069 160 llOMlLlA
1090 132 1132 160 IV.

1622 132 1673 158 85-)

52 189 90 221 ὡς
105 189 226 224 ἐμφανὲς
243 189 326 225 μῆλον
342 190 456 226 ὠραϊζει
480 191 525 218 τὸν
548 191 654 226 δροφον.
678 192 710 218 Τί
729 191 784 226 γὰρ
808 188 839 216 ἄν

895 192 920 215 ιιι
939 188 1039 215 malum
1054 187 1166 216 evidens
1181 187 1291 214 decorat
1310 191 1420 214 tectum.
1439 186 1582 220 Quodnam
1599 188 1672 214 enim

54 242 94 267 τις
118 235 269 270 ἐπινοήσειε
293 236 537 272 περικαλλέστερον
553 237 642 272 Θέαμα
659 234 753 270 μήλων
776 245 839 263 συν-

54 279 164 311 θέσεως,
181 280 245 306 δταν
264 279 415 312 εὐδιάθετος
436 281 453 315 ἡ
476 279 570 316 ὀπώρα
588 280 658 306 κατὰ
679 281 709 306 τὸ
730 281 840 314 συνεχὲς

54 325 96 358 ἐφ’
111 324 206 350 ὑπτίου
225 324 296 356 τινὸς
312 325 379 360 πρὸς
396 324 480 359 αὐτὴν
493 324 618 359 ἡνωμένη
635 324 706 351 κατὰ
718 324 767 360 τὴν
780 324 840 359 ὄψιν

54 369 237 402 ποικίλλεται,
262 369 308 396 τοῦ
339 370 511 405 ἐρυθήματος
538 371 587 405 τῆς
613 371 723 406 ὀπώρας
754 379 841 397 κατα-

56 415 218 450 μιγνύμενου
232 414 299 449 πρὸς
310 415 339 441 τὸ
355 415 514 442 ὑπόλευκον.
526 415 557 442 El
570 415 658 442 τοίνυν
671 415 783 442 δυνατὸν
796 413 840 450 ἦν,

54 459 84 491 ἐξ
98 459 224 486 ἐπιπέδου
241 459 295 486 τῶν
317 460 409 495 μήλων
431 459 504 486 θέσιν
528 459 631 486 ἄνωθεν
653 459 841 495 ἐπαιωρουμέ-

54 513 102 540 νην
124 504 256 540 ὁρᾶσθαι,
277 505 304 531 τί
322 505 355 532 ἂν
373 505 423 539 τῆς
439 504 567 539 τοιαύτης
587 504 674 538 ὅψεως
693 503 728 540 ἦν
743 504 842 539 γλαφυ‹

56 549 192 585 ρώτερονς
207 549 295 586 ὀπερ
310 550 356 576 ἐπὶ
375 550 424 584 τῆς
443 549 545 584 νοητῶν
565 548 675 583 ἀγαθῶν
696 549 842 584 ἐπιθυμίας

55 594 128 620 ἐστὶν
141 594 191 620 οὐκ
205 593 343 621 ἀδύνατον.
363 593 400 620 υύ
420 593 473 629 γὰρ
490 592 558 628 βαρὺ
578 593 629 627 τῆς
649 592 759 628 ὀπώρας
771 593 842 620 ὲκεί-

55 647 103 673 νης
117 638 148 664 τὺ
164 635 243 669 εἶδος,
262 638 321 664 οὐδὲ
341 638 380 670 είς
393 637 444 672 γῆν
467 637 558 672 βρίθον
576 638 622 664 καὶ
635 637 841 672 καθελκόμενον,

55 682 122 709 ἀλλὰ
136 682 204 717 πρὸς
221 681 252 708 τὸ
268 681 335 717 ὕψος
348 682 397 717 τὴν
414 681 500 717 ῥοπὴν
513 683 546 708 ὲκ
561 681 667 716 φύσεως
681 681 747 717 ἔχει.
767 683 843 709 Ἀνα-

55 727 125 761 φυὴς
137 727 192 763 γᾴρ
204 727 220 762 ή
232 725 326 762 ἁρετὴ,
349 726 396 752 καὶ
415 725 482 761 πρὸς
499 725 530 752 τὸ
551 725 608 752 ἄνω
625 725 725 761 βλέπει.
747 725 792 752 Διὸ
804 725 843 761 τῷ

54 772 148 800 κάλλει
171 771 226 799 τῶν
248 772 375 798 τοιούτων
393 772 486 807 μήλων
510 771 638 806 ἐπιθυμεῖ
655 772 672 806 ἡ
687 771 779 806 νύμφη
799 771 843 797 τὸν

56 817 153 853 ὄροφον
177 817 224 843 τοῦ
248 817 312 844 ἰδίου
335 817 410 843 οῐκου
433 817 637 853 ὲνωραῖζεσθαι.
661 817 698 843 Οὐ
722 816 776 852 γάρ
798 824 843 851 μοι

870 649 873 652 ν
892 641 961 668 dunt
971 641 1023 668 sub
1038 640 1256 675 intelligentiam.
1269 640 1362 675 Neque
1377 641 1449 668 enim
1464 643 1595 674 estgrave
1610 637 1676 664 illud
1728 641 1730 645 '

891 238 980 269 potest
1012 233 1163 268 excogitari
1190 233 1331 268 pulchrius
1357 233 1564 267 spectaculum,
1590 241 1671 267 quam

891 279 1024 306 malorum
1039 279 1212 313 compositio,
1233 278 1341 313 quando
1356 279 1426 306 bene
1448 278 1599 313 dispositus
1616 278 1673 304 fru-

891 330 951 352 ctus
966 325 1140 352 continenter
1155 325 1183 351 in
1200 325 1293 359 aliquo
1307 324 1368 351 loco
1387 324 1469 358 plano
1491 328 1519 351 et
1546 323 1675 358 mquabili

891 370 942 398 sibi
963 370 1068 402 unitas,
1095 375 1208 397 externa
1231 369 1322 404 specie
1345 369 1476 401 variatur,
1500 368 1599 394 rubore
1615 367 1673 394 fru-

891 419 953 443 ctus
969 415 1091 442 admixto
1105 415 1214 442 cuidam
1230 414 1354 442 candori.
1378 414 1411 441 Si
1422 421 1487 449 ergo
1507 414 1566 441 ﬁeri
1583 416 1676 448 posset

892 465 922 488 ut
934 462 960 488 in
972 461 1118 497 superﬁcie
1125 461 1256 488 collocata
1266 461 1397 487 malorum
1408 460 1530 494 positura
1539 459 1676 486 videretur

892 507 1010 537 desuper
1026 507 1054 533 in
1070 506 1154 532 altum
1173 506 1291 535 sublata.
1309 505 1374 538 quid
1389 506 1440 532 hoc
1461 508 1573 539 aspectu
1590 503 1677 530 videri

892 555 986 586 posset
1002 551 1259 586 elegantius‘!Quod
1276 550 1384 585 quidem
1401 557 1455 577 non
1470 553 1511 577 est
1528 547 1675 583 ejusmodi,

893 600 922 623 ut
938 596 996 623 tieri
1010 603 1063 623 non
1081 596 1168 630 possit
1193 596 1219 622 in
1237 595 1375 623 desiderio
1398 596 1531 623 bonorum
1551 601 1612 629 qum
1629 600 1676 620 ca-

892 694 978 721 genus
1001 686 1122 718 fructus,
1147 693 1235 720 neque
1262 686 1290 713 in
1322 690 1422 713 terram
1450 693 1566 720 vergens
1580 692 1612 712 ac
1629 684 1677 711 de-

893 738 1030 766 pressum,
1056 729 1104 756 sed
1120 733 1217 763 suapte
1233 733 1331 756 natura
1347 737 1456 757 sursum
1473 728 1577 755 fertur:
1595 728 1677 762 erigit

893 775 966 802 enim
981 782 1043 803 sese
1053 775 1154 807 virtus,
1171 779 1198 802 et
1216 775 1243 802 in
1265 775 1350 802 altum
1365 774 1472 808 aspicit.
1489 773 1674 806 Quamobrem

893 821 991 848 horum
1023 821 1157 847 malorum
1188 820 1393 855 pulchritudine
1419 819 1557 846 desiderat
1577 825 1677 853 sponsa

56 863 135 890 τοῦτο
157 863 229 890 δοκεῖ
251 863 321 890 κατὰ
337 863 368 889 τὺ
389 863 592 898 προηγούμενον
612 862 653 898 τῷ
669 862 740 896 λόγῳ
762 871 842 888 σπου-

895 873 949 893 suae
963 865 1061 892 domus
1086 870 1186 893 tectum
1204 865 1339 892 decorari.
1356 864 1415 891 Non
1431 864 1503 891 enim
1520 863 1586 890 mihi
1604 863 1678 890 vidc-

55 909 192 940 δὰζεσθαι,
209 909 246 940 ὼς
263 908 382 943 ἐμφανές
407 917 434 934 τι
453 908 544 943 θέαμα
562 907 606 934 διὰ
617 908 668 942 τῆς
680 907 733 934 τῶν
749 908 842 943 μήλων

56 951 206 985 συνθέσεως
232 953 278 980 ἐπὶ
303 954 352 989 τῆς
373 953 480 988 στοιδῆς
504 953 629 988 ὁρᾶσθαι.
652 953 700 984 Τίς
725 953 780 986 γὰρ
808 953 842 979 ἃν

55 999 160 1033 γένοιτο
180 999 224 1026 διὰ
239 998 342 1026 τούτων
365 999 433 1034 πρὸς
458 998 558 1034 ἀρετὴν
583 998 688 1033 ὁδηγία,
708 999 733 1024 εί
753 999 790 1034 μή
816 1007 842 1024 τι

54 1044 144 1080 νόημα
157 1044 211 1071 τῶν
227 1044 400 1079 ὠφελούντων
413 1044 486 1079 ἡμᾶς
502 1044 545 1079 είη
562 1045 618 1076 τοῖς
631 1044 784 1079 εἰρημένοις
800 1045 843 1070 ὲν-

55 1090 241 1126 θεωρούμενον
256 1099 264 1124 ;

89 1179 122 1206 Τί
136 1177 182 1205 οὖν
197 1179 272 1206 ἐστιν
291 1178 306 1205 ὃ
325 1178 487 1213 είκάζομενς
511 1178 540 1204 ’(1
558 1178 588 1204 ὲν
605 1177 644 1212 τῷ
660 1176 779 1213 δρυμῶνι
794 1177 843 1212 τῆς

54 1225 161 1259 φύσεως
178 1223 256 1259 ήμῶν
279 1223 332 1250 ὑπὸ
352 1223 555 1258 φιλανθρωπίας
573 1222 787 1257 ἀναδλαστήσας,
801 1221 844 1248 διὰ

53 1270 102 1296 τοῦ
130 1271 273 1305 μετασχεῖν
297 1269 397 1304 σαρκός
416 1277 445 1295 τε
470 1269 516 1295 καὶ
541 1268 664 1303 αἵματος,
684 1267 767 1302 μῆλον
783 1267 844 1301 ἐγέ-

55 1323 124 1341 νετο.
141 1314 212 1350 Πρὸς
238 1314 366 1349 ἑκάτερον
388 1313 442 1349 γὰρ
465 1313 565 1340 τούτων
588 1313 661 1339 ἔστιν
681 1312 743 1338 ἰδεῖν
765 1312 795 1338 ὲν
809 1312 843 1346 τῇ

53 1357 151 1392 ὀπώρᾳ
165 1356 250 1392 ταύτῃ
266 1357 310 1383 διὰ
323 1357 373 1392 τῆς
387 1357 479 1392 χροιᾶς
506 1357 555 1392 τὴν
576 1356 713 1391 ὁμοίωσιν.
737 1356 781 1391 Τῷ
796 1356 844 1391 μὲν

54 1403 108 1438 γὰρ
125 1403 363 1437 ὑπερλευκαὶνοντι
384 1404 506 1438 μιμεῖται
529 1402 578 1437 τὴν
599 1402 648 1437 τῆς
663 1401 761 1436 σαρκὸς
783 1401 845 1428 laus-

53 1457 135 1483 τητα,
151 1448 182 1474 τὸ
193 1448 221 1474 δὲ
238 1449 476 1483 ὲπικεχρωσμένον
487 1447 610 1484 ἐρύθημα
625 1447 762 1481 συγγενῶς
774 1447 844 1482 ἔχειν

55 1493 124 1528 πρὸς
139 1493 187 1528 τὴν
205 1492 252 1519 τοῦ
268 1493 382 1528 αἵματος
397 1493 476 1527 φύσιν
490 1493 532 1519 διὰ
545 1492 693 1524 τοῦπεῑδους
710 1491 846 1527 μαρτύρε-

892 914 937 937 ιυι·
947 910 1100 946 principale
1113 910 1189 937 verbi
1210 910 1262 937 hoc
1271 917 1331 937 esse
1344 908 1464 936 studium
1475 909 1677 940 etiustitutum,

893 960 923 982 ut
937 956 1047 990 aliquod
1067 955 1140 983 humi
1170 959 1286 982 stratum
1303 954 1464 982 ostendatur
1493 953 1678 988 spectaculum

893 1008 942 1035 per
964 1002 1100 1028 malorum
1125 1001 1361 1035 compositionem.
1382 999 1511 1032 Quzenam
1541 999 1612 1026 enim
1631 1006 1679 1032 per

893 1047 951 1074 haec
967 1051 1040 1074 esset
1053 1048 1124 1073 ratio
1143 1046 1260 1074 ducendi
1286 1046 1320 1072 ad
1346 1046 1474 1072 virtutem
1487 1065 1494 1077 ,
1518 1044 1571 1072 nisi
1589 1044 1679 1078 aliqua

893 1091 973 1119 nobis
986 1092 1131 1118 utilitatem
1147 1091 1263 1118 at‘ferens
1282 1091 1463 1127 intelligentia
1487 1090 1680 1118 considerare-

893 1140 937 1162 tur
951 1136 979 1162 in
995 1136 1029 1163 iis
1043 1143 1104 1171 qua;
1122 1135 1199 1162 dicta
1215 1135 1302 1162 sunt?

929 1180 1000 1213 Quid
1007 1185 1050 1208 est
1063 1188 1128 1215 ergo
1136 1180 1209 1215 quod
1220 1179 1401 1214 conjicimus?
1410 1179 1462 1212 Qui
1477 1179 1504 1206 in
1517 1183 1618 1206 nostrae
1633 1186 1681 1206 na-

893 1230 961 1252 turae
990 1225 1058 1252 silva
1083 1225 1247 1260 germinavit
1274 1230 1386 1260 propter
1404 1232 1481 1251 suam
1499 1224 1526 1250 in
1554 1224 1680 1250 homines

895 1270 1123 1301 benevolentiam,
1142 1278 1175 1297 ex
1190 1277 1223 1296 eo
1238 1269 1311 1304 quod
1326 1269 1378 1296 iuit
1390 1269 1527 1303 particeps
1545 1268 1637 1295 carnis
1654 1272 1681 1295 et

894 1316 1047 1351 sanguinis,
1066 1315 1154 1343 factus
1179 1320 1221 1343 est
1236 1315 1347 1342 malum.
1377 1315 1417 1342 Ad
1442 1318 1588 1348 utrumque
1608 1313 1680 1341 enim

895 1369 990 1389 eorum
1006 1362 1069 1388 licet
1093 1361 1185 1388 videre
1205 1361 1231 1386 in
1250 1360 1302 1387 hoc
1317 1359 1408 1386 fructu
1426 1367 1476 1394 per
1494 1359 1618 1386 colorum
1636 1365 1682 1385 as-

895 1408 1100 1435 similationem.
1128 1405 1195 1432 Nam
1211 1406 1331 1441 quodam
1351 1406 1461 1440 quidem
1485 1404 1605 1441 candore
1623 1404 1683 1431 imi-

895 1457 970 1480 tatur
984 1453 1076 1480 carnis
1102 1453 1297 1488 proprietatem
1313 1462 1319 1479 :
1337 1453 1363 1479 ei
1381 1457 1470 1479 autem
1491 1451 1577 1478 illitus
1598 1451 1682 1478 rubor

895 1505 943 1532 per
967 1505 1045 1525 suam
1065 1501 1181 1525 testatur
1204 1497 1323 1532 speciem
1351 1505 1380 1524 se
1405 1496 1550 1531 quamdam
1580 1495 1683 1522 habere

53 1547 109 1566 ται.
125 1538 208 1565 Ὅταν
222 1537 311 1564 τοίνυν
323 1538 338 1573 ή
354 1537 513 1572 ἐντρυφῶσα
523 1538 578 1568 τοῖς
594 1536 675 1568 Θείοις
691 1536 762 1571 ψυχή
773 1536 843 1563 κατὰ

896 1544 1085 1579 cognationem
1099 1551 1160 1570 cum
1176 1548 1275 1570 natura
1291 1543 1445 1577 sanguinis.
1461 1541 1539 1574 Quod
1554 1549 1619 1575 ergo
1637 1548 1682 1568 re-

54 1586 104 1620 τὴν
121 1584 219 1619 στέγην
235 1583 336 1618 ταύτην
353 1582 459 1618 βλέπειν
473 1582 639 1618 ἐπιθυμήσῃ,
653 1581 731 1608 τοῦτο
746 1580 784 1616 τῷ
800 1582 845 1607 αι-

55 1630 168 1665 νίγματι
195 1629 387 1664 παιδευόμεθα.
407 1628 454 1654 Ἐκ
470 1628 524 1663 γὰρ
544 1627 591 1654 τοῦ
616 1628 672 1654 ἄνω
698 1627 845 1661 βλέποντας

55 1675 130 1710 ἡμᾶς
143 1674 286 1710 προσέχειν
302 1675 358 1705 τοῖς
378 1673 481 1711 μήλοις,
505 1673 572 1709 πρὸς
585 1672 707 1708 οὐράνιόν
722 1673 779 1698 ἐστι
796 1680 845 1698 πο-

55 1720 157 1746 λιτείαν
170 1719 322 1755 ὀδηγείσθαι
340 1719 383 1746 διὰ
394 1718 447 1745 τῶν
465 1718 649 1753 εύαγγελικῶν
663 1717 844 1752 διδαγμάτων.

56 1767 146 1802 Ἀπερ
170 1767 184 1792 ὁ
208 1766 309 1793 ἄνωθεν
330 1765 483 1800 ἐρχόμενος,
507 1765 554 1791 ’καὶ
573 1765 664 1790 ἐπάνω
684 1764 791 1790 πάντων
808 1763 845 1789 ὢν

56 1811 195 1844 ὑπέδειξεν
212 1813 276 1847 ἡμῖν
292 1811 335 1837 διὰ
359 1811 408 1845 τῆς
428 1811 456 1837 ὲν
475 1810 555 1844 σαρκὶ
577 1808 765 1845 φανερώσεως,
781 1809 846 1835 πάν-

55 1865 111 1883 των
139 1856 194 1883 τῶν
223 1855 332 1890 ἀγαθῶν
358 1855 563 1890 πολιτευμάτων
591 1856 618 1880 ὲν
648 1853 734 1888 ἑαυτῷ
759 1853 846 1885 δείξας

55 1902 90 1929 τὶ
127 1900 331 1935 ὑποδείγματα,
365 1899 456 1931 καθώς
495 1908 575 1934 φησιν
607 1900 621 1925 ὁ
660 1898 775 1933 Κύριος,
806 1899 846 1925 ὅτι

56 1948 172 1974 Μάθετε
187 1946 238 1973 ἀπ’
250 1945 334 1980 ἐμοῦ,
349 1945 393 1972 ὅτι
409 1945 503 1979 πρᾶός
519 1946 576 1979 εἰμι
593 1944 641 1971 καὶ
656 1943 793 1977 ταπεινὸς
811 1943 845 1978 τῇ

55 1992 174 2028 καρδίᾳ.
188 1992 225 2018 Τὸ
237 1991 337 2018 δὲαὺτὸ
347 1990 424 2017 τοῦτο
437 1992 506 2017 καὶὸ
518 1990 686 2022 Ἀπόστολος,
695 1990 746 2025 τὴν
757 1998 847 2017 ταπει-

55 2037 224 2074 νοφροσύνην
238 2038 302 2072 ἡμῖν
322 2036 523 2071 ὑφηγούμενος,
539 2035 626 2069 λέγει·
643 2035 777 2061 Δυνατὸν
791 2034 846 2069 γὰρ

55 2085 93 2111 δι’
102 2084 171 2116 ἐνὸς
190 2081 374 2116 θεωρήματος
388 2081 490 2109 πᾶσαν
504 2081 561 2115 τὴν
577 2081 722 2114 ἀλήθειαν
736 2081 846 2109 πιστώ-

55 2130 168 2156 σασθαι
182 2127 222 2160 τῷ
236 2129 324 2162 λόγῳ.
346 2128 416 2164 Πρὸς
428 2128 482 2163 γὰρ
494 2128 556 2158 τοὺς
568 2127 602 2153 τὰ
617 2127 673 2154 ἄνω
688 2127 844 2161 βλέποντας,

58 2173 147 2217 Τορτο
167 2173 342 2208 φρονείσθω,
360 2173 451 2208 φησὶν,
463 2173 498 2199 ὲν
510 2172 581 2207 ὑμῖν
591 2172 606 2199 ὃ
619 2173 668 2199 καὶ
682 2172 716 2198 ὲν
730 2172 845 2206 Χριστῷ

61 2219 169 2255 Ἰησοῦ·
184 2219 217 2252 ὃς
227 2220 262 2245 ἐν
269 2218 371 2253 μορφῇ
381 2218 454 2245 Θεοῦ
469 2217 611 2252 ὑπάρχων
620 2219 676 2251 οὺχ
688 2218 844 2252 ἁρπαγμὸν

55 2264 193 2299 ἡγήσατο
210 2265 243 2291 τὸ
254 2263 330 2291 εἶναι
346 2264 399 2291 ἶσα
414 2263 488 2297 Θεῷ·
504 2264 572 2291 ἀλλ’
588 2263 696 2290 ἑαυτὸν
714 2264 843 2291 ὲκένωσε

52 2309 177 2345 μορφὴν
192 2310 303 2337 δούλου
320 2309 437 2342 λαϐὼν,
451 2310 465 2336 ὁ
481 2309 525 2336 διὰ
542 2310 641 2345 σαρκὸς
667 2310 714 2336 καὶ
729 2309 844 2344 αἵματος

55 2356 227 2391 ἐπιδημήσας
239 2356 277 2390 τῷ
291 2355 351 2390 βίῳ,
368 2355 414 2382 καὶ
427 2355 487 2382 ἀντὶ
502 2356 550 2391 τῆς
567 2355 749 2391 προκειμένης
769 2355 844 2391 αὐτῷ

55 2401 144 2436 χαρᾶς
165 2401 194 2426 ὲν
209 2401 338 2435 μετουσίᾳ
350 2400 398 2435 τῆς
413 2400 606 2436 ταπεινότητος
620 2400 699 2436 ἡμῶν
714 2401 845 2433 ἑκουσίως

55 2447 214 2482 γενόμενος,
228 2447 275 2473 καὶ
291 2446 358 2481 μετὰ
371 2448 420 2481 τῆς
434 2446 480 2473 τοῦ
500 2447 614 2473 θανάτου
634 2447 770 2474 κατελθὼν
787 2449 846 2475 πεί-

57 2501 120 2528 ρας.
136 2491 185 2519 Διὰ
204 2491 291 2519 ταῦτά
309 2500 389 2526 φησιν
404 2492 422 2527 ή
439 2492 541 2528 νύμφη·
557 2493 735 2520 Στοιϐάσατέ
756 2502 795 2529 με
812 2495 847 2521 ἐν

53 2539 176 2574 μήλοις.
201 2537 244 2564 ἵνα
265 2537 372 2568 πάντως
397 2538 435 2568 εἰς
458 2537 523 2572 ὕψος
539 2539 638 2574 ὁρῶσα,
665 2539 754 2574 βλέπω
778 2540 846 2576 πρὸς

55 2585 91 2612 τὰ
109 2584 163 2611 τῶν
179 2583 290 2618 ἀγαθῶν
307 2583 492 2618 ὑποδείγματα
512 2585 546 2610 τὰ
567 2586 596 2612 ὲν
614 2585 653 2621 τῷ
670 2587 778 2621 νυμφίῳ
793 2587 847 2613 δει-

56 2629 269 2665 κνύμενα.“Εκεῖ
284 2629 301 2664 ή
312 2629 446 2664 πραότης’
463 2630 520 2655 ἐκεῖ
536 2630 564 2655 τὸ
579 2630 712 2665 ἀόργητον
722 2637 728 2645 ’
743 2632 801 2657 ἐκεῖ
815 2632 846 2658 τὸ

55 2676 127 2711 πρὸς
143 2674 257 2710 ἐχθροὺς
280 2668 550 2710 ὰμνησίχακονμκαὶ
574 2676 603 2702 τὸ
626 2677 693 2713 πρὸς
712 2678 775 2709 τοὺς
799 2677 844 2704 λυ-

56 2721 176 2752 ποῦντας
195 2719 392 2756 φιλάνθρωπον,
407 2721 452 2747 καὶ
472 2721 502 2748 τὸ
519 2721 552 2748 δι’
568 2722 725 2758 εὐεργεσίας
735 2724 784 2759 τήν
797 2733 845 2751 κα-

57 2768 121 2795 κίτν
137 2765 314 2801 ἀμείϐεσθαι·
332 2767 390 2794 ἐκεῖ
412 2767 442 2793 τὸ
466 2768 607 2803 ἐγκρατὲς,
623 2769 653 2795 τὸ
670 2769 797 2805 καθαρὸν,
817 2771 846 2797 τὸ

92 2860 115 2876 ⁶¹
129 2859 316 2896 Mattb.xl,29
362 2861 388 2877 ⁴³
400 2860 516 2896 l‘hilipp.
531 2868 561 2894 It,

861 2210 882 2238 Ι)

895 1597 955 1616 rum
970 1589 1125 1617 divinarum
1140 1589 1247 1616 deliciis
1256 1589 1436 1616 seoblectans
1449 1588 1552 1618 anima.
1565 1594 1596 1614 ea
1610 1586 1682 1612 intra

895 1637 966 1661 tecta
977 1633 1102 1669 aspicere
1116 1633 1327 1664 desideraverit,
1354 1634 1405 1659 hoc
1427 1633 1572 1666 muigmate
1589 1631 1682 1658 erudi-

896 1686 966 1706 mur.
982 1678 1021 1705 Ex
1034 1686 1067 1706 eo
1084 1679 1158 1706 enim
1183 1678 1255 1713 quod
1273 1686 1383 1706 sursum
1402 1678 1580 1712 aspicientes,
1603 1684 1683 1710 poma

896 1723 1078 1755 attendamus,
1096 1722 1129 1749 ad
1144 1723 1381 1750 conversationem
1399 1723 1538 1749 cwlestem
1555 1722 1618 1748 licet
1635 1720 1684 1747 de-

895 1768 959 1795 duci
976 1775 1023 1803 per
1039 1768 1204 1794 documenta
1217 1767 1387 1802 evangelica.
1404 1766 1471 1800 Quae
1494 1765 1604 1800 quidem
1635 1765 1680 1797 qui

896 1812 1014 1848 desuper
1029 1813 1115 1844 venit,
1132 1817 1159 1840 et
1182 1816 1224 1840 est
1240 1820 1323 1847 super
1335 1812 1437 1843 omnia,
1461 1811 1541 1838 nobis
1563 1810 1685 1838 ostendit;

896 1865 943 1892 per
957 1865 1034 1884 suam
1044 1857 1072 1883 in
1088 1864 1171 1884 carne
1186 1856 1449 1884 manifestationcm.
1459 1859 1488 1881 ut
1498 1855 1544 1889 qui
1556 1854 1682 1882 omnium

897 1903 1030 1929 bonorum
1046 1902 1107 1929 vitae
1120 1902 1307 1929 institutorum
1319 1906 1346 1928 et
1355 1901 1496 1927 actionum
1506 1899 1538 1926 iu-
1549 1907 1578 1927 se
1590 1906 1682 1926 CXCIIP

896 1949 939 1984 pla
956 1948 1097 1980 iudicarit,
1115 1949 1187 1976 sicut
1216 1947 1283 1974 dicit
1308 1947 1443 1974 Dominus
1462 1955 1468 1973 :
1487 1945 1588 1972 Discite
1607 1953 1622 1971 α
1644 1953 1689 1971 me

895 1994 965 2027 quod
979 2002 1037 2020 sunt
1056 1994 1128 2020 miti:
1141 1999 1166 2020 et
1179 1992 1285 2020 Immitis
1301 1991 1383 2019 cotde
1394 1992 1429 2018 ⁶¹.
1454 1990 1510 2018 lloc
1525 1991 1613 2024 ipsum
1639 1996 1685 2015 au-

896 2043 950 2067 tem
970 2040 1117 2074 Apostolus
1131 2038 1429 2074 quoqueliumilitatem
1440 2037 1520 2064 nobis
1528 2043 1683 2070 exponens,

896 2085 962 2112 dicit
978 2094 985 2112 :
1004 2085 1056 2112 Per
1068 2093 1147 2112 unam
1162 2085 1233 2111 enim
1254 2083 1500 2117 contemplationem
1521 2081 1580 2108 licet
1614 2079 1684 2108 verbi

896 2131 1047 2157 universam
1061 2130 1220 2165 conﬁrmare
1236 2130 1381 2156 veritatem.
1401 2128 1472 2155 Dicit
1486 2127 1559 2155 enim
1579 2126 1620 2153 eis
1636 2125 1683 2160 qui

896 2184 1004 2204 sursum
1013 2177 1150 2212 aspiciunt
1165 2186 1172 2203 ι
1185 2175 1242 2202 Hoc
1260 2177 1366 2207 sentite,
1378 2175 1476 2209 inquit,
1495 2174 1522 2200 in
1534 2172 1605 2199 vobis
1614 2172 1683 2206 quod

896 2223 922 2249 in
936 2222 1042 2249 Christo
1062 2221 1128 2249 Iesu
1143 2222 1184 2247 “:
1212 2222 1257 2256 qui
1284 2229 1343 2248 cum
1366 2221 1394 2247 in
1417 2220 1505 2252 forma
1526 2218 1577 2244 Dei
1597 2222 1683 2249 esset,

897 2276 947 2295 non
968 2268 1090 2299 rapinam
1110 2267 1254 2294 arbitralm
1275 2272 1314 2294 est
1338 2275 1365 2294 se
1384 2273 1440 2293 esse
1463 2264 1590 2298 (squalent
1611 2262 1682 2295 Deo,

897 2313 941 2340 sed
959 2314 1026 2340 servi
1049 2313 1164 2347 formam
1186 2313 1302 2347 accepit,
1319 2313 1365 2347 qui
1383 2319 1431 2346 per
1447 2318 1556 2337 carnem
1576 2314 1603 2337 et
1620 2316 1684 2336 san-

897 2361 1007 2396 guinem
1030 2364 1072 2388 est
1089 2361 1116 2388 in
1143 2361 1194 2387 hac
1210 2361 1264 2387 vita
1287 2363 1424 2391 versatus,
1451 2361 1478 2385 et
1501 2365 1550 2392 pro
1565 2364 1596 2384 ea
1623 2363 1685 2390 qua:

899 2407 951 2435 sibi
967 2410 1026 2434 erat
1042 2407 1183 2442 proposita
1199 2407 1306 2438 laetitia.
1333 2411 1360 2434 et
1381 2410 1484 2432 nostrae
1504 2400 1685 2431 humanitatis

898 2453 1051 2481 voluntarie
1068 2454 1205 2488 particeps
1224 2454 1312 2481 iactus
1327 2456 1379 2484 est,
1393 2456 1420 2480 et
1432 2459 1518 2487 usque
1539 2451 1574 2478 ad
1587 2451 1684 2477 mortis

897 2500 971 2526 venit
986 2500 1195 2534 experientiam.
1221 2500 1368 2535 Propterea
1385 2498 1453 2526 dicit
1473 2505 1574 2532 sponsa
1588 2506 1594 2523 :
1611 2496 1685 2523 Ster-

896 2545 950 2572 nile
963 2546 1026 2572 mihi
1040 2550 1126 2573 torum
1140 2546 1167 2573 iu
1181 2546 1258 2573 malis
1271 2565 1278 2577 ,
1299 2549 1329 2572 ut
1344 2551 1452 2579 semper
1469 2544 1495 2570 in
1511 2543 1596 2570 altum
1611 2542 1685 2576 aspi-

895 2592 981 2623 ciens,
993 2592 1100 2620 attente
1109 2595 1136 2618 et
1152 2592 1266 2618 ﬁrmiter
1283 2591 1389 2618 videam
1406 2589 1531 2623 exempla
1546 2588 1684 2615 bonorum

898 2645 959 2672 qua:
973 2638 1194 2664 ostendunturin
1217 2644 1329 2671 sponso.
1356 2635 1413 2662 lllic
1429 2638 1471 2662 est
1488 2634 1587 2661 lenitas
1606 2642 1612 2659 :
1628 2633 1684 2659 illic

875 2701 880 2705 ι
899 2683 946 2709 ira:
962 2683 1084 2709 vacuitas
1102 2691 1108 2708 :
1127 2683 1182 2708 illic
1197 2681 1299 2708 oblivio
1313 2680 1477 2715 injuriarum
1502 2680 1680 2712 acceptarum

900 2727 1085 2754 abinimicis:
1106 2731 1132 2754 ct
1154 2727 1310 2754 humanitas
1327 2726 1355 2753 in
1378 2733 1425 2752 eos
1449 2724 1496 2759 qui
1527 2721 1682 2749 molestiam

900 2772 1026 2805 aﬂ‘erunt,
1042 2777 1067 2799 et
1083 2780 1132 2808 pro
1147 2773 1217 2800 malo
1231 2771 1354 2800 referunt
1370 2769 1541 2798 beneﬁcium.
1559 2767 1616 2794 Illic
1639 2771 1684 2794 cet
