1984 3068
301 112 349 140 851

910 117 940 145 S.
957 117 1119 146 GREGORII
1133 118 1280 148 NYSSENI

1869 123 1920 151 852

300 173 327 196 te
340 179 344 194 ι
357 177 404 204 per
423 170 491 202 ntTa,
503 171 620 205 puritas,
634 173 774 207 patientia,
789 179 815 201 et
825 174 897 202 inani
913 175 999 209 gloria
1012 175 1080 202 nihil

1133 177 1318 213 μακροθυμον,
1342 178 1373 205 τὸ
1399 178 1490 214 πάσης
1512 178 1664 211 κενοδοξίας
1689 187 1718 206 τε
1745 178 1791 205 καὶ
1811 179 1920 211 ἀπάτης

301 220 342 243 est
356 222 373 248 p
391 215 530 249 rmixtum,
547 216 697 253 fraudeque
716 227 776 254 qua:
793 224 917 247 rersatur
934 221 962 248 in
976 221 1010 248 iis
1021 228 1082 256 quae

301 257 334 283 ad
349 259 419 286 hanc
434 260 518 288 vitam
537 263 684 296 pertinent.

335 302 399 331 Post
411 305 467 333 haec
481 306 573 335 laudat
586 310 766 344 sagittarium,
780 311 852 345 quod
869 318 980 346 scopum
1007 314 1082 338 recte

300 349 425 384 attingat,
453 357 481 380 ut
509 354 555 388 qui
576 354 658 382 telum
680 356 793 390 pulchre
817 357 843 384 in
866 357 954 392 ipsam
969 357 1080 392 dirigat.

307 394 461 430 Vulnerata,
475 397 574 433 inquit,
594 408 653 427 sum
672 410 688 428 a
705 398 854 429 dilectione.
879 402 1004 430 Ostendit
1031 403 1081 430 hac

299 441 423 468 oratione
445 443 540 476 teltnn,
555 446 627 480 quod
640 447 715 474 cordi
734 448 786 475 alte
801 448 912 476 insidet.
928 449 979 482 Qui
996 448 1079 476 telum

297 492 388 513 autem
406 488 555 522 iaculatur,
576 495 618 518 est
631 492 741 520 dilectio
761 501 808 521 seu
827 494 959 522 charitas.
983 494 1080 521 Chari-

298 534 381 557 tatem
400 536 489 560 autem
509 542 570 563 esse
594 534 677 563 Deum
695 537 841 565 didicimus
863 546 877 564 a
907 546 984 566 sacra
1003 538 1080 566 Scri-

298 578 423 610 ptura“,
442 579 488 613 qui
499 580 612 608 electam
629 590 706 608 suam
724 584 862 618 sagittam,
883 591 979 618 nempe
998 583 1080 610 Deum

299 622 482 657 unigenitum,
499 626 600 652 emittit
619 627 645 654 in
659 636 708 655 eos
725 629 771 662 qui
797 633 952 660 servantur,
982 629 1080 663 spiritu

298 666 360 694 vita:
376 668 445 695 illita
463 671 563 705 triplici
585 673 672 699 aculei
689 673 813 708 cuspide.
837 674 957 701 Aculeus
989 678 1081 701 autem

299 717 340 739 est
359 712 434 746 ﬁdes,
454 720 482 742 ut
499 716 596 750 quaein
610 725 664 752 quo
677 717 770 750 fuerit,
794 726 855 746 cum
877 719 974 754 sagitta
999 719 1081 747 simul

299 758 417 787 adducat
433 761 615 796 sagittarium,
631 768 660 790 ut
673 763 739 791 dicit
757 764 888 792 Dominus
905 774 910 791 :
929 764 982 799 Ego
996 764 1080 792 etPa-

299 807 339 829 ter
358 811 436 830 unum
451 814 551 838 sumus,
564 812 589 834 et
608 809 748 840 veniemus,
772 815 796 836 et
821 809 983 836 mansionem
1011 810 1080 842 apud

298 856 357 874 eum
373 849 498 884 faciemus
509 851 542 880 ".
560 852 638 881 Videt
648 861 713 888 ergo
727 862 787 889 quae
804 863 852 889 per
866 851 973 882 diuinas
984 863 1081 882 ascen-

299 892 391 921 siones
406 896 432 921 in
450 895 534 923 altum
544 897 651 924 sublata
660 901 702 925 est
716 898 817 929 anima.
830 898 910 926 dulce
922 899 1004 926 telum
1014 898 1080 925 cha-

299 937 399 970 ritatis,
427 947 481 974 quo
495 940 553 975 ipsa
583 941 634 968 fuit
655 943 790 976 sauciata,
815 948 843 971 et
861 944 895 971 de
909 951 942 971 eo
969 944 1081 971 vulnere

298 983 441 1016 gloriatur,
455 985 548 1014 dicens
565 997 571 1014 :
593 987 740 1015 Vulnerata
754 997 813 1015 sum
835 997 881 1024 ego
897 997 914 1015 ο
929 989 1079 1016 dilectione.

299 1028 321 1054 0
344 1028 488 1062 pulchrum
517 1032 615 1060 vulnus
638 1037 665 1060 ct
688 1033 776 1061 dulcis
796 1034 894 1069 plaga,
925 1042 973 1069 per
999 1042 1080 1069 quam

299 1074 404 1108 plagam
434 1075 487 1103 vita
522 1079 596 1105 subit
629 1079 756 1111 interna,
792 1080 864 1115 quod
893 1088 954 1115 qua:
980 1088 995 1107 a
1027 1081 1081 1108 telo

300 1121 369 1148 facta
381 1126 422 1149 est
437 1123 546 1155 divisio.
567 1124 704 1158 quoddam
721 1126 823 1153 ostium
843 1131 870 1153 et
889 1126 992 1153 aditum
1014 1133 1080 1160 ape-

299 1173 331 1192 iu
343 1167 400 1193 :rit!
418 1167 486 1195 Nam
505 1169 587 1196 simul
602 1175 684 1205 atque
699 1171 782 1198 telum
802 1172 907 1206 accepit
926 1171 1079 1204 cbaritatis,

297 1212 332 1239 ad
355 1214 503 1248 nuptialem
527 1215 649 1243 laetitiam
677 1217 802 1251 protinus
825 1221 1005 1244 transmutata
1029 1217 1081 1244 fuit

295 1256 438 1291 jaculatio.
456 1259 536 1289 Vides
553 1262 625 1289 enim
639 1263 869 1297 quemadmodum
879 1270 976 1290 manus
985 1270 1079 1290 arcum

297 1307 429 1336 tractant,
456 1305 606 1340 dispertita:
620 1307 653 1334 ad
676 1315 754 1334 usum
774 1307 990 1342 operationibus.
1012 1307 1079 1334 Nam

297 1348 409 1376 sinistra
424 1350 534 1383 quidem
553 1358 658 1383 arcum,
683 1351 793 1379 dextera
810 1359 875 1379 vero
902 1360 1014 1379 nervum
1046 1352 1080 1380 ad

297 1400 327 1420 se
339 1394 462 1427 attrahit,
482 1403 529 1430 per
545 1396 650 1430 sagittae
667 1397 865 1424 concavitatem
880 1398 963 1424 telum
991 1397 1024 1424 ad
1051 1405 1081 1425 se

297 1440 450 1471 attrahens,
466 1440 539 1474 quod
556 1441 676 1468 adhibita
695 1449 776 1468 manu
791 1442 902 1470 sinistra
915 1443 948 1469 ad
965 1450 1078 1477 scopum

297 1479 435 1518 dirigitur.
458 1483 524 1517 Quae
539 1492 603 1520 ergo
619 1486 701 1520 paulo
721 1491 785 1514 ante
800 1487 844 1514 teli
871 1483 941 1514 facta
962 1491 1004 1515 est
1020 1495 1080 1515 sco-

297 1534 360 1561 pus,
379 1535 451 1555 nttnc
479 1529 596 1564 seipsam
625 1538 675 1564 pro
702 1531 756 1558 telo
780 1531 877 1566 aspicit
905 1533 931 1560 in
955 1533 1080 1560 manibus

298 1572 445 1608 sagittarii,
471 1582 533 1601 cum
563 1575 643 1602 aliter
668 1576 791 1608 dextera.
818 1581 844 1604 et
867 1578 945 1605 aliter
969 1578 1080 1606 sinistra

298 1618 382 1644 telum
395 1619 592 1653 apprehendat.
613 1621 666 1648 Sed
681 1623 811 1656 quoniatn
840 1631 889 1658 per
913 1629 1022 1658 tropum
1048 1632 1081 1651 ex

297 1665 473 1699 epithalamio
499 1671 637 1702 sumptum
654 1667 844 1703 producuntur
857 1676 890 1696 ex
901 1670 1079 1704 consequenti

298 1709 494 1738 theorematum
521 1713 751 1748 significationes,
786 1721 840 1741 non
863 1713 927 1742 fecit
954 1715 1081 1743 aculeum

297 1755 344 1782 teli
369 1757 497 1784 sustineri
520 1765 535 1785 a
561 1759 686 1792 sinistra,
715 1767 804 1794 neque
826 1760 965 1788 dexteram
989 1764 1081 1788 tenere

298 1801 411 1828 alteram
428 1808 544 1837 partem,
576 1808 606 1831 ut
622 1805 658 1832 sit
675 1805 766 1832 anima
783 1806 866 1833 telum
884 1806 912 1833 in
936 1813 1017 1833 manu
1033 1814 1081 1841 po-

297 1848 381 1876 tentis
395 1848 529 1876 directum
547 1857 657 1878 sursum
677 1851 711 1877 ad
727 1859 852 1887 scopum,
871 1852 917 1881 sed
936 1851 1002 1879 fecit
1016 1852 1082 1879 sini-

298 1897 381 1920 stram
395 1894 505 1929 quidem
526 1895 625 1930 subjici
636 1896 717 1930 capiti
734 1905 783 1932 pro
799 1898 893 1925 aculeo
918 1906 925 1924 :
941 1898 1080 1926 dexteram

298 1943 389 1966 autem
408 1944 500 1968 tenere
518 1941 542 1968 id
555 1942 629 1976 quod
646 1946 730 1969 restat
746 1951 753 1969 :
779 1946 808 1969 ut
827 1943 918 1975 simul,
931 1948 960 1970 ut
973 1944 1080 1978 opinor,

295 1986 402 2020 duplici
431 1986 577 2021 a-nigmate
600 1987 810 2022 philosophetur
831 1989 920 2015 oratio
935 1989 969 2016 de
990 1989 1081 2016 divina

295 2031 470 2063 ascensione,
486 2031 636 2060 ostendens
656 2033 730 2067 quod
747 2033 818 2060 idem
845 2034 882 2062 sit
905 2041 1024 2069 sponsus
1054 2039 1081 2062 et

295 2077 467 2112 sagittarius.
483 2077 577 2105 eadem
590 2082 686 2106 nostra
701 2087 804 2114 sponsa
816 2083 843 2107 et
857 2081 967 2115 sagitta,
981 2089 1078 2116 nempe

295 2129 364 2157 pztra
383 2126 463 2150 ulcus
477 2123 579 2156 anima,
596 2128 622 2151 et
635 2129 765 2159 tanquam
782 2125 905 2158 jaCulum
930 2125 963 2153 ad
978 2125 1080 2152 bonum

1133 221 1261 258 βιωτικῆς
1273 223 1460 259 ἀνεπίμικτον.

1167 310 1258 337 Ταῦτα
1270 310 1394 342 eiu-mica,
1409 311 1515 338 ὲπαινεῐ
1527 310 1572 337 τὴν
1585 310 1694 346 τοξότην
1706 311 1754 346 τῆς
1769 310 1918 345 εὐποιίας,

1131 356 1168 388 ὡς
1193 357 1283 388 καλῶς
1306 357 1349 384 ἐπ’
1375 357 1458 392 αὑτὴν
1478 357 1508 383 τὸ
1535 356 1610 392 βέλος
1630 355 1787 383 εὑθύναντα.
1814 358 1916 388 Τετρω-

1128 401 1205 435 μένη
1220 401 1284 436 γὰρ,
1302 401 1394 436 φησὶν,
1410 401 1523 436 ἀγάπης
1546 400 1613 436 ἐγώ.
1639 401 1760 427 Δείκνυσι
1785 400 1823 435 τῷ
1847 400 1919 434 λόγῳ

1131 445 1161 472 τὸ
1175 444 1259 479 βέλος,
1278 445 1308 472 τὺ
1323 447 1356 481 τῇ
1374 446 1470 482 καρδίᾳ
1484 445 1526 472 διὰ
1549 445 1645 480 βάθους
1664 445 1829 480 ἐγκείμενον.
1850 445 1877 471 Ὁ
1889 445 1917 470 δὲ

1130 490 1241 525 τοξότης
1257 491 1304 518 τοῦ
1325 491 1418 526 βέλους
1437 492 1453 526 ή
1474 491 1567 526 ἀγάπη
1587 490 1670 517 ἐστίν.
1692 490 1813 530 Ἀγάττην
1828 489 1856 516 δὲ
1871 489 1918 516 τὸν

1130 536 1196 563 Θεὸν
1222 535 1290 563 εἷναι
1308 537 1382 572 παρὰ
1405 538 1454 571 τῆς
1478 537 1558 571 ἁγίας
1577 536 1686 572 Γραφῆς
1708 536 1916 571 μεμαθήκαμεν,

1131 582 1159 614 ὃς
1175 582 1204 609 τὸ
1213 581 1337 608 ἐκλεκτὸν
1348 582 1381 609 αὑ
1386 582 1430 608 τοῦ
1441 582 1516 616 βέλος
1526 581 1570 608 τὸν
1584 582 1713 617 μονογενῆ
1726 581 1789 607 Υίὸν
1797 577 1843 606 ὲπῖ
1854 581 1917 611 τοὺς

1133 626 1302 662 σωζομένους
1317 627 1452 662 ἐκπέμπει
1464 647 1470 656 .
1493 627 1532 661 τῷ
1554 626 1687 661 πνεύματι
1707 626 1779 660 ζωῆς
1796 626 1844 660 τὴν
1859 633 1916 660 τρι-

1132 672 1200 708 πλῆν
1210 672 1260 707 τῆς
1271 672 1361 704 ἀκίδος
1370 672 1461 707 ἀκμὴν
1472 672 1653 708 περιχρώσας.
1671 672 1742 703 ’Δκὶς
1754 671 1781 697 δὲ
1795 671 1812 706 ή
1826 670 1916 701 πίστις

1131 718 1214 750 ἐστὶν,
1233 717 1276 743 ἵνα
1291 718 1320 743 ὲν
1337 714 1359 750 ᾧ
1374 717 1484 751 γένηται
1507 716 1651 752 συνεισάγῃ
1672 715 1740 751 μετὰ
1758 715 1804 742 τοῦ
1825 715 1915 750 βέλους

1131 763 1177 788 καὶ
1195 762 1240 789 τὸν
1257 761 1377 796 τοξότην,
1393 761 1430 793 ῶς
1443 769 1524 795 φησιν
1540 762 1554 787 ὁ
1570 760 1679 794 Κύριος,
1692 760 1732 786 ὅτι
1750 759 1823 794 Ἐγὼ
1836 758 1883 785 καὶ
1900 760 1917 785 ό

1132 807 1232 841 Πατὴρ
1244 807 1280 834 ἓν
1291 808 1394 841 ἐσμεν,
1409 807 1457 834 καὶ
1470 806 1663 840 ἐλευσόμεθα,
1678 805 1726 832 καὶ
1737 804 1837 839 μονὴν
1848 804 1916 838 παρ’

1131 853 1209 886 αὐτῷ
1236 853 1412 887 ποιήσομεν.
1436 852 1501 887 Ὁρᾷ
1528 851 1617 878 τοίνυν
1644 852 1660 886 ἡ
1685 850 1730 877 διὰ
1750 850 1805 876 τῶν
1837 850 1917 876 θείων

1131 898 1287 926 ἀναϐάσεων
1316 898 1452 932 ὑψωθεῐσα
1472 897 1555 932 ψυχὴ,
1575 897 1606 923 τὸ
1631 896 1715 930 γλυκὺ
1738 897 1785 930 τῆς
1807 894 1918 930 ἀγάπης

1132 943 1207 978 βέλος
1220 944 1248 969 ὲν
1263 944 1356 978 ἑαυτῇ,
1370 940 1392 977 ᾧ
1407 943 1522 978 ἐτρώθη,
1537 943 1582 969 καὶ
1597 942 1726 977 καύχημα
1739 943 1854 968 ποιεῖται
1867 942 1918 975 τὴν

1132 989 1248 1023 πληγὴν,
1270 988 1394 1023 λέγουσα,
1412 989 1453 1015 ὅτι
1477 987 1642 1022 Τετρωμένη
1665 986 1780 1022 ἀγάπης
1798 987 1864 1021 ἐγώ.
1886 986 1917 1011 Ὢ

1132 1034 1214 1060 καλοῦ
1227 1034 1383 1069 τραύματος
1400 1035 1447 1061 καὶ
1464 1034 1592 1068 γλυκείας
1611 1033 1727 1068 πληγῆς,
1738 1033 1770 1059 δι’
1784 1030 1817 1067 ἧς
1831 1033 1846 1067 ἦ
1861 1031 1917 1066 ζωὴ

1131 1079 1177 1106 ἐπὶ
1196 1080 1230 1106 τὰ
1249 1080 1322 1109 ἐντὸς
1345 1079 1493 1111 διαδύεται,
1515 1079 1609 1114 ὥσπερ
1623 1079 1682 1105 τινὰ
1702 1078 1786 1113 θύραν
1802 1078 1849 1104 καὶ
1861 1077 1915 1103 είσ-

1131 1125 1188 1152 οδον
1202 1125 1251 1160 τὴν
1268 1125 1299 1150 ὲκ
1315 1124 1362 1150 τοῦ
1377 1124 1468 1159 βέλους
1486 1124 1615 1159 διαίρεσιν
1633 1124 1714 1159 ἑαυτῇ
1734 1123 1914 1156 ὑπανοίξασαί

1137 1169 1218 1203 Ὁμοῦ
1241 1178 1271 1195 τε
1293 1169 1346 1204 γὰρ
1368 1169 1398 1195 τὸ
1419 1170 1468 1203 τῆς
1492 1169 1600 1204 ἀγάπης
1628 1167 1703 1203 βέλος
1728 1168 1844 1200 ἐδέξατο.
1869 1168 1917 1194 καὶ

1132 1216 1298 1250 παραχρῆμα
1324 1215 1364 1246 είς
1385 1214 1504 1250 γαμικὴν
1532 1214 1662 1249 Θυμηδίαν
1692 1214 1708 1248 ἡ
1737 1213 1826 1245 τοξεία
1854 1221 1918 1248 μετι

1131 1260 1292 1295 εσκευάσθη.
1312 1261 1428 1296 Φανερὸν
1442 1260 1495 1296 γάρ
1507 1260 1564 1286 ἐστι
1579 1259 1637 1290 πῶς
1653 1259 1681 1286 αί
1694 1261 1783 1294 χεῖρες
1795 1259 1825 1285 τὸ
1840 1258 1918 1291 τόξον

1132 1305 1372 1341 μεταχειρίζονται,
1393 1306 1567 1341 μεριζόμεναι
1589 1305 1656 1340 πρὸς
1677 1305 1727 1340 τὴν
1744 1304 1837 1340 χρείαν
1858 1306 1918 1336 ταῖς

1131 1352 1290 1387 ἐνεργείαις.
1310 1352 1341 1378 Ἠ
1357 1352 1405 1386 μὲν
1419 1352 1472 1387 γὰρ
1482 1351 1619 1386 εὐώνυμος
1630 1351 1676 1377 τοῦ
1689 1351 1765 1382 τόξου
1780 1350 1895 1376 ἅπτεται
1911 1359 1917 1364 ·

1131 1399 1148 1433 ἡ
1159 1397 1232 1429 δεξιὰ
1249 1397 1278 1424 δὲ
1297 1396 1347 1432 τὴν
1368 1396 1465 1432 νευρὰν
1481 1396 1548 1432 πρὸς
1565 1396 1662 1430 ἑαυτὴν
1685 1396 1842 1426 ἐπισπᾶται,
1857 1404 1918 1421 συν-

1132 1443 1261 1478 ελκομένη
1271 1442 1372 1469 διὰτῶν
1378 1441 1510 1476 γλυφίδων
1518 1442 1547 1467 τὸ
1556 1441 1630 1476 βέλος
1637 1442 1669 1476 τῇ
1678 1440 1795 1475 προϐολῇ
1802 1441 1851 1474 τῆς
1858 1441 1919 1476 ἀρι-

1133 1489 1228 1524 στερᾶς
1241 1488 1330 1524 χειρὸς
1343 1489 1410 1523 πρὸς
1426 1487 1470 1514 τὸν
1485 1487 1583 1514 σκοπὸν
1597 1487 1781 1522 εὐθυνόμενον.
1790 1486 1918 1512 Ἠτοίνυν

1132 1534 1185 1568 πρὸ
1200 1533 1290 1567 ὀλίγου
1307 1533 1406 1565 σκοπὸς
1418 1533 1548 1568 γενομένη
1570 1532 1616 1559 τοῦ
1639 1532 1742 1567 βέλους,
1757 1531 1804 1557 νῦν
1817 1531 1918 1566 ἑαυτὴν

1130 1579 1189 1605 ἀντὶ
1205 1578 1297 1613 βέλους
1316 1579 1343 1604 ὲν
1359 1579 1418 1610 ταῖς
1437 1579 1513 1613 χερσὶ
1529 1577 1575 1604 τοῦ
1592 1577 1698 1609 τοξότου
1715 1577 1816 1611 βλέπει,
1831 1577 1917 1607 ἄλλως

1130 1626 1179 1660 τῆς
1189 1624 1287 1657 δεξιᾶς,
1303 1625 1350 1651 καὶ
1362 1624 1460 1660 ἑτέρως
1471 1625 1520 1659 τῆς
1533 1624 1672 1658 εὐωνύμου
1683 1622 1917 1658 διαλαμϐανούσης

1129 1670 1160 1696 τὸ
1176 1670 1258 1705 βέλος.
1273 1670 1340 1696 Ἀλλ’
1354 1670 1446 1704 ἐπειδὴ
1461 1669 1504 1695 διὰ
1517 1671 1566 1704 τῆς
1578 1669 1758 1703 ἐπιθαλαμίου
1771 1669 1875 1703 τροπῆς
1889 1669 1917 1694 αἱ

1130 1715 1184 1742 τῶν
1195 1715 1378 1751 θεωρημάτων
1393 1716 1524 1751 ἐμφάσεις
1538 1716 1571 1742 δι’
1582 1715 1726 1742 ἀκολούθου
1739 1714 1915 1749 προάγονται,

1130 1762 1179 1788 οὐκ
1195 1762 1303 1797 ἐποίησε
1314 1761 1362 1796 τὴν
1377 1762 1456 1788 ἀκίδα
1470 1761 1515 1788 τοῦ
1531 1761 1625 1796 βέλους
1646 1760 1697 1787 ὑπὸ
1710 1760 1757 1794 τῆς
1770 1760 1917 1794 ἀριστερᾶς

1130 1807 1272 1842 ἐχομένην,
1289 1807 1349 1833 οὐδὲ
1363 1807 1411 1842 τὴν
1426 1807 1513 1839 δεξιὰν
1525 1807 1554 1832 τὸ
1566 1807 1659 1842 ἕτερον
1670 1805 1915 1840 διαλαμϐάνουσαν,

1130 1853 1167 1884 ὡς
1187 1853 1219 1880 ἂν
1233 1853 1336 1886 γένοιτο
1351 1854 1367 1888 ἡ
1384 1852 1456 1888 ψυχὴ
1484 1852 1557 1887 βέλος
1574 1853 1602 1878 ἐν
1625 1852 1696 1887 χειρὶ
1720 1850 1766 1877 τοῦ
1790 1850 1916 1881 δυνατοῦ,

1132 1898 1199 1934 πρὸς
1216 1898 1261 1924 τὸν
1275 1898 1330 1924 ἀνω
1347 1898 1445 1924 σκοπὸν
1461 1897 1637 1932 εὐθυνόμενον
1648 1905 1654 1912 ·
1667 1896 1723 1923 ἀλλ’
1739 1896 1851 1930 ἐποίησε
1868 1895 1917 1930 τὴν

1133 1944 1181 1979 μὲν
1205 1942 1343 1978 εὐώνυμον
1365 1943 1424 1968 ἀντὶ
1440 1943 1488 1977 τῆς
1513 1943 1604 1973 ἀκίδος
1628 1943 1661 1977 τῇ
1679 1941 1782 1976 κεφαλῇ
1799 1941 1918 1967 ὑποϐάλ-

1131 1989 1241 2016 λεσθαι·
1257 1988 1484 2024 διαλαμϐάνεσθαι
1508 1989 1536 2014 δὲ
1557 1989 1589 2023 τῇ
1605 1987 1680 2022 δεξιᾷ
1698 1987 1727 2013 τὺ
1745 1987 1916 2021 λειπόμενον,

1132 2035 1169 2066 ὡς
1181 2034 1223 2067 ἂν,
1238 2033 1323 2070 οἶμαι,
1340 2034 1410 2061 κατὰ
1430 2034 1526 2060 ταυτὸν
1540 2034 1568 2060 ὲν
1586 2035 1641 2065 τοῖς
1654 2033 1756 2064 διπλοῖς
1773 2033 1918 2068 αἰνίγμασι

1131 2081 1165 2108 τὰ
1180 2081 1242 2116 περὶ
1256 2082 1305 2116 τῆς
1321 2080 1395 2111 θείας
1410 2080 1567 2112 ἀναδάσεως
1582 2081 1596 2106 ό
1608 2079 1685 2113 λόγος
1700 2079 1917 2114 φιλοσοφήσειεν,

1131 2128 1237 2159 δεικνὺς
1261 2127 1302 2153 ὅτι
1325 2127 1339 2152 ὁ
1362 2127 1442 2157 αὐτὸς
1465 2126 1511 2152 καὶ
1530 2125 1645 2160 νυμφίος
1661 2125 1706 2151 καὶ
1719 2123 1829 2159 τοξότης
1842 2125 1918 2150 ἐστὶν

294 2175 411 2202 scopum
439 2167 560 2202 dirigens
577 2173 727 2203 :tanquam
757 2177 888 2204 sponsam
907 2177 1016 2197 sursum
1033 2169 1080 2198 de-

1133 2171 1221 2207 ἡμῶν,
1238 2170 1331 2207 νύμφῃ
1351 2179 1379 2197 τε
1395 2171 1441 2197 καὶ
1461 2170 1530 2205 βέλει
1554 2171 1587 2205 τῇ
1604 2169 1796 2206 κεκαθαρμένῃ
1817 2176 1915 2204 κεχρη-

296 2213 403 2241 ducens
426 2213 460 2240 ad
486 2213 721 2249 participationem
749 2215 922 2246 aeternitatis.
951 2216 977 2242 iu
1001 2223 1082 2250 quam

298 2267 352 2286 non
370 2260 443 2287 cadit
470 2260 608 2292 interitus,
634 2261 696 2287 vitae
720 2260 919 2296 longitudinem
942 2265 970 2289 et
995 2269 1082 2289 annos

298 2305 361 2332 vita:
377 2313 426 2340 per
442 2306 582 2334 dexteram
598 2306 744 2341 elargiens.
762 2314 810 2341 per
823 2306 962 2333 sinistram
975 2311 1078 2338 autem,

299 2355 466 2377 aeternorum
482 2351 618 2378 bonorum
633 2350 744 2379 divitias
761 2355 787 2378 et
802 2350 849 2378 Dei
864 2351 991 2386 gloriam,
1002 2351 1082 2385 cujus

299 2401 354 2422 non
372 2399 489 2430 possunt
500 2403 563 2423 esse
576 2395 736 2431 participes,
754 2396 800 2431 qui
820 2401 947 2431 qumrunt
967 2397 1081 2431 gloriam

299 2440 407 2467 mundi.
428 2441 575 2476 Propterea
600 2441 667 2469 dicit
688 2451 695 2469 :
712 2441 830 2469 Sinistra
851 2443 908 2476 ejus
929 2442 976 2469 sub
997 2443 1083 2477 capite

299 2494 418 2521 meo,per
426 2494 508 2522 quam
516 2487 638 2522 jaculum
647 2488 769 2522 dirigitur
787 2487 819 2514 ad
829 2495 953 2522 scopum.
967 2487 1083 2515 Dextera

301 2536 391 2560 autem
405 2533 465 2567 ejus
478 2541 520 2561 me
534 2534 743 2568 apprehendens
763 2538 790 2562 et
804 2533 837 2560 ad
850 2541 880 2560 se
901 2534 1023 2566 trahens,
1039 2533 1080 2561 ef-

301 2575 358 2603 ﬁcit
372 2584 415 2604 me
429 2577 526 2608 levem.
555 2581 584 2604 ut
599 2585 708 2605 sursum
733 2577 815 2610 ferar,
843 2583 872 2604 ut
894 2578 958 2606 illuc
976 2579 1080 2612 mittar,

299 2626 326 2649 et
340 2630 355 2649 a
371 2622 515 2657 sagittario
531 2624 642 2651 minime
663 2631 784 2658 separer.
810 2624 885 2652 Adeo
907 2628 935 2651 ut
958 2628 984 2652 et
1000 2625 1081 2652 simul

300 2667 406 2694 feratur
421 2676 469 2702 per
489 2668 696 2702 jaculationem,
724 2669 794 2696 etin
822 2668 927 2696 Domini
953 2670 1080 2699 manibus

299 2714 489 2748 conquiescat.
521 2713 622 2742 Harum
646 2723 775 2742 manuum
806 2716 986 2750 proprietates
1016 2717 1082 2745 dicit

337 2801 358 2818 “
372 2802 380 2830 I
392 2803 470 2832 Joan.
489 2812 525 2837 tv,
542 2803 567 2830 8.
607 2803 716 2831 “"Joan.
733 2812 787 2837 xn',
803 2806 846 2832 :25.

1136 2217 1216 2252 μένος
1241 2216 1324 2251 ψυχῇ,
1349 2216 1386 2246 ὡς
1418 2215 1492 2250 βέλος
1515 2215 1582 2250 πρὸς
1598 2215 1642 2240 τὸν
1669 2214 1768 2248 ἀγαθὸν
1797 2214 1918 2240 εὐθύνων

1135 2261 1250 2287 σκοπόν·
1277 2261 1314 2292 ὡς
1338 2261 1446 2295 νύμφην
1473 2259 1540 2294 πρὸς
1556 2259 1699 2294 μετουσίαν
1721 2258 1918 2293 ἀνα).οιμ6ἀνων

1133 2309 1182 2342 τῆς
1197 2306 1334 2341 ἀφθάρτου
1354 2306 1512 2340 ἀῖδιότητος,
1532 2306 1617 2340 μῆκος
1641 2304 1696 2339 βίου
1714 2305 1760 2331 καὶ
1775 2304 1822 2339 ἐτη
1845 2304 1919 2337 ζωῆς

1133 2353 1177 2380 διὰ
1189 2353 1238 2388 τῆς
1253 2352 1341 2384 δεξιᾶς
1356 2352 1550 2387 χαριζόμενος·
1574 2351 1618 2377 διὰ
1644 2350 1672 2376 δὲ
1695 2350 1745 2384 τῆς
1771 2350 1919 2386 ἀριστερᾶς

1134 2400 1178 2426 τὸν
1190 2399 1243 2425 τῶν
1258 2398 1372 2425 αἰωνίων
1389 2397 1498 2431 ἀγαθῶν
1513 2396 1625 2423 πλοῦτον
1640 2416 1646 2426 ,
1661 2396 1707 2422 καὶ
1720 2395 1768 2430 τὴν
1786 2395 1834 2421 τοῦ
1850 2395 1918 2422 Θεοῦ

1133 2443 1220 2476 δόξαν,
1244 2441 1278 2478 ἧς
1294 2443 1318 2468 οἱ
1341 2442 1389 2477 τὴν
1410 2441 1456 2468 τοῦ
1473 2441 1575 2475 κόσμου
1588 2440 1731 2476 ζητοῦντες
1755 2439 1833 2471 δόξαν
1849 2440 1919 2474 ἀμέ-

1133 2497 1204 2524 τοχοι
1222 2489 1350 2522 γίνονται.
1371 2487 1420 2513 Διὰ
1437 2487 1514 2513 τοῦτό
1535 2495 1626 2522 φησιν,
1645 2487 1806 2520 Εὐώνυμος
1824 2486 1921 2512 αὐτοῦ

1133 2534 1191 2561 ὑπὸ
1205 2533 1261 2567 τὴν
1274 2533 1411 2567 κεφαλήν
1426 2541 1496 2566 μου,
1515 2531 1548 2558 δι’
1567 2529 1601 2566 ἧς
1623 2531 1763 2558 εὐθύνεται
1788 2531 1857 2566 πρὸς
1873 2531 1920 2557 τὸν

1135 2579 1234 2607 σκοπὸν
1257 2579 1288 2605 τὸ
1311 2579 1400 2614 βέλος·
1420 2577 1493 2610 δεξιὰ
1516 2578 1544 2604 δὲ
1568 2578 1649 2604 αὐτοῦ
1672 2577 1739 2613 πρὸς
1763 2577 1864 2611 ἑαυτήν
1886 2585 1919 2612 με

1133 2624 1296 2652 διαλαϐοῦσα
1309 2625 1355 2651 καὶ
1370 2624 1585 2659 ἐφελκυσαμένη,
1603 2624 1705 2659 κούφην
1728 2632 1762 2658 με
1785 2623 1853 2658 πρὸς
1870 2623 1921 2658 τὴν

1123 2671 1189 2698 ,ἄνω
1204 2670 1289 2705 φορὰν
1303 2669 1496 2705 ἀπεργάζεται,
1516 2670 1595 2696 κάκεῖ
1606 2668 1794 2704 πεμπομένην,
1813 2668 1859 2694 καὶ
1871 2667 1919 2695 τοῦ

1134 2716 1239 2749 τοξότου
1261 2716 1298 2751 μὴ
1315 2716 1516 2751 χωριζομένην·
1543 2716 1580 2747 ὡς
1597 2715 1664 2751 ὁμοῦ
1686 2724 1715 2742 τε
1730 2715 1860 2751 φέρεσθαι
1873 2715 1918 2742 διὰ
