1984 3068
89 85 141 113 855

577 83 610 110 IN
634 83 786 113 CANTlCA
797 82 934 111 CANTlC.
955 82 1097 112 llOMlLlA
1115 83 1159 111 IV.

1616 104 1619 107 ι
1672 86 1724 113 85:

88 146 137 180 τῆς
163 144 253 180 βολῆς,
278 143 324 170 καὶ
348 144 409 175 ταῖς
435 143 515 178 χερσὶ
543 142 590 170 τοῦ
613 144 748 171 Δεσπότου
765 153 881 171 συνανα-

944 145 1126 177 ’roverbium.
1154 152 1252 180 nempe
1268 144 1342 180 quod
1360 144 1506 180 longitudo
1531 146 1593 172 vita:
1616 149 1643 171 ct
1661 145 1724 172 anni

89 190 234 217 παύεσθαι.
248 190 288 216 Τὰ
302 189 330 216 δὲ
347 189 401 217 τῶν
415 189 517 225 χειρῶν
532 189 635 217 τούτων
653 190 785 225 ἰδιώματά
800 199 881 226 φησιν

89 235 106 270 ή
127 235 275 271 Παροιμια.
295 235 337 262 ὄτι
363 234 451 270 μῆκος
475 234 544 270 βίου,
563 235 610 262 καὶ
630 235 678 270 ἐτη
696 235 767 271 ζωῆς
793 237 822 262 ἐν
849 238 880 272 τῇ

89 279 162 315 δεξιᾷ
176 280 226 315 τῆς
242 280 337 315 σοφίας
349 289 356 296 ·
373 282 401 308 ἐν
425 280 453 307 δὲ
464 282 496 316 τῇ
512 281 645 316 ἀριστερᾷ
658 281 754 316 αὐτῆς,
769 281 882 313 πλοῦτος

90 324 137 350 καὶ
151 323 226 357 δόξα.

125 367 192 397 Εἶτα
210 370 279 405 πρὸς
302 369 351 402 τὰς
375 369 529 405 θυγατέρας
547 369 597 404 τῆς
620 369 675 396 ἄνω
707 370 883 406 Ἰερουσαλὴμ

90 414 186 451 τρέπει
203 415 248 442 τὸν
262 416 349 450 λόγον.
373 416 402 443 Ὀ
424 415 453 442 δὲ
468 416 546 450 λόγος
570 415 743 451 παράκλησίς
765 416 838 442 ἐστιν
854 416 883 443 ὲν

89 462 163 496 ὅρκῳ
195 461 399 497 προσαγομένη,
426 462 473 488 τοῦ
500 462 658 494 πλεονάζειν
684 462 732 488 καὶ
756 461 883 495 ἐπαύξειν

90 507 135 532 ἀεὶ
153 506 202 541 τὴν
225 506 346 542 ἀγάπην,
373 507 425 538 ἕως
449 506 482 533 ἂν
495 507 605 542 ἐνεργὸν
620 506 717 533 ἑαυτοῦ
737 507 836 542 ποιήσῃ
853 507 884 533 τὸ

92 552 207 587 θέλημα,
222 553 235 577 ό
252 551 336 579 θέλων
351 552 454 583 πάντας
472 552 603 587 σωθῆναι,
619 552 667 578 καὶ
681 552 721 583 είς
737 551 883 586 ἐπίγνωσιν

91 598 218 633 ἀληθείας
238 599 336 626 ἐλθεῖν.
360 599 388 625 Ὀ
403 599 432 626 δὲ
445 599 524 632 λόγος
538 595 616 630 οὗτός
632 599 706 625 ἐστιν
722 598 752 624 ὃν
768 597 883 632 πεποίη-

90 652 154 671 ται·
179 645 306 679 ’Ὧρκισα
323 644 401 680 ὑμᾶς
411 665 419 678 ,
433 645 593 680 θυγατέρες
623 644 834 679 Ἰερουσαλὴμ,
850 644 886 671 ἐν

91 690 156 723 ταῖς
175 690 321 725 δυνάμεσι
337 690 387 717 καὶ
410 690 444 717 ἐν
461 690 525 723 ταῖς
547 691 691 726 ίσχύσεσι
710 689 764 717 τοῦ
781 690 884 725 ἀγροῦ,

91 735 145 762 ἐὰν
156 736 288 770 ere/pure
301 736 349 762 καὶ
365 736 532 771 ἑξεγείρητε
548 736 606 770 τὴν
628 736 757 771 ἀγάπην,
773 736 828 769 ἕως
848 733 884 764 οὖ

92 781 221 815 θελήσῃ.
242 781 343 816 Ὅρκος
366 782 425 808 ἐστὶ
440 781 518 816 λόγος
542 782 722 817 πιστούμενος
739 782 774 819 διξ
789 781 885 808 ἐαυτοῦ

934 191 997 219 vitae
1014 196 1080 220 sunt
1091 191 1206 219 dextera
1216 191 1357 226 sapientiae
1373 200 1378 217 :
1397 191 1425 219 in
1434 191 1496 226 cius
1508 194 1600 218 autem
1611 191 1724 219 sinistra

935 237 1038 266 divitiae
1052 241 1079 266 et
1092 237 1222 274 gloria".

972 379 1076 407 Deinde
1104 378 1240 407 convertit
1263 377 1416 406 oralionem
1443 377 1478 404 ad
1510 377 1578 404 ﬁlias
1602 384 1726 411 superine

936 421 1100 452 Jerusalem.
1127 424 1176 452 Est
1194 428 1286 451 autem
1306 422 1396 450 oratio
1412 421 1568 449 adhortatio
1597 429 1657 456 qua:
1678 421 1726 448 ad-

937 471 1047 498 hibetur
1074 477 1136 497 cum
1156 469 1341 504 adjuratione,
1366 472 1395 495 ut
1413 467 1612 502 multiplicetur
1631 471 1659 494 ct
1678 474 1726 493 au-

938 521 1033 552 geatur
1044 523 1155 552 semper
1168 515 1302 547 Charitas,
1329 514 1416 542 donec
1432 513 1466 540 ad
1491 513 1618 540 eﬂ‘ectum
1646 519 1726 540 suam

937 562 1082 590 deduxerit
1101 562 1283 593 voluntatem,
1294 561 1341 596 qui
1356 560 1414 588 vult
1429 567 1525 588 omnes
1535 559 1660 586 homines
1670 558 1726 585 sal-

939 617 988 636 vos
1014 608 1082 639 ﬁeri.
1112 611 1141 636 et
1164 607 1198 635 ad
1225 605 1401 642 agnitionem‘
1423 606 1520 633 venire
1556 604 1725 631 veritatis”.

939 653 1002 681 llzec
1020 658 1085 681 sunt
1107 655 1198 680 autem
1222 652 1283 686 ejus
1303 651 1386 679 verba
1405 660 1411 678 :
1432 649 1563 685 Adjuravi
1585 658 1641 681 vos,
1664 650 1727 683 ﬁlia:

939 699 1105 732 Jerusalem,
1130 699 1158 725 in
1186 697 1362 733 potestatibus
1391 703 1415 724 et
1444 696 1585 723 virtutibus
1619 695 1687 730 agri,
1704 695 1728 721 si

939 745 1056 772 excitetis
1074 749 1099 772 et
1119 743 1266 779 expergisci
1284 743 1391 778 faciatis
1405 742 1571 768 charimtem.
1586 739 1729 775 Jusjuran-

939 791 1005 818 dum
1022 794 1064 818 est
1085 790 1175 817 oratio
1190 797 1239 824 per
1262 796 1292 816 se
1311 788 1480 815 conﬁrmans
1497 786 1652 814 veritatem.
1679 784 1728 812 Est

91 827 141 862 τὴν
166 827 294 862 ἀλήθειαν
307 835 313 842 ·
340 826 421 862 διπλῆ
433 826 462 853 δὲ
476 828 493 862 ἡ
508 826 579 854 κατά
592 827 636 853 τὸν
654 827 736 863 ὅρκον
751 826 884 862 ἐνέργεια.

944 839 1034 864 autem
1048 835 1152 870 duplex
1168 834 1318 870 juramenti
1334 833 1479 868 operatio;
1496 836 1544 859 aut
1563 831 1636 859 enim
1652 830 1729 866 quis-

93 873 128 898 Ἢ
142 872 197 907 γὰρ
221 872 304 904 αὐτὸς
320 872 463 899 πιστοῦται
481 872 521 908 τῷ
536 872 661 899 ἀκούοντι
682 872 730 908 τὴν
745 871 883 908 ἀλήθειαν,

93 919 109 953 ἢ
125 918 215 949 ἄλλοις
233 918 277 945 διὰ
292 918 339 945 τοῦ
354 914 487 954 ὀρκισμοῦ
505 919 553 954 τὴν
573 919 696 954 ἀνάγκην
719 919 816 952 ἐπάγει
839 917 885 944 τοῦ

93 965 177 999 μηδὲν
191 964 423 1000 παραψεύδεσθαι·
434 962 500 996 οἷον,
513 965 621 999 Ὤμοσε
637 965 743 998 Κύριος
751 964 790 997 τῷ
798 963 887 990 Δαϐὶδ

91 1011 252 1045 ὼίήοειαν,
269 1012 317 1038 καὶ
331 1012 368 1038 οὺ
379 1010 421 1045 μὴ
436 1010 575 1044 ἁθετήσει
587 1011 685 1044 αὐτήν
695 1019 702 1026 ·
717 1009 835 1037 ἐνταῦθα
856 1009 887 1036 τὸ

92 1058 190 1084 πιστὸν
204 1059 254 1093 τῆς
268 1057 441 1092 ὑποσχέσεως
463 1055 628 1092 ἐμπεδοῦται
644 1057 682 1092 τῷ
700 1057 784 1092 ὅρκῳ.
803 1057 886 1083 Ὅταν

91 1103 121 1130 δὲ
135 1103 263 1138 φροντίδα
281 1103 441 1138 ποιοῦμενος
456 1103 470 1129 ό
490 1103 614 1139 Ἀϐραὰμ
629 1103 678 1137 τῆς
693 1102 819 1137 εὐγενοῦς
840 1102 887 1128 ἐπὶ

91 1149 132 1184 τῷ
148 1150 286 1184 μονογενεῖ
306 1148 446 1182 συζυγίας,
463 1149 622 1184 προστάς-σῃ
649 1148 688 1184 τῷ
707 1148 764 1183 ἰδίῳ
781 1148 885 1184 οἰκέτῃ,

95 1195 132 1229 μή
147 1202 206 1220 τινα
222 1193 276 1220 τῶν
292 1193 338 1219 τοῦ
355 1193 449 1227 γένους
463 1193 584 1225 Χαναὰν,
601 1192 656 1219 τῶν
672 1194 704 1229 τῇ
719 1192 827 1228 δουλεία
836 1201 886 1220 κα-

94 1240 329 1275 ταδεδικασμένων
354 1238 504 1265 συνοικίσαι
528 1237 598 1273 πρὸς
618 1237 706 1274 γάμον
723 1237 762 1272 τῷ
782 1237 885 1270 Ἰσαὰκ,

95 1285 132 1317 ὡς
152 1285 185 1311 ἂν
211 1285 249 1320 μὴ
277 1284 440 1319 λυμαίνηται
458 1284 490 1318 τῇ
513 1284 638 1317 εὐγενείᾳ
658 1283 708 1318 τῆς
724 1283 847 1318 διαδοχῆς
869 1284 886 1319 ἠ

92 1330 142 1357 τοῦ
159 1328 282 1357 δουλικοῦ
297 1329 392 1363 γένους
411 1328 536 1364 ἐπιμιξία
546 1349 553 1361 ,
578 1327 635 1354 ἀλλ’
651 1328 683 1354 ἐκ
695 1327 745 1363 τῆς
760 1327 887 1364 πατρῴας

94 1375 177 1403 αὐτοῦ
191 1376 244 1410 γῆς
265 1376 311 1402 κα)⁸
327 1375 486 1410 συγγενείας
501 1374 672 1410 ἁρμόσασθαι
688 1374 727 1410 τῷ
744 1374 818 1401 παιδὶ
838 1374 886 1409 τὴν

95 1421 245 1456 συζυγίαν,
263 1421 386 1455 ἀνάγκην
403 1420 501 1454 ἐπάγει
519 1418 567 1445 τοῦ
583 1419 620 1454 μὴ
644 1419 801 1455 ρᾳθυμῆσαι
823 1420 888 1453 περὶ

95 1467 126 1493 τὸ
142 1466 304 1501 πρόσταγμα
320 1466 363 1492 διὰ
379 1464 426 1491 τοῦ
450 1464 558 1500 ὁρκίσαι
581 1465 673 1497 αὑτὸν,
697 1465 721 1490 εί
749 1465 798 1500 μὲν
827 1466 887 1492 ἐπι-

97 1499 195 1547 στέλλῃ
227 1499 351 1547 ποιήσειν
384 1511 418 1537 δι¹
435 1499 534 1542 αὑτὸν,
560 1510 610 1536 ὅσα
633 1509 697 1545 περὶ
722 1499 769 1535 τοῦ
798 1499 925 1542 παιδὸςο

97 1558 267 1594 ἐδοκίμασεν.
298 1556 453 1592 Ὀρκίζεται
476 1555 567 1582 τοίνυν
594 1556 646 1582 ὑπὸ
670 1554 717 1581 τοῦ
741 1555 892 1591 Ἀδραάμό

98 1605 236 1640 θεράπων,
269 1604 312 1630 ἵνα
332 1602 372 1638 τῷ
394 1602 487 1630 Ἰσαὰκ
510 1603 558 1637 τὴν
582 1601 738 1637 πρέπουσαν
762 1601 904 1636 συζυγίανι

98 1650 266 1686 ἁρμόσηται.
286 1649 389 1684 Διπλῆς
405 1648 494 1675 τοίνυν
511 1647 595 1682 οὔσης
610 1647 660 1682 τῆς
673 1647 744 1674 κατά
754 1647 798 1674 τὸν
812 1648 892 1683 ὅρκον

98 1696 248 1732 ἐνεργείας,
266 1695 415 1730 ὲνταῦθαὴ
443 1694 511 1731 πρὸς
538 1693 663 1720 τοσοῦτον
682 1693 748 1728 ὕψος
773 1694 892 1729 ἀναδρα-

102 1741 189 1777 μοῦσα
207 1741 292 1776 ψυχὴ,
305 1742 367 1768 ὅσον
383 1741 411 1767 ἐν
432 1742 489 1771 τοῖς
509 1737 759 1774 προεξητασμένοις
772 1737 893 1773 ὲθεωρή-

101 1795 205 1822 σαμεν,
228 1787 289 1818 ταῖς
315 1785 550 1821 μαθητευομέναις
574 1783 673 1818 ψυχαῖς
697 1783 747 1818 τὴν
771 1783 839 1818 πρὸς
863 1782 894 1809 τὸ

101 1833 203 1859 τέλειον
219 1831 330 1867 πρόοδον
344 1830 533 1866 ὑφηγουμένη,
548 1829 596 1864 οὐχ
619 1825 656 1855 ὧν
676 1828 744 1863 αὕτη
761 1828 893 1863 τετύχηκε

99 1879 215 1914 παρέχει
234 1879 294 1909 ταῖς
316 1877 479 1908 ἀκουούσαις
497 1876 540 1902 διὰ
557 1874 604 1901 τοῦ
627 1875 710 1910 ὅρκου
730 1874 761 1900 τὺ
775 1873 894 1909 ἀναμφί-

102 1924 179 1950 6ολον
189 1931 195 1938 ·
212 1923 269 1950 ἀλλ’
292 1922 398 1953 ὲκείνας
413 1921 456 1948 διὰ
470 1921 517 1947 τοῦ
538 1919 671 1956 ὁρκισμοῦ
687 1919 758 1955 πρὸς
771 1918 817 1945 τὸν
833 1919 894 1946 κατ’

103 1970 203 2006 ἀρετὴν
217 1970 382 2006 χειραγωγεῖ
397 1968 464 2004 βίον,
484 1967 553 2004 μετὰ
565 1968 626 1994 τότε
638 1966 787 2001 ἀκοίμητόν
801 1974 832 1992 τε
847 1967 894 1993 καὶ

102 2016 286 2052 ἐγρηγορυῖαν
307 2016 355 2050 τὴν
374 2014 483 2049 ἀγάπην
507 2014 588 2049 ἔχειν,
612 2013 664 2045 ἕως
688 2012 720 2039 ἂν
744 2013 783 2044 είς
807 2012 895 2048 πέρας

103 2061 174 2088 ἔλθοι
198 2060 229 2086 τὺ
245 2059 347 2094 ἀγαθὸν
371 2058 453 2085 αὑτοῦ
478 2058 594 2093 θέλημα.
618 2056 704 2084 Τοῦτο
730 2056 759 2083 δέ
783 2057 841 2082 ἐστι
864 2055 895 2082 τὺ

102 2108 206 2139 πάντας
223 2105 353 2141 σωθῆναι,
369 2105 416 2131 καὶ
431 2106 471 2136 εἰς
483 2104 629 2138 ἐπίγνωσιν
644 2102 773 2138 ἀληθείας
795 2101 893 2128 ἐλθεῖνε

109 2153 137 2179 '0
159 2152 188 2178 δὲ
204 2151 336 2186 ὀρκισμὺς
352 2149 447 2185 ὥσπερ
470 2150 528 2175 ἐκεῖ
551 2148 581 2174 ἐν
600 2147 640 2182 τῷ
667 2147 747 2183 μηρῷ
773 2146 820 2173 τοῦ
838 2155 892 2173 πα-

102 2198 232 2234 τριάρχου
248 2196 365 2231 ἐγένετο,
380 2195 465 2226 οὕτως
479 2193 596 2221 ἐνταῦθα
609 2194 638 2220 ὲν
658 2193 790 2228 δυνάμεσι
804 2192 851 2218 καὶ
865 2193 893 2218 ἐν

105 2243 227 2278 ίσχὺσεσι
241 2241 286 2268 τοῦ
300 2240 385 2277 ἀγροῦ
397 2261 404 2273 ,
417 2240 502 2272 οὕτως
516 2239 638 2270 εἰπόντος
651 2238 696 2265 τοὺ
713 2238 792 2272 λόγου
807 2245 815 2252 ·
829 2237 895 2271 Ὤρ-

105 2295 176 2315 κισα
191 2287 279 2323 ὑμᾶς,
293 2286 454 2322 θυγατέρες
471 2284 680 2320 Ἰερουσαλὴμ,
693 2283 894 2317 ἐνδυνάμεσι,

105 2334 155 2361 καὶ
179 2334 214 2360 ὲν
238 2334 380 2368 ῑσχύσεσι
398 2332 451 2359 τοῦ
474 2331 578 2367 ἀγροῦ,
604 2331 659 2358 ἐὰν
684 2331 815 2365 ἐγείρητε
846 2329 895 2356 καὶ

105 2380 271 2415 ὲξεγείρητε
288 2378 344 2412 τὴν
359 2377 480 2413 ἀγάπην
495 2377 551 2409 ἕως
575 2373 610 2404 οὗ
633 2375 761 2410 θελήσῃ.
788 2375 897 2410 Θεωρη-

105 2427 166 2453 τέον
187 2426 276 2452 τοίνυν
297 2425 326 2451 ἐν
348 2424 464 2457 τούτοις,
491 2423 598 2458 πρῶτον
623 2423 673 2458 μὲν
693 2422 735 2453 τίς
757 2422 771 2448 ὁ
795 2421 896 2457 ἀγρός·

107 2472 202 2498 ἔπειτα
217 2471 259 2502 τίς
282 2471 299 2505 ἡ
315 2469 391 2504 ἰσχὺς
407 2468 454 2495 τοῦ
469 2469 555 2504 ἀγροῦ
575 2468 624 2495 καὶ
637 2469 653 2504 ἡ
668 2468 794 2502 δύναμις,
812 2467 859 2493 καὶ
873 2467 898 2492 εί

106 2517 236 2552 διαφορὰν
260 2516 315 2550 ἔχει
336 2515 421 2541 ταῦτα
435 2514 503 2549 πρὸς
520 2514 633 2550 ἄλληλα,
648 2513 665 2549 ἢ
685 2513 714 2540 ἓν
727 2514 760 2540 δι’
776 2511 897 2548 ἀμφοτέ-

109 2571 164 2598 ρων
179 2562 238 2588 ἐστὶ
251 2561 281 2588 τὸ
298 2559 496 2596 σημαινόμενον
506 2567 513 2575 ’
529 2560 596 2595 πρὸς
612 2558 726 2591 τούτοις,
741 2559 766 2586 τί
779 2558 809 2584 τὺ
829 2558 899 2592 ἐγεί-

110 2608 214 2644 ρεσθαι.
235 2607 281 2634 καὶ
292 2606 319 2633 τί
335 2606 366 2632 τὸ
380 2605 564 2640 ἐξεγείρεσθαι
577 2605 626 2640 τὴν
640 2605 760 2641 ἀγάπην.
775 2605 812 2631 Τὸ
824 2604 895 2639 γὰρ,

109 2655 184 2686 Ἕως
207 2650 244 2680 οὗ
267 2651 400 2686 θελήσῃ,
425 2650 470 2677 διὰ
493 2650 548 2677 τῶν
572 2651 724 2686 εἰρημένων
746 2649 897 2686 προαποδέ-

109 2700 194 2726 δοται.

147 2789 257 2817 “Prov.
276 2797 316 2823 nt,
339 2790 383 2817 tu.
427 2787 604 2833 "lTinzptli.
628 2787 695 2820 11,5.
741 2787 844 2815 “Psal.
861 2795 952 2819 exui,
985 2786 1024 2814 ll.

941 883 1013 918 piam
1024 882 1049 910 ei
1065 882 1112 917 qui
1134 881 1210 908 audit
1224 880 1315 907 ﬁrmat
1335 879 1415 906 ﬁdem
1430 878 1565 910 veritatis,
1591 881 1639 904 aut
1658 876 1729 903 alius

940 936 989 964 per
1010 929 1198 964 juramentum
1222 925 1300 954 aﬁert
1329 924 1523 953 necessitatem
1559 927 1589 950 ut
1616 921 1729 948 minime

941 975 1102 1006 mentiatur,
1124 978 1154 1001 ut
1173 983 1179 1000 :
1195 972 1301 999 Jurarit
1326 970 1457 999 Dominus
1479 969 1563 997 David
1580 968 1728 998 veritatem,

940 1024 964 1048 et
978 1029 1029 1047 non
1039 1018 1215 1054 [rustrabitur
1228 1026 1286 1046 eam
1298 1017 1338 1044 “'z
1354 1017 1398 1044 hic
1409 1015 1475 1043 ﬁdes
1486 1014 1615 1050 promissi
1628 1013 1731 1041 conﬁr-

940 1070 1031 1093 matur
1051 1064 1244 1100 jurejurando.
1261 1063 1377 1096 Quando
1394 1065 1485 1089 autem
1512 1067 1607 1088 curam
1631 1066 1731 1095 gerens

940 1110 1078 1138 Abraham
1094 1104 1196 1137 nobilis
1222 1108 1344 1144 conjugii
1369 1107 1406 1134 [ili
1429 1106 1472 1134 sui
1498 1105 1583 1137 unici,
1614 1105 1730 1139 imperat

941 1164 1021 1184 servo
1034 1164 1086 1184 suo
1096 1164 1131 1183 ne
1144 1156 1262 1190 aliquam
1274 1153 1354 1181 exiis
1363 1153 1410 1188 qui
1425 1155 1489 1180 sunt
1501 1160 1533 1178 ex
1543 1158 1643 1186 genere
1655 1149 1728 1176 Cha-

940 1210 1010 1231 naan
1025 1222 1033 1235 .
1049 1202 1096 1237 qui
1110 1201 1233 1230 damnati
1257 1203 1321 1227 sunt
1338 1199 1373 1226 ad
1390 1198 1563 1229 servitutem;
1582 1195 1732 1230 conjungat

940 1249 1117 1277 matrimonio
1129 1256 1192 1276 eum
1212 1248 1269 1275 ﬁlio
1282 1247 1370 1279 Isaac,
1385 1254 1418 1274 ne
1434 1243 1623 1274 successionis
1646 1249 1731 1276 gene-

941 1296 980 1323 ris
989 1295 1120 1323 nobilitas
1135 1297 1331 1329 corrumpatur
1344 1292 1474 1320 mistione
1481 1290 1591 1319 servilis
1600 1287 1710 1324 generis
1723 1294 1730 1314 :

941 1341 990 1370 sed
1008 1349 1041 1369 ex
1053 1340 1143 1376 patria
1159 1347 1209 1368 sua
1226 1344 1298 1367 terra
1312 1342 1338 1366 et
1348 1338 1512 1373 cognatione
1524 1336 1580 1363 tilio
1590 1343 1641 1363 suo
1655 1341 1731 1360 acet-

942 1387 999 1422 piat
1007 1387 1152 1422 eonjugem
1164 1386 1198 1417 ",
1210 1385 1290 1413 aﬁert
1299 1384 1501 1415 necessitatem,
1514 1390 1548 1410 ne
1560 1383 1587 1409 in
1596 1381 1674 1416 jussu
1687 1387 1732 1406 ex-

942 1433 1082 1470 sequendo
1098 1433 1134 1460 sit
1149 1432 1301 1468 negligens,
1317 1434 1464 1466 propterea
1477 1428 1552 1464 quod
1570 1435 1631 1455 eum
1651 1428 1732 1462 adju-

942 1478 1054 1510 raverit,
1074 1478 1096 1505 si
1115 1485 1177 1505 eum
1196 1477 1297 1509 mittat,
1322 1479 1433 1511 propter
1449 1475 1541 1509 ipsum
1557 1481 1620 1501 esse
1643 1472 1734 1500 factu-

945 1532 1005 1552 rum
1021 1531 1083 1559 quae
1097 1523 1204 1551 censuit
1223 1522 1258 1550 de
1276 1522 1342 1548 ﬁlio.
1371 1520 1524 1555 Adjuratur
1535 1527 1601 1554 ergo
1614 1518 1735 1546 famulus

945 1571 981 1597 ab
998 1569 1165 1601 Abraliamo,
1179 1572 1209 1595 ut
1224 1567 1310 1600 Isaae,
1335 1574 1417 1602 quam
1442 1573 1491 1601 par
1514 1569 1567 1597 est,
1587 1566 1733 1599 conjugem

945 1615 1074 1650 accipiat.
1090 1614 1162 1648 Ergo
1175 1621 1238 1640 cum
1247 1611 1431 1648 jurisjuraudi
1440 1611 1540 1645 duplex
1552 1610 1732 1645 situperatio,

946 1662 990 1688 hic
1018 1659 1109 1686 anima
1134 1658 1167 1685 ad
1195 1658 1298 1684 tantam
1325 1655 1517 1684 conscendens
1547 1654 1734 1684 altitudinem,

946 1709 1076 1742 quantam
1104 1702 1282 1738 contemplati
1308 1709 1405 1729 sumus
1433 1701 1462 1727 in
1487 1700 1520 1727 iis
1537 1707 1597 1734 quae
1623 1698 1735 1725 fuerunt
1761 1711 1764 1713 λ

946 1753 1023 1788 prius
1038 1750 1204 1782 examinataI
1222 1747 1367 1775 animabus
1380 1754 1442 1782 qua:
1458 1746 1569 1773 discunt
1591 1752 1734 1779 exponens

946 1803 1121 1832 progressum
1137 1793 1171 1822 ad
1197 1794 1223 1821 id
1241 1793 1313 1828 quod
1330 1795 1373 1819 est
1396 1790 1559 1826 perfectum,
1591 1796 1646 1815 non
1665 1796 1736 1822 prae-

946 1843 992 1870 bet
1010 1840 1187 1869 audientibus
1207 1846 1255 1874 per
1273 1838 1472 1872 juramentnm,
1498 1840 1527 1861 ιιι
1545 1835 1600 1862 sint
1623 1838 1736 1861 remotae

947 1888 982 1915 ab
997 1887 1071 1914 omni
1085 1885 1259 1913 dubitatione
1272 1883 1306 1910 de
1323 1883 1357 1910 iis
1372 1889 1433 1917 qua:
1447 1881 1507 1916 ipsa
1522 1885 1564 1907 est
1578 1883 1707 1907 assecuta
1727 1890 1732 1906 :

948 1932 996 1961 sed
1011 1937 1038 1959 et
1051 1932 1112 1959 illas
1126 1930 1238 1958 deducit
1252 1929 1286 1956 ad
1305 1928 1389 1955 vitam
1407 1935 1439 1954 ex
1463 1926 1565 1953 virtute
1583 1925 1735 1961 degendam

948 1985 996 2013 per
1011 1975 1223 2012 adjurationem,
1240 1977 1267 2000 et
1288 1976 1317 2000 ut
1341 1980 1464 2006 eousque
1491 1971 1639 2005 insopitam
1655 1975 1682 1997 et
1698 1970 1737 1996 νίς

948 2023 1077 2059 gilantem
1092 2021 1191 2048 habeat
1205 2019 1380 2049 charitatem,
1399 2016 1487 2044 donec
1506 2016 1540 2042 ad
1557 2015 1637 2042 linem
1652 2022 1737 2042 vene-

948 2054 983 2096 rit
1000 2068 1072 2095 bona
1085 2066 1146 2102 ejus
1157 2065 1296 2092 voluntas.
1309 2062 1347 2090 Ea
1360 2066 1452 2090 autem
1465 2065 1521 2093 est,
1532 2064 1562 2087 ut
1578 2067 1676 2087 omnes
1688 2059 1738 2086 lio-
1753 2054 1757 2073 ⁵

948 2114 1036 2142 mines
1045 2112 1115 2140 salvi
1128 2112 1205 2143 ﬁant,
1226 2114 1253 2138 et
1282 2109 1316 2136 ad
1338 2108 1509 2144 agnitionem
1533 2106 1647 2133 veniant
1668 2104 1739 2132 veri-

948 2161 1022 2188 tatis.
1036 2157 1178 2194 Adjuratio
1193 2161 1283 2184 autem
1303 2155 1373 2183 sicut
1384 2154 1442 2180 illic
1452 2153 1522 2180 facta
1534 2156 1575 2179 est
1591 2152 1618 2179 in
1635 2150 1738 2178 [emere

948 2205 1124 2242 patriarchae,
1150 2204 1188 2230 ita
1210 2202 1256 2229 hic
1280 2202 1308 2228 in
1333 2199 1518 2236 potestatibus
1538 2202 1565 2225 et
1590 2197 1738 2224 virtutibus

949 2252 1006 2288 agri
1017 2271 1024 2284 ,
1045 2251 1129 2279 verbo
1143 2249 1184 2277 sic
1203 2248 1313 2276 dicente
1329 2257 1336 2274 :
1352 2246 1482 2281 Adjuravi
1498 2253 1552 2277 vas,
1576 2243 1639 2279 ﬁlia:
1659 2243 1739 2270 Jeru-

949 2298 1041 2330 salem,
1059 2297 1088 2323 in
1106 2293 1281 2330 potestatibus
1296 2297 1321 2320 et
1332 2291 1472 2319 uirtutibus
1491 2290 1561 2325 agri,
1583 2290 1606 2316 si
1620 2289 1738 2316 excitetis

949 2347 973 2370 et
989 2341 1136 2377 expergisci
1151 2339 1260 2375 faciatis
1277 2338 1448 2369 cltaritatem,
1458 2337 1539 2363 donec
1555 2336 1627 2363 velit.
1646 2335 1673 2362 ln
1695 2335 1737 2362 his

950 2389 1069 2424 primunt
1088 2385 1323 2414 considerandum
1341 2388 1383 2412 est
1401 2383 1463 2419 quis
1479 2383 1515 2410 sit
1531 2389 1596 2417 ager
1614 2390 1621 2409 :
1639 2380 1738 2408 deinde

949 2442 1009 2470 quze
1025 2434 1060 2462 sit
1079 2433 1166 2460 virtus
1184 2437 1212 2460 et
1224 2437 1346 2468 potestas
1362 2432 1466 2466 agri,et
1484 2437 1519 2456 an
1538 2429 1594 2456 haec
1618 2428 1689 2455 inter
1710 2435 1739 2455 se

949 2479 1087 2512 diﬂ‘erant,
1120 2483 1168 2506 aut
1189 2479 1212 2506 si
1252 2485 1338 2505 unum
1367 2475 1511 2510 utriusque
1543 2474 1737 2509 signiﬁcatum.

948 2525 1083 2553 Praeterea
1104 2525 1170 2560 quid
1188 2525 1225 2553 sit
1240 2524 1378 2555 excitare,
1402 2526 1429 2550 et
1444 2522 1510 2557 quid
1526 2519 1680 2556 expergisci
1701 2517 1740 2545 fa-

949 2580 1011 2601 cere
1023 2572 1194 2599 cltaritatem.
1225 2570 1293 2597 lilud
1320 2569 1391 2598 enim
1412 2579 1419 2596 ι
1442 2568 1531 2595 Donec
1564 2567 1635 2598 velit,
1663 2566 1737 2601 prius

951 2619 1002 2646 luit
1017 2618 1174 2653 explicitura
1191 2623 1240 2651 per
1261 2623 1293 2643 ea
1319 2623 1380 2650 qua:
1395 2615 1467 2642 dicta
1485 2617 1558 2642 sunt.

1074 2785 1095 2800 "
1111 2784 1179 2812 Gen.
1195 2790 1269 2815 XXIV,
1280 2779 1298 2808 ξ
1313 2789 1373 2816 sqq.
