  <div class='ocr_page' id='page_1' title='image "/cluster/home/n/w/nwhite01/storage/ocr_20150623/44/njp.32101009003169/433.png"; bbox 0 0 1984 3068; ppageno 0'>
   <div class='ocr_carea' id='block_1_1' title="bbox 243 98 294 125">
    <p class='ocr_par' dir='ltr' id='par_1_1' title="bbox 243 98 294 125">
     <span class='ocr_line' id='line_1_1' title="bbox 243 98 294 125; baseline -0.02 0"><span class='ocrx_word' id='word_1_1' title='bbox 243 98 294 125; x_wconf 69' lang='grc'><strong>855</strong></span> 
     </span>
    </p>
   </div>
   <div class='ocr_carea' id='block_1_2' title="bbox 245 198 1029 238">
    <p class='ocr_par' dir='ltr' id='par_1_2' title="bbox 245 198 1029 238">
     <span class='ocr_line' id='line_1_2' title="bbox 245 198 1029 238; baseline 0.009 -14"><span class='ocrx_word' id='word_1_2' title='bbox 245 198 306 225; x_wconf 83' lang='lat' dir='ltr'><strong>licet</strong></span> <span class='ocrx_word' id='word_1_3' title='bbox 324 206 376 225; x_wconf 79' lang='lat' dir='ltr'><strong>vox</strong></span> <span class='ocrx_word' id='word_1_4' title='bbox 396 198 512 231; x_wconf 85' lang='lat' dir='ltr'><strong>Domini,</strong></span> <span class='ocrx_word' id='word_1_5' title='bbox 528 207 560 226; x_wconf 80' lang='lat' dir='ltr'><strong>ex</strong></span> <span class='ocrx_word' id='word_1_6' title='bbox 577 199 731 235; x_wconf 85' lang='lat' dir='ltr'><strong>Evangeliis</strong></span> <span class='ocrx_word' id='word_1_7' title='bbox 749 201 837 229; x_wconf 78' lang='lat' dir='ltr'><strong>cuivis</strong></span> <span class='ocrx_word' id='word_1_8' title='bbox 859 207 902 230; x_wconf 85' lang='lat' dir='ltr'><strong>est</strong></span> <span class='ocrx_word' id='word_1_9' title='bbox 920 204 1029 238; x_wconf 85' lang='lat' dir='ltr'><strong>perspi-</strong></span> 
     </span>
    </p>
   </div>
   <div class='ocr_carea' id='block_1_3' title="bbox 238 244 1029 284">
    <p class='ocr_par' dir='ltr' id='par_1_3' title="bbox 238 244 1029 284">
     <span class='ocr_line' id='line_1_3' title="bbox 238 244 1029 284; baseline 0.009 -14"><span class='ocrx_word' id='word_1_10' title='bbox 238 251 336 271; x_wconf 66' lang='lat' dir='ltr'><strong>cuum.</strong></span> <span class='ocrx_word' id='word_1_11' title='bbox 355 244 433 277; x_wconf 86' lang='lat' dir='ltr'><strong>Quod</strong></span> <span class='ocrx_word' id='word_1_12' title='bbox 449 251 538 272; x_wconf 86' lang='lat' dir='ltr'><strong>autem</strong></span> <span class='ocrx_word' id='word_1_13' title='bbox 565 250 689 274; x_wconf 91' lang='lat' dir='ltr'><strong>transeat</strong></span> <span class='ocrx_word' id='word_1_14' title='bbox 708 247 793 282; x_wconf 87' lang='lat' dir='ltr'><strong>ﬁgura</strong></span> <span class='ocrx_word' id='word_1_15' title='bbox 821 249 917 275; x_wconf 91' lang='lat' dir='ltr'><strong>mundi</strong></span> <span class='ocrx_word' id='word_1_16' title='bbox 936 249 1029 284; x_wconf 85' lang='lat' dir='ltr'><strong>hujus.</strong></span> 
     </span>
    </p>
   </div>
   <div class='ocr_carea' id='block_1_4' title="bbox 243 290 1031 325">
    <p class='ocr_par' dir='ltr' id='par_1_4' title="bbox 243 290 1031 325">
     <span class='ocr_line' id='line_1_4' title="bbox 243 290 1031 325; baseline 0.008 -9"><span class='ocrx_word' id='word_1_17' title='bbox 243 295 270 317; x_wconf 81' lang='lat' dir='ltr'><strong>et</strong></span> <span class='ocrx_word' id='word_1_18' title='bbox 290 290 363 325; x_wconf 88' lang='lat' dir='ltr'><strong>quod</strong></span> <span class='ocrx_word' id='word_1_19' title='bbox 380 291 407 317; x_wconf 93' lang='lat' dir='ltr'><strong>in</strong></span> <span class='ocrx_word' id='word_1_20' title='bbox 424 295 522 318; x_wconf 82' lang='lat' dir='ltr'><strong>natura</strong></span> <span class='ocrx_word' id='word_1_21' title='bbox 540 293 661 319; x_wconf 71' lang='lat' dir='ltr'><strong>instabili</strong></span> <span class='ocrx_word' id='word_1_22' title='bbox 683 293 752 319; x_wconf 88' lang='lat' dir='ltr'><strong>nihil</strong></span> <span class='ocrx_word' id='word_1_23' title='bbox 770 294 877 321; x_wconf 91' lang='lat' dir='ltr'><strong>ﬁrmum</strong></span> <span class='ocrx_word' id='word_1_24' title='bbox 900 296 1031 322; x_wconf 86' lang='lat' dir='ltr'><strong>ostenda-</strong></span> 
     </span>
    </p>
   </div>
   <div class='ocr_carea' id='block_1_5' title="bbox 244 337 1030 374">
    <p class='ocr_par' dir='ltr' id='par_1_5' title="bbox 244 337 1030 374">
     <span class='ocr_line' id='line_1_5' title="bbox 244 337 1030 374; baseline 0.006 -12"><span class='ocrx_word' id='word_1_25' title='bbox 244 339 290 362; x_wconf 93' lang='lat' dir='ltr'><strong>tur</strong></span> <span class='ocrx_word' id='word_1_26' title='bbox 308 339 335 363; x_wconf 85' lang='lat' dir='ltr'><strong>et</strong></span> <span class='ocrx_word' id='word_1_27' title='bbox 357 337 466 368; x_wconf 81' lang='lat' dir='ltr'><strong>stabile,</strong></span> <span class='ocrx_word' id='word_1_28' title='bbox 486 341 527 364; x_wconf 88' lang='lat' dir='ltr'><strong>est</strong></span> <span class='ocrx_word' id='word_1_29' title='bbox 553 338 665 366; x_wconf 78' lang='lat' dir='ltr'><strong>evidens</strong></span> <span class='ocrx_word' id='word_1_30' title='bbox 683 347 714 366; x_wconf 73' lang='lat' dir='ltr'><strong>ex</strong></span> <span class='ocrx_word' id='word_1_31' title='bbox 737 347 835 374; x_wconf 86' lang='lat' dir='ltr'><strong>magna</strong></span> <span class='ocrx_word' id='word_1_32' title='bbox 862 344 889 367; x_wconf 91' lang='lat' dir='ltr'><strong>et</strong></span> <span class='ocrx_word' id='word_1_33' title='bbox 919 341 1030 368; x_wconf 78' lang='lat' dir='ltr'><strong>sublimi</strong></span> 
     </span>
    </p>
   </div>
   <div class='ocr_carea' id='block_1_6' title="bbox 243 382 1028 420">
    <p class='ocr_par' dir='ltr' id='par_1_6' title="bbox 243 382 1028 420">
     <span class='ocr_line' id='line_1_6' title="bbox 243 382 1028 420; baseline 0.006 -12"><span class='ocrx_word' id='word_1_34' title='bbox 243 390 310 409; x_wconf 85' lang='lat' dir='ltr'><strong>voce</strong></span> <span class='ocrx_word' id='word_1_35' title='bbox 328 382 510 415; x_wconf 74' lang='lat' dir='ltr'><strong>Ecclesiastre,</strong></span> <span class='ocrx_word' id='word_1_36' title='bbox 526 384 572 418; x_wconf 88' lang='lat' dir='ltr'><strong>qtti</strong></span> <span class='ocrx_word' id='word_1_37' title='bbox 590 385 724 419; x_wconf 85' lang='lat' dir='ltr'><strong>quidquid</strong></span> <span class='ocrx_word' id='word_1_38' title='bbox 747 390 860 420; x_wconf 88' lang='lat' dir='ltr'><strong>apparet</strong></span> <span class='ocrx_word' id='word_1_39' title='bbox 875 390 902 413; x_wconf 85' lang='lat' dir='ltr'><strong>et</strong></span> <span class='ocrx_word' id='word_1_40' title='bbox 916 388 1028 418; x_wconf 81' lang='lat' dir='ltr'><strong>transit.</strong></span> 
     </span>
    </p>
   </div>
   <div class='ocr_carea' id='block_1_7' title="bbox 245 427 1032 463">
    <p class='ocr_par' dir='ltr' id='par_1_7' title="bbox 245 427 1032 463">
     <span class='ocr_line' id='line_1_7' title="bbox 245 427 1032 463; baseline 0.008 -11"><span class='ocrx_word' id='word_1_41' title='bbox 245 427 316 453; x_wconf 88' lang='lat' dir='ltr'><strong>inter</strong></span> <span class='ocrx_word' id='word_1_42' title='bbox 333 434 364 454; x_wconf 86' lang='lat' dir='ltr'><strong>ea</strong></span> <span class='ocrx_word' id='word_1_43' title='bbox 381 435 441 461; x_wconf 59' lang='lat' dir='ltr'><strong>qua}</strong></span> <span class='ocrx_word' id='word_1_44' title='bbox 453 433 518 454; x_wconf 90' lang='lat' dir='ltr'><strong>sunt</strong></span> <span class='ocrx_word' id='word_1_45' title='bbox 535 436 603 455; x_wconf 88' lang='lat' dir='ltr'><strong>vana</strong></span> <span class='ocrx_word' id='word_1_46' title='bbox 627 430 829 458; x_wconf 82' lang='lat' dir='ltr'><strong>annumeravit.</strong></span> <span class='ocrx_word' id='word_1_47' title='bbox 845 430 974 463; x_wconf 67' lang='lat' dir='ltr'><strong>Qumnam</strong></span> <span class='ocrx_word' id='word_1_48' title='bbox 990 435 1032 458; x_wconf 85' lang='lat' dir='ltr'><strong>est</strong></span> 
     </span>
    </p>
   </div>
   <div class='ocr_carea' id='block_1_8' title="bbox 244 473 1031 511">
    <p class='ocr_par' dir='ltr' id='par_1_8' title="bbox 244 473 1031 511">
     <span class='ocr_line' id='line_1_8' title="bbox 244 473 1031 511; baseline 0.006 -13"><span class='ocrx_word' id='word_1_49' title='bbox 244 479 309 506; x_wconf 90' lang='lat' dir='ltr'><strong>ergo</strong></span> <span class='ocrx_word' id='word_1_50' title='bbox 326 477 451 506; x_wconf 89' lang='lat' dir='ltr'><strong>potestas</strong></span> <span class='ocrx_word' id='word_1_51' title='bbox 463 473 544 508; x_wconf 81' lang='lat' dir='ltr'><strong>hujus</strong></span> <span class='ocrx_word' id='word_1_52' title='bbox 561 475 617 508; x_wconf 78' lang='lat' dir='ltr'><strong>agri</strong></span> <span class='ocrx_word' id='word_1_53' title='bbox 631 475 677 509; x_wconf 88' lang='lat' dir='ltr'><strong>qui</strong></span> <span class='ocrx_word' id='word_1_54' title='bbox 693 479 736 501; x_wconf 80' lang='lat' dir='ltr'><strong>est</strong></span> <span class='ocrx_word' id='word_1_55' title='bbox 750 476 884 503; x_wconf 83' lang='lat' dir='ltr'><strong>mundus?</strong></span> <span class='ocrx_word' id='word_1_56' title='bbox 906 480 953 502; x_wconf 88' lang='lat' dir='ltr'><strong>attt</strong></span> <span class='ocrx_word' id='word_1_57' title='bbox 970 485 1031 511; x_wconf 71' lang='lat' dir='ltr'><strong>qua:</strong></span> 
     </span>
    </p>
   </div>
   <div class='ocr_carea' id='block_1_9' title="bbox 245 516 1031 552">
    <p class='ocr_par' dir='ltr' id='par_1_9' title="bbox 245 516 1031 552">
     <span class='ocr_line' id='line_1_9' title="bbox 245 516 1031 552; baseline 0.006 -9"><span class='ocrx_word' id='word_1_58' title='bbox 245 516 331 543; x_wconf 87' lang='lat' dir='ltr'><strong>virtus</strong></span> <span class='ocrx_word' id='word_1_59' title='bbox 348 525 578 552; x_wconf 83' lang='lat' dir='ltr'><strong>eorutn,quorum</strong></span> <span class='ocrx_word' id='word_1_60' title='bbox 599 520 731 546; x_wconf 84' lang='lat' dir='ltr'><strong>memoria</strong></span> <span class='ocrx_word' id='word_1_61' title='bbox 753 519 833 546; x_wconf 77' lang='lat' dir='ltr'><strong>eﬁicit</strong></span> <span class='ocrx_word' id='word_1_62' title='bbox 858 520 966 548; x_wconf 87' lang='lat' dir='ltr'><strong>ﬁliabus</strong></span> <span class='ocrx_word' id='word_1_63' title='bbox 984 520 1031 548; x_wconf 82' lang='lat' dir='ltr'><strong>Je-</strong></span> 
     </span>
    </p>
   </div>
   <div class='ocr_carea' id='block_1_10' title="bbox 245 561 1030 599">
    <p class='ocr_par' dir='ltr' id='par_1_10' title="bbox 245 561 1030 599">
     <span class='ocr_line' id='line_1_10' title="bbox 245 561 1030 599; baseline 0.006 -12"><span class='ocrx_word' id='word_1_64' title='bbox 245 561 363 589; x_wconf 81' lang='lat' dir='ltr'><strong>rusalem</strong></span> <span class='ocrx_word' id='word_1_65' title='bbox 390 566 420 588; x_wconf 80' lang='grc' dir='ltr'><strong>ιιι</strong></span> <span class='ocrx_word' id='word_1_66' title='bbox 448 570 503 589; x_wconf 88' lang='lat' dir='ltr'><strong>non</strong></span> <span class='ocrx_word' id='word_1_67' title='bbox 531 563 567 589; x_wconf 86' lang='lat' dir='ltr'><strong>sit</strong></span> <span class='ocrx_word' id='word_1_68' title='bbox 592 563 803 590; x_wconf 84' lang='lat' dir='ltr'><strong>transiliendum</strong></span> <span class='ocrx_word' id='word_1_69' title='bbox 834 566 1030 599; x_wconf 73' lang='lat' dir='ltr'><strong>prteceptum?</strong></span> 
     </span>
    </p>
   </div>
   <div class='ocr_carea' id='block_1_11' title="bbox 244 604 1033 642">
    <p class='ocr_par' dir='ltr' id='par_1_11' title="bbox 244 604 1033 642">
     <span class='ocr_line' id='line_1_11' title="bbox 244 604 1033 642; baseline 0.008 -11"><span class='ocrx_word' id='word_1_70' title='bbox 244 604 311 632; x_wconf 89' lang='lat' dir='ltr'><strong>Nam</strong></span> <span class='ocrx_word' id='word_1_71' title='bbox 329 606 352 633; x_wconf 96' lang='lat' dir='ltr'><strong>si</strong></span> <span class='ocrx_word' id='word_1_72' title='bbox 368 606 401 633; x_wconf 91' lang='lat' dir='ltr'><strong>ad</strong></span> <span class='ocrx_word' id='word_1_73' title='bbox 420 613 450 633; x_wconf 89' lang='lat' dir='ltr'><strong>ea</strong></span> <span class='ocrx_word' id='word_1_74' title='bbox 467 614 526 641; x_wconf 72' lang='lat' dir='ltr'><strong>qua:</strong></span> <span class='ocrx_word' id='word_1_75' title='bbox 542 612 672 641; x_wconf 89' lang='lat' dir='ltr'><strong>apparent</strong></span> <span class='ocrx_word' id='word_1_76' title='bbox 690 608 867 642; x_wconf 82' lang='lat' dir='ltr'><strong>aspiciamus,</strong></span> <span class='ocrx_word' id='word_1_77' title='bbox 891 609 961 636; x_wconf 90' lang='lat' dir='ltr'><strong>hanc</strong></span> <span class='ocrx_word' id='word_1_78' title='bbox 976 610 1033 637; x_wconf 69' lang='lat' dir='ltr'><strong>cxi-</strong></span> 
     </span>
    </p>
   </div>
   <div class='ocr_carea' id='block_1_12' title="bbox 246 649 1033 686">
    <p class='ocr_par' dir='ltr' id='par_1_12' title="bbox 246 649 1033 686">
     <span class='ocr_line' id='line_1_12' title="bbox 246 649 1033 686; baseline 0.008 -12"><span class='ocrx_word' id='word_1_79' title='bbox 246 649 431 676; x_wconf 86' lang='lat' dir='ltr'><strong>stimationcm</strong></span> <span class='ocrx_word' id='word_1_80' title='bbox 447 650 537 684; x_wconf 80' lang='lat' dir='ltr'><strong>rejicit</strong></span> <span class='ocrx_word' id='word_1_81' title='bbox 553 650 744 682; x_wconf 84' lang='lat' dir='ltr'><strong>Ecclesiastes,</strong></span> <span class='ocrx_word' id='word_1_82' title='bbox 758 653 835 686; x_wconf 89' lang='lat' dir='ltr'><strong>quasi</strong></span> <span class='ocrx_word' id='word_1_83' title='bbox 860 653 886 679; x_wconf 86' lang='lat' dir='ltr'><strong>itt</strong></span> <span class='ocrx_word' id='word_1_84' title='bbox 910 654 950 681; x_wconf 85' lang='lat' dir='ltr'><strong>eis</strong></span> <span class='ocrx_word' id='word_1_85' title='bbox 965 662 1033 680; x_wconf 91' lang='lat' dir='ltr'><strong>non-</strong></span> 
     </span>
    </p>
   </div>
   <div class='ocr_carea' id='block_1_13' title="bbox 245 694 1033 738">
    <p class='ocr_par' dir='ltr' id='par_1_13' title="bbox 245 694 1033 738">
     <span class='ocr_line' id='line_1_13' title="bbox 245 694 1033 738; baseline 0.006 -17"><span class='ocrx_word' id='word_1_86' title='bbox 245 694 318 721; x_wconf 87' lang='lat' dir='ltr'><strong>nulla</strong></span> <span class='ocrx_word' id='word_1_87' title='bbox 336 695 371 721; x_wconf 89' lang='lat' dir='ltr'><strong>sit</strong></span> <span class='ocrx_word' id='word_1_88' title='bbox 385 695 427 722; x_wconf 78' lang='lat' dir='ltr'><strong>vis</strong></span> <span class='ocrx_word' id='word_1_89' title='bbox 446 696 602 729; x_wconf 77' lang='lat' dir='ltr'><strong>potestatis,</strong></span> <span class='ocrx_word' id='word_1_90' title='bbox 618 704 716 723; x_wconf 88' lang='lat' dir='ltr'><strong>vanum</strong></span> <span class='ocrx_word' id='word_1_91' title='bbox 736 698 882 725; x_wconf 82' lang='lat' dir='ltr'><strong>nominans</strong></span> <span class='ocrx_word' id='word_1_92' title='bbox 901 699 1033 738; x_wconf 88' lang='lat' dir='ltr'><strong>quidquid</strong></span> 
     </span>
    </p>
   </div>
   <div class='ocr_carea' id='block_1_14' title="bbox 247 740 1031 776">
    <p class='ocr_par' dir='ltr' id='par_1_14' title="bbox 247 740 1031 776">
     <span class='ocr_line' id='line_1_14' title="bbox 247 740 1031 776; baseline 0.008 -11"><span class='ocrx_word' id='word_1_93' title='bbox 247 740 273 766; x_wconf 93' lang='lat' dir='ltr'><strong>in</strong></span> <span class='ocrx_word' id='word_1_94' title='bbox 296 740 337 766; x_wconf 89' lang='lat' dir='ltr'><strong>eis</strong></span> <span class='ocrx_word' id='word_1_95' title='bbox 357 740 521 771; x_wconf 82' lang='lat' dir='ltr'><strong>ostenditur.</strong></span> <span class='ocrx_word' id='word_1_96' title='bbox 546 746 573 768; x_wconf 89' lang='lat' dir='ltr'><strong>et</strong></span> <span class='ocrx_word' id='word_1_97' title='bbox 591 742 617 768; x_wconf 91' lang='lat' dir='ltr'><strong>in</strong></span> <span class='ocrx_word' id='word_1_98' title='bbox 635 742 708 776; x_wconf 92' lang='lat' dir='ltr'><strong>quod</strong></span> <span class='ocrx_word' id='word_1_99' title='bbox 736 743 855 770; x_wconf 89' lang='lat' dir='ltr'><strong>studiuttt</strong></span> <span class='ocrx_word' id='word_1_100' title='bbox 880 744 1031 771; x_wconf 79' lang='lat' dir='ltr'><strong>confertur.</strong></span> 
     </span>
    </p>
   </div>
   <div class='ocr_carea' id='block_1_15' title="bbox 245 784 1032 822">
    <p class='ocr_par' dir='ltr' id='par_1_15' title="bbox 245 784 1032 822">
     <span class='ocr_line' id='line_1_15' title="bbox 245 784 1032 822; baseline 0.009 -12"><span class='ocrx_word' id='word_1_101' title='bbox 245 784 312 811; x_wconf 82' lang='lat' dir='ltr'><strong>Nam</strong></span> <span class='ocrx_word' id='word_1_102' title='bbox 329 785 399 819; x_wconf 84' lang='lat' dir='ltr'><strong>quod</strong></span> <span class='ocrx_word' id='word_1_103' title='bbox 417 791 460 813; x_wconf 81' lang='lat' dir='ltr'><strong>est</strong></span> <span class='ocrx_word' id='word_1_104' title='bbox 476 794 586 818; x_wconf 89' lang='lat' dir='ltr'><strong>vanum,</strong></span> <span class='ocrx_word' id='word_1_105' title='bbox 613 795 666 814; x_wconf 88' lang='lat' dir='ltr'><strong>tton</strong></span> <span class='ocrx_word' id='word_1_106' title='bbox 685 788 823 816; x_wconf 85' lang='lat' dir='ltr'><strong>consistit.</strong></span> <span class='ocrx_word' id='word_1_107' title='bbox 846 789 924 822; x_wconf 86' lang='lat' dir='ltr'><strong>Quod</strong></span> <span class='ocrx_word' id='word_1_108' title='bbox 942 795 1032 818; x_wconf 88' lang='lat' dir='ltr'><strong>autettt</strong></span> 
     </span>
    </p>
   </div>
   <div class='ocr_carea' id='block_1_16' title="bbox 849 101 1873 134">
    <p class='ocr_par' dir='ltr' id='par_1_16' title="bbox 849 101 1873 134">
     <span class='ocr_line' id='line_1_16' title="bbox 849 101 1873 134; baseline 0.004 -5"><span class='ocrx_word' id='word_1_109' title='bbox 849 101 869 129; x_wconf 89' lang='lat' dir='ltr'>S</span> <span class='ocrx_word' id='word_1_110' title='bbox 890 101 1054 130; x_wconf 73' lang='lat' dir='ltr'><strong>GREGORII</strong></span> <span class='ocrx_word' id='word_1_111' title='bbox 1071 102 1217 131; x_wconf 81' lang='lat' dir='ltr'><strong>NYSSENI</strong></span> <span class='ocrx_word' id='word_1_112' title='bbox 1820 106 1873 134; x_wconf 77' lang='lat'><strong>856</strong></span> 
     </span>
    </p>
   </div>
   <div class='ocr_carea' id='block_1_17' title="bbox 278 152 1067 192">
    <p class='ocr_par' dir='ltr' id='par_1_17' title="bbox 278 152 1067 192">
     <span class='ocr_line' id='line_1_17' title="bbox 278 152 1067 192; baseline 0.009 -14"><span class='ocrx_word' id='word_1_113' title='bbox 278 154 368 187; x_wconf 79' lang='lat' dir='ltr'><strong>Atque</strong></span> <span class='ocrx_word' id='word_1_114' title='bbox 385 152 458 187; x_wconf 91' lang='lat' dir='ltr'><strong>quod</strong></span> <span class='ocrx_word' id='word_1_115' title='bbox 476 160 523 188; x_wconf 89' lang='lat' dir='ltr'><strong>per</strong></span> <span class='ocrx_word' id='word_1_116' title='bbox 543 160 637 188; x_wconf 86' lang='lat' dir='ltr'><strong>agrum</strong></span> <span class='ocrx_word' id='word_1_117' title='bbox 654 154 765 190; x_wconf 85' lang='lat' dir='ltr'><strong>quidem</strong></span> <span class='ocrx_word' id='word_1_118' title='bbox 790 155 921 183; x_wconf 88' lang='lat' dir='ltr'><strong>ntundutn</strong></span> <span class='ocrx_word' id='word_1_119' title='bbox 943 158 1028 192; x_wconf 85' lang='lat' dir='ltr'><strong>sigui-</strong></span> <span class='ocrx_word' id='word_1_120' title='bbox 1043 160 1067 189; x_wconf 77' lang='grc' dir='ltr'><strong>Α</strong></span> 
     </span>
    </p>
   </div>
   <div class='ocr_carea' id='block_1_18' title="bbox 1116 159 1872 200">
    <p class='ocr_par' dir='ltr' id='par_1_18' title="bbox 1116 159 1872 200">
     <span class='ocr_line' id='line_1_18' title="bbox 1116 159 1872 200; baseline 0.004 -14"><span class='ocrx_word' id='word_1_121' title='bbox 1116 159 1179 186; x_wconf 70' lang='grc' dir='ltr'>ὀτι</span> <span class='ocrx_word' id='word_1_122' title='bbox 1203 160 1252 195; x_wconf 77' lang='grc' dir='ltr'>μὲν</span> <span class='ocrx_word' id='word_1_123' title='bbox 1274 159 1318 186; x_wconf 86' lang='grc' dir='ltr'><strong>διὰ</strong></span> <span class='ocrx_word' id='word_1_124' title='bbox 1338 159 1385 187; x_wconf 78' lang='grc' dir='ltr'><strong>τοῦ</strong></span> <span class='ocrx_word' id='word_1_125' title='bbox 1409 159 1494 196; x_wconf 81' lang='grc' dir='ltr'><strong>ἀγροῦ</strong></span> <span class='ocrx_word' id='word_1_126' title='bbox 1513 159 1558 187; x_wconf 75' lang='grc' dir='ltr'><strong>τὸν</strong></span> <span class='ocrx_word' id='word_1_127' title='bbox 1578 161 1682 196; x_wconf 82' lang='grc' dir='ltr'>κόσμον</span> <span class='ocrx_word' id='word_1_128' title='bbox 1702 163 1828 197; x_wconf 74' lang='grc' dir='ltr'><strong>σημαίνει</strong></span> <span class='ocrx_word' id='word_1_129' title='bbox 1855 165 1872 200; x_wconf 82' lang='grc' dir='ltr'><strong>ἡ</strong></span> 
     </span>
    </p>
   </div>
   <div class='ocr_carea' id='block_1_19' title="bbox 1081 204 1873 241">
    <p class='ocr_par' dir='ltr' id='par_1_19' title="bbox 1081 204 1873 241">
     <span class='ocr_line' id='line_1_19' title="bbox 1081 204 1873 241; baseline 0.003 -11"><span class='ocrx_word' id='word_1_130' title='bbox 1081 204 1128 230; x_wconf 84' lang='grc' dir='ltr'>τοῦ</span> <span class='ocrx_word' id='word_1_131' title='bbox 1142 205 1277 231; x_wconf 86' lang='grc' dir='ltr'>Δεσπότου</span> <span class='ocrx_word' id='word_1_132' title='bbox 1292 205 1378 240; x_wconf 81' lang='grc' dir='ltr'>φωνὴ,</span> <span class='ocrx_word' id='word_1_133' title='bbox 1394 207 1474 232; x_wconf 85' lang='grc' dir='ltr'>παντὶ</span> <span class='ocrx_word' id='word_1_134' title='bbox 1486 206 1564 240; x_wconf 84' lang='grc' dir='ltr'>δῆλον</span> <span class='ocrx_word' id='word_1_135' title='bbox 1577 207 1609 233; x_wconf 76' lang='grc' dir='ltr'>ἐκ</span> <span class='ocrx_word' id='word_1_136' title='bbox 1626 206 1679 233; x_wconf 87' lang='grc' dir='ltr'>τῶν</span> <span class='ocrx_word' id='word_1_137' title='bbox 1696 208 1873 241; x_wconf 75' lang='grc' dir='ltr'>Εὑαγγελίυιν</span> 
     </span>
    </p>
   </div>
   <div class='ocr_carea' id='block_1_20' title="bbox 1082 250 1871 287">
    <p class='ocr_par' dir='ltr' id='par_1_20' title="bbox 1082 250 1871 287">
     <span class='ocr_line' id='line_1_20' title="bbox 1082 250 1871 287; baseline 0.006 -11"><span class='ocrx_word' id='word_1_138' title='bbox 1082 250 1155 277; x_wconf 73' lang='grc' dir='ltr'>ἐστίν</span> <span class='ocrx_word' id='word_1_139' title='bbox 1168 259 1174 266; x_wconf 86' lang='grc'><strong>·</strong></span> <span class='ocrx_word' id='word_1_140' title='bbox 1191 251 1231 277; x_wconf 77' lang='grc' dir='ltr'>ὄῑι</span> <span class='ocrx_word' id='word_1_141' title='bbox 1247 251 1276 277; x_wconf 83' lang='grc' dir='ltr'>δὲ</span> <span class='ocrx_word' id='word_1_142' title='bbox 1297 251 1416 287; x_wconf 77' lang='grc' dir='ltr'>παράγει</span> <span class='ocrx_word' id='word_1_143' title='bbox 1432 253 1462 278; x_wconf 85' lang='grc' dir='ltr'>τὸ</span> <span class='ocrx_word' id='word_1_144' title='bbox 1480 253 1573 287; x_wconf 85' lang='grc' dir='ltr'>σχῆμα</span> <span class='ocrx_word' id='word_1_145' title='bbox 1585 252 1633 278; x_wconf 83' lang='grc' dir='ltr'>τοῦ</span> <span class='ocrx_word' id='word_1_146' title='bbox 1645 253 1748 287; x_wconf 79' lang='grc' dir='ltr'><strong>κόσμου</strong></span> <span class='ocrx_word' id='word_1_147' title='bbox 1763 254 1871 286; x_wconf 82' lang='grc' dir='ltr'>τούτου,</span> 
     </span>
    </p>
   </div>
   <div class='ocr_carea' id='block_1_21' title="bbox 1083 295 1870 332">
    <p class='ocr_par' dir='ltr' id='par_1_21' title="bbox 1083 295 1870 332">
     <span class='ocr_line' id='line_1_21' title="bbox 1083 295 1870 332; baseline 0.004 -11"><span class='ocrx_word' id='word_1_148' title='bbox 1083 295 1129 322; x_wconf 79' lang='grc' dir='ltr'>καὶ</span> <span class='ocrx_word' id='word_1_149' title='bbox 1145 295 1220 322; x_wconf 78' lang='grc' dir='ltr'>οὐδὲν</span> <span class='ocrx_word' id='word_1_150' title='bbox 1243 295 1339 330; x_wconf 87' lang='grc' dir='ltr'>πάγιον</span> <span class='ocrx_word' id='word_1_151' title='bbox 1358 296 1494 322; x_wconf 76' lang='grc' dir='ltr'><strong>δείκνυται</strong></span> <span class='ocrx_word' id='word_1_152' title='bbox 1509 297 1537 322; x_wconf 81' lang='grc' dir='ltr'>ἐν</span> <span class='ocrx_word' id='word_1_153' title='bbox 1556 297 1589 331; x_wconf 79' lang='grc' dir='ltr'><strong>τῇ</strong></span> <span class='ocrx_word' id='word_1_154' title='bbox 1607 297 1759 332; x_wconf 83' lang='grc' dir='ltr'>ἀστατούσῃ</span> <span class='ocrx_word' id='word_1_155' title='bbox 1781 298 1870 331; x_wconf 72' lang='grc' dir='ltr'>φύσει,</span> 
     </span>
    </p>
   </div>
   <div class='ocr_carea' id='block_1_22' title="bbox 1081 339 1870 376">
    <p class='ocr_par' dir='ltr' id='par_1_22' title="bbox 1081 339 1870 376">
     <span class='ocr_line' id='line_1_22' title="bbox 1081 339 1870 376; baseline 0.004 -10"><span class='ocrx_word' id='word_1_156' title='bbox 1081 339 1160 375; x_wconf 77' lang='grc' dir='ltr'>δῆλον</span> <span class='ocrx_word' id='word_1_157' title='bbox 1174 341 1205 366; x_wconf 80' lang='grc' dir='ltr'>ὲκ</span> <span class='ocrx_word' id='word_1_158' title='bbox 1219 341 1267 375; x_wconf 86' lang='grc' dir='ltr'>τῆς</span> <span class='ocrx_word' id='word_1_159' title='bbox 1280 341 1325 367; x_wconf 79' lang='grc' dir='ltr'>τοῦ</span> <span class='ocrx_word' id='word_1_160' title='bbox 1343 340 1554 375; x_wconf 78' lang='grc' dir='ltr'>Ἐκκλησιαποῦ</span> <span class='ocrx_word' id='word_1_161' title='bbox 1570 342 1773 376; x_wconf 76' lang='grc' dir='ltr'><strong>μεγαλοφωνίας</strong></span> <span class='ocrx_word' id='word_1_162' title='bbox 1787 344 1870 375; x_wconf 78' lang='grc' dir='ltr'>ἐστὶν,</span> 
     </span>
    </p>
   </div>
   <div class='ocr_carea' id='block_1_23' title="bbox 1082 384 1871 423">
    <p class='ocr_par' dir='ltr' id='par_1_23' title="bbox 1082 384 1871 423">
     <span class='ocr_line' id='line_1_23' title="bbox 1082 384 1871 423; baseline 0.005 -13"><span class='ocrx_word' id='word_1_163' title='bbox 1082 384 1111 415; x_wconf 82' lang='grc' dir='ltr'>ὃς</span> <span class='ocrx_word' id='word_1_164' title='bbox 1127 385 1180 410; x_wconf 75' lang='grc' dir='ltr'><strong>πᾶν</strong></span> <span class='ocrx_word' id='word_1_165' title='bbox 1191 385 1351 419; x_wconf 69' lang='grc' dir='ltr'>φαινόμενόν</span> <span class='ocrx_word' id='word_1_166' title='bbox 1365 393 1394 411; x_wconf 89' lang='grc' dir='ltr'><strong>τε</strong></span> <span class='ocrx_word' id='word_1_167' title='bbox 1409 387 1455 412; x_wconf 79' lang='grc' dir='ltr'>καὶ</span> <span class='ocrx_word' id='word_1_168' title='bbox 1471 387 1684 422; x_wconf 75' lang='grc' dir='ltr'><strong>παρερχόμενον,</strong></span> <span class='ocrx_word' id='word_1_169' title='bbox 1703 388 1731 414; x_wconf 82' lang='grc' dir='ltr'>ὲν</span> <span class='ocrx_word' id='word_1_170' title='bbox 1748 389 1871 423; x_wconf 80' lang='grc' dir='ltr'><strong>ματαίοις</strong></span> 
     </span>
    </p>
   </div>
   <div class='ocr_carea' id='block_1_24' title="bbox 1082 427 1871 467">
    <p class='ocr_par' dir='ltr' id='par_1_24' title="bbox 1082 427 1871 467">
     <span class='ocr_line' id='line_1_24' title="bbox 1082 427 1871 467; baseline 0.006 -13"><span class='ocrx_word' id='word_1_171' title='bbox 1082 428 1243 464; x_wconf 75' lang='grc' dir='ltr'><strong>ἠρίθμησεν.</strong></span> <span class='ocrx_word' id='word_1_172' title='bbox 1263 429 1310 460; x_wconf 88' lang='grc' dir='ltr'>Τίς</span> <span class='ocrx_word' id='word_1_173' title='bbox 1326 427 1372 456; x_wconf 86' lang='grc' dir='ltr'>οὖν</span> <span class='ocrx_word' id='word_1_174' title='bbox 1389 430 1405 464; x_wconf 83' lang='grc' dir='ltr'><strong>ὴ</strong></span> <span class='ocrx_word' id='word_1_175' title='bbox 1425 429 1538 465; x_wconf 87' lang='grc' dir='ltr'>δύναμις</span> <span class='ocrx_word' id='word_1_176' title='bbox 1553 430 1599 456; x_wconf 78' lang='grc' dir='ltr'>τοῦ</span> <span class='ocrx_word' id='word_1_177' title='bbox 1611 431 1730 457; x_wconf 77' lang='grc' dir='ltr'>τοιούτου</span> <span class='ocrx_word' id='word_1_178' title='bbox 1745 432 1842 467; x_wconf 80' lang='grc' dir='ltr'><strong>ἀγροῦ,</strong></span> <span class='ocrx_word' id='word_1_179' title='bbox 1857 433 1871 459; x_wconf 82' lang='grc' dir='ltr'><strong><em>ὅ</em></strong></span> 
     </span>
    </p>
   </div>
   <div class='ocr_carea' id='block_1_25' title="bbox 1083 472 1872 512">
    <p class='ocr_par' dir='ltr' id='par_1_25' title="bbox 1083 472 1872 512">
     <span class='ocr_line' id='line_1_25' title="bbox 1083 472 1872 512; baseline 0.005 -12"><span class='ocrx_word' id='word_1_180' title='bbox 1083 474 1156 500; x_wconf 79' lang='grc' dir='ltr'>ἐστιν</span> <span class='ocrx_word' id='word_1_181' title='bbox 1172 475 1186 500; x_wconf 84' lang='grc' dir='ltr'>ὁ</span> <span class='ocrx_word' id='word_1_182' title='bbox 1199 474 1316 509; x_wconf 84' lang='grc' dir='ltr'>κόσμος;</span> <span class='ocrx_word' id='word_1_183' title='bbox 1334 475 1368 500; x_wconf 87' lang='grc' dir='ltr'><em>Ἣ</em></span> <span class='ocrx_word' id='word_1_184' title='bbox 1382 474 1424 506; x_wconf 87' lang='grc' dir='ltr'><strong>τίς</strong></span> <span class='ocrx_word' id='word_1_185' title='bbox 1439 475 1456 510; x_wconf 79' lang='grc' dir='ltr'><strong>ἡ</strong></span> <span class='ocrx_word' id='word_1_186' title='bbox 1473 475 1558 512; x_wconf 80' lang='grc' dir='ltr'>ἰσχὺς,</span> <span class='ocrx_word' id='word_1_187' title='bbox 1573 472 1610 502; x_wconf 79' lang='grc' dir='ltr'>ὧν</span> <span class='ocrx_word' id='word_1_188' title='bbox 1625 477 1641 511; x_wconf 81' lang='grc' dir='ltr'>ἡ</span> <span class='ocrx_word' id='word_1_189' title='bbox 1657 477 1750 511; x_wconf 88' lang='grc' dir='ltr'>μνήμη</span> <span class='ocrx_word' id='word_1_190' title='bbox 1764 478 1872 512; x_wconf 78' lang='grc' dir='ltr'>ἀτταρά-</span> 
     </span>
    </p>
   </div>
   <div class='ocr_carea' id='block_1_26' title="bbox 1084 519 1872 558">
    <p class='ocr_par' dir='ltr' id='par_1_26' title="bbox 1084 519 1872 558">
     <span class='ocr_line' id='line_1_26' title="bbox 1084 519 1872 558; baseline 0.008 -14"><span class='ocrx_word' id='word_1_191' title='bbox 1084 519 1164 545; x_wconf 86' lang='grc' dir='ltr'>6ατον</span> <span class='ocrx_word' id='word_1_192' title='bbox 1179 521 1251 545; x_wconf 87' lang='grc' dir='ltr'>ποιεῖ</span> <span class='ocrx_word' id='word_1_193' title='bbox 1271 519 1315 545; x_wconf 84' lang='grc' dir='ltr'>διὰ</span> <span class='ocrx_word' id='word_1_194' title='bbox 1331 519 1377 545; x_wconf 83' lang='grc' dir='ltr'>τοῦ</span> <span class='ocrx_word' id='word_1_195' title='bbox 1400 520 1532 555; x_wconf 85' lang='grc' dir='ltr'>ὁρκισμοῦ</span> <span class='ocrx_word' id='word_1_196' title='bbox 1556 522 1616 552; x_wconf 87' lang='grc' dir='ltr'>ταῖς</span> <span class='ocrx_word' id='word_1_197' title='bbox 1635 521 1798 558; x_wconf 86' lang='grc' dir='ltr'>θυγατράσιν</span> <span class='ocrx_word' id='word_1_198' title='bbox 1823 524 1872 549; x_wconf 80' lang='grc' dir='ltr'><strong>Ἰε-</strong></span> 
     </span>
    </p>
   </div>
   <div class='ocr_carea' id='block_1_27' title="bbox 1086 564 1871 602">
    <p class='ocr_par' dir='ltr' id='par_1_27' title="bbox 1086 564 1871 602">
     <span class='ocr_line' id='line_1_27' title="bbox 1086 564 1871 602; baseline 0.005 -12"><span class='ocrx_word' id='word_1_199' title='bbox 1086 564 1225 600; x_wconf 86' lang='grc' dir='ltr'>ρουσαλὴμ</span> <span class='ocrx_word' id='word_1_200' title='bbox 1239 565 1269 591; x_wconf 81' lang='grc' dir='ltr'>τὸ</span> <span class='ocrx_word' id='word_1_201' title='bbox 1286 565 1483 600; x_wconf 85' lang='grc' dir='ltr'>παράγγελμα;</span> <span class='ocrx_word' id='word_1_202' title='bbox 1499 566 1529 591; x_wconf 75' lang='lat' dir='ltr'><strong>Et</strong></span> <span class='ocrx_word' id='word_1_203' title='bbox 1543 566 1592 601; x_wconf 76' lang='grc' dir='ltr'>μὲν</span> <span class='ocrx_word' id='word_1_204' title='bbox 1607 567 1661 602; x_wconf 86' lang='grc' dir='ltr'><strong>γὰρ</strong></span> <span class='ocrx_word' id='word_1_205' title='bbox 1680 568 1747 602; x_wconf 84' lang='grc' dir='ltr'>πρὸς</span> <span class='ocrx_word' id='word_1_206' title='bbox 1758 568 1792 594; x_wconf 71' lang='grc' dir='ltr'><strong>τὰ</strong></span> <span class='ocrx_word' id='word_1_207' title='bbox 1807 577 1871 602; x_wconf 84' lang='grc' dir='ltr'>φαι-</span> 
     </span>
    </p>
   </div>
   <div class='ocr_carea' id='block_1_28' title="bbox 1085 609 1871 645">
    <p class='ocr_par' dir='ltr' id='par_1_28' title="bbox 1085 609 1871 645">
     <span class='ocr_line' id='line_1_28' title="bbox 1085 609 1871 645; baseline 0.004 -10"><span class='ocrx_word' id='word_1_208' title='bbox 1085 609 1185 644; x_wconf 83' lang='grc' dir='ltr'>νόμενα</span> <span class='ocrx_word' id='word_1_209' title='bbox 1207 610 1352 645; x_wconf 82' lang='grc' dir='ltr'>βλέπομεν,</span> <span class='ocrx_word' id='word_1_210' title='bbox 1375 610 1413 642; x_wconf 85' lang='grc' dir='ltr'>ὡς</span> <span class='ocrx_word' id='word_1_211' title='bbox 1428 609 1510 645; x_wconf 71' lang='grc' dir='ltr'>οὔσης</span> <span class='ocrx_word' id='word_1_212' title='bbox 1531 611 1603 642; x_wconf 85' lang='grc' dir='ltr'>τινὸς</span> <span class='ocrx_word' id='word_1_213' title='bbox 1619 613 1646 637; x_wconf 78' lang='grc' dir='ltr'>ἐν</span> <span class='ocrx_word' id='word_1_214' title='bbox 1665 612 1770 643; x_wconf 76' lang='grc' dir='ltr'><strong>τούτοις</strong></span> <span class='ocrx_word' id='word_1_215' title='bbox 1790 612 1871 639; x_wconf 86' lang='grc' dir='ltr'>δυνά-</span> 
     </span>
    </p>
   </div>
   <div class='ocr_carea' id='block_1_29' title="bbox 1087 654 1871 692">
    <p class='ocr_par' dir='ltr' id='par_1_29' title="bbox 1087 654 1871 692">
     <span class='ocr_line' id='line_1_29' title="bbox 1087 654 1871 692; baseline 0.005 -12"><span class='ocrx_word' id='word_1_216' title='bbox 1087 663 1174 689; x_wconf 76' lang='grc' dir='ltr'>μεως,</span> <span class='ocrx_word' id='word_1_217' title='bbox 1212 655 1421 689; x_wconf 76' lang='grc' dir='ltr'>παραγράφεται</span> <span class='ocrx_word' id='word_1_218' title='bbox 1453 654 1502 690; x_wconf 84' lang='grc' dir='ltr'><strong>τὴν</strong></span> <span class='ocrx_word' id='word_1_219' title='bbox 1535 656 1662 691; x_wconf 84' lang='grc' dir='ltr'>τοιαύτην</span> <span class='ocrx_word' id='word_1_220' title='bbox 1692 656 1825 692; x_wconf 71' lang='grc' dir='ltr'>ὑπόληψιν</span> <span class='ocrx_word' id='word_1_221' title='bbox 1857 659 1871 683; x_wconf 79' lang='grc' dir='ltr'><strong>ὁ</strong></span> 
     </span>
    </p>
   </div>
   <div class='ocr_carea' id='block_1_30' title="bbox 1092 700 1871 736">
    <p class='ocr_par' dir='ltr' id='par_1_30' title="bbox 1092 700 1871 736">
     <span class='ocr_line' id='line_1_30' title="bbox 1092 700 1871 736; baseline 0.004 -10"><span class='ocrx_word' id='word_1_222' title='bbox 1092 700 1314 736; x_wconf 84' lang='grc' dir='ltr'>Ἐκκλησιαστὴς,</span> <span class='ocrx_word' id='word_1_223' title='bbox 1342 701 1454 735; x_wconf 84' lang='grc' dir='ltr'>μάταιον</span> <span class='ocrx_word' id='word_1_224' title='bbox 1479 701 1618 735; x_wconf 78' lang='grc' dir='ltr'>ὀνομάζων</span> <span class='ocrx_word' id='word_1_225' title='bbox 1641 702 1694 728; x_wconf 84' lang='grc' dir='ltr'>πᾶν</span> <span class='ocrx_word' id='word_1_226' title='bbox 1713 703 1741 729; x_wconf 80' lang='grc' dir='ltr'>ὲν</span> <span class='ocrx_word' id='word_1_227' title='bbox 1766 703 1871 734; x_wconf 79' lang='grc' dir='ltr'>τούτοις</span> 
     </span>
    </p>
   </div>
   <div class='ocr_carea' id='block_1_31' title="bbox 1085 745 1870 782">
    <p class='ocr_par' dir='ltr' id='par_1_31' title="bbox 1085 745 1870 782">
     <span class='ocr_line' id='line_1_31' title="bbox 1085 745 1870 782; baseline 0.004 -11"><span class='ocrx_word' id='word_1_228' title='bbox 1085 745 1255 780; x_wconf 74' lang='grc' dir='ltr'>δεικνύμενον</span> <span class='ocrx_word' id='word_1_229' title='bbox 1269 754 1298 771; x_wconf 83' lang='grc' dir='ltr'><strong>τε</strong></span> <span class='ocrx_word' id='word_1_230' title='bbox 1315 745 1361 772; x_wconf 70' lang='grc' dir='ltr'>καὶ</span> <span class='ocrx_word' id='word_1_231' title='bbox 1381 745 1606 780; x_wconf 79' lang='grc' dir='ltr'>σπουδαζόμενον.</span> <span class='ocrx_word' id='word_1_232' title='bbox 1632 746 1668 772; x_wconf 83' lang='grc' dir='ltr'>Τὸ</span> <span class='ocrx_word' id='word_1_233' title='bbox 1689 746 1743 782; x_wconf 81' lang='grc' dir='ltr'><strong>γὰρ</strong></span> <span class='ocrx_word' id='word_1_234' title='bbox 1757 748 1870 782; x_wconf 82' lang='grc' dir='ltr'>μάταιον</span> 
     </span>
    </p>
   </div>
   <div class='ocr_carea' id='block_1_32' title="bbox 1086 791 1868 827">
    <p class='ocr_par' dir='ltr' id='par_1_32' title="bbox 1086 791 1868 827">
     <span class='ocr_line' id='line_1_32' title="bbox 1086 791 1868 827; baseline 0.004 -11"><span class='ocrx_word' id='word_1_235' title='bbox 1086 791 1134 825; x_wconf 73' lang='grc' dir='ltr'>οὐχ</span> <span class='ocrx_word' id='word_1_236' title='bbox 1151 791 1295 825; x_wconf 76' lang='grc' dir='ltr'>ὑφέστηκε.</span> <span class='ocrx_word' id='word_1_237' title='bbox 1320 791 1356 816; x_wconf 81' lang='grc' dir='ltr'>Τὸ</span> <span class='ocrx_word' id='word_1_238' title='bbox 1370 791 1398 817; x_wconf 83' lang='grc' dir='ltr'>δὲ</span> <span class='ocrx_word' id='word_1_239' title='bbox 1424 792 1461 826; x_wconf 83' lang='grc' dir='ltr'><strong>μὴ</strong></span> <span class='ocrx_word' id='word_1_240' title='bbox 1485 791 1599 825; x_wconf 75' lang='grc' dir='ltr'>ὑφεστὺς</span> <span class='ocrx_word' id='word_1_241' title='bbox 1616 791 1685 818; x_wconf 81' lang='grc' dir='ltr'>κατὰ</span> <span class='ocrx_word' id='word_1_242' title='bbox 1702 792 1751 827; x_wconf 84' lang='grc' dir='ltr'><strong>τὴν</strong></span> <span class='ocrx_word' id='word_1_243' title='bbox 1765 793 1868 824; x_wconf 84' lang='grc' dir='ltr'>οὐσίαν,</span> 
     </span>
    </p>
   </div>
   <div class='ocr_carea' id='block_1_33' title="bbox 245 831 1034 871">
    <p class='ocr_par' dir='ltr' id='par_1_33' title="bbox 245 831 1031 864">
     <span class='ocr_line' id='line_1_33' title="bbox 245 831 1031 864; baseline 0.008 -7"><span class='ocrx_word' id='word_1_244' title='bbox 245 831 273 858; x_wconf 95' lang='lat' dir='ltr'><strong>in</strong></span> <span class='ocrx_word' id='word_1_245' title='bbox 293 831 410 858; x_wconf 84' lang='lat' dir='ltr'><strong>essentia</strong></span> <span class='ocrx_word' id='word_1_246' title='bbox 427 839 481 858; x_wconf 92' lang='lat' dir='ltr'><strong>non</strong></span> <span class='ocrx_word' id='word_1_247' title='bbox 503 833 642 864; x_wconf 81' lang='lat' dir='ltr'><strong>consistit,</strong></span> <span class='ocrx_word' id='word_1_248' title='bbox 662 841 717 860; x_wconf 88' lang='lat' dir='ltr'><strong>non</strong></span> <span class='ocrx_word' id='word_1_249' title='bbox 736 834 818 861; x_wconf 82' lang='lat' dir='ltr'><strong>habet</strong></span> <span class='ocrx_word' id='word_1_250' title='bbox 836 835 973 863; x_wconf 88' lang='lat' dir='ltr'><strong>virtutem.</strong></span> <span class='ocrx_word' id='word_1_251' title='bbox 990 837 1031 864; x_wconf 81' lang='lat' dir='ltr'><strong>An</strong></span> 
     </span>
    </p>
   </div>
   <div class='ocr_carea' id='block_1_34' title="bbox 1086 831 1869 871">
    <p class='ocr_par' dir='ltr' id='par_1_34' title="bbox 1086 835 1869 871">
     <span class='ocr_line' id='line_1_34' title="bbox 1086 835 1869 871; baseline 0.004 -10"><span class='ocrx_word' id='word_1_252' title='bbox 1086 836 1160 870; x_wconf 76' lang='grc' dir='ltr'>ἰσχὺν</span> <span class='ocrx_word' id='word_1_253' title='bbox 1175 836 1224 862; x_wconf 78' lang='grc' dir='ltr'>οὐκ</span> <span class='ocrx_word' id='word_1_254' title='bbox 1246 836 1311 870; x_wconf 79' lang='grc' dir='ltr'>ἔχει.</span> <span class='ocrx_word' id='word_1_255' title='bbox 1327 836 1361 862; x_wconf 90' lang='grc' dir='ltr'><strong>Ἦ</strong></span> <span class='ocrx_word' id='word_1_256' title='bbox 1377 836 1446 870; x_wconf 85' lang='grc' dir='ltr'>τάχα</span> <span class='ocrx_word' id='word_1_257' title='bbox 1459 836 1503 862; x_wconf 76' lang='grc' dir='ltr'><strong>διὰ</strong></span> <span class='ocrx_word' id='word_1_258' title='bbox 1517 836 1565 870; x_wconf 85' lang='grc' dir='ltr'>τῆς</span> <span class='ocrx_word' id='word_1_259' title='bbox 1581 835 1763 870; x_wconf 82' lang='grc' dir='ltr'>πληθυντικῆς</span> <span class='ocrx_word' id='word_1_260' title='bbox 1779 845 1869 871; x_wconf 85' lang='grc' dir='ltr'>σημα-</span> 
     </span>
    </p>
   </div>
   <div class='ocr_carea' id='block_1_35' title="bbox 246 877 1032 916">
    <p class='ocr_par' dir='ltr' id='par_1_35' title="bbox 246 877 1032 916">
     <span class='ocr_line' id='line_1_35' title="bbox 246 877 1032 916; baseline 0.008 -13"><span class='ocrx_word' id='word_1_261' title='bbox 246 877 316 904; x_wconf 82' lang='lat' dir='ltr'><strong>forte</strong></span> <span class='ocrx_word' id='word_1_262' title='bbox 332 885 380 912; x_wconf 90' lang='lat' dir='ltr'><strong>per</strong></span> <span class='ocrx_word' id='word_1_263' title='bbox 394 878 525 912; x_wconf 88' lang='lat' dir='ltr'><strong>pluralem</strong></span> <span class='ocrx_word' id='word_1_264' title='bbox 541 878 765 912; x_wconf 80' lang='lat' dir='ltr'><strong>signiﬁcationem</strong></span> <span class='ocrx_word' id='word_1_265' title='bbox 780 880 862 914; x_wconf 88' lang='lat' dir='ltr'><strong>hujus</strong></span> <span class='ocrx_word' id='word_1_266' title='bbox 875 883 1032 916; x_wconf 78' lang='lat' dir='ltr'><strong>potestatis,</strong></span> 
     </span>
    </p>
   </div>
   <div class='ocr_carea' id='block_1_36' title="bbox 247 923 1034 959">
    <p class='ocr_par' dir='ltr' id='par_1_36' title="bbox 247 923 1034 959">
     <span class='ocr_line' id='line_1_36' title="bbox 247 923 1034 959; baseline 0.006 -10"><span class='ocrx_word' id='word_1_267' title='bbox 247 923 361 950; x_wconf 74' lang='lat' dir='ltr'><strong>inveniri</strong></span> <span class='ocrx_word' id='word_1_268' title='bbox 379 927 467 957; x_wconf 85' lang='lat' dir='ltr'><strong>potest</strong></span> <span class='ocrx_word' id='word_1_269' title='bbox 490 924 580 958; x_wconf 87' lang='lat' dir='ltr'><strong>aliqua</strong></span> <span class='ocrx_word' id='word_1_270' title='bbox 602 932 700 952; x_wconf 90' lang='lat' dir='ltr'><strong>sensus</strong></span> <span class='ocrx_word' id='word_1_271' title='bbox 717 925 892 959; x_wconf 83' lang='lat' dir='ltr'><strong>conjectura?</strong></span> <span class='ocrx_word' id='word_1_272' title='bbox 910 927 939 953; x_wconf 90' lang='lat' dir='ltr'><strong>In</strong></span> <span class='ocrx_word' id='word_1_273' title='bbox 955 935 1034 954; x_wconf 84' lang='lat' dir='ltr'><strong>sacra</strong></span> 
     </span>
    </p>
   </div>
   <div class='ocr_carea' id='block_1_37' title="bbox 245 969 1034 1002">
    <p class='ocr_par' dir='ltr' id='par_1_37' title="bbox 245 969 1034 1002">
     <span class='ocr_line' id='line_1_37' title="bbox 245 969 1034 1002; baseline 0.005 -7"><span class='ocrx_word' id='word_1_274' title='bbox 245 969 316 995; x_wconf 87' lang='lat' dir='ltr'><strong>enim</strong></span> <span class='ocrx_word' id='word_1_275' title='bbox 333 969 475 1002; x_wconf 81' lang='lat' dir='ltr'><strong>Scriptura</strong></span> <span class='ocrx_word' id='word_1_276' title='bbox 492 969 572 996; x_wconf 84' lang='lat' dir='ltr'><strong>talem</strong></span> <span class='ocrx_word' id='word_1_277' title='bbox 588 970 708 998; x_wconf 86' lang='lat' dir='ltr'><strong>nominis</strong></span> <span class='ocrx_word' id='word_1_278' title='bbox 725 970 907 998; x_wconf 81' lang='lat' dir='ltr'><strong>differentiam</strong></span> <span class='ocrx_word' id='word_1_279' title='bbox 932 973 959 999; x_wconf 92' lang='lat' dir='ltr'><strong>in</strong></span> <span class='ocrx_word' id='word_1_280' title='bbox 984 973 1034 999; x_wconf 83' lang='lat' dir='ltr'><strong>ltu-</strong></span> 
     </span>
    </p>
   </div>
   <div class='ocr_carea' id='block_1_38' title="bbox 243 1013 1035 1051">
    <p class='ocr_par' dir='ltr' id='par_1_38' title="bbox 243 1013 1035 1051">
     <span class='ocr_line' id='line_1_38' title="bbox 243 1013 1035 1051; baseline 0.005 -11"><span class='ocrx_word' id='word_1_281' title='bbox 243 1013 364 1047; x_wconf 89' lang='lat' dir='ltr'><strong>jusntodi</strong></span> <span class='ocrx_word' id='word_1_282' title='bbox 387 1015 524 1046; x_wconf 90' lang='lat' dir='ltr'><strong>novitnus,</strong></span> <span class='ocrx_word' id='word_1_283' title='bbox 548 1019 578 1041; x_wconf 86' lang='lat' dir='ltr'><strong>ut</strong></span> <span class='ocrx_word' id='word_1_284' title='bbox 601 1015 712 1049; x_wconf 89' lang='lat' dir='ltr'><strong>quando</strong></span> <span class='ocrx_word' id='word_1_285' title='bbox 739 1017 916 1051; x_wconf 80' lang='lat' dir='ltr'><strong>singulariter</strong></span> <span class='ocrx_word' id='word_1_286' title='bbox 934 1017 1035 1044; x_wconf 88' lang='lat' dir='ltr'><strong>dicitur</strong></span> 
     </span>
    </p>
   </div>
   <div class='ocr_carea' id='block_1_39' title="bbox 246 1059 1035 1097">
    <p class='ocr_par' dir='ltr' id='par_1_39' title="bbox 246 1059 1035 1097">
     <span class='ocr_line' id='line_1_39' title="bbox 246 1059 1035 1097; baseline 0.005 -11"><span class='ocrx_word' id='word_1_287' title='bbox 246 1059 333 1086; x_wconf 90' lang='lat' dir='ltr'><strong>virtus</strong></span> <span class='ocrx_word' id='word_1_288' title='bbox 345 1059 379 1091; x_wconf 80' lang='grc'><strong>⁷⁸,</strong></span> <span class='ocrx_word' id='word_1_289' title='bbox 402 1059 435 1086; x_wconf 88' lang='lat' dir='ltr'><strong>ad</strong></span> <span class='ocrx_word' id='word_1_290' title='bbox 459 1059 544 1086; x_wconf 89' lang='lat' dir='ltr'><strong>Deum</strong></span> <span class='ocrx_word' id='word_1_291' title='bbox 570 1059 704 1087; x_wconf 81' lang='lat' dir='ltr'><strong>referatur</strong></span> <span class='ocrx_word' id='word_1_292' title='bbox 729 1063 863 1089; x_wconf 88' lang='lat' dir='ltr'><strong>sententia</strong></span> <span class='ocrx_word' id='word_1_293' title='bbox 883 1063 966 1097; x_wconf 87' lang='lat' dir='ltr'><strong>hujus</strong></span> <span class='ocrx_word' id='word_1_294' title='bbox 987 1071 1035 1090; x_wconf 82' lang='lat' dir='ltr'><strong>vo-</strong></span> 
     </span>
    </p>
   </div>
   <div class='ocr_carea' id='block_1_40' title="bbox 245 1104 1035 1140">
    <p class='ocr_par' dir='ltr' id='par_1_40' title="bbox 245 1104 1035 1140">
     <span class='ocr_line' id='line_1_40' title="bbox 245 1104 1035 1140; baseline 0.005 -10"><span class='ocrx_word' id='word_1_295' title='bbox 245 1104 306 1131; x_wconf 85' lang='lat' dir='ltr'><strong>cis:</strong></span> <span class='ocrx_word' id='word_1_296' title='bbox 323 1104 433 1138; x_wconf 87' lang='lat' dir='ltr'><strong>quando</strong></span> <span class='ocrx_word' id='word_1_297' title='bbox 452 1109 543 1132; x_wconf 89' lang='lat' dir='ltr'><strong>autcm</strong></span> <span class='ocrx_word' id='word_1_298' title='bbox 562 1112 611 1139; x_wconf 89' lang='lat' dir='ltr'><strong>per</strong></span> <span class='ocrx_word' id='word_1_299' title='bbox 629 1105 742 1140; x_wconf 84' lang='lat' dir='ltr'><strong>ﬁguram</strong></span> <span class='ocrx_word' id='word_1_300' title='bbox 757 1107 890 1140; x_wconf 87' lang='lat' dir='ltr'><strong>pluralem</strong></span> <span class='ocrx_word' id='word_1_301' title='bbox 907 1109 1035 1134; x_wconf 89' lang='lat' dir='ltr'><strong>enuntia-</strong></span> 
     </span>
    </p>
   </div>
   <div class='ocr_carea' id='block_1_41' title="bbox 247 1150 1035 1185">
    <p class='ocr_par' dir='ltr' id='par_1_41' title="bbox 247 1150 1035 1185">
     <span class='ocr_line' id='line_1_41' title="bbox 247 1150 1035 1185; baseline 0.005 -9"><span class='ocrx_word' id='word_1_302' title='bbox 247 1155 301 1182; x_wconf 89' lang='lat' dir='ltr'><strong>tur,</strong></span> <span class='ocrx_word' id='word_1_303' title='bbox 317 1150 436 1178; x_wconf 79' lang='lat' dir='ltr'><strong>ostendit</strong></span> <span class='ocrx_word' id='word_1_304' title='bbox 451 1155 577 1177; x_wconf 88' lang='lat' dir='ltr'><strong>naturam</strong></span> <span class='ocrx_word' id='word_1_305' title='bbox 601 1151 763 1185; x_wconf 77' lang='lat' dir='ltr'><strong>angelicam,</strong></span> <span class='ocrx_word' id='word_1_306' title='bbox 783 1156 822 1185; x_wconf 85' lang='lat' dir='ltr'><strong>ut,</strong></span> <span class='ocrx_word' id='word_1_307' title='bbox 840 1152 963 1180; x_wconf 72' lang='lat' dir='ltr'><strong>Christus</strong></span> <span class='ocrx_word' id='word_1_308' title='bbox 986 1153 1035 1180; x_wconf 79' lang='lat' dir='ltr'><strong>Dei</strong></span> 
     </span>
    </p>
   </div>
   <div class='ocr_carea' id='block_1_42' title="bbox 245 1195 1036 1232">
    <p class='ocr_par' dir='ltr' id='par_1_42' title="bbox 245 1195 1036 1232">
     <span class='ocr_line' id='line_1_42' title="bbox 245 1195 1036 1232; baseline 0.005 -11"><span class='ocrx_word' id='word_1_309' title='bbox 245 1195 340 1227; x_wconf 63' lang='lat' dir='ltr'><strong>virtus,</strong></span> <span class='ocrx_word' id='word_1_310' title='bbox 356 1201 379 1222; x_wconf 87' lang='lat' dir='ltr'><strong>et</strong></span> <span class='ocrx_word' id='word_1_311' title='bbox 399 1195 449 1222; x_wconf 82' lang='lat' dir='ltr'><strong>Dei</strong></span> <span class='ocrx_word' id='word_1_312' title='bbox 469 1196 600 1230; x_wconf 79' lang='lat' dir='ltr'><strong>sapientia</strong></span> <span class='ocrx_word' id='word_1_313' title='bbox 615 1197 653 1229; x_wconf 68' lang='lat'><strong>7‘;</strong></span> <span class='ocrx_word' id='word_1_314' title='bbox 674 1197 718 1223; x_wconf 87' lang='lat' dir='ltr'><strong>ltic</strong></span> <span class='ocrx_word' id='word_1_315' title='bbox 739 1197 874 1232; x_wconf 79' lang='lat' dir='ltr'><strong>singulari</strong></span> <span class='ocrx_word' id='word_1_316' title='bbox 899 1199 981 1225; x_wconf 83' lang='lat' dir='ltr'><strong>Deum</strong></span> <span class='ocrx_word' id='word_1_317' title='bbox 1001 1198 1036 1225; x_wconf 87' lang='lat' dir='ltr'><strong>si-</strong></span> 
     </span>
    </p>
   </div>
   <div class='ocr_carea' id='block_1_43' title="bbox 247 1240 1032 1277">
    <p class='ocr_par' dir='ltr' id='par_1_43' title="bbox 247 1240 1032 1277">
     <span class='ocr_line' id='line_1_43' title="bbox 247 1240 1032 1277; baseline 0.003 -10"><span class='ocrx_word' id='word_1_318' title='bbox 247 1241 367 1275; x_wconf 80' lang='lat' dir='ltr'><strong>gniﬁcat.</strong></span> <span class='ocrx_word' id='word_1_319' title='bbox 388 1240 509 1268; x_wconf 82' lang='lat' dir='ltr'><strong>Laudale</strong></span> <span class='ocrx_word' id='word_1_320' title='bbox 527 1241 683 1274; x_wconf 74' lang='lat' dir='ltr'><strong>Dominum,</strong></span> <span class='ocrx_word' id='word_1_321' title='bbox 698 1250 786 1268; x_wconf 70' lang='lat' dir='ltr'><strong>omnes</strong></span> <span class='ocrx_word' id='word_1_322' title='bbox 805 1243 912 1270; x_wconf 79' lang='lat' dir='ltr'><strong>virtutes</strong></span> <span class='ocrx_word' id='word_1_323' title='bbox 931 1244 987 1277; x_wconf 71' lang='lat' dir='ltr'><strong>ejus</strong></span> <span class='ocrx_word' id='word_1_324' title='bbox 999 1243 1032 1269; x_wconf 91' lang='grc'><strong>⁷¹.</strong></span> 
     </span>
    </p>
   </div>
   <div class='ocr_carea' id='block_1_44' title="bbox 246 1284 1033 1322">
    <p class='ocr_par' dir='ltr' id='par_1_44' title="bbox 246 1284 1033 1322">
     <span class='ocr_line' id='line_1_44' title="bbox 246 1284 1033 1322; baseline 0.003 -10"><span class='ocrx_word' id='word_1_325' title='bbox 246 1284 296 1312; x_wconf 85' lang='lat' dir='ltr'><strong>Hic</strong></span> <span class='ocrx_word' id='word_1_326' title='bbox 315 1286 422 1321; x_wconf 85' lang='lat' dir='ltr'><strong>plurale</strong></span> <span class='ocrx_word' id='word_1_327' title='bbox 443 1287 576 1312; x_wconf 89' lang='lat' dir='ltr'><strong>virtutum</strong></span> <span class='ocrx_word' id='word_1_328' title='bbox 610 1286 714 1313; x_wconf 81' lang='lat' dir='ltr'><strong>indicat</strong></span> <span class='ocrx_word' id='word_1_329' title='bbox 740 1287 965 1322; x_wconf 88' lang='lat' dir='ltr'><strong>signilicationcnt</strong></span> <span class='ocrx_word' id='word_1_330' title='bbox 984 1295 1033 1314; x_wconf 87' lang='lat' dir='ltr'><strong>tta-</strong></span> 
     </span>
    </p>
   </div>
   <div class='ocr_carea' id='block_1_45' title="bbox 247 1332 1033 1367">
    <p class='ocr_par' dir='ltr' id='par_1_45' title="bbox 247 1332 1033 1367">
     <span class='ocr_line' id='line_1_45' title="bbox 247 1332 1033 1367; baseline 0.001 -10"><span class='ocrx_word' id='word_1_331' title='bbox 247 1335 317 1358; x_wconf 64' lang='lat' dir='ltr'><strong>tura:</strong></span> <span class='ocrx_word' id='word_1_332' title='bbox 351 1332 522 1366; x_wconf 82' lang='lat' dir='ltr'><strong>angelorum,</strong></span> <span class='ocrx_word' id='word_1_333' title='bbox 549 1339 609 1366; x_wconf 75' lang='lat' dir='ltr'><strong>qua:</strong></span> <span class='ocrx_word' id='word_1_334' title='bbox 634 1332 707 1358; x_wconf 79' lang='lat' dir='ltr'><strong>cadit</strong></span> <span class='ocrx_word' id='word_1_335' title='bbox 731 1333 783 1359; x_wconf 88' lang='lat' dir='ltr'><strong>sub</strong></span> <span class='ocrx_word' id='word_1_336' title='bbox 815 1332 1033 1367; x_wconf 79' lang='lat' dir='ltr'><strong>intelligentiam.</strong></span> 
     </span>
    </p>
   </div>
   <div class='ocr_carea' id='block_1_46' title="bbox 246 1377 1034 1413">
    <p class='ocr_par' dir='ltr' id='par_1_46' title="bbox 246 1377 1034 1413">
     <span class='ocr_line' id='line_1_46' title="bbox 246 1377 1034 1413; baseline 0 -9"><span class='ocrx_word' id='word_1_337' title='bbox 246 1377 351 1405; x_wconf 89' lang='lat' dir='ltr'><strong>Nomen</strong></span> <span class='ocrx_word' id='word_1_338' title='bbox 369 1381 460 1404; x_wconf 86' lang='lat' dir='ltr'><strong>autent</strong></span> <span class='ocrx_word' id='word_1_339' title='bbox 477 1378 622 1412; x_wconf 83' lang='lat' dir='ltr'><strong>potestatis</strong></span> <span class='ocrx_word' id='word_1_340' title='bbox 638 1378 720 1405; x_wconf 87' lang='lat' dir='ltr'><strong>simul</strong></span> <span class='ocrx_word' id='word_1_341' title='bbox 742 1382 884 1413; x_wconf 86' lang='lat' dir='ltr'><strong>acceptum</strong></span> <span class='ocrx_word' id='word_1_342' title='bbox 901 1386 962 1405; x_wconf 86' lang='lat' dir='ltr'><strong>eum</strong></span> <span class='ocrx_word' id='word_1_343' title='bbox 978 1382 1034 1405; x_wconf 88' lang='lat' dir='ltr'><strong>vtr-</strong></span> 
     </span>
    </p>
   </div>
   <div class='ocr_carea' id='block_1_47' title="bbox 247 1418 1034 1457">
    <p class='ocr_par' dir='ltr' id='par_1_47' title="bbox 247 1418 1034 1457">
     <span class='ocr_line' id='line_1_47' title="bbox 247 1418 1034 1457; baseline 0.001 -8"><span class='ocrx_word' id='word_1_344' title='bbox 247 1422 305 1451; x_wconf 85' lang='lat' dir='ltr'><strong>tute</strong></span> <span class='ocrx_word' id='word_1_345' title='bbox 323 1423 406 1450; x_wconf 85' lang='lat' dir='ltr'><strong>habet</strong></span> <span class='ocrx_word' id='word_1_346' title='bbox 426 1418 571 1450; x_wconf 80' lang='lat' dir='ltr'><strong>clariorem</strong></span> <span class='ocrx_word' id='word_1_347' title='bbox 590 1423 732 1450; x_wconf 76' lang='lat' dir='ltr'><strong>sententiae</strong></span> <span class='ocrx_word' id='word_1_348' title='bbox 752 1424 973 1457; x_wconf 79' lang='lat' dir='ltr'><strong>expressionem;</strong></span> <span class='ocrx_word' id='word_1_349' title='bbox 995 1424 1034 1450; x_wconf 88' lang='lat' dir='ltr'><strong>sic</strong></span> 
     </span>
    </p>
   </div>
   <div class='ocr_carea' id='block_1_48' title="bbox 248 1461 1035 1502">
    <p class='ocr_par' dir='ltr' id='par_1_48' title="bbox 248 1461 1035 1502">
     <span class='ocr_line' id='line_1_48' title="bbox 248 1461 1035 1502; baseline 0.001 -8"><span class='ocrx_word' id='word_1_350' title='bbox 248 1467 390 1502; x_wconf 84' lang='lat' dir='ltr'><strong>Scriptura</strong></span> <span class='ocrx_word' id='word_1_351' title='bbox 410 1461 457 1502; x_wconf 77' lang='lat' dir='ltr'><strong>per</strong></span> <span class='ocrx_word' id='word_1_352' title='bbox 475 1467 599 1494; x_wconf 88' lang='lat' dir='ltr'><strong>iteratam</strong></span> <span class='ocrx_word' id='word_1_353' title='bbox 614 1467 802 1502; x_wconf 83' lang='lat' dir='ltr'><strong>repetitionem</strong></span> <span class='ocrx_word' id='word_1_354' title='bbox 816 1468 959 1495; x_wconf 82' lang='lat' dir='ltr'><strong>verborum</strong></span> <span class='ocrx_word' id='word_1_355' title='bbox 976 1476 1035 1502; x_wconf 64' lang='lat' dir='ltr'><strong>quae</strong></span> 
     </span>
    </p>
   </div>
   <div class='ocr_carea' id='block_1_49' title="bbox 247 1513 1034 1549">
    <p class='ocr_par' dir='ltr' id='par_1_49' title="bbox 247 1513 1034 1549">
     <span class='ocr_line' id='line_1_49' title="bbox 247 1513 1034 1549; baseline 0.001 -10"><span class='ocrx_word' id='word_1_356' title='bbox 247 1513 348 1540; x_wconf 88' lang='lat' dir='ltr'><strong>habent</strong></span> <span class='ocrx_word' id='word_1_357' title='bbox 367 1513 490 1540; x_wconf 86' lang='lat' dir='ltr'><strong>eamdem</strong></span> <span class='ocrx_word' id='word_1_358' title='bbox 508 1513 573 1546; x_wconf 90' lang='lat' dir='ltr'><strong>vim,</strong></span> <span class='ocrx_word' id='word_1_359' title='bbox 599 1513 703 1541; x_wconf 84' lang='lat' dir='ltr'><strong>ﬁrmius</strong></span> <span class='ocrx_word' id='word_1_360' title='bbox 719 1521 751 1541; x_wconf 87' lang='lat' dir='ltr'><strong>ac</strong></span> <span class='ocrx_word' id='word_1_361' title='bbox 765 1514 891 1541; x_wconf 84' lang='lat' dir='ltr'><strong>stabilius</strong></span> <span class='ocrx_word' id='word_1_362' title='bbox 915 1514 941 1541; x_wconf 90' lang='lat' dir='ltr'><strong>id</strong></span> <span class='ocrx_word' id='word_1_363' title='bbox 962 1514 1034 1549; x_wconf 91' lang='lat' dir='ltr'><strong>quod</strong></span> 
     </span>
    </p>
   </div>
   <div class='ocr_carea' id='block_1_50' title="bbox 247 1559 1034 1595">
    <p class='ocr_par' dir='ltr' id='par_1_50' title="bbox 247 1559 1034 1595">
     <span class='ocr_line' id='line_1_50' title="bbox 247 1559 1034 1595; baseline 0 -9"><span class='ocrx_word' id='word_1_364' title='bbox 247 1559 316 1592; x_wconf 87' lang='lat' dir='ltr'><strong>vult,</strong></span> <span class='ocrx_word' id='word_1_365' title='bbox 343 1560 524 1595; x_wconf 83' lang='lat' dir='ltr'><strong>exprimente,</strong></span> <span class='ocrx_word' id='word_1_366' title='bbox 548 1564 577 1586; x_wconf 86' lang='grc' dir='ltr'><strong>ιιι</strong></span> <span class='ocrx_word' id='word_1_367' title='bbox 608 1560 687 1591; x_wconf 78' lang='lat' dir='ltr'><strong>illud,</strong></span> <span class='ocrx_word' id='word_1_368' title='bbox 711 1560 840 1587; x_wconf 80' lang='lat' dir='ltr'><strong>Dominus</strong></span> <span class='ocrx_word' id='word_1_369' title='bbox 865 1561 947 1587; x_wconf 72' lang='lat' dir='ltr'><strong>virtus</strong></span> <span class='ocrx_word' id='word_1_370' title='bbox 966 1569 1034 1594; x_wconf 78' lang='lat' dir='ltr'><strong>mea,</strong></span> 
     </span>
    </p>
   </div>
   <div class='ocr_carea' id='block_1_51' title="bbox 250 1605 1033 1640">
    <p class='ocr_par' dir='ltr' id='par_1_51' title="bbox 250 1605 1033 1640">
     <span class='ocr_line' id='line_1_51' title="bbox 250 1605 1033 1640; baseline 0 -8"><span class='ocrx_word' id='word_1_371' title='bbox 250 1606 377 1632; x_wconf 80' lang='lat' dir='ltr'><strong>Dominus</strong></span> <span class='ocrx_word' id='word_1_372' title='bbox 403 1606 598 1640; x_wconf 83' lang='lat' dir='ltr'><strong>ﬁrmamentum</strong></span> <span class='ocrx_word' id='word_1_373' title='bbox 623 1614 709 1632; x_wconf 80' lang='lat' dir='ltr'><strong>meum</strong></span> <span class='ocrx_word' id='word_1_374' title='bbox 721 1606 754 1634; x_wconf 80' lang='grc'><strong>⁷³.</strong></span> <span class='ocrx_word' id='word_1_375' title='bbox 783 1605 855 1633; x_wconf 82' lang='lat' dir='ltr'><strong>idem</strong></span> <span class='ocrx_word' id='word_1_376' title='bbox 882 1607 953 1633; x_wconf 88' lang='lat' dir='ltr'><strong>enittt</strong></span> <span class='ocrx_word' id='word_1_377' title='bbox 982 1611 1033 1638; x_wconf 83' lang='lat' dir='ltr'><strong>est,</strong></span> 
     </span>
    </p>
   </div>
   <div class='ocr_carea' id='block_1_52' title="bbox 248 1651 1036 1687">
    <p class='ocr_par' dir='ltr' id='par_1_52' title="bbox 248 1651 1036 1687">
     <span class='ocr_line' id='line_1_52' title="bbox 248 1651 1036 1687; baseline 0.001 -10"><span class='ocrx_word' id='word_1_378' title='bbox 248 1652 318 1686; x_wconf 90' lang='lat' dir='ltr'><strong>quod</strong></span> <span class='ocrx_word' id='word_1_379' title='bbox 335 1659 383 1687; x_wconf 88' lang='lat' dir='ltr'><strong>per</strong></span> <span class='ocrx_word' id='word_1_380' title='bbox 397 1655 544 1687; x_wconf 89' lang='lat' dir='ltr'><strong>utrumque</strong></span> <span class='ocrx_word' id='word_1_381' title='bbox 559 1652 672 1679; x_wconf 85' lang='lat' dir='ltr'><strong>verbum</strong></span> <span class='ocrx_word' id='word_1_382' title='bbox 692 1652 874 1687; x_wconf 82' lang='lat' dir='ltr'><strong>signiﬁcatur.</strong></span> <span class='ocrx_word' id='word_1_383' title='bbox 891 1651 944 1679; x_wconf 90' lang='lat' dir='ltr'><strong>Sed</strong></span> <span class='ocrx_word' id='word_1_384' title='bbox 959 1659 1036 1679; x_wconf 75' lang='lat' dir='ltr'><strong>com~</strong></span> 
     </span>
    </p>
   </div>
   <div class='ocr_carea' id='block_1_53' title="bbox 248 1692 1060 1733">
    <p class='ocr_par' dir='ltr' id='par_1_53' title="bbox 248 1692 1060 1733">
     <span class='ocr_line' id='line_1_53' title="bbox 248 1692 1060 1733; baseline 0 -9"><span class='ocrx_word' id='word_1_385' title='bbox 248 1697 349 1733; x_wconf 87' lang='lat' dir='ltr'><strong>positio</strong></span> <span class='ocrx_word' id='word_1_386' title='bbox 378 1705 471 1724; x_wconf 89' lang='lat' dir='ltr'><strong>eorunt</strong></span> <span class='ocrx_word' id='word_1_387' title='bbox 499 1705 559 1733; x_wconf 68' lang='lat' dir='ltr'><strong>qua:</strong></span> <span class='ocrx_word' id='word_1_388' title='bbox 586 1705 678 1732; x_wconf 89' lang='lat' dir='ltr'><strong>parem</strong></span> <span class='ocrx_word' id='word_1_389' title='bbox 708 1699 761 1724; x_wconf 87' lang='lat' dir='ltr'><strong>vim</strong></span> <span class='ocrx_word' id='word_1_390' title='bbox 791 1698 908 1730; x_wconf 88' lang='lat' dir='ltr'><strong>habent,</strong></span> <span class='ocrx_word' id='word_1_391' title='bbox 934 1692 1060 1725; x_wconf 48' lang='lat' dir='ltr'><strong>indicat&#39;</strong></span> 
     </span>
    </p>
   </div>
   <div class='ocr_carea' id='block_1_54' title="bbox 248 1743 1036 1778">
    <p class='ocr_par' dir='ltr' id='par_1_54' title="bbox 248 1743 1036 1778">
     <span class='ocr_line' id='line_1_54' title="bbox 248 1743 1036 1778; baseline 0.001 -9"><span class='ocrx_word' id='word_1_392' title='bbox 248 1743 432 1770; x_wconf 88' lang='lat' dir='ltr'><strong>intensionem</strong></span> <span class='ocrx_word' id='word_1_393' title='bbox 457 1743 516 1778; x_wconf 82' lang='lat' dir='ltr'><strong>ejus</strong></span> <span class='ocrx_word' id='word_1_394' title='bbox 535 1743 608 1778; x_wconf 89' lang='lat' dir='ltr'><strong>quod</strong></span> <span class='ocrx_word' id='word_1_395' title='bbox 628 1743 809 1778; x_wconf 88' lang='lat' dir='ltr'><strong>signiﬁcatur.</strong></span> <span class='ocrx_word' id='word_1_396' title='bbox 832 1743 950 1775; x_wconf 79' lang='lat' dir='ltr'><strong>Pluralis</strong></span> <span class='ocrx_word' id='word_1_397' title='bbox 971 1751 1036 1778; x_wconf 89' lang='lat' dir='ltr'><strong>ergo</strong></span> 
     </span>
    </p>
   </div>
   <div class='ocr_carea' id='block_1_55' title="bbox 247 1788 1036 1823">
    <p class='ocr_par' dir='ltr' id='par_1_55' title="bbox 247 1788 1036 1823">
     <span class='ocr_line' id='line_1_55' title="bbox 247 1788 1036 1823; baseline 0.001 -8"><span class='ocrx_word' id='word_1_398' title='bbox 247 1789 379 1815; x_wconf 86' lang='lat' dir='ltr'><strong>virtutum</strong></span> <span class='ocrx_word' id='word_1_399' title='bbox 398 1788 573 1823; x_wconf 78' lang='lat' dir='ltr'><strong>signiﬁcatio,</strong></span> <span class='ocrx_word' id='word_1_400' title='bbox 596 1792 623 1815; x_wconf 85' lang='lat' dir='ltr'><strong>et</strong></span> <span class='ocrx_word' id='word_1_401' title='bbox 642 1788 724 1815; x_wconf 89' lang='lat' dir='ltr'><strong>simili</strong></span> <span class='ocrx_word' id='word_1_402' title='bbox 744 1789 824 1815; x_wconf 87' lang='lat' dir='ltr'><strong>modo</strong></span> <span class='ocrx_word' id='word_1_403' title='bbox 844 1789 945 1815; x_wconf 85' lang='lat' dir='ltr'><strong>mentio</strong></span> <span class='ocrx_word' id='word_1_404' title='bbox 961 1793 1036 1823; x_wconf 91' lang='lat' dir='ltr'><strong>pote-</strong></span> 
     </span>
    </p>
   </div>
   <div class='ocr_carea' id='block_1_56' title="bbox 248 1833 1035 1866">
    <p class='ocr_par' dir='ltr' id='par_1_56' title="bbox 248 1833 1035 1866">
     <span class='ocr_line' id='line_1_56' title="bbox 248 1833 1035 1866; baseline -0.003 -4"><span class='ocrx_word' id='word_1_405' title='bbox 248 1839 361 1866; x_wconf 73' lang='lat' dir='ltr'><strong>statum,</strong></span> <span class='ocrx_word' id='word_1_406' title='bbox 387 1834 495 1861; x_wconf 84' lang='lat' dir='ltr'><strong>videtur</strong></span> <span class='ocrx_word' id='word_1_407' title='bbox 518 1837 636 1860; x_wconf 81' lang='lat' dir='ltr'><strong>mentem</strong></span> <span class='ocrx_word' id='word_1_408' title='bbox 659 1834 814 1861; x_wconf 86' lang='lat' dir='ltr'><strong>auditorum</strong></span> <span class='ocrx_word' id='word_1_409' title='bbox 843 1833 978 1861; x_wconf 83' lang='lat' dir='ltr'><strong>deducere</strong></span> <span class='ocrx_word' id='word_1_410' title='bbox 1002 1833 1035 1860; x_wconf 84' lang='lat' dir='ltr'><strong>ad</strong></span> 
     </span>
    </p>
   </div>
   <div class='ocr_carea' id='block_1_57' title="bbox 248 1877 1035 1915">
    <p class='ocr_par' dir='ltr' id='par_1_57' title="bbox 248 1877 1035 1915">
     <span class='ocr_line' id='line_1_57' title="bbox 248 1877 1035 1915; baseline -0.001 -8"><span class='ocrx_word' id='word_1_411' title='bbox 248 1880 397 1915; x_wconf 80' lang='lat' dir='ltr'><strong>angelicam</strong></span> <span class='ocrx_word' id='word_1_412' title='bbox 422 1884 559 1906; x_wconf 87' lang='lat' dir='ltr'><strong>naturant.</strong></span> <span class='ocrx_word' id='word_1_413' title='bbox 590 1877 650 1911; x_wconf 87' lang='lat' dir='ltr'><strong>Quo</strong></span> <span class='ocrx_word' id='word_1_414' title='bbox 672 1879 702 1906; x_wconf 90' lang='lat' dir='ltr'><strong>ﬁt</strong></span> <span class='ocrx_word' id='word_1_415' title='bbox 721 1883 751 1906; x_wconf 89' lang='lat' dir='ltr'><strong>ut</strong></span> <span class='ocrx_word' id='word_1_416' title='bbox 773 1879 920 1913; x_wconf 84' lang='lat' dir='ltr'><strong>adjuratio,</strong></span> <span class='ocrx_word' id='word_1_417' title='bbox 944 1887 1004 1914; x_wconf 75' lang='lat' dir='ltr'><strong>qua:</strong></span> <span class='ocrx_word' id='word_1_418' title='bbox 1020 1887 1035 1905; x_wconf 90' lang='lat' dir='ltr'><strong>a</strong></span> 
     </span>
    </p>
   </div>
   <div class='ocr_carea' id='block_1_58' title="bbox 249 1925 1035 1961">
    <p class='ocr_par' dir='ltr' id='par_1_58' title="bbox 249 1925 1035 1961">
     <span class='ocr_line' id='line_1_58' title="bbox 249 1925 1035 1961; baseline -0.001 -9"><span class='ocrx_word' id='word_1_419' title='bbox 249 1926 382 1961; x_wconf 86' lang='lat' dir='ltr'><strong>magistro</strong></span> <span class='ocrx_word' id='word_1_420' title='bbox 410 1925 555 1952; x_wconf 84' lang='lat' dir='ltr'><strong>adhibetur</strong></span> <span class='ocrx_word' id='word_1_421' title='bbox 578 1925 722 1953; x_wconf 89' lang='lat' dir='ltr'><strong>animabus</strong></span> <span class='ocrx_word' id='word_1_422' title='bbox 750 1933 811 1959; x_wconf 76' lang='lat' dir='ltr'><strong>qua:</strong></span> <span class='ocrx_word' id='word_1_423' title='bbox 845 1926 972 1958; x_wconf 87' lang='lat' dir='ltr'><strong>discunt,</strong></span> <span class='ocrx_word' id='word_1_424' title='bbox 1002 1925 1035 1952; x_wconf 90' lang='lat' dir='ltr'><strong>ad</strong></span> 
     </span>
    </p>
   </div>
   <div class='ocr_carea' id='block_1_59' title="bbox 248 1969 1036 2005">
    <p class='ocr_par' dir='ltr' id='par_1_59' title="bbox 248 1969 1036 2005">
     <span class='ocr_line' id='line_1_59' title="bbox 248 1969 1036 2005; baseline 0 -8"><span class='ocrx_word' id='word_1_425' title='bbox 248 1971 484 1998; x_wconf 85' lang='lat' dir='ltr'><strong>conﬁrmationem</strong></span> <span class='ocrx_word' id='word_1_426' title='bbox 509 1977 603 1997; x_wconf 87' lang='lat' dir='ltr'><strong>eorutn</strong></span> <span class='ocrx_word' id='word_1_427' title='bbox 627 1978 688 2005; x_wconf 72' lang='lat' dir='ltr'><strong>qua:</strong></span> <span class='ocrx_word' id='word_1_428' title='bbox 711 1974 773 1997; x_wconf 89' lang='lat' dir='ltr'><strong>sunt</strong></span> <span class='ocrx_word' id='word_1_429' title='bbox 797 1969 953 2004; x_wconf 84' lang='lat' dir='ltr'><strong>dijudieata,</strong></span> <span class='ocrx_word' id='word_1_430' title='bbox 982 1978 1036 1997; x_wconf 89' lang='lat' dir='ltr'><strong>ttou</strong></span> 
     </span>
    </p>
   </div>
   <div class='ocr_carea' id='block_1_60' title="bbox 249 2016 1036 2051">
    <p class='ocr_par' dir='ltr' id='par_1_60' title="bbox 249 2016 1036 2051">
     <span class='ocr_line' id='line_1_60' title="bbox 249 2016 1036 2051; baseline -0.001 -6"><span class='ocrx_word' id='word_1_431' title='bbox 249 2019 284 2045; x_wconf 84' lang='lat' dir='ltr'><strong>sit</strong></span> <span class='ocrx_word' id='word_1_432' title='bbox 294 2017 426 2044; x_wconf 87' lang='lat' dir='ltr'><strong>adversus</strong></span> <span class='ocrx_word' id='word_1_433' title='bbox 438 2016 646 2043; x_wconf 88' lang='lat' dir='ltr'><strong>huncmundutu</strong></span> <span class='ocrx_word' id='word_1_434' title='bbox 656 2017 701 2051; x_wconf 90' lang='lat' dir='ltr'><strong>qui</strong></span> <span class='ocrx_word' id='word_1_435' title='bbox 712 2017 841 2051; x_wconf 83' lang='lat' dir='ltr'><strong>praeterit,</strong></span> <span class='ocrx_word' id='word_1_436' title='bbox 849 2016 895 2043; x_wconf 85' lang='lat' dir='ltr'><strong>sed</strong></span> <span class='ocrx_word' id='word_1_437' title='bbox 905 2017 1036 2044; x_wconf 80' lang='lat' dir='ltr'><strong>adversus</strong></span> 
     </span>
    </p>
   </div>
   <div class='ocr_carea' id='block_1_61' title="bbox 249 2061 1036 2097">
    <p class='ocr_par' dir='ltr' id='par_1_61' title="bbox 249 2061 1036 2097">
     <span class='ocr_line' id='line_1_61' title="bbox 249 2061 1036 2097; baseline -0.003 -7"><span class='ocrx_word' id='word_1_438' title='bbox 249 2070 356 2097; x_wconf 87' lang='lat' dir='ltr'><strong>semper</strong></span> <span class='ocrx_word' id='word_1_439' title='bbox 370 2065 574 2097; x_wconf 86' lang='lat' dir='ltr'><strong>permanentem</strong></span> <span class='ocrx_word' id='word_1_440' title='bbox 590 2062 747 2096; x_wconf 87' lang='lat' dir='ltr'><strong>angelorum</strong></span> <span class='ocrx_word' id='word_1_441' title='bbox 765 2065 901 2094; x_wconf 86' lang='lat' dir='ltr'><strong>naturam,</strong></span> <span class='ocrx_word' id='word_1_442' title='bbox 922 2061 955 2088; x_wconf 92' lang='lat' dir='ltr'><strong>ad</strong></span> <span class='ocrx_word' id='word_1_443' title='bbox 968 2069 1036 2096; x_wconf 90' lang='lat' dir='ltr'><strong>quos</strong></span> 
     </span>
    </p>
   </div>
   <div class='ocr_carea' id='block_1_62' title="bbox 246 2107 1036 2143">
    <p class='ocr_par' dir='ltr' id='par_1_62' title="bbox 246 2107 1036 2143">
     <span class='ocr_line' id='line_1_62' title="bbox 246 2107 1036 2143; baseline -0.004 -7"><span class='ocrx_word' id='word_1_444' title='bbox 246 2109 359 2142; x_wconf 84' lang='lat' dir='ltr'><strong>jubetur</strong></span> <span class='ocrx_word' id='word_1_445' title='bbox 382 2109 515 2143; x_wconf 86' lang='lat' dir='ltr'><strong>aspicere,</strong></span> <span class='ocrx_word' id='word_1_446' title='bbox 538 2112 568 2135; x_wconf 92' lang='lat' dir='ltr'><strong>ut</strong></span> <span class='ocrx_word' id='word_1_447' title='bbox 590 2107 732 2135; x_wconf 89' lang='lat' dir='ltr'><strong>conﬁrmet</strong></span> <span class='ocrx_word' id='word_1_448' title='bbox 756 2107 880 2141; x_wconf 86' lang='lat' dir='ltr'><strong>exemplo</strong></span> <span class='ocrx_word' id='word_1_449' title='bbox 902 2107 1036 2134; x_wconf 85' lang='lat' dir='ltr'><strong>stabilita-</strong></span> 
     </span>
    </p>
   </div>
   <div class='ocr_carea' id='block_1_63' title="bbox 249 2152 1073 2187">
    <p class='ocr_par' dir='ltr' id='par_1_63' title="bbox 249 2152 1073 2187">
     <span class='ocr_line' id='line_1_63' title="bbox 249 2152 1073 2187; baseline -0.002 -5"><span class='ocrx_word' id='word_1_450' title='bbox 249 2159 303 2182; x_wconf 90' lang='lat' dir='ltr'><strong>tem</strong></span> <span class='ocrx_word' id='word_1_451' title='bbox 321 2159 348 2182; x_wconf 83' lang='lat' dir='ltr'><strong>ct</strong></span> <span class='ocrx_word' id='word_1_452' title='bbox 372 2154 554 2181; x_wconf 87' lang='lat' dir='ltr'><strong>constantiam</strong></span> <span class='ocrx_word' id='word_1_453' title='bbox 583 2153 645 2179; x_wconf 73' lang='lat' dir='ltr'><strong>vita:</strong></span> <span class='ocrx_word' id='word_1_454' title='bbox 664 2160 725 2187; x_wconf 58' lang='lat' dir='ltr'><strong>quae</strong></span> <span class='ocrx_word' id='word_1_455' title='bbox 750 2160 782 2179; x_wconf 76' lang='lat' dir='ltr'><strong>ex</strong></span> <span class='ocrx_word' id='word_1_456' title='bbox 811 2152 912 2179; x_wconf 82' lang='lat' dir='ltr'><strong>virtute</strong></span> <span class='ocrx_word' id='word_1_457' title='bbox 933 2153 1033 2187; x_wconf 85' lang='lat' dir='ltr'><strong>agitur.</strong></span> <span class='ocrx_word' id='word_1_458' title='bbox 1051 2159 1073 2186; x_wconf 81' lang='grc' dir='ltr'>ι)</span> 
     </span>
    </p>
   </div>
   <div class='ocr_carea' id='block_1_64' title="bbox 248 2198 1036 2236">
    <p class='ocr_par' dir='ltr' id='par_1_64' title="bbox 248 2198 1036 2236">
     <span class='ocr_line' id='line_1_64' title="bbox 248 2198 1036 2236; baseline -0.005 -8"><span class='ocrx_word' id='word_1_459' title='bbox 248 2201 315 2228; x_wconf 86' lang='lat' dir='ltr'><strong>Nam</strong></span> <span class='ocrx_word' id='word_1_460' title='bbox 331 2201 460 2236; x_wconf 84' lang='lat' dir='ltr'><strong>quoniam</strong></span> <span class='ocrx_word' id='word_1_461' title='bbox 477 2200 561 2226; x_wconf 81' lang='lat' dir='ltr'><strong>vitam</strong></span> <span class='ocrx_word' id='word_1_462' title='bbox 582 2202 643 2233; x_wconf 89' lang='lat' dir='ltr'><strong>post</strong></span> <span class='ocrx_word' id='word_1_463' title='bbox 658 2198 888 2225; x_wconf 88' lang='lat' dir='ltr'><strong>resurrectionem</strong></span> <span class='ocrx_word' id='word_1_464' title='bbox 907 2198 1036 2233; x_wconf 70' lang='lat' dir='ltr'><strong>angelica:</strong></span> 
     </span>
    </p>
   </div>
   <div class='ocr_carea' id='block_1_65' title="bbox 249 2243 1037 2278">
    <p class='ocr_par' dir='ltr' id='par_1_65' title="bbox 249 2243 1037 2278">
     <span class='ocr_line' id='line_1_65' title="bbox 249 2243 1037 2278; baseline -0.004 -5"><span class='ocrx_word' id='word_1_465' title='bbox 249 2250 355 2274; x_wconf 76' lang='lat' dir='ltr'><strong>naturae</strong></span> <span class='ocrx_word' id='word_1_466' title='bbox 385 2246 502 2273; x_wconf 88' lang='lat' dir='ltr'><strong>similem</strong></span> <span class='ocrx_word' id='word_1_467' title='bbox 535 2245 655 2271; x_wconf 83' lang='lat' dir='ltr'><strong>futuram</strong></span> <span class='ocrx_word' id='word_1_468' title='bbox 684 2248 726 2271; x_wconf 88' lang='lat' dir='ltr'><strong>est</strong></span> <span class='ocrx_word' id='word_1_469' title='bbox 747 2243 885 2278; x_wconf 88' lang='lat' dir='ltr'><strong>pollicitus</strong></span> <span class='ocrx_word' id='word_1_470' title='bbox 903 2243 968 2278; x_wconf 92' lang='lat' dir='ltr'><strong>(non</strong></span> <span class='ocrx_word' id='word_1_471' title='bbox 994 2247 1037 2271; x_wconf 89' lang='lat' dir='ltr'><strong>est</strong></span> 
     </span>
    </p>
   </div>
   <div class='ocr_carea' id='block_1_66' title="bbox 248 2289 1034 2324">
    <p class='ocr_par' dir='ltr' id='par_1_66' title="bbox 248 2289 1034 2324">
     <span class='ocr_line' id='line_1_66' title="bbox 248 2289 1034 2324; baseline -0.003 -6"><span class='ocrx_word' id='word_1_472' title='bbox 248 2296 338 2318; x_wconf 87' lang='lat' dir='ltr'><strong>autem</strong></span> <span class='ocrx_word' id='word_1_473' title='bbox 352 2290 468 2318; x_wconf 82' lang='lat' dir='ltr'><strong>mendax</strong></span> <span class='ocrx_word' id='word_1_474' title='bbox 484 2290 506 2317; x_wconf 92' lang='lat' dir='ltr'><strong>is</strong></span> <span class='ocrx_word' id='word_1_475' title='bbox 523 2289 569 2324; x_wconf 93' lang='lat' dir='ltr'><strong>qui</strong></span> <span class='ocrx_word' id='word_1_476' title='bbox 590 2289 738 2324; x_wconf 84' lang='lat' dir='ltr'><strong>promisit),</strong></span> <span class='ocrx_word' id='word_1_477' title='bbox 755 2297 927 2324; x_wconf 85' lang='lat' dir='ltr'><strong>consequens</strong></span> <span class='ocrx_word' id='word_1_478' title='bbox 941 2290 1034 2321; x_wconf 83' lang='lat' dir='ltr'><strong>fuerit,</strong></span> 
     </span>
    </p>
   </div>
   <div class='ocr_carea' id='block_1_67' title="bbox 248 2335 1036 2371">
    <p class='ocr_par' dir='ltr' id='par_1_67' title="bbox 248 2335 1036 2371">
     <span class='ocr_line' id='line_1_67' title="bbox 248 2335 1036 2371; baseline -0.001 -7"><span class='ocrx_word' id='word_1_479' title='bbox 248 2337 329 2364; x_wconf 81' lang='lat' dir='ltr'><strong>etiam</strong></span> <span class='ocrx_word' id='word_1_480' title='bbox 344 2345 405 2364; x_wconf 87' lang='lat' dir='ltr'><strong>eam</strong></span> <span class='ocrx_word' id='word_1_481' title='bbox 427 2344 488 2370; x_wconf 72' lang='lat' dir='ltr'><strong>quae</strong></span> <span class='ocrx_word' id='word_1_482' title='bbox 503 2339 545 2363; x_wconf 84' lang='lat' dir='ltr'><strong>est</strong></span> <span class='ocrx_word' id='word_1_483' title='bbox 566 2335 593 2362; x_wconf 91' lang='lat' dir='ltr'><strong>in</strong></span> <span class='ocrx_word' id='word_1_484' title='bbox 611 2335 713 2362; x_wconf 88' lang='lat' dir='ltr'><strong>mundo</strong></span> <span class='ocrx_word' id='word_1_485' title='bbox 729 2335 812 2362; x_wconf 87' lang='lat' dir='ltr'><strong>vitam</strong></span> <span class='ocrx_word' id='word_1_486' title='bbox 834 2336 983 2371; x_wconf 63' lang='lat' dir='ltr'><strong>prmparari</strong></span> <span class='ocrx_word' id='word_1_487' title='bbox 1002 2335 1036 2363; x_wconf 89' lang='lat' dir='ltr'><strong>ad</strong></span> 
     </span>
    </p>
   </div>
   <div class='ocr_carea' id='block_1_68' title="bbox 248 2382 1036 2418">
    <p class='ocr_par' dir='ltr' id='par_1_68' title="bbox 248 2382 1036 2418">
     <span class='ocr_line' id='line_1_68' title="bbox 248 2382 1036 2418; baseline -0.001 -8"><span class='ocrx_word' id='word_1_488' title='bbox 248 2391 307 2411; x_wconf 85' lang='lat' dir='ltr'><strong>eam</strong></span> <span class='ocrx_word' id='word_1_489' title='bbox 327 2390 387 2418; x_wconf 57' lang='lat' dir='ltr'><strong>quae</strong></span> <span class='ocrx_word' id='word_1_490' title='bbox 408 2387 503 2417; x_wconf 86' lang='lat' dir='ltr'><strong>postea</strong></span> <span class='ocrx_word' id='word_1_491' title='bbox 527 2386 569 2410; x_wconf 91' lang='lat' dir='ltr'><strong>est</strong></span> <span class='ocrx_word' id='word_1_492' title='bbox 594 2382 698 2415; x_wconf 78' lang='lat' dir='ltr'><strong>futura,</strong></span> <span class='ocrx_word' id='word_1_493' title='bbox 717 2386 747 2408; x_wconf 82' lang='grc' dir='ltr'><strong>ιιι</strong></span> <span class='ocrx_word' id='word_1_494' title='bbox 770 2382 816 2416; x_wconf 90' lang='lat' dir='ltr'><strong>qui</strong></span> <span class='ocrx_word' id='word_1_495' title='bbox 843 2382 871 2409; x_wconf 91' lang='lat' dir='ltr'><strong>in</strong></span> <span class='ocrx_word' id='word_1_496' title='bbox 894 2390 976 2410; x_wconf 86' lang='lat' dir='ltr'><strong>carne</strong></span> <span class='ocrx_word' id='word_1_497' title='bbox 994 2383 1036 2409; x_wconf 79' lang='lat' dir='ltr'><strong>vi~</strong></span> 
     </span>
    </p>
   </div>
   <div class='ocr_carea' id='block_1_69' title="bbox 248 2429 1034 2464">
    <p class='ocr_par' dir='ltr' id='par_1_69' title="bbox 248 2429 1034 2464">
     <span class='ocr_line' id='line_1_69' title="bbox 248 2429 1034 2464; baseline -0.001 -8"><span class='ocrx_word' id='word_1_498' title='bbox 248 2434 326 2461; x_wconf 86' lang='lat' dir='ltr'><strong>vunt.</strong></span> <span class='ocrx_word' id='word_1_499' title='bbox 339 2429 365 2456; x_wconf 95' lang='lat' dir='ltr'><strong>in</strong></span> <span class='ocrx_word' id='word_1_500' title='bbox 377 2436 442 2464; x_wconf 84' lang='lat' dir='ltr'><strong>agro</strong></span> <span class='ocrx_word' id='word_1_501' title='bbox 454 2429 547 2455; x_wconf 90' lang='lat' dir='ltr'><strong>mundi</strong></span> <span class='ocrx_word' id='word_1_502' title='bbox 563 2429 693 2463; x_wconf 80' lang='lat' dir='ltr'><strong>degentes</strong></span> <span class='ocrx_word' id='word_1_503' title='bbox 707 2437 761 2456; x_wconf 90' lang='lat' dir='ltr'><strong>tton</strong></span> <span class='ocrx_word' id='word_1_504' title='bbox 777 2429 870 2456; x_wconf 82' lang='lat' dir='ltr'><strong>vivant</strong></span> <span class='ocrx_word' id='word_1_505' title='bbox 884 2429 1034 2456; x_wconf 87' lang='lat' dir='ltr'><strong>secundum</strong></span> 
     </span>
    </p>
   </div>
   <div class='ocr_carea' id='block_1_70' title="bbox 248 2474 1035 2509">
    <p class='ocr_par' dir='ltr' id='par_1_70' title="bbox 248 2474 1035 2509">
     <span class='ocr_line' id='line_1_70' title="bbox 248 2474 1035 2509; baseline -0.001 -7"><span class='ocrx_word' id='word_1_506' title='bbox 248 2483 377 2506; x_wconf 85' lang='lat' dir='ltr'><strong>carnem,</strong></span> <span class='ocrx_word' id='word_1_507' title='bbox 401 2482 490 2509; x_wconf 86' lang='lat' dir='ltr'><strong>neque</strong></span> <span class='ocrx_word' id='word_1_508' title='bbox 513 2474 723 2502; x_wconf 79' lang='lat' dir='ltr'><strong>conformentnr</strong></span> <span class='ocrx_word' id='word_1_509' title='bbox 750 2474 814 2501; x_wconf 82' lang='lat' dir='ltr'><strong>huic</strong></span> <span class='ocrx_word' id='word_1_510' title='bbox 843 2475 962 2507; x_wconf 87' lang='lat' dir='ltr'><strong>ntundo,</strong></span> <span class='ocrx_word' id='word_1_511' title='bbox 986 2474 1035 2502; x_wconf 89' lang='lat' dir='ltr'><strong>sed</strong></span> 
     </span>
    </p>
   </div>
   <div class='ocr_carea' id='block_1_71' title="bbox 248 2520 1036 2556">
    <p class='ocr_par' dir='ltr' id='par_1_71' title="bbox 248 2520 1036 2556">
     <span class='ocr_line' id='line_1_71' title="bbox 248 2520 1036 2556; baseline -0.001 -9"><span class='ocrx_word' id='word_1_512' title='bbox 248 2521 470 2556; x_wconf 70' lang='lat' dir='ltr'><strong>prtemeditentur</strong></span> <span class='ocrx_word' id='word_1_513' title='bbox 491 2528 551 2548; x_wconf 87' lang='lat' dir='ltr'><strong>eam</strong></span> <span class='ocrx_word' id='word_1_514' title='bbox 575 2521 658 2548; x_wconf 89' lang='lat' dir='ltr'><strong>vitam</strong></span> <span class='ocrx_word' id='word_1_515' title='bbox 682 2529 741 2556; x_wconf 70' lang='lat' dir='ltr'><strong>qua:</strong></span> <span class='ocrx_word' id='word_1_516' title='bbox 769 2525 905 2554; x_wconf 88' lang='lat' dir='ltr'><strong>speratur,</strong></span> <span class='ocrx_word' id='word_1_517' title='bbox 927 2528 975 2554; x_wconf 86' lang='lat' dir='ltr'><strong>per</strong></span> <span class='ocrx_word' id='word_1_518' title='bbox 995 2520 1036 2546; x_wconf 84' lang='lat' dir='ltr'><strong>vi-</strong></span> 
     </span>
    </p>
   </div>
   <div class='ocr_carea' id='block_1_72' title="bbox 249 2566 1035 2602">
    <p class='ocr_par' dir='ltr' id='par_1_72' title="bbox 249 2566 1035 2602">
     <span class='ocr_line' id='line_1_72' title="bbox 249 2566 1035 2602; baseline -0.001 -9"><span class='ocrx_word' id='word_1_519' title='bbox 249 2572 303 2594; x_wconf 81' lang='lat' dir='ltr'><strong>tant</strong></span> <span class='ocrx_word' id='word_1_520' title='bbox 323 2574 385 2602; x_wconf 67' lang='lat' dir='ltr'><strong>qua:</strong></span> <span class='ocrx_word' id='word_1_521' title='bbox 406 2567 536 2601; x_wconf 80' lang='lat' dir='ltr'><strong>agiturin</strong></span> <span class='ocrx_word' id='word_1_522' title='bbox 564 2568 616 2594; x_wconf 91' lang='lat' dir='ltr'><strong>hoc</strong></span> <span class='ocrx_word' id='word_1_523' title='bbox 631 2567 742 2594; x_wconf 93' lang='lat' dir='ltr'><strong>mundo.</strong></span> <span class='ocrx_word' id='word_1_524' title='bbox 766 2566 914 2600; x_wconf 83' lang='lat' dir='ltr'><strong>Propterea</strong></span> <span class='ocrx_word' id='word_1_525' title='bbox 934 2573 1035 2600; x_wconf 87' lang='lat' dir='ltr'><strong>sponsa</strong></span> 
     </span>
    </p>
   </div>
   <div class='ocr_carea' id='block_1_73' title="bbox 249 2610 1035 2648">
    <p class='ocr_par' dir='ltr' id='par_1_73' title="bbox 249 2610 1035 2648">
     <span class='ocr_line' id='line_1_73' title="bbox 249 2610 1035 2648; baseline -0.001 -10"><span class='ocrx_word' id='word_1_526' title='bbox 249 2613 328 2642; x_wconf 66' lang='lat' dir='ltr'><strong>affert</strong></span> <span class='ocrx_word' id='word_1_527' title='bbox 349 2613 448 2640; x_wconf 85' lang='lat' dir='ltr'><strong>animis</strong></span> <span class='ocrx_word' id='word_1_528' title='bbox 469 2620 564 2639; x_wconf 85' lang='lat' dir='ltr'><strong>eorum</strong></span> <span class='ocrx_word' id='word_1_529' title='bbox 588 2612 634 2647; x_wconf 86' lang='lat' dir='ltr'><strong>qui</strong></span> <span class='ocrx_word' id='word_1_530' title='bbox 656 2612 767 2639; x_wconf 87' lang='lat' dir='ltr'><strong>discunt</strong></span> <span class='ocrx_word' id='word_1_531' title='bbox 787 2612 857 2638; x_wconf 87' lang='lat' dir='ltr'><strong>hanc</strong></span> <span class='ocrx_word' id='word_1_532' title='bbox 880 2619 928 2645; x_wconf 84' lang='lat' dir='ltr'><strong>per</strong></span> <span class='ocrx_word' id='word_1_533' title='bbox 944 2610 1035 2648; x_wconf 87' lang='lat' dir='ltr'><strong>jusju-</strong></span> 
     </span>
    </p>
   </div>
   <div class='ocr_carea' id='block_1_74' title="bbox 251 2657 1035 2692">
    <p class='ocr_par' dir='ltr' id='par_1_74' title="bbox 251 2657 1035 2692">
     <span class='ocr_line' id='line_1_74' title="bbox 251 2657 1035 2692; baseline -0.003 -6"><span class='ocrx_word' id='word_1_534' title='bbox 251 2659 365 2686; x_wconf 88' lang='lat' dir='ltr'><strong>randum</strong></span> <span class='ocrx_word' id='word_1_535' title='bbox 384 2659 630 2689; x_wconf 81' lang='lat' dir='ltr'><strong>conﬁrmationem.</strong></span> <span class='ocrx_word' id='word_1_536' title='bbox 649 2662 678 2685; x_wconf 89' lang='lat' dir='ltr'><strong>ut</strong></span> <span class='ocrx_word' id='word_1_537' title='bbox 690 2665 784 2685; x_wconf 89' lang='lat' dir='ltr'><strong>corttnt</strong></span> <span class='ocrx_word' id='word_1_538' title='bbox 797 2657 852 2684; x_wconf 88' lang='lat' dir='ltr'><strong>vita</strong></span> <span class='ocrx_word' id='word_1_539' title='bbox 866 2665 926 2692; x_wconf 69' lang='lat' dir='ltr'><strong>qua:</strong></span> <span class='ocrx_word' id='word_1_540' title='bbox 943 2657 969 2683; x_wconf 95' lang='lat' dir='ltr'><strong>in</strong></span> <span class='ocrx_word' id='word_1_541' title='bbox 983 2657 1035 2684; x_wconf 90' lang='lat' dir='ltr'><strong>hoc</strong></span> 
     </span>
    </p>
   </div>
   <div class='ocr_carea' id='block_1_75' title="bbox 249 2702 1034 2745">
    <p class='ocr_par' dir='ltr' id='par_1_75' title="bbox 249 2702 1034 2745">
     <span class='ocr_line' id='line_1_75' title="bbox 249 2702 1034 2745; baseline -0.003 -14"><span class='ocrx_word' id='word_1_542' title='bbox 249 2711 316 2740; x_wconf 75' lang='lat' dir='ltr'><strong>agro</strong></span> <span class='ocrx_word' id='word_1_543' title='bbox 334 2710 409 2732; x_wconf 82' lang='lat' dir='ltr'><strong>recte</strong></span> <span class='ocrx_word' id='word_1_544' title='bbox 428 2704 547 2739; x_wconf 74' lang='lat' dir='ltr'><strong>degitur,</strong></span> <span class='ocrx_word' id='word_1_545' title='bbox 564 2704 681 2745; x_wconf 78' lang='lat' dir='ltr'><strong>aspiciat</strong></span> <span class='ocrx_word' id='word_1_546' title='bbox 696 2703 727 2730; x_wconf 87' lang='lat' dir='ltr'><strong>ad</strong></span> <span class='ocrx_word' id='word_1_547' title='bbox 742 2702 868 2735; x_wconf 81' lang='lat' dir='ltr'><strong>virtutes,</strong></span> <span class='ocrx_word' id='word_1_548' title='bbox 887 2711 935 2738; x_wconf 87' lang='lat' dir='ltr'><strong>per</strong></span> <span class='ocrx_word' id='word_1_549' title='bbox 949 2703 1034 2737; x_wconf 86' lang='lat' dir='ltr'><strong>impa-</strong></span> 
     </span>
    </p>
   </div>
   <div class='ocr_carea' id='block_1_76' title="bbox 247 2791 767 2826">
    <p class='ocr_par' dir='ltr' id='par_1_76' title="bbox 247 2791 767 2826">
     <span class='ocr_line' id='line_1_76' title="bbox 247 2791 767 2826; baseline -0.002 -7"><span class='ocrx_word' id='word_1_550' title='bbox 247 2812 257 2819; x_wconf 42' lang='grc' dir='ltr'>κ</span> <span class='ocrx_word' id='word_1_551' title='bbox 283 2793 307 2809; x_wconf 76' lang='grc'><strong>⁷⁸</strong></span> <span class='ocrx_word' id='word_1_552' title='bbox 321 2793 399 2820; x_wconf 71' lang='lat' dir='ltr'><strong>Rom.</strong></span> <span class='ocrx_word' id='word_1_553' title='bbox 418 2800 436 2826; x_wconf 83' lang='grc' dir='ltr'>ι,</span> <span class='ocrx_word' id='word_1_554' title='bbox 456 2793 497 2820; x_wconf 84' lang='grc'><strong>16.</strong></span> <span class='ocrx_word' id='word_1_555' title='bbox 540 2793 560 2808; x_wconf 89' lang='lat'>&#39;“</span> <span class='ocrx_word' id='word_1_556' title='bbox 575 2792 584 2819; x_wconf 81' lang='grc' dir='ltr'>Ι</span> <span class='ocrx_word' id='word_1_557' title='bbox 601 2793 664 2820; x_wconf 85' lang='lat' dir='ltr'><strong>Cor.</strong></span> <span class='ocrx_word' id='word_1_558' title='bbox 689 2800 708 2824; x_wconf 88' lang='grc' dir='ltr'>ι,</span> <span class='ocrx_word' id='word_1_559' title='bbox 723 2791 767 2818; x_wconf 66' lang='lat' dir='ltr'><strong>2t.</strong></span> 
     </span>
    </p>
   </div>
   <div class='ocr_carea' id='block_1_77' title="bbox 809 2791 1047 2823">
    <p class='ocr_par' dir='ltr' id='par_1_77' title="bbox 809 2791 1047 2823">
     <span class='ocr_line' id='line_1_77' title="bbox 809 2791 1047 2823; baseline 0 -5"><span class='ocrx_word' id='word_1_560' title='bbox 809 2793 830 2807; x_wconf 85' lang='lat'>&quot;</span> <span class='ocrx_word' id='word_1_561' title='bbox 844 2791 916 2820; x_wconf 80' lang='lat' dir='ltr'><strong>I‘sal.</strong></span> <span class='ocrx_word' id='word_1_562' title='bbox 935 2799 1047 2823; x_wconf 75' lang='lat' dir='ltr'><strong>extrui,</strong></span> 
     </span>
    </p>
   </div>
   <div class='ocr_carea' id='block_1_78' title="bbox 1085 879 1870 914">
    <p class='ocr_par' dir='ltr' id='par_1_78' title="bbox 1085 879 1870 914">
     <span class='ocr_line' id='line_1_78' title="bbox 1085 879 1870 914; baseline 0.001 -9"><span class='ocrx_word' id='word_1_563' title='bbox 1085 880 1144 910; x_wconf 83' lang='grc' dir='ltr'>σίας</span> <span class='ocrx_word' id='word_1_564' title='bbox 1157 880 1206 913; x_wconf 70' lang='grc' dir='ltr'>τῆς</span> <span class='ocrx_word' id='word_1_565' title='bbox 1224 880 1294 906; x_wconf 71' lang='grc' dir='ltr'>κατᾶ</span> <span class='ocrx_word' id='word_1_566' title='bbox 1310 879 1358 914; x_wconf 88' lang='grc' dir='ltr'><strong>τὴν</strong></span> <span class='ocrx_word' id='word_1_567' title='bbox 1374 879 1496 914; x_wconf 82' lang='grc' dir='ltr'>δύναμιν,</span> <span class='ocrx_word' id='word_1_568' title='bbox 1514 879 1571 904; x_wconf 76' lang='grc' dir='ltr'>ἐστι</span> <span class='ocrx_word' id='word_1_569' title='bbox 1586 879 1646 905; x_wconf 82' lang='grc' dir='ltr'>τινὰ</span> <span class='ocrx_word' id='word_1_570' title='bbox 1661 879 1810 914; x_wconf 80' lang='grc' dir='ltr'>στοχασμὸν</span> <span class='ocrx_word' id='word_1_571' title='bbox 1824 881 1870 906; x_wconf 88' lang='grc' dir='ltr'><strong>εὑ-</strong></span> 
     </span>
    </p>
   </div>
   <div class='ocr_carea' id='block_1_79' title="bbox 1085 923 1868 960">
    <p class='ocr_par' dir='ltr' id='par_1_79' title="bbox 1085 923 1868 960">
     <span class='ocr_line' id='line_1_79' title="bbox 1085 923 1868 960; baseline -0.001 -10"><span class='ocrx_word' id='word_1_572' title='bbox 1085 926 1141 960; x_wconf 79' lang='grc' dir='ltr'>ρεῖν</span> <span class='ocrx_word' id='word_1_573' title='bbox 1158 924 1205 951; x_wconf 75' lang='grc' dir='ltr'>τοῦ</span> <span class='ocrx_word' id='word_1_574' title='bbox 1221 925 1376 959; x_wconf 81' lang='grc' dir='ltr'>νοήματος;</span> <span class='ocrx_word' id='word_1_575' title='bbox 1392 923 1525 958; x_wconf 80' lang='grc' dir='ltr'>Τοιαύτην</span> <span class='ocrx_word' id='word_1_576' title='bbox 1543 923 1597 959; x_wconf 78' lang='grc' dir='ltr'><strong>γὰρ</strong></span> <span class='ocrx_word' id='word_1_577' title='bbox 1611 923 1733 958; x_wconf 74' lang='grc' dir='ltr'>ἔγνωμεν</span> <span class='ocrx_word' id='word_1_578' title='bbox 1748 924 1822 958; x_wconf 82' lang='grc' dir='ltr'>παρὰ</span> <span class='ocrx_word' id='word_1_579' title='bbox 1835 925 1868 959; x_wconf 80' lang='grc' dir='ltr'>τῇ</span> 
     </span>
    </p>
   </div>
   <div class='ocr_carea' id='block_1_80' title="bbox 1084 968 1862 1006">
    <p class='ocr_par' dir='ltr' id='par_1_80' title="bbox 1084 968 1862 1006">
     <span class='ocr_line' id='line_1_80' title="bbox 1084 968 1862 1006; baseline 0 -10"><span class='ocrx_word' id='word_1_580' title='bbox 1084 971 1150 1006; x_wconf 72' lang='grc' dir='ltr'>ἁγία</span> <span class='ocrx_word' id='word_1_581' title='bbox 1174 970 1265 1005; x_wconf 78' lang='grc' dir='ltr'>Γραφῇ</span> <span class='ocrx_word' id='word_1_582' title='bbox 1281 969 1410 1004; x_wconf 75' lang='grc' dir='ltr'>διαφορὰν</span> <span class='ocrx_word' id='word_1_583' title='bbox 1427 969 1472 995; x_wconf 77' lang='grc' dir='ltr'>ἐπὶ</span> <span class='ocrx_word' id='word_1_584' title='bbox 1488 969 1541 995; x_wconf 85' lang='grc' dir='ltr'><strong>τῶν</strong></span> <span class='ocrx_word' id='word_1_585' title='bbox 1559 968 1685 996; x_wconf 76' lang='grc' dir='ltr'>τοιούτων</span> <span class='ocrx_word' id='word_1_586' title='bbox 1705 969 1862 1004; x_wconf 80' lang='grc' dir='ltr'>ὀνομάτων·</span> 
     </span>
    </p>
   </div>
   <div class='ocr_carea' id='block_1_81' title="bbox 1084 1015 1868 1051">
    <p class='ocr_par' dir='ltr' id='par_1_81' title="bbox 1084 1015 1868 1051">
     <span class='ocr_line' id='line_1_81' title="bbox 1084 1015 1868 1051; baseline -0.003 -9"><span class='ocrx_word' id='word_1_587' title='bbox 1084 1016 1147 1042; x_wconf 87' lang='grc' dir='ltr'>ὅταν</span> <span class='ocrx_word' id='word_1_588' title='bbox 1164 1016 1212 1050; x_wconf 86' lang='grc' dir='ltr'>μὲν</span> <span class='ocrx_word' id='word_1_589' title='bbox 1226 1015 1375 1050; x_wconf 77' lang='grc' dir='ltr'>μοναδικῶς</span> <span class='ocrx_word' id='word_1_590' title='bbox 1387 1016 1403 1050; x_wconf 89' lang='grc' dir='ltr'><strong>ή</strong></span> <span class='ocrx_word' id='word_1_591' title='bbox 1417 1015 1529 1050; x_wconf 86' lang='grc' dir='ltr'>δύναμις</span> <span class='ocrx_word' id='word_1_592' title='bbox 1538 1015 1659 1051; x_wconf 78' lang='grc' dir='ltr'>λέγηται,</span> <span class='ocrx_word' id='word_1_593' title='bbox 1669 1015 1734 1046; x_wconf 76' lang='grc' dir='ltr'>ποὺς</span> <span class='ocrx_word' id='word_1_594' title='bbox 1750 1015 1780 1041; x_wconf 77' lang='grc' dir='ltr'>τὸ</span> <span class='ocrx_word' id='word_1_595' title='bbox 1789 1015 1868 1041; x_wconf 79' lang='grc' dir='ltr'><strong>Θείον</strong></span> 
     </span>
    </p>
   </div>
   <div class='ocr_carea' id='block_1_82' title="bbox 1084 1060 1869 1096">
    <p class='ocr_par' dir='ltr' id='par_1_82' title="bbox 1084 1060 1869 1096">
     <span class='ocr_line' id='line_1_82' title="bbox 1084 1060 1869 1096; baseline 0 -9"><span class='ocrx_word' id='word_1_596' title='bbox 1084 1062 1272 1096; x_wconf 79' lang='grc' dir='ltr'>ἀναπέμπεται</span> <span class='ocrx_word' id='word_1_597' title='bbox 1287 1060 1331 1087; x_wconf 71' lang='grc' dir='ltr'><strong>διὰ</strong></span> <span class='ocrx_word' id='word_1_598' title='bbox 1343 1061 1392 1095; x_wconf 84' lang='grc' dir='ltr'>τῆς</span> <span class='ocrx_word' id='word_1_599' title='bbox 1406 1061 1530 1094; x_wconf 79' lang='grc' dir='ltr'>τοιαύτης</span> <span class='ocrx_word' id='word_1_600' title='bbox 1544 1061 1634 1095; x_wconf 76' lang='grc' dir='ltr'>φωνῆς</span> <span class='ocrx_word' id='word_1_601' title='bbox 1645 1062 1661 1096; x_wconf 84' lang='grc' dir='ltr'>ἡ</span> <span class='ocrx_word' id='word_1_602' title='bbox 1673 1061 1789 1087; x_wconf 85' lang='grc' dir='ltr'>διάνοια·</span> <span class='ocrx_word' id='word_1_603' title='bbox 1806 1061 1869 1087; x_wconf 79' lang='grc' dir='ltr'>ὅταν</span> 
     </span>
    </p>
   </div>
   <div class='ocr_carea' id='block_1_83' title="bbox 1084 1104 1869 1141">
    <p class='ocr_par' dir='ltr' id='par_1_83' title="bbox 1084 1104 1869 1141">
     <span class='ocr_line' id='line_1_83' title="bbox 1084 1104 1869 1141; baseline -0.003 -9"><span class='ocrx_word' id='word_1_604' title='bbox 1084 1106 1112 1132; x_wconf 83' lang='grc' dir='ltr'>δὲ</span> <span class='ocrx_word' id='word_1_605' title='bbox 1129 1106 1172 1132; x_wconf 81' lang='grc' dir='ltr'><strong>διὰ</strong></span> <span class='ocrx_word' id='word_1_606' title='bbox 1194 1106 1240 1132; x_wconf 72' lang='grc' dir='ltr'>τοῦ</span> <span class='ocrx_word' id='word_1_607' title='bbox 1268 1105 1449 1140; x_wconf 81' lang='grc' dir='ltr'>πληθυντικοῦ</span> <span class='ocrx_word' id='word_1_608' title='bbox 1468 1106 1605 1141; x_wconf 84' lang='grc' dir='ltr'>σχήματος</span> <span class='ocrx_word' id='word_1_609' title='bbox 1626 1104 1786 1139; x_wconf 75' lang='grc' dir='ltr'>ἐκφωνῆται,</span> <span class='ocrx_word' id='word_1_610' title='bbox 1820 1104 1869 1140; x_wconf 86' lang='grc' dir='ltr'><strong>τὴν</strong></span> 
     </span>
    </p>
   </div>
   <div class='ocr_carea' id='block_1_84' title="bbox 1085 1148 1868 1186">
    <p class='ocr_par' dir='ltr' id='par_1_84' title="bbox 1085 1148 1868 1186">
     <span class='ocr_line' id='line_1_84' title="bbox 1085 1148 1868 1186; baseline -0.003 -8"><span class='ocrx_word' id='word_1_611' title='bbox 1085 1151 1231 1186; x_wconf 80' lang='grc' dir='ltr'>ἀγγελικὴν</span> <span class='ocrx_word' id='word_1_612' title='bbox 1242 1152 1321 1186; x_wconf 83' lang='grc' dir='ltr'>φύσιν</span> <span class='ocrx_word' id='word_1_613' title='bbox 1332 1151 1370 1186; x_wconf 82' lang='grc' dir='ltr'>τῷ</span> <span class='ocrx_word' id='word_1_614' title='bbox 1378 1151 1449 1186; x_wconf 84' lang='grc' dir='ltr'>λόγῳ</span> <span class='ocrx_word' id='word_1_615' title='bbox 1460 1151 1622 1186; x_wconf 78' lang='grc' dir='ltr'>παρίστησιν</span> <span class='ocrx_word' id='word_1_616' title='bbox 1635 1159 1642 1166; x_wconf 76' lang='grc'><strong>”</strong></span> <span class='ocrx_word' id='word_1_617' title='bbox 1652 1148 1719 1182; x_wconf 81' lang='grc' dir='ltr'>οἷον,</span> <span class='ocrx_word' id='word_1_618' title='bbox 1733 1150 1868 1184; x_wconf 81' lang='grc' dir='ltr'>Χριστὸς.</span> 
     </span>
    </p>
   </div>
   <div class='ocr_carea' id='block_1_85' title="bbox 1087 1194 1870 1229">
    <p class='ocr_par' dir='ltr' id='par_1_85' title="bbox 1087 1194 1870 1229">
     <span class='ocr_line' id='line_1_85' title="bbox 1087 1194 1870 1229; baseline 0.001 -9"><span class='ocrx_word' id='word_1_619' title='bbox 1087 1194 1159 1221; x_wconf 83' lang='grc' dir='ltr'>Θεοῦ</span> <span class='ocrx_word' id='word_1_620' title='bbox 1175 1194 1301 1229; x_wconf 81' lang='grc' dir='ltr'>δύναμις</span> <span class='ocrx_word' id='word_1_621' title='bbox 1318 1194 1367 1221; x_wconf 75' lang='grc' dir='ltr'>καὶ</span> <span class='ocrx_word' id='word_1_622' title='bbox 1392 1195 1494 1229; x_wconf 63' lang='grc' dir='ltr'>σοφία,</span> <span class='ocrx_word' id='word_1_623' title='bbox 1510 1195 1625 1221; x_wconf 79' lang='grc' dir='ltr'>ἐνταῦθα</span> <span class='ocrx_word' id='word_1_624' title='bbox 1641 1195 1678 1229; x_wconf 82' lang='grc' dir='ltr'>τῷ</span> <span class='ocrx_word' id='word_1_625' title='bbox 1695 1194 1828 1229; x_wconf 68' lang='grc' dir='ltr'>μοναδικῷ</span> <span class='ocrx_word' id='word_1_626' title='bbox 1839 1195 1870 1221; x_wconf 80' lang='grc' dir='ltr'>τὸ</span> 
     </span>
    </p>
   </div>
   <div class='ocr_carea' id='block_1_86' title="bbox 1085 1239 1870 1274">
    <p class='ocr_par' dir='ltr' id='par_1_86' title="bbox 1085 1239 1870 1274">
     <span class='ocr_line' id='line_1_86' title="bbox 1085 1239 1870 1274; baseline -0.001 -8"><span class='ocrx_word' id='word_1_627' title='bbox 1085 1240 1161 1266; x_wconf 84' lang='grc' dir='ltr'>Θεῖον</span> <span class='ocrx_word' id='word_1_628' title='bbox 1174 1239 1329 1274; x_wconf 75' lang='grc' dir='ltr'>ἐγνώρισεν.</span> <span class='ocrx_word' id='word_1_629' title='bbox 1345 1240 1502 1274; x_wconf 74' lang='grc' dir='ltr'>Εὺλσγεῖτε</span> <span class='ocrx_word' id='word_1_630' title='bbox 1518 1239 1570 1266; x_wconf 77' lang='grc' dir='ltr'>τὸν</span> <span class='ocrx_word' id='word_1_631' title='bbox 1587 1240 1695 1273; x_wconf 78' lang='grc' dir='ltr'>Κύριον</span> <span class='ocrx_word' id='word_1_632' title='bbox 1707 1261 1714 1272; x_wconf 77' lang='grc'>,</span> <span class='ocrx_word' id='word_1_633' title='bbox 1729 1239 1823 1266; x_wconf 77' lang='grc' dir='ltr'>πᾶσαι</span> <span class='ocrx_word' id='word_1_634' title='bbox 1840 1241 1870 1265; x_wconf 82' lang='grc' dir='ltr'>αὶ</span> 
     </span>
    </p>
   </div>
   <div class='ocr_carea' id='block_1_87' title="bbox 1085 1285 1871 1321">
    <p class='ocr_par' dir='ltr' id='par_1_87' title="bbox 1085 1285 1871 1321">
     <span class='ocr_line' id='line_1_87' title="bbox 1085 1285 1871 1321; baseline -0.003 -7"><span class='ocrx_word' id='word_1_635' title='bbox 1085 1287 1224 1321; x_wconf 79' lang='grc' dir='ltr'>δυνάμεις</span> <span class='ocrx_word' id='word_1_636' title='bbox 1248 1287 1350 1313; x_wconf 81' lang='grc' dir='ltr'>αὐτοῦ.</span> <span class='ocrx_word' id='word_1_637' title='bbox 1378 1285 1442 1314; x_wconf 80' lang='grc' dir='ltr'>Ὧδε</span> <span class='ocrx_word' id='word_1_638' title='bbox 1465 1287 1496 1313; x_wconf 79' lang='grc' dir='ltr'>τὸ</span> <span class='ocrx_word' id='word_1_639' title='bbox 1518 1287 1696 1321; x_wconf 79' lang='grc' dir='ltr'>πληθυντικὸν</span> <span class='ocrx_word' id='word_1_640' title='bbox 1719 1287 1773 1313; x_wconf 84' lang='grc' dir='ltr'>τῶν</span> <span class='ocrx_word' id='word_1_641' title='bbox 1792 1287 1871 1313; x_wconf 67' lang='grc' dir='ltr'>δλνά-</span> 
     </span>
    </p>
   </div>
   <div class='ocr_carea' id='block_1_88' title="bbox 1087 1331 1871 1367">
    <p class='ocr_par' dir='ltr' id='par_1_88' title="bbox 1087 1331 1871 1367">
     <span class='ocr_line' id='line_1_88' title="bbox 1087 1331 1871 1367; baseline -0.003 -9"><span class='ocrx_word' id='word_1_642' title='bbox 1087 1341 1159 1367; x_wconf 84' lang='grc' dir='ltr'>μεων</span> <span class='ocrx_word' id='word_1_643' title='bbox 1172 1333 1221 1367; x_wconf 77' lang='grc' dir='ltr'>τῆς</span> <span class='ocrx_word' id='word_1_644' title='bbox 1234 1332 1330 1367; x_wconf 82' lang='grc' dir='ltr'>νοητῆς</span> <span class='ocrx_word' id='word_1_645' title='bbox 1347 1331 1400 1357; x_wconf 84' lang='grc' dir='ltr'>τῶν</span> <span class='ocrx_word' id='word_1_646' title='bbox 1416 1332 1537 1365; x_wconf 81' lang='grc' dir='ltr'>ἀγγέλων</span> <span class='ocrx_word' id='word_1_647' title='bbox 1553 1331 1658 1366; x_wconf 83' lang='grc' dir='ltr'>φύσεως</span> <span class='ocrx_word' id='word_1_648' title='bbox 1670 1332 1719 1367; x_wconf 84' lang='grc' dir='ltr'><strong>τὴν</strong></span> <span class='ocrx_word' id='word_1_649' title='bbox 1735 1331 1871 1366; x_wconf 84' lang='grc' dir='ltr'>σημασίαν</span> 
     </span>
    </p>
   </div>
   <div class='ocr_carea' id='block_1_89' title="bbox 1085 1377 1872 1413">
    <p class='ocr_par' dir='ltr' id='par_1_89' title="bbox 1085 1377 1872 1413">
     <span class='ocr_line' id='line_1_89' title="bbox 1085 1377 1872 1413; baseline -0.001 -9"><span class='ocrx_word' id='word_1_650' title='bbox 1085 1379 1263 1405; x_wconf 76' lang='grc' dir='ltr'>ἐνδείκνυται.</span> <span class='ocrx_word' id='word_1_651' title='bbox 1279 1378 1316 1404; x_wconf 83' lang='grc' dir='ltr'><strong>Τὸ</strong></span> <span class='ocrx_word' id='word_1_652' title='bbox 1331 1378 1359 1404; x_wconf 79' lang='grc' dir='ltr'>δὲ</span> <span class='ocrx_word' id='word_1_653' title='bbox 1371 1379 1420 1412; x_wconf 80' lang='grc' dir='ltr'>τῆς</span> <span class='ocrx_word' id='word_1_654' title='bbox 1436 1378 1526 1412; x_wconf 84' lang='grc' dir='ltr'>ίσχύος</span> <span class='ocrx_word' id='word_1_655' title='bbox 1540 1378 1624 1413; x_wconf 69' lang='grc' dir='ltr'>ὅνομα</span> <span class='ocrx_word' id='word_1_656' title='bbox 1641 1377 1872 1412; x_wconf 76' lang='grc' dir='ltr'>συμπαραληφθὲν</span> 
     </span>
    </p>
   </div>
   <div class='ocr_carea' id='block_1_90' title="bbox 1087 1422 1873 1459">
    <p class='ocr_par' dir='ltr' id='par_1_90' title="bbox 1087 1422 1873 1459">
     <span class='ocr_line' id='line_1_90' title="bbox 1087 1422 1873 1459; baseline -0.003 -9"><span class='ocrx_word' id='word_1_657' title='bbox 1087 1424 1155 1459; x_wconf 79' lang='grc' dir='ltr'>μετὰ</span> <span class='ocrx_word' id='word_1_658' title='bbox 1168 1424 1215 1458; x_wconf 79' lang='grc' dir='ltr'>τῆς</span> <span class='ocrx_word' id='word_1_659' title='bbox 1230 1424 1369 1458; x_wconf 82' lang='grc' dir='ltr'>δυνάμεως</span> <span class='ocrx_word' id='word_1_660' title='bbox 1379 1443 1386 1455; x_wconf 86' lang='grc'><em>,</em></span> <span class='ocrx_word' id='word_1_661' title='bbox 1403 1423 1526 1450; x_wconf 77' lang='grc' dir='ltr'>ἐπίτασιν</span> <span class='ocrx_word' id='word_1_662' title='bbox 1542 1423 1590 1457; x_wconf 78' lang='grc' dir='ltr'>τῆς</span> <span class='ocrx_word' id='word_1_663' title='bbox 1610 1422 1657 1449; x_wconf 80' lang='grc' dir='ltr'>τοῦ</span> <span class='ocrx_word' id='word_1_664' title='bbox 1675 1423 1808 1458; x_wconf 84' lang='grc' dir='ltr'>νοήματος</span> <span class='ocrx_word' id='word_1_665' title='bbox 1823 1423 1873 1457; x_wconf 82' lang='grc' dir='ltr'><strong>ὲμ-</strong></span> 
     </span>
    </p>
   </div>
   <div class='ocr_carea' id='block_1_91' title="bbox 1087 1469 1873 1505">
    <p class='ocr_par' dir='ltr' id='par_1_91' title="bbox 1087 1469 1873 1505">
     <span class='ocr_line' id='line_1_91' title="bbox 1087 1469 1873 1505; baseline -0.003 -9"><span class='ocrx_word' id='word_1_666' title='bbox 1087 1470 1193 1503; x_wconf 75' lang='grc' dir='ltr'>φάσεως</span> <span class='ocrx_word' id='word_1_667' title='bbox 1210 1470 1265 1505; x_wconf 72' lang='grc' dir='ltr'>ἔχει</span> <span class='ocrx_word' id='word_1_668' title='bbox 1275 1479 1281 1485; x_wconf 88' lang='grc'>·</span> <span class='ocrx_word' id='word_1_669' title='bbox 1297 1470 1367 1496; x_wconf 75' lang='grc' dir='ltr'>οὕτω</span> <span class='ocrx_word' id='word_1_670' title='bbox 1381 1471 1428 1503; x_wconf 83' lang='grc' dir='ltr'>τῆς</span> <span class='ocrx_word' id='word_1_671' title='bbox 1444 1470 1553 1504; x_wconf 72' lang='grc' dir='ltr'>Γραφῆς</span> <span class='ocrx_word' id='word_1_672' title='bbox 1569 1469 1611 1495; x_wconf 79' lang='grc' dir='ltr'><strong>διὰ</strong></span> <span class='ocrx_word' id='word_1_673' title='bbox 1622 1470 1670 1504; x_wconf 82' lang='grc' dir='ltr'>τῆς</span> <span class='ocrx_word' id='word_1_674' title='bbox 1681 1469 1873 1504; x_wconf 74' lang='grc' dir='ltr'>ἐπαναλήψεως</span> 
     </span>
    </p>
   </div>
   <div class='ocr_carea' id='block_1_92' title="bbox 1086 1507 1872 1551">
    <p class='ocr_par' dir='ltr' id='par_1_92' title="bbox 1086 1507 1872 1551">
     <span class='ocr_line' id='line_1_92' title="bbox 1086 1507 1872 1551; baseline -0.004 -8"><span class='ocrx_word' id='word_1_675' title='bbox 1086 1516 1140 1543; x_wconf 82' lang='grc' dir='ltr'>τῶν</span> <span class='ocrx_word' id='word_1_676' title='bbox 1158 1515 1388 1551; x_wconf 81' lang='grc' dir='ltr'>ἰσοδυναμούντων</span> <span class='ocrx_word' id='word_1_677' title='bbox 1398 1516 1526 1550; x_wconf 77' lang='grc' dir='ltr'>ῥημάτων</span> <span class='ocrx_word' id='word_1_678' title='bbox 1542 1507 1712 1550; x_wconf 72' lang='grc' dir='ltr'>βεδαιότέρον</span> <span class='ocrx_word' id='word_1_679' title='bbox 1725 1514 1872 1549; x_wconf 70' lang='grc' dir='ltr'>ἐμφαινού-</span> 
     </span>
    </p>
   </div>
   <div class='ocr_carea' id='block_1_93' title="bbox 1087 1558 1873 1597">
    <p class='ocr_par' dir='ltr' id='par_1_93' title="bbox 1087 1558 1873 1597">
     <span class='ocr_line' id='line_1_93' title="bbox 1087 1558 1873 1597; baseline -0.004 -10"><span class='ocrx_word' id='word_1_680' title='bbox 1087 1570 1136 1597; x_wconf 82' lang='grc' dir='ltr'><strong>σης</strong></span> <span class='ocrx_word' id='word_1_681' title='bbox 1152 1561 1165 1587; x_wconf 73' lang='grc' dir='ltr'>ὃ</span> <span class='ocrx_word' id='word_1_682' title='bbox 1185 1561 1324 1596; x_wconf 79' lang='grc' dir='ltr'>βούλεται·</span> <span class='ocrx_word' id='word_1_683' title='bbox 1349 1561 1387 1591; x_wconf 81' lang='grc' dir='ltr'><strong>ὡς</strong></span> <span class='ocrx_word' id='word_1_684' title='bbox 1406 1561 1445 1592; x_wconf 83' lang='grc' dir='ltr'><strong>τὸ,</strong></span> <span class='ocrx_word' id='word_1_685' title='bbox 1475 1561 1572 1594; x_wconf 71' lang='grc' dir='ltr'>Κύριε,</span> <span class='ocrx_word' id='word_1_686' title='bbox 1592 1560 1610 1594; x_wconf 75' lang='grc' dir='ltr'><strong>ὴ</strong></span> <span class='ocrx_word' id='word_1_687' title='bbox 1627 1560 1715 1594; x_wconf 72' lang='grc' dir='ltr'>ἰσχύς</span> <span class='ocrx_word' id='word_1_688' title='bbox 1738 1568 1797 1594; x_wconf 85' lang='grc' dir='ltr'><strong>μου</strong></span> <span class='ocrx_word' id='word_1_689' title='bbox 1823 1558 1873 1584; x_wconf 73' lang='grc' dir='ltr'>καὶ</span> 
     </span>
    </p>
   </div>
   <div class='ocr_carea' id='block_1_94' title="bbox 1086 1603 1873 1641">
    <p class='ocr_par' dir='ltr' id='par_1_94' title="bbox 1086 1603 1873 1641">
     <span class='ocr_line' id='line_1_94' title="bbox 1086 1603 1873 1641; baseline -0.005 -7"><span class='ocrx_word' id='word_1_690' title='bbox 1086 1606 1237 1641; x_wconf 83' lang='grc' dir='ltr'>στερέωμά</span> <span class='ocrx_word' id='word_1_691' title='bbox 1250 1615 1320 1640; x_wconf 85' lang='grc' dir='ltr'>μου.</span> <span class='ocrx_word' id='word_1_692' title='bbox 1338 1605 1442 1632; x_wconf 80' lang='grc' dir='ltr'>Ταὺτὸν</span> <span class='ocrx_word' id='word_1_693' title='bbox 1455 1606 1508 1640; x_wconf 89' lang='grc' dir='ltr'><strong>γὰρ</strong></span> <span class='ocrx_word' id='word_1_694' title='bbox 1525 1605 1654 1640; x_wconf 80' lang='grc' dir='ltr'>ἑκάτερον</span> <span class='ocrx_word' id='word_1_695' title='bbox 1673 1605 1726 1630; x_wconf 85' lang='grc' dir='ltr'>τῶν</span> <span class='ocrx_word' id='word_1_696' title='bbox 1742 1603 1873 1639; x_wconf 80' lang='grc' dir='ltr'>ῥημάτων</span> 
     </span>
    </p>
   </div>
   <div class='ocr_carea' id='block_1_95' title="bbox 1086 1650 1873 1688">
    <p class='ocr_par' dir='ltr' id='par_1_95' title="bbox 1086 1650 1873 1688">
     <span class='ocr_line' id='line_1_95' title="bbox 1086 1650 1873 1688; baseline -0.005 -9"><span class='ocrx_word' id='word_1_697' title='bbox 1086 1653 1116 1679; x_wconf 82' lang='grc' dir='ltr'>τὸ</span> <span class='ocrx_word' id='word_1_698' title='bbox 1137 1652 1352 1688; x_wconf 79' lang='grc' dir='ltr'>σημαινόμενον·</span> <span class='ocrx_word' id='word_1_699' title='bbox 1377 1651 1433 1678; x_wconf 81' lang='grc' dir='ltr'>ἀλλ’</span> <span class='ocrx_word' id='word_1_700' title='bbox 1451 1652 1470 1687; x_wconf 81' lang='grc' dir='ltr'><strong>ἡ</strong></span> <span class='ocrx_word' id='word_1_701' title='bbox 1485 1651 1540 1678; x_wconf 85' lang='grc' dir='ltr'>τῶν</span> <span class='ocrx_word' id='word_1_702' title='bbox 1558 1650 1787 1685; x_wconf 78' lang='grc' dir='ltr'>ἰσοδυναμούντων</span> <span class='ocrx_word' id='word_1_703' title='bbox 1809 1658 1873 1676; x_wconf 82' lang='grc' dir='ltr'>συν-</span> 
     </span>
    </p>
   </div>
   <div class='ocr_carea' id='block_1_96' title="bbox 1087 1695 1874 1734">
    <p class='ocr_par' dir='ltr' id='par_1_96' title="bbox 1087 1695 1874 1734">
     <span class='ocr_line' id='line_1_96' title="bbox 1087 1695 1874 1734; baseline -0.006 -9"><span class='ocrx_word' id='word_1_704' title='bbox 1087 1698 1156 1734; x_wconf 80' lang='grc' dir='ltr'>θήκη</span> <span class='ocrx_word' id='word_1_705' title='bbox 1174 1698 1284 1731; x_wconf 78' lang='grc' dir='ltr'>ἔνδειξιν</span> <span class='ocrx_word' id='word_1_706' title='bbox 1308 1698 1423 1723; x_wconf 83' lang='grc' dir='ltr'>ποιεῖται</span> <span class='ocrx_word' id='word_1_707' title='bbox 1450 1697 1499 1731; x_wconf 85' lang='grc' dir='ltr'>τῆς</span> <span class='ocrx_word' id='word_1_708' title='bbox 1527 1696 1596 1723; x_wconf 75' lang='grc' dir='ltr'>κατὰ</span> <span class='ocrx_word' id='word_1_709' title='bbox 1617 1696 1647 1722; x_wconf 86' lang='grc' dir='ltr'>τὸ</span> <span class='ocrx_word' id='word_1_710' title='bbox 1675 1695 1874 1730; x_wconf 83' lang='grc' dir='ltr'>σημαινόμενον</span> 
     </span>
    </p>
   </div>
   <div class='ocr_carea' id='block_1_97' title="bbox 1086 1741 1872 1776">
    <p class='ocr_par' dir='ltr' id='par_1_97' title="bbox 1086 1741 1872 1776">
     <span class='ocr_line' id='line_1_97' title="bbox 1086 1741 1872 1776; baseline -0.006 -5"><span class='ocrx_word' id='word_1_711' title='bbox 1086 1745 1246 1774; x_wconf 80' lang='grc' dir='ltr'>ὲπιτὰσεως.</span> <span class='ocrx_word' id='word_1_712' title='bbox 1267 1744 1298 1769; x_wconf 80' lang='lat' dir='ltr'><strong>&#39;H</strong></span> <span class='ocrx_word' id='word_1_713' title='bbox 1312 1744 1400 1769; x_wconf 85' lang='grc' dir='ltr'>τοίνυν</span> <span class='ocrx_word' id='word_1_714' title='bbox 1417 1742 1470 1768; x_wconf 81' lang='grc' dir='ltr'>τῶν</span> <span class='ocrx_word' id='word_1_715' title='bbox 1485 1741 1624 1776; x_wconf 81' lang='grc' dir='ltr'>δυνάμεων</span> <span class='ocrx_word' id='word_1_716' title='bbox 1638 1741 1805 1776; x_wconf 80' lang='grc' dir='ltr'>πληθυντικὴ</span> <span class='ocrx_word' id='word_1_717' title='bbox 1823 1749 1872 1775; x_wconf 83' lang='grc' dir='ltr'>ση-</span> 
     </span>
    </p>
   </div>
   <div class='ocr_carea' id='block_1_98' title="bbox 1088 1786 1874 1826">
    <p class='ocr_par' dir='ltr' id='par_1_98' title="bbox 1088 1786 1874 1826">
     <span class='ocr_line' id='line_1_98' title="bbox 1088 1786 1874 1826; baseline -0.006 -9"><span class='ocrx_word' id='word_1_718' title='bbox 1088 1791 1183 1826; x_wconf 84' lang='grc' dir='ltr'>μασία,</span> <span class='ocrx_word' id='word_1_719' title='bbox 1201 1790 1248 1816; x_wconf 80' lang='grc' dir='ltr'><strong>καὶ</strong></span> <span class='ocrx_word' id='word_1_720' title='bbox 1267 1790 1283 1825; x_wconf 85' lang='grc' dir='ltr'>ἡ</span> <span class='ocrx_word' id='word_1_721' title='bbox 1299 1789 1475 1824; x_wconf 81' lang='grc' dir='ltr'>ὁμοιότροπος</span> <span class='ocrx_word' id='word_1_722' title='bbox 1495 1788 1549 1814; x_wconf 85' lang='grc' dir='ltr'>τῶν</span> <span class='ocrx_word' id='word_1_723' title='bbox 1572 1787 1670 1822; x_wconf 82' lang='grc' dir='ltr'>ἰσχύων</span> <span class='ocrx_word' id='word_1_724' title='bbox 1686 1787 1790 1822; x_wconf 82' lang='grc' dir='ltr'>μνήμη,</span> <span class='ocrx_word' id='word_1_725' title='bbox 1806 1786 1874 1822; x_wconf 79' lang='grc' dir='ltr'>πρὸς</span> 
     </span>
    </p>
   </div>
   <div class='ocr_carea' id='block_1_99' title="bbox 1085 1832 1874 1872">
    <p class='ocr_par' dir='ltr' id='par_1_99' title="bbox 1085 1832 1874 1872">
     <span class='ocr_line' id='line_1_99' title="bbox 1085 1832 1874 1872; baseline -0.006 -9"><span class='ocrx_word' id='word_1_726' title='bbox 1085 1836 1134 1872; x_wconf 81' lang='grc' dir='ltr'><strong>τὴν</strong></span> <span class='ocrx_word' id='word_1_727' title='bbox 1149 1835 1296 1870; x_wconf 80' lang='grc' dir='ltr'>ἀγγελικὴν</span> <span class='ocrx_word' id='word_1_728' title='bbox 1321 1835 1392 1861; x_wconf 75' lang='grc' dir='ltr'>ἔοικε</span> <span class='ocrx_word' id='word_1_729' title='bbox 1408 1834 1487 1868; x_wconf 85' lang='grc' dir='ltr'>φύσιν</span> <span class='ocrx_word' id='word_1_730' title='bbox 1510 1833 1626 1868; x_wconf 74' lang='grc' dir='ltr'>ἁπάγειν</span> <span class='ocrx_word' id='word_1_731' title='bbox 1647 1832 1701 1859; x_wconf 79' lang='grc' dir='ltr'><strong>τῶν</strong></span> <span class='ocrx_word' id='word_1_732' title='bbox 1721 1832 1874 1859; x_wconf 78' lang='grc' dir='ltr'>ἀκουόντων</span> 
     </span>
    </p>
   </div>
   <div class='ocr_carea' id='block_1_100' title="bbox 1085 1877 1874 1917">
    <p class='ocr_par' dir='ltr' id='par_1_100' title="bbox 1085 1877 1874 1917">
     <span class='ocr_line' id='line_1_100' title="bbox 1085 1877 1874 1917; baseline -0.008 -9"><span class='ocrx_word' id='word_1_733' title='bbox 1085 1882 1134 1917; x_wconf 88' lang='grc' dir='ltr'><strong>τὴν</strong></span> <span class='ocrx_word' id='word_1_734' title='bbox 1151 1881 1268 1908; x_wconf 73' lang='grc' dir='ltr'>ἔννοιαν·</span> <span class='ocrx_word' id='word_1_735' title='bbox 1297 1880 1366 1906; x_wconf 83' lang='grc' dir='ltr'>ὥστε</span> <span class='ocrx_word' id='word_1_736' title='bbox 1388 1880 1433 1906; x_wconf 76' lang='grc' dir='ltr'>τὸν</span> <span class='ocrx_word' id='word_1_737' title='bbox 1446 1879 1577 1914; x_wconf 75' lang='grc' dir='ltr'>ὁρκισμὸν</span> <span class='ocrx_word' id='word_1_738' title='bbox 1599 1879 1643 1904; x_wconf 84' lang='grc' dir='ltr'>τὸν</span> <span class='ocrx_word' id='word_1_739' title='bbox 1668 1878 1713 1904; x_wconf 75' lang='grc' dir='ltr'><strong>ἐπὶ</strong></span> <span class='ocrx_word' id='word_1_740' title='bbox 1729 1877 1874 1912; x_wconf 76' lang='grc' dir='ltr'>βεϐαιώσει</span> 
     </span>
    </p>
   </div>
   <div class='ocr_carea' id='block_1_101' title="bbox 1085 1923 1874 1962">
    <p class='ocr_par' dir='ltr' id='par_1_101' title="bbox 1085 1923 1874 1962">
     <span class='ocr_line' id='line_1_101' title="bbox 1085 1923 1874 1962; baseline -0.008 -8"><span class='ocrx_word' id='word_1_741' title='bbox 1085 1927 1140 1954; x_wconf 85' lang='grc' dir='ltr'>τῶν</span> <span class='ocrx_word' id='word_1_742' title='bbox 1159 1926 1327 1962; x_wconf 83' lang='grc' dir='ltr'>κεκριμένων</span> <span class='ocrx_word' id='word_1_743' title='bbox 1351 1925 1425 1960; x_wconf 71' lang='grc' dir='ltr'>παρὰ</span> <span class='ocrx_word' id='word_1_744' title='bbox 1438 1925 1488 1960; x_wconf 76' lang='grc' dir='ltr'>τῆς</span> <span class='ocrx_word' id='word_1_745' title='bbox 1510 1924 1692 1955; x_wconf 82' lang='grc' dir='ltr'>διδασκαλίας,</span> <span class='ocrx_word' id='word_1_746' title='bbox 1706 1925 1766 1954; x_wconf 85' lang='grc' dir='ltr'>ταῖς</span> <span class='ocrx_word' id='word_1_747' title='bbox 1784 1923 1874 1958; x_wconf 80' lang='grc' dir='ltr'>μαθη-</span> 
     </span>
    </p>
   </div>
   <div class='ocr_carea' id='block_1_102' title="bbox 1087 1968 1874 2008">
    <p class='ocr_par' dir='ltr' id='par_1_102' title="bbox 1087 1968 1874 2008">
     <span class='ocr_line' id='line_1_102' title="bbox 1087 1968 1874 2008; baseline -0.006 -9"><span class='ocrx_word' id='word_1_748' title='bbox 1087 1973 1243 2008; x_wconf 81' lang='grc' dir='ltr'>τευομέναις</span> <span class='ocrx_word' id='word_1_749' title='bbox 1257 1972 1354 2007; x_wconf 71' lang='grc' dir='ltr'>ψυχαῖς</span> <span class='ocrx_word' id='word_1_750' title='bbox 1370 1970 1582 2006; x_wconf 79' lang='grc' dir='ltr'>προσαγόμενον.</span> <span class='ocrx_word' id='word_1_751' title='bbox 1604 1969 1641 2005; x_wconf 87' lang='grc' dir='ltr'><strong>μὴ</strong></span> <span class='ocrx_word' id='word_1_752' title='bbox 1656 1969 1726 1996; x_wconf 82' lang='grc' dir='ltr'>κατὰ</span> <span class='ocrx_word' id='word_1_753' title='bbox 1738 1968 1785 1995; x_wconf 74' lang='grc' dir='ltr'>τοῦ</span> <span class='ocrx_word' id='word_1_754' title='bbox 1803 1977 1874 2004; x_wconf 86' lang='grc' dir='ltr'>παρ-</span> 
     </span>
    </p>
   </div>
   <div class='ocr_carea' id='block_1_103' title="bbox 1089 2015 1873 2054">
    <p class='ocr_par' dir='ltr' id='par_1_103' title="bbox 1089 2015 1873 2054">
     <span class='ocr_line' id='line_1_103' title="bbox 1089 2015 1873 2054; baseline -0.009 -7"><span class='ocrx_word' id='word_1_755' title='bbox 1089 2021 1199 2054; x_wconf 84' lang='grc' dir='ltr'>άγοντος</span> <span class='ocrx_word' id='word_1_756' title='bbox 1218 2018 1340 2053; x_wconf 81' lang='grc' dir='ltr'>γίνεσθαι</span> <span class='ocrx_word' id='word_1_757' title='bbox 1356 2017 1459 2052; x_wconf 82' lang='grc' dir='ltr'>κόσμου</span> <span class='ocrx_word' id='word_1_758' title='bbox 1472 2038 1479 2048; x_wconf 82' lang='lat'><strong>,</strong></span> <span class='ocrx_word' id='word_1_759' title='bbox 1494 2016 1561 2043; x_wconf 72' lang='grc' dir='ltr'>ἀλλὰ</span> <span class='ocrx_word' id='word_1_760' title='bbox 1575 2017 1644 2042; x_wconf 79' lang='grc' dir='ltr'>κατὰ</span> <span class='ocrx_word' id='word_1_761' title='bbox 1669 2015 1717 2050; x_wconf 72' lang='grc' dir='ltr'>τῆς</span> <span class='ocrx_word' id='word_1_762' title='bbox 1732 2015 1873 2049; x_wconf 78' lang='grc' dir='ltr'>ἐπιδιαμε-</span> 
     </span>
    </p>
   </div>
   <div class='ocr_carea' id='block_1_104' title="bbox 1087 2060 1874 2100">
    <p class='ocr_par' dir='ltr' id='par_1_104' title="bbox 1087 2060 1874 2100">
     <span class='ocr_line' id='line_1_104' title="bbox 1087 2060 1874 2100; baseline -0.006 -8"><span class='ocrx_word' id='word_1_763' title='bbox 1087 2066 1184 2100; x_wconf 80' lang='grc' dir='ltr'>νούσης</span> <span class='ocrx_word' id='word_1_764' title='bbox 1203 2064 1289 2090; x_wconf 76' lang='grc' dir='ltr'>εἰσαεὶ</span> <span class='ocrx_word' id='word_1_765' title='bbox 1312 2063 1418 2098; x_wconf 84' lang='grc' dir='ltr'>φύσεως</span> <span class='ocrx_word' id='word_1_766' title='bbox 1436 2062 1490 2089; x_wconf 84' lang='grc' dir='ltr'>τῶν</span> <span class='ocrx_word' id='word_1_767' title='bbox 1514 2062 1647 2096; x_wconf 80' lang='grc' dir='ltr'>ἀγγέλων.</span> <span class='ocrx_word' id='word_1_768' title='bbox 1661 2061 1730 2097; x_wconf 74' lang='grc' dir='ltr'>πρὸς</span> <span class='ocrx_word' id='word_1_769' title='bbox 1751 2060 1796 2092; x_wconf 81' lang='grc' dir='ltr'><strong>οὒς</strong></span> <span class='ocrx_word' id='word_1_770' title='bbox 1814 2060 1874 2096; x_wconf 76' lang='grc' dir='ltr'>βλέ-</span> 
     </span>
    </p>
   </div>
   <div class='ocr_carea' id='block_1_105' title="bbox 1088 2107 1873 2142">
    <p class='ocr_par' dir='ltr' id='par_1_105' title="bbox 1088 2107 1873 2142">
     <span class='ocr_line' id='line_1_105' title="bbox 1088 2107 1873 2142; baseline -0.006 -5"><span class='ocrx_word' id='word_1_771' title='bbox 1088 2120 1148 2137; x_wconf 78' lang='grc' dir='ltr'>πειν</span> <span class='ocrx_word' id='word_1_772' title='bbox 1164 2110 1355 2141; x_wconf 79' lang='grc' dir='ltr'>διακελεύεται,</span> <span class='ocrx_word' id='word_1_773' title='bbox 1381 2110 1423 2135; x_wconf 84' lang='grc' dir='ltr'>ἵνα</span> <span class='ocrx_word' id='word_1_774' title='bbox 1441 2108 1470 2134; x_wconf 82' lang='grc' dir='ltr'><strong>τὸ</strong></span> <span class='ocrx_word' id='word_1_775' title='bbox 1493 2108 1589 2142; x_wconf 76' lang='grc' dir='ltr'>πάγιόν</span> <span class='ocrx_word' id='word_1_776' title='bbox 1616 2116 1645 2133; x_wconf 87' lang='grc' dir='ltr'><strong>τε</strong></span> <span class='ocrx_word' id='word_1_777' title='bbox 1669 2107 1715 2133; x_wconf 77' lang='grc' dir='ltr'><strong>καὶ</strong></span> <span class='ocrx_word' id='word_1_778' title='bbox 1743 2107 1873 2141; x_wconf 86' lang='grc' dir='ltr'>στάσιμον</span> 
     </span>
    </p>
   </div>
   <div class='ocr_carea' id='block_1_106' title="bbox 1087 2153 1871 2192">
    <p class='ocr_par' dir='ltr' id='par_1_106' title="bbox 1087 2153 1871 2192">
     <span class='ocr_line' id='line_1_106' title="bbox 1087 2153 1871 2192; baseline -0.008 -8"><span class='ocrx_word' id='word_1_779' title='bbox 1087 2158 1135 2192; x_wconf 78' lang='grc' dir='ltr'>τῆς</span> <span class='ocrx_word' id='word_1_780' title='bbox 1148 2158 1207 2183; x_wconf 70' lang='grc' dir='ltr'>κατ’</span> <span class='ocrx_word' id='word_1_781' title='bbox 1221 2156 1320 2191; x_wconf 82' lang='grc' dir='ltr'>ἀρετὴν</span> <span class='ocrx_word' id='word_1_782' title='bbox 1335 2155 1470 2186; x_wconf 84' lang='grc' dir='ltr'>πολιτείας</span> <span class='ocrx_word' id='word_1_783' title='bbox 1486 2153 1622 2189; x_wconf 76' lang='grc' dir='ltr'>βεϐαιώσῃ</span> <span class='ocrx_word' id='word_1_784' title='bbox 1636 2153 1673 2188; x_wconf 82' lang='grc' dir='ltr'>τῷ</span> <span class='ocrx_word' id='word_1_785' title='bbox 1684 2153 1871 2187; x_wconf 82' lang='grc' dir='ltr'>ὑποδείγματι.</span> 
     </span>
    </p>
   </div>
   <div class='ocr_carea' id='block_1_107' title="bbox 1095 2197 1873 2237">
    <p class='ocr_par' dir='ltr' id='par_1_107' title="bbox 1095 2197 1873 2237">
     <span class='ocr_line' id='line_1_107' title="bbox 1095 2197 1873 2237; baseline -0.009 -8"><span class='ocrx_word' id='word_1_786' title='bbox 1095 2203 1202 2237; x_wconf 80' lang='grc' dir='ltr'>Ἐπειδὴ</span> <span class='ocrx_word' id='word_1_787' title='bbox 1225 2201 1279 2237; x_wconf 80' lang='grc' dir='ltr'><strong>γὰρ</strong></span> <span class='ocrx_word' id='word_1_788' title='bbox 1298 2201 1342 2227; x_wconf 74' lang='grc' dir='ltr'><strong>τὸν</strong></span> <span class='ocrx_word' id='word_1_789' title='bbox 1369 2199 1438 2234; x_wconf 77' lang='grc' dir='ltr'>μετὰ</span> <span class='ocrx_word' id='word_1_790' title='bbox 1460 2200 1508 2234; x_wconf 81' lang='grc' dir='ltr'><strong>τὴν</strong></span> <span class='ocrx_word' id='word_1_791' title='bbox 1534 2199 1681 2226; x_wconf 78' lang='grc' dir='ltr'>ἀνάστασιν</span> <span class='ocrx_word' id='word_1_792' title='bbox 1704 2198 1759 2232; x_wconf 86' lang='grc' dir='ltr'>βίον</span> <span class='ocrx_word' id='word_1_793' title='bbox 1782 2197 1873 2231; x_wconf 78' lang='grc' dir='ltr'>ὅμοιον</span> 
     </span>
    </p>
   </div>
   <div class='ocr_carea' id='block_1_108' title="bbox 1087 2242 1873 2284">
    <p class='ocr_par' dir='ltr' id='par_1_108' title="bbox 1087 2242 1873 2284">
     <span class='ocr_line' id='line_1_108' title="bbox 1087 2242 1873 2284; baseline -0.006 -10"><span class='ocrx_word' id='word_1_794' title='bbox 1087 2247 1253 2284; x_wconf 76' lang='grc' dir='ltr'>ἐπήγγελται</span> <span class='ocrx_word' id='word_1_795' title='bbox 1263 2248 1294 2282; x_wconf 83' lang='grc' dir='ltr'><strong>τῇ</strong></span> <span class='ocrx_word' id='word_1_796' title='bbox 1309 2245 1473 2273; x_wconf 79' lang='grc' dir='ltr'>καταστάσει</span> <span class='ocrx_word' id='word_1_797' title='bbox 1486 2245 1539 2271; x_wconf 84' lang='grc' dir='ltr'>τῶν</span> <span class='ocrx_word' id='word_1_798' title='bbox 1553 2244 1702 2279; x_wconf 82' lang='grc' dir='ltr'>ἀνθρώπων</span> <span class='ocrx_word' id='word_1_799' title='bbox 1712 2242 1873 2278; x_wconf 76' lang='grc' dir='ltr'>γενήσεσθαι</span> 
     </span>
    </p>
   </div>
   <div class='ocr_carea' id='block_1_109' title="bbox 1089 2288 1872 2329">
    <p class='ocr_par' dir='ltr' id='par_1_109' title="bbox 1089 2288 1872 2329">
     <span class='ocr_line' id='line_1_109' title="bbox 1089 2288 1872 2329; baseline -0.006 -10"><span class='ocrx_word' id='word_1_800' title='bbox 1089 2293 1216 2329; x_wconf 73' lang='grc' dir='ltr'>(ἀψευδὴς</span> <span class='ocrx_word' id='word_1_801' title='bbox 1235 2291 1289 2327; x_wconf 77' lang='grc' dir='ltr'><strong>γὰρ</strong></span> <span class='ocrx_word' id='word_1_802' title='bbox 1311 2293 1325 2318; x_wconf 80' lang='grc' dir='ltr'>ὁ</span> <span class='ocrx_word' id='word_1_803' title='bbox 1340 2291 1594 2325; x_wconf 76' lang='grc' dir='ltr'>ἐπαγγειλάμενος),</span> <span class='ocrx_word' id='word_1_804' title='bbox 1619 2289 1763 2316; x_wconf 76' lang='grc' dir='ltr'>ἀκόλουθον</span> <span class='ocrx_word' id='word_1_805' title='bbox 1779 2289 1811 2315; x_wconf 79' lang='grc' dir='ltr'>ἂν</span> <span class='ocrx_word' id='word_1_806' title='bbox 1830 2288 1872 2324; x_wconf 78' lang='grc' dir='ltr'><strong>εἴη</strong></span> 
     </span>
    </p>
   </div>
   <div class='ocr_carea' id='block_1_110' title="bbox 1088 2334 1874 2374">
    <p class='ocr_par' dir='ltr' id='par_1_110' title="bbox 1088 2334 1874 2374">
     <span class='ocr_line' id='line_1_110' title="bbox 1088 2334 1874 2374; baseline -0.009 -8"><span class='ocrx_word' id='word_1_807' title='bbox 1088 2340 1136 2366; x_wconf 66' lang='grc' dir='ltr'>καὶ</span> <span class='ocrx_word' id='word_1_808' title='bbox 1150 2339 1199 2374; x_wconf 85' lang='grc' dir='ltr'><strong>τὴν</strong></span> <span class='ocrx_word' id='word_1_809' title='bbox 1216 2340 1244 2365; x_wconf 82' lang='grc' dir='ltr'>ὲν</span> <span class='ocrx_word' id='word_1_810' title='bbox 1266 2337 1305 2372; x_wconf 86' lang='grc' dir='ltr'>τῷ</span> <span class='ocrx_word' id='word_1_811' title='bbox 1320 2338 1415 2372; x_wconf 83' lang='grc' dir='ltr'>κόσμῳ</span> <span class='ocrx_word' id='word_1_812' title='bbox 1441 2336 1512 2371; x_wconf 84' lang='grc' dir='ltr'>ζωὴν</span> <span class='ocrx_word' id='word_1_813' title='bbox 1537 2336 1605 2371; x_wconf 77' lang='grc' dir='ltr'>πρὸς</span> <span class='ocrx_word' id='word_1_814' title='bbox 1625 2336 1674 2371; x_wconf 90' lang='grc' dir='ltr'><strong>τὴν</strong></span> <span class='ocrx_word' id='word_1_815' title='bbox 1695 2334 1874 2369; x_wconf 76' lang='grc' dir='ltr'>ἐλπιζομένην</span> 
     </span>
    </p>
   </div>
   <div class='ocr_carea' id='block_1_111' title="bbox 1090 2379 1874 2420">
    <p class='ocr_par' dir='ltr' id='par_1_111' title="bbox 1090 2379 1874 2420">
     <span class='ocr_line' id='line_1_111' title="bbox 1090 2379 1874 2420; baseline -0.008 -9"><span class='ocrx_word' id='word_1_816' title='bbox 1090 2385 1159 2420; x_wconf 76' lang='grc' dir='ltr'>μετὰ</span> <span class='ocrx_word' id='word_1_817' title='bbox 1177 2384 1262 2410; x_wconf 82' lang='grc' dir='ltr'>ταῦτα</span> <span class='ocrx_word' id='word_1_818' title='bbox 1285 2381 1551 2417; x_wconf 77' lang='grc' dir='ltr'>παρασκευάζεσθαι,</span> <span class='ocrx_word' id='word_1_819' title='bbox 1575 2381 1645 2407; x_wconf 77' lang='grc' dir='ltr'>ὥστε</span> <span class='ocrx_word' id='word_1_820' title='bbox 1662 2382 1690 2407; x_wconf 81' lang='grc' dir='ltr'>ἐν</span> <span class='ocrx_word' id='word_1_821' title='bbox 1708 2380 1790 2415; x_wconf 69' lang='grc' dir='ltr'>σαρκὶ</span> <span class='ocrx_word' id='word_1_822' title='bbox 1806 2379 1874 2411; x_wconf 78' lang='grc' dir='ltr'>ζῶν-</span> 
     </span>
    </p>
   </div>
   <div class='ocr_carea' id='block_1_112' title="bbox 1088 2425 1874 2465">
    <p class='ocr_par' dir='ltr' id='par_1_112' title="bbox 1088 2425 1874 2465">
     <span class='ocr_line' id='line_1_112' title="bbox 1088 2425 1874 2465; baseline -0.008 -8"><span class='ocrx_word' id='word_1_823' title='bbox 1088 2439 1147 2462; x_wconf 86' lang='grc' dir='ltr'>τας,</span> <span class='ocrx_word' id='word_1_824' title='bbox 1169 2431 1216 2457; x_wconf 74' lang='grc' dir='ltr'>καὶ</span> <span class='ocrx_word' id='word_1_825' title='bbox 1232 2431 1260 2457; x_wconf 83' lang='grc' dir='ltr'>ὲν</span> <span class='ocrx_word' id='word_1_826' title='bbox 1277 2429 1354 2465; x_wconf 83' lang='grc' dir='ltr'>ἀγρῷ</span> <span class='ocrx_word' id='word_1_827' title='bbox 1369 2429 1416 2455; x_wconf 79' lang='grc' dir='ltr'>τοῦ</span> <span class='ocrx_word' id='word_1_828' title='bbox 1432 2429 1533 2462; x_wconf 80' lang='grc' dir='ltr'>κόσμου</span> <span class='ocrx_word' id='word_1_829' title='bbox 1550 2427 1644 2454; x_wconf 87' lang='grc' dir='ltr'>τούτου</span> <span class='ocrx_word' id='word_1_830' title='bbox 1662 2427 1813 2460; x_wconf 81' lang='grc' dir='ltr'>διάγοντας,</span> <span class='ocrx_word' id='word_1_831' title='bbox 1836 2425 1874 2460; x_wconf 86' lang='grc' dir='ltr'><strong>μὴ</strong></span> 
     </span>
    </p>
   </div>
   <div class='ocr_carea' id='block_1_113' title="bbox 1089 2470 1875 2511">
    <p class='ocr_par' dir='ltr' id='par_1_113' title="bbox 1089 2470 1875 2511">
     <span class='ocr_line' id='line_1_113' title="bbox 1089 2470 1875 2511; baseline -0.009 -8"><span class='ocrx_word' id='word_1_832' title='bbox 1089 2476 1158 2503; x_wconf 77' lang='grc' dir='ltr'>κατὰ</span> <span class='ocrx_word' id='word_1_833' title='bbox 1183 2476 1271 2511; x_wconf 83' lang='grc' dir='ltr'>σάρκα</span> <span class='ocrx_word' id='word_1_834' title='bbox 1297 2475 1356 2510; x_wconf 80' lang='grc' dir='ltr'>ζῇν,</span> <span class='ocrx_word' id='word_1_835' title='bbox 1383 2475 1449 2510; x_wconf 83' lang='grc' dir='ltr'>μηδὲ</span> <span class='ocrx_word' id='word_1_836' title='bbox 1474 2472 1720 2508; x_wconf 79' lang='grc' dir='ltr'>συσχηματίζεσθαι</span> <span class='ocrx_word' id='word_1_837' title='bbox 1737 2471 1776 2505; x_wconf 83' lang='grc' dir='ltr'>τῷ</span> <span class='ocrx_word' id='word_1_838' title='bbox 1796 2470 1875 2497; x_wconf 79' lang='grc' dir='ltr'>αἰῶνι</span> 
     </span>
    </p>
   </div>
   <div class='ocr_carea' id='block_1_114' title="bbox 1088 2516 1875 2556">
    <p class='ocr_par' dir='ltr' id='par_1_114' title="bbox 1088 2516 1875 2556">
     <span class='ocr_line' id='line_1_114' title="bbox 1088 2516 1875 2556; baseline -0.008 -8"><span class='ocrx_word' id='word_1_839' title='bbox 1088 2522 1185 2556; x_wconf 81' lang='grc' dir='ltr'>τούτῳ,</span> <span class='ocrx_word' id='word_1_840' title='bbox 1205 2521 1273 2548; x_wconf 83' lang='grc' dir='ltr'>ἀλλὰ</span> <span class='ocrx_word' id='word_1_841' title='bbox 1297 2520 1466 2555; x_wconf 73' lang='grc' dir='ltr'>προμελετᾷν</span> <span class='ocrx_word' id='word_1_842' title='bbox 1490 2519 1535 2545; x_wconf 73' lang='grc' dir='ltr'><strong>τὸν</strong></span> <span class='ocrx_word' id='word_1_843' title='bbox 1559 2517 1734 2552; x_wconf 71' lang='grc' dir='ltr'>ἐλπιζόμενον</span> <span class='ocrx_word' id='word_1_844' title='bbox 1760 2516 1816 2551; x_wconf 84' lang='grc' dir='ltr'>βίον</span> <span class='ocrx_word' id='word_1_845' title='bbox 1830 2516 1875 2543; x_wconf 81' lang='grc' dir='ltr'><strong>διὰ</strong></span> 
     </span>
    </p>
   </div>
   <div class='ocr_carea' id='block_1_115' title="bbox 1089 2562 1875 2602">
    <p class='ocr_par' dir='ltr' id='par_1_115' title="bbox 1089 2562 1875 2602">
     <span class='ocr_line' id='line_1_115' title="bbox 1089 2562 1875 2602; baseline -0.009 -8"><span class='ocrx_word' id='word_1_846' title='bbox 1089 2568 1135 2602; x_wconf 79' lang='grc' dir='ltr'>τῆς</span> <span class='ocrx_word' id='word_1_847' title='bbox 1151 2568 1178 2594; x_wconf 78' lang='grc' dir='ltr'>ἐν</span> <span class='ocrx_word' id='word_1_848' title='bbox 1196 2567 1234 2602; x_wconf 80' lang='grc' dir='ltr'>τῷ</span> <span class='ocrx_word' id='word_1_849' title='bbox 1255 2567 1348 2601; x_wconf 76' lang='grc' dir='ltr'>κόσμῳ</span> <span class='ocrx_word' id='word_1_850' title='bbox 1364 2565 1446 2600; x_wconf 80' lang='grc' dir='ltr'>ζωῆς.</span> <span class='ocrx_word' id='word_1_851' title='bbox 1464 2565 1512 2591; x_wconf 80' lang='grc' dir='ltr'>Διά</span> <span class='ocrx_word' id='word_1_852' title='bbox 1523 2564 1600 2590; x_wconf 77' lang='grc' dir='ltr'>τοῦτο</span> <span class='ocrx_word' id='word_1_853' title='bbox 1612 2563 1661 2598; x_wconf 84' lang='grc' dir='ltr'><strong>τὴν</strong></span> <span class='ocrx_word' id='word_1_854' title='bbox 1676 2563 1718 2589; x_wconf 81' lang='grc' dir='ltr'><strong>διὰ</strong></span> <span class='ocrx_word' id='word_1_855' title='bbox 1735 2562 1780 2588; x_wconf 81' lang='grc' dir='ltr'>τοῦ</span> <span class='ocrx_word' id='word_1_856' title='bbox 1794 2563 1875 2596; x_wconf 76' lang='grc' dir='ltr'>ὅρκου</span> 
     </span>
    </p>
   </div>
   <div class='ocr_carea' id='block_1_116' title="bbox 1089 2608 1874 2649">
    <p class='ocr_par' dir='ltr' id='par_1_116' title="bbox 1089 2608 1874 2649">
     <span class='ocr_line' id='line_1_116' title="bbox 1089 2608 1874 2649; baseline -0.008 -10"><span class='ocrx_word' id='word_1_857' title='bbox 1089 2613 1233 2649; x_wconf 69' lang='grc' dir='ltr'>βεϐαίωσιν</span> <span class='ocrx_word' id='word_1_858' title='bbox 1257 2613 1366 2647; x_wconf 78' lang='grc' dir='ltr'>ἐμποιεῖ</span> <span class='ocrx_word' id='word_1_859' title='bbox 1387 2612 1446 2642; x_wconf 84' lang='grc' dir='ltr'>ταῖς</span> <span class='ocrx_word' id='word_1_860' title='bbox 1462 2611 1561 2645; x_wconf 66' lang='grc' dir='ltr'>ψυχαῖς</span> <span class='ocrx_word' id='word_1_861' title='bbox 1576 2609 1629 2635; x_wconf 79' lang='grc' dir='ltr'>τῶν</span> <span class='ocrx_word' id='word_1_862' title='bbox 1647 2608 1874 2644; x_wconf 77' lang='grc' dir='ltr'>μαθητευομένων</span> 
     </span>
    </p>
   </div>
   <div class='ocr_carea' id='block_1_117' title="bbox 1087 2652 1875 2694">
    <p class='ocr_par' dir='ltr' id='par_1_117' title="bbox 1087 2652 1875 2694">
     <span class='ocr_line' id='line_1_117' title="bbox 1087 2652 1875 2694; baseline -0.01 -9"><span class='ocrx_word' id='word_1_863' title='bbox 1087 2660 1104 2694; x_wconf 86' lang='grc' dir='ltr'>ἡ</span> <span class='ocrx_word' id='word_1_864' title='bbox 1127 2658 1234 2694; x_wconf 80' lang='grc' dir='ltr'>νύμφη,</span> <span class='ocrx_word' id='word_1_865' title='bbox 1251 2657 1320 2684; x_wconf 76' lang='grc' dir='ltr'>ὥστε</span> <span class='ocrx_word' id='word_1_866' title='bbox 1343 2657 1392 2692; x_wconf 83' lang='grc' dir='ltr'><strong>τὴν</strong></span> <span class='ocrx_word' id='word_1_867' title='bbox 1409 2656 1481 2691; x_wconf 75' lang='grc' dir='ltr'>ζωὴν</span> <span class='ocrx_word' id='word_1_868' title='bbox 1497 2655 1585 2681; x_wconf 62' lang='grc' dir='ltr'>αὐτῶν</span> <span class='ocrx_word' id='word_1_869' title='bbox 1613 2654 1661 2689; x_wconf 85' lang='grc' dir='ltr'><strong>τὴν</strong></span> <span class='ocrx_word' id='word_1_870' title='bbox 1685 2654 1714 2679; x_wconf 81' lang='grc' dir='ltr'>ἐν</span> <span class='ocrx_word' id='word_1_871' title='bbox 1735 2653 1774 2687; x_wconf 81' lang='grc' dir='ltr'>τῷ</span> <span class='ocrx_word' id='word_1_872' title='bbox 1797 2652 1875 2686; x_wconf 84' lang='grc' dir='ltr'>ἀγρῷ</span> 
     </span>
    </p>
   </div>
   <div class='ocr_carea' id='block_1_118' title="bbox 1087 2697 1873 2738">
    <p class='ocr_par' dir='ltr' id='par_1_118' title="bbox 1087 2697 1873 2738">
     <span class='ocr_line' id='line_1_118' title="bbox 1087 2697 1873 2738; baseline -0.009 -8"><span class='ocrx_word' id='word_1_873' title='bbox 1087 2705 1174 2738; x_wconf 79' lang='grc' dir='ltr'>τούτῳ</span> <span class='ocrx_word' id='word_1_874' title='bbox 1198 2702 1416 2738; x_wconf 77' lang='grc' dir='ltr'>κατορθουμένην</span> <span class='ocrx_word' id='word_1_875' title='bbox 1444 2702 1512 2737; x_wconf 77' lang='grc' dir='ltr'>πρὸς</span> <span class='ocrx_word' id='word_1_876' title='bbox 1533 2699 1582 2732; x_wconf 78' lang='grc' dir='ltr'><strong>τὰς</strong></span> <span class='ocrx_word' id='word_1_877' title='bbox 1604 2699 1728 2734; x_wconf 75' lang='grc' dir='ltr'>δυνάμεις</span> <span class='ocrx_word' id='word_1_878' title='bbox 1754 2697 1873 2733; x_wconf 76' lang='grc' dir='ltr'>βλέπειν,</span> 
     </span>
    </p>
   </div>
   <div class='ocr_carea' id='block_1_119' title="bbox 1065 2789 1361 2824">
    <p class='ocr_par' dir='ltr' id='par_1_119' title="bbox 1065 2789 1361 2824">
     <span class='ocr_line' id='line_1_119' title="bbox 1065 2789 1361 2824; baseline -0.007 -6"><span class='ocrx_word' id='word_1_879' title='bbox 1065 2791 1090 2818; x_wconf 72' lang='lat'><strong>‘3.</strong></span> <span class='ocrx_word' id='word_1_880' title='bbox 1130 2790 1152 2806; x_wconf 73' lang='grc'><strong>⁷⁵</strong></span> <span class='ocrx_word' id='word_1_881' title='bbox 1166 2789 1237 2818; x_wconf 79' lang='lat' dir='ltr'><strong>Psal.</strong></span> <span class='ocrx_word' id='word_1_882' title='bbox 1254 2798 1319 2824; x_wconf 71' lang='lat' dir='ltr'><strong>uti,</strong></span> <span class='ocrx_word' id='word_1_883' title='bbox 1335 2789 1361 2816; x_wconf 65' lang='lat'><strong>9.</strong></span> 
     </span>
    </p>
   </div>
  </div>
