1984 3068
224 105 276 134 859

851 104 881 134 S.
903 104 1066 133 GREGORII
1085 104 1232 133 NYSSENI

1795 101 1846 129 850

223 161 285 180 esse
307 152 452 186 umbram;
476 155 503 179 et
527 151 633 180 fructus
650 152 796 181 dulcedine
813 153 921 186 aiiecta,
946 158 1004 181 erat

1061 153 1109 190 τὴν
1121 153 1305 189 εὐφροσύνην,
1315 149 1337 186 ᾧ
1352 153 1369 188 ὴ
1382 151 1478 187 καρδία
1490 151 1543 178 τῶν
1558 149 1724 186 μετεχόντων
1735 147 1844 183 εὐφραί-

224 197 251 224 ἰιι
281 198 380 226 laetitlae
404 199 601 234 penetralibus.
629 198 729 226 Vinum
765 203 855 228 autem
883 203 1007 231 nominat

224 244 356 278 laetitiam.
373 245 446 280 quod
472 245 589 272 laetiﬁcat
609 252 657 272 cor
679 253 772 273 eorum
794 246 841 281 qui
863 252 928 275 sunt
945 248 1006 283 ejus

224 290 379 324 participes,
403 294 430 318 et
447 294 577 326 tanquam
593 290 621 317 in
639 291 772 318 charitate
791 292 935 325 collocata,
955 294 1006 321 ful-

223 334 293 360 cizur
305 336 464 370 unguenlis,
485 343 629 370 pomorum
643 335 813 370 operimento
833 337 962 370 vallatur,
978 342 1005 366 et

223 383 351 414 tanquam
369 381 397 408 in
415 381 498 409 corde
515 386 626 416 accepta
642 382 786 410 cbaritatis
810 383 922 418 sagitta,
942 392 1006 411 rur-

222 433 269 453 sus
284 426 342 460 ipsa
356 434 465 462 quoque
476 427 501 454 in
514 427 640 454 manibus
654 427 787 462 sagittarii
802 427 960 462 iitjaculum
972 430 1005 457 ad
1016 449 1027 455 -

221 478 334 505 soopum
352 472 475 500 veritatis
492 473 626 500 directum
643 473 670 499 in
691 473 819 501 manibus
835 476 954 508 potentis
971 476 1004 503 ⁷⁵.

221 515 284 544 Haec
305 521 332 544 et
355 525 415 552 quae
432 521 497 545 sunt
521 517 680 551 liujusmodi
698 518 847 553 aspiciens,
861 519 1005 547 existima-

221 561 282 588 bam
310 569 382 594 eam,
405 570 465 597 qua:
490 568 549 589 erat
575 562 643 589 adeo
664 562 771 589 sublata
791 565 818 590 in
839 564 935 598 altum,
959 573 1006 600 ap-

221 607 403 641 prchendisse
415 616 552 636 summum
564 609 754 636 beatitudinis.
767 609 830 642 Sed,
842 615 870 637 ut
886 611 1004 644 videtur,

219 661 280 688 qum
298 654 374 688 prius
397 658 460 681 sunt
476 659 598 689 peracta,
625 659 689 682 sunt
704 654 793 681 adhuc
813 658 944 690 promntia
962 665 1005 685 as-

219 705 330 724 census.
358 692 459 726 Oinnes
481 698 555 726 enim
574 698 636 726 illas
661 699 849 730 ascensiones.
874 709 928 728 non
955 710 1005 732 no-

221 743 306 770 minat
318 745 577 778 contemplationem
589 748 616 771 et
630 744 782 772 evidentem
795 745 919 773 veritatis
931 754 1005 773 com-

221 786 438 820 prehensionem,
462 788 509 814 sed
534 795 627 814 vocem
662 788 722 822 ejus
747 789 793 823 qui
820 789 1003 823 desideratur,

219 838 280 865 quae
310 838 358 865 per
381 831 503 858 auditum
531 831 693 866 exprimitur
719 832 746 858 in
771 833 1004 867 proprietatibus:
1022 843 1043 870 Β

220 883 273 902 non
292 881 381 904 autem
407 876 506 903 mentis
522 877 766 911 comprehensione
791 880 966 913 cognoscitur
980 885 1007 908 et

221 923 338 949 ludiﬁcat
354 921 428 949 ".‘Si
441 930 507 957 ergo
519 922 564 949 illa
580 922 608 949 iu
622 923 706 949 altum
723 931 809 958 usque
824 925 890 952 adeo
900 930 1004 959 evecta,

220 968 291 994 sicut
315 967 448 994 discimus
477 967 510 995 de
535 975 633 1002 magno
659 967 755 1000 Paulo,
779 970 824 1004 qui
845 978 927 1005 super
950 975 1006 1000 tres

219 1013 304 1041 cmlos
331 1013 381 1040 fuit
406 1013 547 1045 sublatus,
571 1013 690 1040 nondum
722 1019 851 1042 accurate
883 1023 1007 1051 compre-

220 1057 349 1086 hendisse
375 1058 530 1085 ostenditur
554 1058 580 1085 id
608 1057 680 1093 quod
702 1059 916 1087 consideratur:
940 1062 1006 1095 quid

219 1107 437 1130 consentaneum
455 1107 496 1130 est
513 1103 592 1130 nobis
613 1103 769 1136 usuvenire,
789 1109 836 1132 aut
850 1106 876 1132 in
894 1106 1006 1140 quibus-

219 1157 281 1176 nam
290 1156 351 1176 csse
365 1156 415 1176 nos
428 1152 564 1183 reputare,
581 1148 626 1183 qui
638 1149 671 1176 ad
683 1149 826 1184 adytorum
838 1152 1006 1186 contempla-

218 1194 300 1221 tionis
321 1193 453 1222 vcstibula
480 1193 601 1220 nondum
617 1201 701 1228 prope
724 1195 912 1223 accessimus?
929 1196 1006 1224 Licet

218 1246 308 1268 autem
322 1249 371 1276 per
384 1249 415 1268 ea
440 1249 500 1276 qua)
514 1241 548 1268 ab
560 1242 618 1276 ipsa
635 1243 707 1275 dicta
722 1247 787 1269 sunt
806 1242 899 1270 videre
921 1251 1003 1279 quam

219 1286 254 1313 sit
276 1287 460 1321 contemplatu
479 1286 590 1314 diilicile
614 1286 686 1321 quod
716 1288 857 1321 quaeritur.
888 1288 943 1315 Voa:
961 1297 1006 1323 pa-

219 1332 311 1358 truelis
334 1333 394 1365 mei,
419 1332 516 1367 inquit,
544 1339 598 1359 non
625 1332 722 1364 forma,
748 1340 802 1359 non
832 1333 925 1367 facies,
949 1342 1004 1362 non

219 1375 304 1406 [icura
328 1382 485 1411 expressam
510 1378 658 1404 ostendens
689 1382 812 1404 naturam
844 1378 903 1413 ejus
931 1380 1005 1414 quod

216 1424 360 1455 qun-ritur,
394 1422 440 1448 sed
467 1430 529 1455 vox,
559 1423 646 1458 magis
670 1422 785 1450 aﬂ‘erens
806 1425 1004 1460 conjecturam,

217 1474 298 1501 quam
313 1466 418 1494 ﬁrmam
435 1468 628 1502 cognitionem,
643 1467 704 1502 quis
720 1468 755 1494 sit
771 1469 793 1496 is
806 1470 856 1509 qui
872 1470 1001 1505 loquitur.

1058 207 1143 231 νεται,
1153 199 1199 225 καὶ
1208 199 1245 230 ὡς
1256 199 1285 225 ὲν
1295 199 1328 233 τῇ
1338 197 1431 231 ἀγάπῃ
1444 195 1572 230 ταχθεῖσα
1581 195 1636 225 τοῖς
1648 193 1742 228 μύροις
1756 192 1845 225 στηρί-

1059 243 1145 275 ζεται,
1153 242 1331 278 διαληφθεῖσα
1339 243 1370 277 τῇ
1379 237 1432 268 τῶν
1444 240 1535 276 μήλων
1546 239 1685 274 περιῦολῇ,
1697 238 1743 264 καὶ
1754 237 1791 268 ὼς
1799 237 1844 270 έγ-

1059 290 1168 326 κάρδιον
1193 288 1325 324 δεξαμένη
1351 288 1401 322 τῆς
1426 287 1538 321 ἀγάπης
1554 285 1585 312 τὸ
1609 284 1699 319 βέλος,
1716 283 1796 310 πάλιν
1816 284 1843 310 ὲν

1059 337 1118 367 ταῖς
1133 335 1210 371 χερσὶ
1226 333 1273 361 τοῦ
1287 333 1394 366 τοξότου
1416 333 1463 360 καὶ
1476 331 1545 366 αὑτὴ
1567 330 1642 365 βέλος
1658 329 1762 364 γίνεται
1777 327 1843 364 πρὸς

1058 380 1103 408 τὸν
1119 381 1168 415 τῆς
1183 379 1310 415 ἀληθείας
1333 377 1442 410 σκοπὸν,
1458 378 1488 403 ὲν
1502 378 1562 408 ταῖς
1577 375 1655 410 χερσὶ
1670 373 1717 400 τοῦ
1731 372 1842 400 δυνατοῦ

1059 425 1235 461 εὐθυνομένη.
1264 425 1356 451 Ταῦτα
1384 424 1431 450 καὶ
1455 423 1489 449 τὰ
1513 422 1625 448 τοιαῦτα
1651 420 1771 455 βλέπων,
1795 418 1840 445 τοῦ

1059 471 1210 506 ἀκροτάτου
1238 472 1287 506 τῆς
1313 469 1512 505 μακαριότητος
1535 466 1696 501 ἐπειλῆφθαι
1722 465 1772 501 τὴν
1797 465 1841 491 διὰ

1059 515 1192 542 τοσούτων
1206 514 1357 549 ὑψωθείσαν
1369 513 1528 548 ἐλογιζόμην
1540 520 1546 527 '
1558 512 1626 543 ἀλλ’,
1642 512 1679 543 ὡς
1691 511 1787 542 ἔοικεν,
1802 510 1840 536 ἔτι

1058 561 1190 596 προοίμια
1207 560 1256 595 τῆς
1272 559 1364 587 ἀνόδου
1381 559 1415 586 τὰ
1430 558 1647 594 προδιηνυσμένα
1662 557 1730 583 ὲστί.
1750 557 1841 586 Πάσας
1871 564 1874 567 ·

1059 605 1113 641 γὰρ
1124 606 1171 637 τὰς
1181 605 1324 636 ἀναϐάσεις
1339 604 1443 636 ὲκείνας
1452 604 1483 630 οὐ
1495 603 1609 639 θεωρίαν
1624 602 1684 629 τινὰ
1697 602 1745 628 καὶ
1759 602 1841 628 κατά-

1058 652 1135 686 λογον
1151 651 1253 686 ἐναργῆ
1273 652 1323 686 τῆς
1341 650 1483 686 ἀληθείας,
1499 649 1566 676 ἀλλὰ
1581 649 1671 684 φωνὴν
1685 648 1731 674 τοῦ
1743 647 1839 674 ποθου-

1060 697 1139 732 μένου
1156 695 1344 731 κατονομάζει,
1356 695 1400 722 διὰ
1409 695 1458 730 τῆς
1473 695 1557 729 ἀκοῆς
1571 693 1841 730 χαρακτηριζομένην

1057 742 1112 772 τοῖς
1130 739 1280 775 ίδιώμασιν,
1298 739 1328 765 οὐ
1348 739 1392 765 διὰ
1407 739 1456 774 τῆς
1471 739 1659 773 κατανοήσεως
1676 737 1841 772 γινωσκομέ-

1058 794 1106 820 νην
1123 786 1170 812 καὶ
1185 786 1390 821 εὐφραίνουσαν.
1408 786 1439 812 Et
1457 782 1504 811 οὖν
1519 785 1609 819 ἐκείνη
1630 783 1753 810 τοσοῦτον
1767 783 1840 818 ὑψω-

1058 830 1143 861 θεῖσα,
1158 830 1249 862 καθὼς
1265 831 1328 865 περὶ
1341 830 1387 856 τοῦ
1405 830 1522 865 μεγάλου
1535 829 1640 856 Παύλου
1661 829 1839 863 μανθάνομεν,

1056 876 1104 901 τοῦ
1118 875 1170 907 ἕως
1183 875 1265 911 τριῶν
1284 875 1405 910 οὐρανῶν
1429 875 1642 910 ὑπεραρθέντος,
1659 873 1735 900 οῠπω
1748 882 1839 901 κατει-

1057 920 1171 955 ληφέναι
1187 921 1218 947 τό
1239 921 1417 957 προκείμενον
1439 921 1472 948 δι’
1497 920 1638 956 ἀκριϐείας
1657 919 1839 947 ἐνδείκνυται·

1056 966 1083 992 τί
1098 965 1193 992 παθεῖν
1212 965 1284 997 εἰκὸς
1304 967 1388 1001 ἡμᾶς,
1411 966 1427 1001 ἢ
1446 967 1475 993 ὲν
1495 967 1566 993 τίσιν
1581 963 1650 993 εἶναι
1671 964 1839 999 λογίσασθαι,

1056 1012 1119 1043 τοὺς
1135 1012 1217 1047 μήπω
1235 1012 1291 1043 τοῖς
1307 1012 1452 1048 προθύροις
1472 1012 1526 1039 τῶν
1541 1012 1646 1039 ἀδύτων
1659 1011 1708 1046 τῆς
1725 1010 1840 1046 οεωρίας

1057 1057 1232 1091 ὲγγίσαντας;
1255 1057 1363 1090 Ἔξεστι
1386 1058 1415 1084 δὲ
1432 1058 1486 1085 τῶν
1510 1058 1543 1086 δι’
1567 1059 1650 1092 αὐτῆς
1672 1057 1839 1092 εἰρημένων,

1057 1102 1173 1128 κατιδεῖν
1185 1102 1423 1138 τῶιζητουμένων
1437 1103 1467 1129 τὸ
1477 1103 1673 1138 δυσθεώρητον.
1688 1101 1772 1135 Φωνὴ
1787 1101 1840 1128 τοῦ

1056 1146 1217 1182 ἀδελφιδοῦ
1233 1157 1304 1182 μου,
1321 1149 1413 1184 φησιν,
1428 1149 1478 1175 οὐκ
1497 1147 1576 1182 εἶδος,
1595 1149 1624 1175 οὐ
1641 1147 1795 1184 πρόσωπον,
1809 1147 1839 1174 οὺ

1056 1192 1197 1228 χαρακτὴρ
1211 1193 1349 1228 ἐμφαίνων
1364 1193 1410 1220 τοῦ
1426 1193 1590 1228 ζητουμένου
1606 1192 1654 1228 τὴν
1668 1192 1757 1226 φύσιν,
1773 1191 1841 1218 ἀλλὰ

1057 1239 1142 1274 φωνὴ,
1159 1239 1309 1274 στοχασμὸν
1326 1239 1404 1274 μόνον
1418 1238 1578 1274 ἐμποιοῦσα,
1595 1238 1611 1273 ἦ
1630 1237 1772 1272 βεϐαίωσιν
1793 1237 1840 1264 τοῦ

1057 1285 1251 1320 φθεγγομένου,
1266 1285 1340 1317 ὅστις
1357 1285 1439 1312 ἐστίν.
1456 1286 1517 1312 Ὀτι
1531 1284 1585 1320 γὰρ
1603 1284 1727 1320 εἰκασμῷ
1742 1284 1841 1319 μᾶλλον

1056 1331 1126 1358 ἔοικε
1147 1331 1178 1357 τὺ
1197 1331 1342 1366 λεγόμενον
1352 1352 1358 1363 ,
1374 1332 1420 1358 καὶ
1434 1332 1493 1367 οὐχὶ
1513 1331 1690 1366 ἀναμφιϐόλῳ
1706 1331 1759 1357 τινὶ
1772 1330 1837 1365 πλη-

1057 1377 1170 1412 ροφορίᾳ
1182 1377 1232 1411 τῆς
1245 1377 1432 1412 καταλήψεως,
1443 1377 1521 1412 δῆλόν
1534 1377 1606 1403 ἐστιν
1619 1378 1652 1403 ὲκ
1664 1376 1710 1402 τοῦ
1725 1377 1774 1411 μιᾷ
1788 1384 1840 1402 τινι

1055 1422 1157 1458 διανοίᾳ
1179 1424 1350 1457 προσφυῗμαι
1371 1423 1417 1449 τὸν
1433 1423 1528 1457 λόγον,
1548 1422 1614 1458 μηδὲ
1635 1422 1703 1458 πρὸς
1726 1422 1755 1448 ἓν
1773 1419 1840 1452 εἶδος

1056 1468 1130 1502 ἁρᾷν,
1151 1467 1208 1493 ἀλλ’
1224 1467 1269 1493 ἐπὶ
1284 1467 1368 1494 πολλὰ
1387 1467 1515 1503 φέρεσθαι
1531 1469 1589 1499 ταῖς
1606 1467 1757 1499 όπτασίαις,
1777 1466 1841 1493 ἄλλο

216 1510 294 1544 Quod
315 1511 387 1538 enim
418 1512 443 1539 id
471 1512 543 1547 quod
570 1512 672 1538 dicitur
690 1512 802 1547 propius
839 1515 951 1542 accedat
970 1516 1003 1543 ad

1055 1520 1084 1538 τε
1101 1512 1207 1546 βλέπειν
1219 1512 1355 1547 οἰομένην,
1370 1513 1416 1539 καὶ
1434 1513 1465 1539 οὺ
1481 1513 1594 1538 πάντοτε
1609 1513 1647 1547 τῷ
1665 1512 1738 1546 αὑτῷ
1753 1520 1841 1546 παρα-

217 1557 416 1590 conjecturam,
432 1566 514 1592 quam
531 1558 564 1585 ad
580 1564 681 1585 certant
698 1559 915 1588 ctindubitatani
931 1570 1004 1590 com-

216 1601 437 1635 prehensionem,
457 1611 490 1629 ex
517 1603 569 1631 hoc
586 1605 760 1639 perspicuum
779 1610 832 1639 est,
858 1607 931 1642 quod
951 1616 1004 1640 non

218 1648 244 1674 in
269 1654 323 1673 una
343 1647 471 1682 quapiam
497 1649 602 1677 haereat
620 1652 694 1678 verbi
721 1653 897 1688 cogitatione,
917 1662 1006 1688 neque

216 1699 298 1718 unam
317 1692 430 1727 aspiciat
453 1693 578 1728 formam,
598 1695 645 1723 sed
674 1696 708 1724 ad
724 1697 822 1724 multas
840 1697 945 1725 feratur
960 1699 1001 1725 vi-

216 1738 319 1770 siones,
343 1740 425 1767 modo
449 1739 500 1767 hoc
528 1741 610 1768 modo
640 1741 705 1769 illud
731 1750 760 1770 se
789 1743 881 1770 videre
906 1744 1003 1771 existi-

216 1791 305 1817 mans,
331 1789 358 1812 et
379 1793 432 1812 non
452 1793 560 1821 semper
575 1787 601 1813 in
623 1787 717 1815 eadem
741 1793 898 1823 permaneat
918 1789 1004 1825 ﬁgura

215 1829 276 1863 ejus
299 1830 371 1864 quod
388 1836 430 1858 est
455 1833 694 1866 comprehensum,
720 1832 788 1861 Ecce
806 1834 885 1867 enim,
905 1835 1003 1871 inquit,

215 1875 257 1901 hic
273 1876 349 1907 venit,
383 1883 438 1903 non
461 1881 549 1908 stans.
579 1886 667 1913 neque
690 1886 866 1913 permanens,
896 1884 926 1907 ut
956 1889 1005 1916 per

215 1920 372 1948 diuturnam
396 1924 564 1950 mansionem
595 1925 682 1958 possit
708 1925 820 1960 agnosci
849 1925 882 1953 ab
899 1934 932 1954 eo
955 1927 1001 1962 qui

217 1965 277 1993 lixis
301 1967 421 1993 intuetur
440 1968 538 2000 oculis,
564 1969 611 1996 sed
637 1977 666 1996 se
683 1970 717 1996 ab
733 1971 820 1997 oculis
838 1972 1000 2005 surripiens,

214 2011 374 2045 priusquam
393 2011 426 2038 ad
443 2012 591 2046 perfectam
609 2015 701 2041 veniat
729 2014 1002 2048 cognitionennSul-

217 2061 275 2083 lana
289 2056 371 2089 enim,
385 2056 483 2091 inquit,
498 2067 575 2092 super
594 2064 693 2086 utentes
705 2064 730 2086 et
744 2059 897 2086 transiliens
912 2061 1012 2090 colles~

1056 1558 1187 1593 μένουσαν
1199 1558 1352 1594 χαρακτῆρι
1361 1558 1407 1584 τοῦ
1419 1558 1646 1594 καταληφθέντος,
1657 1558 1736 1593 δῆλον
1747 1559 1778 1584 ἑκ
1788 1557 1841 1584 τῶν

1054 1602 1205 1638 λεγομένων
1232 1603 1315 1630 ἐστίν.
1342 1604 1414 1631 Ἰδοὺ
1439 1605 1511 1638 γὰρ,
1528 1605 1624 1639 φησιν,
1648 1602 1736 1637 οὗτος
1756 1604 1839 1637 ἥκει,

1055 1649 1114 1674 οὐδὲ
1136 1649 1231 1682 ἑστὼς,
1253 1650 1312 1676 οὐδὲ
1331 1651 1509 1685 παραμένων,
1526 1650 1564 1681 ὡς
1585 1651 1628 1677 διὰ
1646 1651 1694 1685 τῆς
1709 1650 1840 1684 ἐπιμονῆς

1054 1694 1233 1729 γνωρίζεσθαι
1259 1694 1298 1730 τῷ
1323 1694 1488 1727 ἀτενίζοντι,
1513 1695 1569 1721 ἀλλ’
1586 1693 1755 1730 ἀφαρπάζων
1779 1695 1841 1720 ἑαυ-

1054 1739 1100 1765 τὸν
1119 1739 1172 1765 τῶν
1200 1739 1305 1774 ὄψεων,
1329 1739 1395 1775 πρὶν
1417 1740 1456 1772 εἰς
1478 1740 1582 1767 τελείαν
1611 1740 1710 1774 γνῶσιν
1735 1740 1838 1766 ἐλθεῖν·

1052 1784 1160 1818 Πηδῶν
1175 1785 1240 1820 γὰρ,
1261 1785 1353 1821 φησιν,
1368 1786 1417 1812 ἐπὶ
1433 1786 1469 1812 τὰ
1486 1786 1550 1820 ὅρη,
1565 1786 1614 1813 καὶ
1636 1785 1698 1818 τοῖς
1715 1785 1841 1818 βουνοῖς

1052 1829 1268 1864 ἐφαλλόμενος.
1281 1830 1336 1856 Καὶ
1346 1829 1393 1856 νῦν
1406 1830 1456 1865 μὲν
1467 1830 1565 1866 δορχὰς
1576 1830 1747 1864 γνωρίζεται,
1760 1829 1841 1856 πάλιν

1053 1874 1083 1900 δὲ
1096 1874 1185 1910 νεϐρῷ
1202 1874 1422 1910 προσεικάζεται.
1441 1875 1556 1909 ’Ὀμοιος
1569 1874 1632 1909 γὰρ,
1648 1874 1740 1908 φησὶν,
1752 1874 1841 1901 ἀδελ-

1054 1918 1141 1952 φιδός
1152 1927 1212 1953 μου
1224 1919 1289 1945 ἐστι
1307 1919 1342 1953 τῇ
1359 1918 1494 1953 δορκάδι,
1516 1919 1534 1953 ἣ
1549 1918 1642 1953 νεϐρῷ
1656 1918 1775 1953 ἐλάέςων
1790 1918 1841 1944 ἐπὶ

1054 1963 1095 1996 τῷ
1111 1963 1170 1998 ὄρει
1188 1963 1311 1997 Βαιθήλ.
1333 1963 1425 1995 Οὕτως
1443 1964 1473 1990 τὸ
1491 1964 1534 1990 ἀεὶ
1556 1963 1840 1998 καταλαμϐανόμενον,

1055 2009 1147 2036 ἄλλοτε
1164 2009 1241 2041 ἄλλος
1259 2009 1316 2036 ἐστὶ
1332 2010 1484 2045 χαρακτήρ.

214 2100 248 2127 Ει
263 2109 335 2129 nunc
353 2102 461 2137 quidem
484 2103 656 2131 existimatur
683 2112 808 2139 -caprea,
837 2112 934 2133 rursus
955 2112 1045 2134 autem
1065 2109 1230 2137 assimilatur
1255 2109 1370 2136 hinnulo
1392 2116 1547 2137 cervorum.
1576 2109 1680 2136 Similis
1696 2113 1734 2136 est
1755 2107 1839 2138 enim,

214 2149 311 2182 inquit,
325 2149 452 2184 patruetis
467 2159 539 2178 meus
551 2159 662 2184 caprew,
680 2156 725 2188 ᾳιιι
744 2151 855 2179 hinnulo
884 2160 1019 2180 cervorum
1056 2163 1133 2190 super
1157 2160 1256 2182 montes
1271 2155 1380 2184 Bwthel.
1395 2156 1434 2183 Ita
1448 2157 1519 2191 quod
1538 2163 1644 2191 semper
1663 2155 1842 2189 comprehen-

215 2194 298 2227 ditur,
321 2200 363 2222 est
386 2196 454 2223 alias
484 2196 538 2223 alia
565 2197 660 2232 ﬁgura.

250 2239 312 2267 Haec
341 2245 405 2268 sunt
435 2249 495 2276 quae
523 2242 589 2269 mihi
617 2251 648 2270 ex
672 2251 705 2270 eo
733 2252 815 2272 sensu
843 2245 889 2279 qui
907 2249 950 2273 est
976 2246 1003 2272 in

1091 2245 1182 2272 Ταῦτά
1195 2246 1268 2272 ἐστιν
1285 2245 1302 2272 ἃ
1319 2254 1351 2280 με
1367 2245 1438 2272 κατὰ
1452 2245 1501 2280 τὴν
1518 2245 1662 2281 πρόχειρον
1678 2246 1780 2273 ἔννοιαν
1800 2248 1841 2279 εἰς

214 2289 353 2320 promptu,
374 2286 491 2313 aderunt
507 2288 672 2322 molestiam,
683 2294 710 2317 et
725 2290 845 2317 eiliciunt
863 2295 892 2318 ut
908 2291 1004 2326 despe-

212 2338 271 2357 rem
296 2331 376 2365 plene
401 2335 429 2358 et
458 2332 579 2366 perfecte
593 2341 674 2369 posse
700 2337 809 2370 assequi
824 2337 1004 2371 comprehcn-

214 2375 318 2402 sionem
341 2383 436 2403 eorum
459 2385 519 2411 qua:
544 2386 626 2414 supra
656 2385 731 2408 sunt.
762 2380 1003 2410 Verumenimvero

212 2421 374 2448 tentandum
403 2427 455 2454 est,
479 2423 506 2450 in
531 2423 615 2452 Deum
639 2434 688 2461 spe
713 2427 858 2460 collocata,
884 2428 932 2462 qui
955 2428 1003 2455 dat

213 2466 327 2493 verbum
336 2468 590 2502 evangelizantibus
605 2471 706 2499 virtute
721 2473 805 2499 multa
836 2474 870 2507 ⁷⁷,
885 2474 912 2500 in
930 2473 1002 2501 serio

213 2512 306 2547 aliqua
329 2520 377 2547 per
397 2521 570 2549 consequens
587 2517 717 2552 adaptare
744 2519 1000 2553 contemplationem

214 2558 249 2586 iis
269 2566 329 2593 quae
355 2562 553 2596 comprehensa
580 2568 644 2591 sunt
663 2564 854 2599 intelligentia.
879 2563 934 2591 Vox
952 2573 1002 2598 pa-

213 2606 308 2632 truelis
330 2607 391 2639 mei,
417 2608 514 2643 inquit.
530 2609 562 2636 Et
585 2611 676 2638 statim
692 2610 835 2645 subjunin
856 2619 862 2638 :
880 2609 947 2637 Ecca
961 2610 1003 2637 hic

215 2652 294 2678 venit.
320 2651 391 2684 Quid
411 2661 477 2688 ergo
511 2654 538 2681 in
566 2655 608 2682 liis
629 2655 829 2690 intelligimus?
851 2655 1003 2682 Prmvidcnt

217 2696 335 2725 fortasse
348 2706 409 2732 quae
426 2699 498 2726 dicta
512 2704 574 2727 sunt
586 2708 633 2735 per
651 2701 826 2735 Evangelium
844 2700 1000 2728 manifesta-

252 2791 276 2807 "
289 2791 360 2819 Psal.
375 2799 464 2824 curn,
479 2792 505 2820 4.

1053 2290 1141 2326 λύπην
1154 2290 1225 2324 ἄγει,
1238 2290 1392 2325 ἀπόγνωσιν
1407 2290 1572 2326 ἐμποιοῦντα
1584 2292 1632 2325 τῆς
1643 2293 1774 2327 ἀκριϐοῦς
1786 2293 1841 2319 τῶν

1054 2335 1259 2371 ὑπερκειμένων
1282 2336 1481 2372 κατανοήσεως.
1507 2337 1580 2372 Πλὴν
1602 2337 1669 2364 ἀλλὰ
1695 2339 1841 2373 πειρατέον

1051 2381 1200 2412 ἀναθέντας
1210 2380 1250 2416 τῷ
1267 2381 1327 2417 Θεῷ
1340 2382 1389 2417 τὴν
1402 2381 1508 2414 ἐλπίδα,
1528 2382 1567 2417 τῷ
1581 2383 1679 2409 διδόντι
1694 2383 1771 2418 ῥῆμα
1783 2385 1841 2416 τοῖς

1052 2427 1303 2462 εὐαγγελιζομένοις
1321 2428 1432 2463 δυνάμει
1458 2428 1551 2464 πολλῇ,
1571 2430 1760 2465 προσαρμόσαι
1784 2431 1842 2462 τοῖς

1052 2474 1348 2509 προκατανενοημένοις
1365 2475 1394 2500 ὲν
1410 2474 1498 2510 εἰρμῷ
1515 2483 1565 2501 τινι
1581 2475 1615 2501 δι’
1629 2475 1775 2502 ἀκολούθου
1790 2477 1841 2511 τὴν

1053 2518 1178 2555 θεωρίαν.
1194 2519 1279 2553 Φωνὴ
1291 2519 1344 2546 τοῦ
1359 2519 1521 2554 ἀδελφιδοῦ
1536 2529 1603 2554 μου,
1616 2521 1708 2556 φησίν.
1723 2522 1778 2548 Καὶ
1793 2522 1840 2548 εὐ-

1053 2564 1101 2596 θὺς
1120 2565 1270 2600 ἐπήγαγεν·
1294 2564 1371 2592 Ἰδοὺ
1386 2563 1474 2598 οὗτος
1489 2565 1566 2599 ἣκει.
1582 2566 1614 2592 Τί
1628 2565 1673 2593 οὖν
1689 2568 1716 2593 ὲν
1733 2566 1839 2598 τούτοις

1053 2610 1256 2644 ὑπενοήσαμεν;
1273 2609 1424 2644 Προὸλέπει
1441 2611 1511 2645 τάχα
1528 2611 1576 2646 τὴν
1591 2611 1635 2637 διὰ
1650 2611 1696 2637 τοῦ
1716 2611 1841 2645 Εὐαγγέ-

1053 2655 1110 2681 λίου
1131 2654 1332 2689 φανερωθεῖσαν
1346 2656 1412 2690 ἡμῖν
1428 2655 1475 2682 τοῦ
1494 2655 1560 2682 Θεοῦ
1579 2656 1664 2690 Λόγου
1682 2657 1840 2691 οίκονομίαν

1052 2699 1085 2727 τὰ
1107 2700 1256 2736 εἰρημένα,
1275 2701 1323 2736 τὴν
1344 2701 1628 2736 προκαταγγελθεῖσαν
1652 2702 1699 2737 μὲν
1720 2701 1764 2730 διὰ
1784 2700 1840 2727 τῶν

545 2792 599 2818 T“ll
620 2791 683 2819 Cor.
702 2800 748 2824 ut,
779 2793 806 2819 2.
844 2793 948 2820 "Psal.
971 2801 1053 2826 uvn,
1075 2793 1116 2820 τὶ.
