1984 3068
180 93 228 121 8M

701 96 733 123 IN
751 95 901 126 CANTICA
920 97 1055 126 CANTIC.
1083 98 1226 127 HOMILIA
1245 99 1278 128 V.

1749 100 1800 129 862’

181 152 336 188 προφητῶν,
350 154 553 190 φανερωθεῖσαν
564 155 591 182 δὲ
605 155 648 182 διὰ
661 156 710 191 τῆς
725 157 796 184 κατὰ
813 158 902 193 σάρκα
916 158 962 185 τοῦ

1017 162 1071 186 tam
1103 159 1183 188 nobis
1214 159 1260 188 Dei
1287 159 1370 188 Verbi
1402 160 1645 196 dispensationem,
1669 168 1730 196 qua:
1755 168 1802 195 per

182 197 243 224 Υἱοῦ
259 199 426 233 θεοφανείας.
439 201 625 237 Μαρτυρείται
637 202 690 238 γὰρ
706 205 761 235 τοῖς
775 203 893 239 ἐργοιςή
907 204 966 232 θεία

180 244 269 279 φωνὴ,
290 246 337 272 καὶ
360 246 523 274 συνάπτεται
546 247 584 283 τῷ
606 248 678 284 λόγῳ
693 249 744 284 τῆς
763 250 926 284 ἐπαγγελίας
948 251 965 286 ἡ

180 289 301 321 ἔκϐασις,
328 291 420 323 καθώς
441 301 521 327 φησιν
540 294 554 320 6
581 294 734 329 Προφήτης,
762 295 803 321 ὅτι
829 295 966 329 Καθάπερ

180 333 362 369 ἠκούσαμεν,
388 337 463 363 οὓτω
483 337 531 364 καὶ
546 338 673 374 εἴδομεν.
693 339 794 373 Φωνὴ,
818 341 894 374 φησὶ,
912 341 966 367 τοῦ

180 379 341 414 ἀδελφιδοῦ
351 391 410 416 μου
421 403 428 413 ,
445 383 524 410 τοῦτό
538 384 611 410 ἐστιν
643 383 656 410 ὃ
697 385 863 420 ἠκούσαμεν.
889 385 965 413 Ἰδοὺ

180 422 268 458 οὗτος
297 425 377 458 ἣκει·
404 427 482 454 τοῦτο
507 427 521 454 ὃ
548 430 603 460 τοῖς
630 430 783 464 ὀφθαλμοῖς.
805 429 968 465 ὲδεξάμεθα.’

179 471 356 505 Πολυμερῶς
364 473 411 499 καὶ
421 474 614 507 πολυτρόπως
624 475 715 501 πάλαι
723 477 739 502 ὁ
748 475 819 508 Θεὸς
826 475 966 509 λαλήσας

179 515 240 548 τοῖς
252 517 399 550 πατράσιν
409 518 492 552 ἡμῶν
503 519 538 546 ὲν
548 519 609 552 τοῖς
618 520 783 554 προφήταις
791 528 797 534 ’
808 520 875 555 αὕτη
890 521 906 556 ἡ
917 521 965 556 τῆς

177 561 268 596 φωνῆς
284 562 371 597 ἀκοή·
390 563 437 590 ἐπ’
451 563 588 598 ἐσχάτων
606 564 665 591 τῶν
679 565 794 599 ἡμερῶν
812 565 965 599 ἐλάλησεν

180 605 249 639 ἡμῖν
262 606 298 633 ἐν
317 607 379 639 Υἰῷ.
401 608 528 635 Τουτέστι
545 609 575 635 τὸ
593 609 755 644 εἰρημένον,
783 609 855 637 Ἰδοὺ
877 603 963 643 οὗτος

177 650 242 684 ἣκει
259 651 411 686 ἐπιπηὸῶν
427 653 488 686 τοῖς
500 653 592 688 ὄρεσι,
615 655 663 681 καὶ
681 654 755 681 κατὰ
770 654 829 681 τῶν
841 655 965 687 ,βουνῶν

175 694 382 730 διαλλόμενος,
400 697 545 733 προσφυῶς
559 699 608 724 καὶ
627 699 800 734 καταλλήλως
813 701 845 735 τῇ
863 708 892 725 τε
907 700 966 735 δορ-

176 739 236 766 κάδι
255 741 326 768 κατά
341 750 402 768 τινα
418 742 483 769 ἴδιον
496 742 584 777 λόγον,
600 743 647 770 καὶ
662 743 741 770 πάλιν
756 743 794 778 τῷ
808 743 896 779 νεϐρῷ
910 745 964 770 τῶν

174 785 290 820 ἐλάφων,
307 787 367 813 καθ’
381 788 478 823 ἑτέραν
491 787 596 815 ἔννοιαν
611 789 796 825 ὁμοιούμενος.
820 789 852 816 Ἦ
865 789 964 824 δορκὰς

1016 204 1161 239 prephetas
1175 205 1282 239 quidem
1293 206 1367 234 prius
1376 205 1426 232 fuit
1440 205 1611 237 auuuntiata,
1628 206 1802 233 manitcstata

1016 254 1106 277 autem
1136 257 1183 284 per
1209 249 1315 276 Domini
1344 250 1372 276 in
1396 257 1479 277 carne
1508 249 1715 284 apparitionem.
1734 249 1801 276 Nam

1016 293 1049 320 de
1075 301 1141 321 voce
1152 294 1244 321 divina
1256 295 1444 321 testimonium
1461 294 1552 321 ferunt
1571 302 1662 328 opera.
1676 298 1703 321 et
1719 295 1802 321 verbo

1015 337 1205 372 promissionis
1227 338 1403 373 coniungitur
1419 342 1543 370 eventus,
1567 338 1639 365 sicut
1654 338 1719 365 dicit
1736 337 1802 364 Pro-

1016 383 1095 417 pheta
1112 383 1207 411 :Sicut
1232 383 1398 416 audiuimus,
1420 385 1459 410 sic
1489 384 1600 411 vidimus
1615 385 1650 411 ⁷⁸.
1669 384 1725 411 Vox
1752 392 1801 417 pa-

1016 430 1107 456 lmetis
1129 431 1190 462 mei,
1206 430 1311 465 inquit,
1328 431 1379 458 hoc
1400 435 1441 458 est
1459 431 1530 465 quod
1552 431 1716 457 audivimus.
1737 429 1803 456 Ecce

1014 475 1057 502 hic
1071 476 1137 502 venit
1152 483 1162 502 :
1178 475 1230 502 hoc
1244 475 1317 510 quod
1331 476 1419 503 oculis
1432 477 1598 511 accepimus.
1621 475 1801 510 Multifariam

1016 521 1156 555 multisque
1182 521 1266 547 modis
1292 521 1355 548 olim
1384 521 1453 548 Deus
1478 522 1579 548 locutus
1600 522 1718 555 patribus
1751 529 1799 547 no-

1015 567 1079 592 stris
1099 566 1126 592 in
1147 566 1277 600 prophetis
1293 572 1301 592 :
1317 566 1375 592 haec
1398 569 1441 593 cst
1462 565 1568 592 auditio
1587 566 1680 592 vocis:
1703 566 1731 591 in
1751 572 1799 591 no-

1015 611 1129 638 vissimis
1145 611 1236 638 diebus
1253 611 1355 638 locutus
1370 616 1409 637 ut
1422 611 1496 638 nobis
1509 612 1536 637 in
1548 610 1620 637 Filio
1634 611 1668 636 ⁷³.
1686 610 1742 636 Hoc
1757 612 1800 636 est

1015 656 1042 683 id
1057 657 1130 691 quod
1153 656 1256 683 dictum
1283 660 1336 687 est,
1354 655 1422 682 Erce
1443 656 1485 682 hic
1504 657 1570 682 venit
1594 655 1697 682 saltans
1718 661 1799 688 supra

1015 695 1168 733 momen.“
1190 709 1236 735 per
1255 701 1335 728 colles
1351 701 1505 728 transiliens
1523 701 1667 735 :apposite
1687 707 1719 726 ac
1735 707 1800 726 con-

1014 748 1156 776 venienter
1173 751 1201 774 et
1218 755 1323 782 capreae
1342 754 1376 774 ex
1398 749 1507 781 propria
1530 746 1620 780 aliqua
1638 746 1754 776 ratione.
1772 749 1800 772 et

1015 801 1111 820 rursus
1135 793 1249 820 hinnulo
1267 800 1412 819 cervorum
1434 793 1488 819 alio
1513 799 1595 819 sensu
1617 791 1797 818 assimilatus.

176 832 301 867 σημαίνει
317 833 366 868 τὴν
394 833 530 865 ὸξυωπίαν
555 835 602 861 τοῦ
629 835 660 862 τὸ
683 836 736 862 πᾶν
760 835 960 867 ἐπιϐλέποντος,

1015 838 1119 873 Caprea
1136 838 1272 873 signiﬁcat
1288 839 1362 866 visus
1383 845 1499 865 acumen
1514 841 1542 864 et
1562 836 1798 872 perspicacitatem

174 877 242 903 Φασὶ
263 877 317 913 γὰρ
335 878 414 905 τοῦτο
436 879 466 906 τδ
486 879 554 912 ζῶον
570 879 717 916 ὑπερφυῶς
736 880 911 916 δερκόμενον,
930 883 962 908 ἐκ

173 921 222 957 τῆς
238 923 376 958 ἐνεργείας
388 925 460 960 ἔχειν
474 925 504 952 τὸ
516 925 611 962 ὄνομα.
633 927 714 954 Ἀλλὰ
729 928 782 962 μὴν
793 927 890 954 ταύτόν
905 929 962 955 ἐστι

173 968 211 1003 τῷ
236 968 384 996 θεάσασθαι
408 971 438 996 τὸ
459 971 613 1006 δέρκεσθαι.
638 971 742 999 Οὐκοῦν
763 974 777 999 6
801 972 905 1007 ἐφορῶν
928 972 963 999 τὰ

173 1014 261 1040 πάντα
281 1015 328 1041 καὶ
345 1015 510 1048 ἐπιϐλέπων,
527 1017 559 1043 ὲκ
579 1017 626 1043 τοῦ
644 1017 794 1044 θεάσασθαι
810 1017 845 1043 τὰ
862 1017 960 1050 πάντα,

173 1058 240 1090 Θεὸς
249 1059 304 1086 τῶν
319 1061 427 1087 πάντων
440 1062 650 1097 ἐπονομάζεται.
672 1062 780 1097 Ἐπειδὴ
794 1062 883 1088 τοίνυν
896 1062 963 1093 Θεὸς

172 1104 331 1141 ἐφανερώθη
345 1107 373 1132 ὲν
385 1107 466 1142 σαρκὶ
485 1108 499 1134 ὁ
514 1108 561 1134 ἐπὶ
572 1108 731 1143 καθαιρέσει
742 1107 795 1134 τῶν
809 1108 963 1142 ἀντικειμέ-

173 1158 225 1176 νων
240 1150 380 1186 δυνάμεων
394 1153 536 1187 ὲπιφανεὶς
549 1153 589 1188 τῷ
612 1153 678 1189 βίῳ,
699 1153 744 1180 διὰ
758 1153 836 1179 τοῦτο
853 1153 962 1188 δορκάδι

175 1196 223 1230 μὲν
235 1197 384 1231 ὁμοιοῦται,
397 1199 411 1224 6
424 1198 456 1224 ὲκ
471 1199 525 1225 τῶν
541 1199 664 1235 οὐρανῶν
675 1199 721 1225 ἐπὶ
732 1199 780 1233 τὴν
794 1200 844 1234 γῆν
855 1197 963 1225 ἐπιϐλέ-

172 1241 225 1275 ψας
237 1251 244 1258 ο
262 1243 350 1278 νεϐρῷ
365 1243 392 1270 δὲ
403 1264 411 1276 ,
425 1244 459 1271 τὰ
472 1244 522 1280 ὅρη
544 1245 592 1272 καὶ
605 1245 669 1277 τοὺς
685 1244 795 1279 βουνοὺς
810 1244 961 1280 διαλαμΰά-

173 1294 225 1313 νων
248 1289 303 1319 τοῖς
327 1288 442 1323 ἆλμασι·
465 1290 614 1323 τουτέστιν,
639 1290 653 1315 6
674 1289 839 1316 καταπατῶν
864 1298 893 1316 τε
916 1290 962 1316 καὶ

173 1332 314 1359 καταλύων
329 1333 363 1360 τὰ
378 1334 482 1369 πονηρὰ
496 1335 546 1370 τῆς
559 1335 613 1362 τῶν
625 1335 758 1370 δαιμόνων
774 1335 872 1366 κακίας
887 1335 961 1369 ὑψώ-

175 1386 255 1412 ματα.
278 1379 347 1415 ὐρη
375 1379 423 1414 μὲν
441 1380 494 1415 γὰρ
512 1380 602 1414 λέγει,
627 1380 661 1406 τὰ
681 1381 710 1406 ἐν
731 1381 764 1415 τῇ
785 1380 962 1416 κραταιότητι

173 1424 255 1450 αὑτοῦ
273 1425 480 1459 ταρασσόμενα,
497 1425 533 1457 ὥς
554 1434 637 1461 φησιν
653 1427 666 1452 6
679 1426 778 1457 Δαῦὶδ,
797 1426 834 1452 Τὰ
845 1434 962 1460 μετατι-

172 1468 280 1503 θέμενα
299 1469 333 1495 ἐν
354 1470 489 1503 καρδίαις
511 1471 692 1503 θαλασσῶν,
714 1471 761 1497 καὶ
777 1471 816 1506 τῷ
837 1473 962 1506 συγγενεῖ

171 1513 246 1549 τόπῳ
272 1515 322 1548 τῆς
353 1515 471 1542 ἀϐύσσου
503 1516 700 1551 καταδυόμενα.
731 1517 799 1551 Περὶ
828 1513 865 1542 ὧν
895 1517 961 1551 πρὸς

171 1561 233 1591 τοὺς
252 1560 375 1596 μαθητὰς
391 1558 466 1587 εἶπεν
484 1562 498 1587 6
516 1561 616 1597 Κύριος
627 1583 635 1594 ,
652 1561 692 1588 ὅτι
719 1561 787 1588 Ἐὰν
809 1561 897 1596 ἔχητε
912 1562 960 1588 πί-

172 1612 241 1631 στιν
252 1606 293 1638 ὼς
309 1606 419 1633 κόκκον
436 1607 586 1640 σινάπεως
596 1628 603 1639 ,
626 1607 718 1642 ἐρεῖτε
734 1607 773 1640 τῷ
795 1608 853 1642 ὄρει
867 1609 962 1642 τούτῳ

173 1651 296 1684 (δεικνὺς
310 1651 434 1687 τῷλόγῳ
455 1653 486 1679 τὸ
508 1653 623 1688 πονηρὸν
642 1654 730 1680 ἐκεῖνο
753 1654 799 1680 καὶ¹
822 1654 960 1689 σεληναῖον

171 1697 328 1732 δαιμόνιον),
341 1697 385 1724 ὅτι
396 1698 516 1732 Ἀρθητι
528 1699 716 1733 καὶβλήθητι
725 1701 768 1732 εις
781 1699 838 1734 τὴν
850 1699 962 1727 θάλασ-

173 1751 242 1769 σαν.
269 1743 376 1778 Ἐπειδὴ
398 1744 487 1770 τοίνυν
504 1744 569 1771 ἴδιον
585 1745 634 1779 τῆς
650 1744 754 1781 νεῦρῶν
771 1746 828 1772 ἐστι
854 1745 961 1779 φύσεως

172 1788 202 1814 τὸ
223 1788 388 1815 ἀναλωτικδν
409 1789 463 1815 τῶν
480 1789 592 1825 θηρίων,
620 1791 666 1817 καὶ
686 1791 717 1817 τὸ
740 1791 903 1825 φυγαδεύειν
922 1791 961 1826 τῷ

173 1833 292 1868 ἄσθματι
312 1834 359 1860 καὶ
380 1835 413 1869 τῇ
429 1834 476 1861 τοῦ
500 1835 603 1870 χρωτὸς
622 1835 732 1871 ἰδιότητι
754 1836 785 1862 τὸ
801 1837 854 1863 τῶν
873 1834 963 1871 ὄφεων

174 1879 270 1913 γένος’
287 1879 331 1906 διὰ
352 1879 429 1906 τοῦτο
453 1880 562 1915 δορκάδι
585 1881 633 1916 μὲν
657 1882 671 1908 6
691 1882 796 1917 ἐφορῶν
814 1882 848 1909 τὰ
874 1883 961 1911 ﬁdem

174 1923 322 1959 ὡμοίωται·
335 1925 423 1960 νεϐρῷ
435 1925 462 1952 δὲ
478 1925 594 1960 ἐλάφων,
607 1926 644 1958 ὼς
658 1927 750 1953 πατῶν
764 1935 793 1953 τε
809 1927 855 1953 καὶ
869 1927 961 1953 ἀναλί-

177 1977 249 1996 σκων
260 1970 308 2004 τὴν
321 1971 443 1998 ἐναντίαν
457 1972 606 2008 ἐνέργειαν,
624 1973 657 2008 ἠν
673 1974 690 2007 ἡ
707 1972 824 2008 τροπικὴ
840 1972 962 2008 σημασία

175 2015 224 2050 ὅρη
238 2016 286 2054 καί
301 2016 410 2050 βουνοὺς
423 2019 610 2053 κατωνόμασε.

1013 883 1073 917 ejus
1095 882 1141 917 qui
1164 883 1254 909 omnia
1280 882 1401 917 respicit.
1428 882 1513 908 Aiunt
1527 881 1599 908 enim
1619 881 1671 908 hoc
1698 879 1800 907 animal

1013 928 1120 962 egregie
1141 931 1167 954 et
1188 927 1342 954 mirandum
1369 927 1396 953 in
1420 926 1531 954 modum
1553 926 1673 958 intuens,
1700 932 1800 952 nomen

1013 972 1112 999 habere
1128 979 1159 998 ex
1173 972 1346 1006 operatione;
1358 971 1456 1006 δορκάς
1472 971 1543 998 enim
1554 971 1664 1001 dicitur,
1681 969 1734 996 ἀπὸ
1753 967 1800 995 τοῦ

1012 1017 1165 1052 δέρκεσθαι,
1189 1018 1261 1051 quod
1281 1021 1324 1045 est
1340 1017 1441 1044 videre.
1459 1017 1539 1050 Atqui
1565 1015 1708 1051 δέρκεσθαι
1728 1014 1800 1042 idem

1012 1067 1054 1090 est
1069 1062 1141 1097 quod
1156 1063 1278 1095 θεᾶσθαι,
1294 1063 1366 1098 quod
1383 1063 1518 1095 significat
1535 1062 1604 1089 idem
1621 1061 1692 1096 quod
1708 1061 1802 1088 videre

1013 1111 1040 1134 et
1057 1108 1191 1142 aspicere.
1209 1106 1260 1140 Qui
1277 1116 1342 1142 ergo
1356 1108 1447 1135 omnia
1465 1107 1562 1142 aspicit
1574 1111 1601 1134 et
1619 1107 1748 1139 intuetur,
1766 1113 1801 1134 ex

1012 1160 1045 1180 eo
1059 1153 1132 1188 quod
1150 1154 1240 1180 omnia
1267 1154 1413 1186 intueatur,
1438 1161 1536 1187 nempe
1554 1153 1607 1179 ἀπὸ
1622 1151 1667 1178 τοῦ
1688 1151 1801 1179 θεᾶσθαι

1012 1200 1171 1226 nominatur
1188 1199 1259 1227 Deus
1277 1200 1478 1227 universorum.
1496 1198 1631 1231 Quoniam
1648 1205 1713 1232 ergo
1729 1197 1800 1224 Deus

1012 1245 1040 1271 ii
1055 1252 1137 1272 carne
1153 1245 1204 1272 fuit
1225 1245 1428 1277 manifestatus,
1446 1244 1492 1279 qui
1509 1244 1540 1271 ad
1564 1243 1736 1271 adversaries
1753 1242 1801 1270 de-

1013 1291 1106 1318 lendas
1121 1295 1269 1326 potestates
1285 1291 1312 1318 in
1327 1290 1430 1318 mundo
1445 1291 1581 1326 apparuit,
1598 1295 1740 1325 propterea
1754 1295 1800 1316 as-

1013 1337 1150 1364 similatur
1166 1344 1281 1372 capreae,
1295 1341 1324 1364 ut
1340 1337 1386 1372 qui
1403 1345 1418 1364 e
1434 1337 1512 1364 cmlis
1528 1337 1555 1363 in
1570 1340 1670 1364 terram
1687 1342 1802 1369 aspexeo

1013 1382 1058 1408 rit.
1076 1382 1195 1409 Hinuulo
1209 1388 1301 1410 autem
1318 1390 1474 1414 cervorum,
1490 1382 1536 1417 qui
1553 1387 1660 1409 tnoutes
1674 1385 1701 1408 et
1715 1380 1800 1407 colles

1014 1427 1129 1455 saltibus
1139 1427 1357 1462 comprehendit,
1375 1427 1426 1454 hoc
1442 1431 1493 1460 est,
1511 1427 1557 1462 qui
1571 1426 1714 1454 coneulcat
1730 1425 1802 1452 frau-

1013 1474 1106 1508 gitque
1124 1478 1151 1500 et
1164 1473 1262 1501 evertit
1277 1473 1415 1508 improbas
1431 1473 1488 1499 vitii
1507 1472 1660 1500 daemonum
1679 1470 1801 1498 altitudi-

1012 1528 1073 1547 nes.
1089 1519 1156 1546 Nam
1173 1523 1279 1547 montes
1297 1520 1407 1554 quidem
1429 1519 1494 1546 dicit
1509 1518 1618 1553 cosqui
1635 1517 1800 1544 c~uturban~

1010 1569 1055 1592 tttr
1070 1565 1097 1592 in
1112 1565 1172 1599 ejus
1188 1564 1360 1597 fortitudine,
1375 1569 1404 1591 ut
1419 1564 1487 1591 dicit
1501 1563 1595 1594 David,
1612 1563 1665 1596 Qui
1685 1562 1799 1595 transfe-

1010 1616 1106 1638 runtur
1121 1612 1146 1638 in
1171 1619 1217 1638 cor
1231 1611 1314 1638 maris
1325 1632 1331 1643 .
1345 1615 1372 1638 et
1387 1610 1433 1645 qui
1448 1610 1474 1637 iu
1491 1614 1637 1645 cognatum
1653 1609 1694 1636 eis
1709 1607 1799 1642 abyssi

1011 1657 1101 1683 locum
1119 1655 1314 1691 demerguntur
1328 1657 1363 1684 ⁸⁸.
1388 1656 1424 1683 De
1451 1656 1550 1690 quibus
1573 1654 1642 1681 dixit
1668 1653 1799 1680 Dominus

1012 1702 1070 1729 suis
1090 1701 1234 1735 discipulis
1248 1710 1254 1727 :
1274 1701 1305 1728 Si
1324 1701 1442 1727 habeatis
1459 1701 1537 1734 ﬁdem
1553 1701 1620 1726 sicut
1635 1706 1746 1733 granum
1759 1697 1799 1724 si-

1013 1748 1099 1781 napis,
1116 1747 1209 1774 dicetis
1226 1743 1286 1773 huic
1300 1747 1382 1773 monti
1398 1747 1460 1781 (hoc
1477 1746 1558 1773 verbo
1570 1745 1718 1772 ostendens
1733 1743 1798 1769 illud

1012 1793 1167 1828 improbum
1196 1800 1228 1820 ac
1254 1793 1350 1819 lunare
1372 1791 1547 1826 diemonium)
1571 1800 1578 1818 :
1604 1790 1749 1817 Exlollitor
1774 1794 1798 1815 et

1010 1837 1148 1871 projicitor
1169 1837 1195 1863 in
1210 1845 1282 1864 mare
1292 1837 1326 1863 ⁸¹.
1342 1837 1477 1869 Quoniam
1499 1835 1582 1870 igitur
1603 1841 1645 1862 est
1660 1834 1798 1869 proprituu

1012 1886 1117 1910 naturze
1140 1883 1316 1909 hinnulorum
1335 1889 1490 1912 cervorum,
1509 1885 1538 1908 ut
1560 1885 1586 1908 et
1609 1881 1714 1907 belluas
1730 1887 1797 1905 con-

1013 1931 1133 1960 sumant,
1151 1932 1177 1955 et
1194 1928 1260 1954 alitu
1277 1927 1431 1962 colorisque
1453 1927 1494 1954 sui
1508 1926 1674 1961 proprietate
1686 1931 1798 1959 serpen-

1012 1977 1054 2001 tes
1080 1973 1184 2008 fugent,
1212 1976 1354 2008 propterea
1380 1981 1484 2008 caprea:
1500 1972 1608 2007 quidem
1632 1971 1799 1998 assimilatur

1012 2020 1060 2055 qui
1073 2020 1164 2046 omnia
1187 2019 1326 2051 intuetur;
1341 2019 1455 2046 binnulo
1479 2022 1570 2045 autem
1588 2024 1743 2047 cervorum.
1770 2019 1801 2042 ut

175 2064 222 2097 qui
238 2065 380 2092 conculcet
401 2069 428 2092 et
451 2070 597 2093 consumat
616 2065 799 2093 adversariam
815 2066 1011 2101 operationem,
1033 2074 1116 2102 quam
1140 2066 1245 2101 tropica
1267 2066 1465 2102 signiﬁcatione
1481 2064 1638 2093 nominavit
1653 2068 1758 2091 montes
1773 2065 1800 2089 ct

175 2111 269 2138 colles.

210 2156 306 2190 Γέγονε
332 2155 422 2183 τοίνυν
445 2157 462 2191 ὴ
486 2156 533 2183 τοῦ
556 2157 673 2192 νυμφίου
697 2157 772 2192 φωνὴ
796 2157 813 2192 ἡ
840 2157 884 2183 διὰ
907 2156 960 2183 τῶν

1047 2156 1110 2184 Fuit
1125 2163 1192 2191 ergo
1208 2163 1258 2184 vos
1269 2154 1361 2190 sponsi
1374 2162 1422 2189 per
1433 2153 1579 2188 prophetas
1588 2153 1614 2179 in
1623 2152 1721 2187 quibus
1730 2151 1800 2180 Deus

175 2201 322 2237 προφητῶν
346 2202 375 2227 ἐν
397 2199 438 2233 οἷς
461 2202 589 2236 ἐλάλησεν
612 2202 626 2227 6
648 2201 730 2233 Θεός*
750 2202 797 2228 καὶ
822 2201 891 2236 μετὰ
911 2202 962 2237 τὴν

176 2247 267 2282 φωνὴν
285 2244 366 2282 ἦλθεν
388 2248 402 2273 ὁ
422 2247 517 2281 Λόγος,
535 2247 674 2282 ὲπιπηδῶν
690 2248 747 2279 τοῖς
767 2247 963 2282 ἀντικειμένοις

175 2291 259 2327 ὄρεσι,
282 2293 328 2318 καὶ
343 2291 398 2318 τῶν
414 2291 514 2327 βουνῶν
530 2292 728 2327 καθαλλόμενος
739 2312 746 2324 ,
761 2293 850 2319 πᾶσαν
869 2293 902 2319 ἐκ
915 2292 962 2319 τοῦ

176 2336 232 2362 [σου
248 2336 296 2371 τὴν
310 2337 494 2372 ἀποστατικὴν
503 2337 618 2372 δύναμιν
633 2337 755 2373 ὑπίχνιον
766 2337 854 2373 ἑαυτῷ
867 2338 960 2369 ποιῶν,

173 2381 222 2415 τήν
247 2389 276 2407 τε
299 2382 505 2418 ὑποδεεστέραν,
530 2383 577 2410 καὶ
600 2384 650 2419 τὴν
671 2384 854 2418 προάγουσαν.
877 2383 962 2410 Τοῦτο

175 2427 229 2462 γὰρ
244 2427 297 2453 τῶν
313 2428 412 2462 βουνῶν
434 2430 451 2463 ἡ
466 2429 532 2465 πρὸς
549 2429 583 2456 τὰ
603 2429 653 2465 ὅρη
668 2429 793 2465 διαστολὴ
812 2429 962 2456 ὑπαινίττε-

174 2481 229 2504 ται,
247 2473 288 2498 ὅτι
309 2473 356 2499 καὶ
373 2474 402 2499 τὸ
423 2473 515 2509 ἐξέχον
529 2475 558 2501 ἐν
576 2476 632 2506 τοῖς
649 2475 843 2510 ἀντικειμένοις
860 2475 960 2510 ὁμοίως

174 2517 212 2552 τῷ
235 2517 416 2553 ὑποϐεϐηκὸτι
439 2518 627 2554 καθαιρεῐται,
645 2520 673 2546 ὲν
689 2521 722 2555 τῇ
739 2520 851 2555 δυνάμει
868 2528 897 2545 τε
914 2520 960 2546 καὶ

174 2563 283 2598 ἐξουσίᾳ
310 2563 488 2598 πατούμενον.
519 2565 632 2600 Ὁμοίως
657 2563 711 2601 γὰρ
734 2567 930 2592 καταπατεῖται
946 2567 960 2592 6

175 2608 243 2636 λέων
258 2618 287 2635 τε
303 2610 349 2636 καὶ
363 2611 377 2636 6
391 2609 508 2644 δράκων,
523 2610 557 2636 τὰ
573 2611 747 2646 ὑπερέχοντα,
763 2612 777 2638 ὃ
791 2620 820 2638 τε
838 2611 898 2646 ὄφις
914 2611 959 2638 καὶ

174 2656 189 2680 6
200 2655 337 2690 σκορπίος,
352 2655 386 2681 τὰ
396 2655 525 2682 δοκοῦντα
539 2656 746 2692 καταδεέστερα.
763 2655 825 2684 Οῗόν
839 2666 865 2683 τι
877 2657 958 2692 λέγω·

179 2700 223 2727 Ἐν
240 2702 294 2733 τοῖς
309 2701 499 2729 ἀκολουθοῦσιν
514 2702 588 2738 αὐτῷ
609 2702 697 2738 ὄχλοις
712 2703 773 2738 ὄρη,
790 2703 925 2738 δαιμόνια,
941 2703 957 2738 ἦ

210 2790 231 2805 ⁷³
255 2788 325 2818 Psal.
355 2799 438 2823 vatt,
460 2791 486 2818 9.
535 2792 558 2807 "
572 2790 651 2819 llcbr.
671 2799 689 2820 ι.
705 2791 731 2818 9.

781 2792 802 2807 “°
819 2790 890 2819 l‘sal.
909 2798 968 2824 λιν,
984 2790 1010 2817 5.

1013 2207 1054 2231 est
1070 2204 1177 2230 loculus
1195 2210 1201 2227 :
1216 2207 1243 2230 et
1260 2205 1321 2236 post
1337 2208 1430 2227 vocem
1448 2200 1521 2227 venit
1538 2198 1673 2230 Verbum,
1698 2198 1800 2226 saliens

1013 2256 1096 2284 supra
1114 2252 1220 2275 montes
1232 2248 1372 2279 adversos,
1383 2249 1415 2272 et
1433 2245 1460 2272 in
1479 2244 1563 2271 colles
1579 2243 1748 2274 transiliens,
1766 2251 1798 2269 ex

1012 2300 1091 2326 aequo
1106 2299 1213 2318 omnem
1237 2297 1296 2325 qua:
1322 2290 1356 2316 ab
1377 2289 1437 2324 ipso
1452 2285 1552 2315 defecit
1569 2291 1730 2322 potestatem
1747 2287 1799 2314 sibi

1014 2338 1130 2365 reddens
1138 2337 1301 2372 subjectam,
1312 2340 1366 2362 tam
1377 2343 1438 2370 qua:
1450 2339 1491 2362 est
1501 2334 1636 2369 superior,
1646 2341 1727 2368 quam
1740 2341 1800 2368 qua:

1014 2387 1055 2411 est
1071 2382 1185 2410 interior
1201 2386 1226 2409 et
1242 2382 1343 2408 minor.
1362 2379 1421 2408 lloc
1435 2379 1506 2407 enim
1520 2378 1674 2407 subindicat
1689 2377 1798 2404 collium

1014 2437 1029 2456 a
1041 2428 1180 2456 montibus
1201 2427 1365 2458 diﬂcrcntia,
1383 2425 1456 2460 quod
1477 2425 1503 2452 id
1517 2424 1588 2460 quod
1605 2424 1710 2451 excellit
1729 2423 1799 2450 inter

1013 2474 1196 2506 adversarios,
1222 2481 1299 2508 teque
1322 2472 1456 2504 deleatur,
1484 2475 1511 2497 ct
1541 2469 1634 2497 eadem
1650 2468 1751 2495 virtute
1767 2475 1799 2494 ac

1013 2524 1148 2556 potestate
1167 2519 1355 2550 conculcetur,
1381 2521 1463 2550 atque
1483 2515 1510 2542 id
1525 2515 1598 2550 quod
1617 2518 1657 2541 est
1672 2513 1796 2541 inferius.

1015 2566 1146 2594 Similiter
1171 2565 1245 2591 enim
1271 2563 1469 2591 couculcantur
1495 2562 1538 2588 leo
1571 2565 1597 2588 et
1629 2560 1721 2591 draco,
1750 2558 1796 2592 qui

1013 2613 1143 2643 eminent,
1170 2615 1251 2645 atque
1279 2617 1393 2644 serpens
1417 2612 1443 2636 et
1468 2607 1594 2642 scorpius
1608 2605 1654 2640 qui
1668 2604 1794 2630 videntur

1014 2659 1168 2686 inferiores.
1192 2656 1313 2690 Exempli
1332 2663 1416 2682 causa
1433 2662 1440 2680 τ
1458 2653 1486 2680 In
1503 2652 1590 2680 turbis
1603 2658 1663 2686 qua:
1675 2656 1735 2677 eum
1750 2655 1794 2675 se~

1011 2704 1164 2739 quebantur
1185 2705 1263 2730 erant
1291 2706 1407 2733 montes,
1427 2701 1574 2731 daemones,
1596 2700 1641 2723 aut
1663 2695 1688 2722 iu
1713 2701 1794 2729 syna-

1049 2790 1070 2805 ‘”
1082 2788 1175 2816 Matth.
1192 2796 1256 2822 xvii,
1274 2788 1313 2815 l9.

1219 2890 1236 2907 \
