1984 3068
179 118 233 155 εᾳε

790 122 819 151 S.
839 121 1001 151 GREGORII
1021 121 1166 150 NYSSENI

1747 114 1798 143 865

182 177 270 211 gogis.
299 180 345 204 aut
372 177 398 205 in
425 178 534 214 regione
561 179 771 214 Gerasenorum,
797 181 885 208 autin
902 182 962 208 aliis

1018 182 1042 208 ὲν
1052 182 1112 212 ταῖς
1121 180 1291 214 συναγωγαῖς
1302 175 1347 213 ἦν,
1358 177 1375 212 ἢ
1389 177 1417 204 ἐν
1427 177 1460 212 τῇ
1473 175 1548 211 χώρᾳ
1558 174 1612 201 τῶν
1623 173 1797 209 Γερασηνῶν,

181 223 274 250 multis
289 223 823 259 locis,quierigebantnretcxtollebantur
831 227 964 255 adversus

182 268 328 295 humanam
345 273 481 296 naturam.
499 269 538 296 Ex
555 270 588 297 iis
602 274 666 297 sunt
679 274 705 298 et
717 271 801 299 colles
816 277 843 299 et
857 276 965 299 montes

180 313 345 341 excellentes
369 317 396 342 et
423 315 576 342 inferiores.
602 315 655 343 Sed
675 317 808 344 hinnulus
821 325 963 344 cervorum

181 358 226 392 qui
247 359 385 386 consumit
409 364 560 394 serpentes.
584 365 611 387 et
639 362 685 396 qui
706 362 786 388 etiam
815 362 965 397 discipulos

182 403 286 438 perficit
304 405 331 431 in
361 409 485 432 naturam
511 414 666 440 cervorum,
689 415 750 434 cum
776 407 844 434 dicit
873 417 879 434 :
900 407 966 435 Dedi

181 449 251 474 vobis
275 454 430 482 potestatem
457 451 579 477 calcandi
595 459 673 485 super
700 457 829 486 serpentes
849 457 873 478 et
891 460 965 479 scor-

181 492 238 526 pios
252 492 274 507 “
289 512 296 523 ,
323 493 350 519 in
371 501 467 520 onmes
483 501 516 521 ex
531 502 610 528 aequo
623 495 741 529 plantam
760 495 891 529 immittit,
909 496 966 523 haec

182 539 208 562 et
224 535 332 571 fugans,
349 540 376 563 et
393 538 427 564 ab
444 538 487 565 his
505 538 538 565 ad
554 539 606 566 alia
624 540 792 571 transiliens.
806 544 834 566 ut
851 548 897 575 per
910 540 966 568 hac

182 586 311 615 appareat
333 583 493 617 magnitudo
509 591 602 611 eorum
618 585 664 620 qui
681 585 707 612 in
729 586 815 612 altum
833 586 967 630 tolluntur

181 633 214 653 ex
241 627 352 660 virtute,
370 635 424 655 non
438 629 555 664 amplius
571 630 717 657 obscurata
733 638 749 657 a
764 631 881 658 collibus
897 627 965 659 vitii.

182 669 316 699 Videntur
338 673 410 700 enim
435 679 542 702 montes
567 674 659 703 Bethel
683 684 716 703 ex
740 677 966 712 interpretatione

134 745 137 749 ,
183 716 313 748 nominis,
333 718 477 746 ostendere
500 721 636 747 excelsam
659 724 686 748 et
709 722 847 749 ccelestem
872 723 966 750 vitam.

182 760 249 788 Nam
275 762 386 790 domum
410 764 455 791 Dei
482 765 552 792 hanc
571 765 728 800 significare
752 767 910 800 dictionem,
926 768 968 795 di-

181 811 248 834 cunt
263 808 281 835 ii
295 810 341 844 qui
360 810 450 838 sciunt
466 811 584 846 linguam
603 811 756 840 Hebraeam.
779 814 849 841 Dicit
864 815 965 850 itaque,

1014 227 1031 262 ἢ
1049 227 1078 253 ἐν
1096 226 1199 261 ἑτέροις
1218 224 1310 255 τόποις
1329 223 1450 254 πολλοῖς,
1466 221 1536 248 κατά
1555 220 1605 255 τῆς
1628 219 1799 254 ἀνθρωπίνης

1017 274 1122 308 φύσεως
1137 273 1276 308 ὑψούμενά
1297 280 1327 298 τε
1349 272 1395 298 κα)⁸
1411 269 1611 306 κορυφούμενα.
1636 268 1683 294 Ἐκ
1697 267 1799 294 τούτων

1015 318 1086 354 ἦσαν
1101 318 1189 354 βουνοὶ
1203 318 1249 344 καὶ
1260 317 1309 353 ὅρη
1322 315 1500 351 ὑπερέχοντὲς
1512 323 1542 340 τε
1553 313 1600 340 καὶ
1612 311 1797 346 ὑποκείμεναι·

1017 367 1072 394 ἀλλ’
1088 367 1101 392 ὁ
1117 366 1210 401 νεϐρὸς
1224 364 1278 391 τῶν
1292 364 1408 398 ἐλάφων,
1423 363 1437 388 ό
1453 360 1618 391 ἁναλωτικὺς
1631 359 1685 386 τῶν
1700 359 1798 393 ὄφεων,

1016 411 1030 437 ὁ
1044 411 1091 437 καὶ
1107 410 1170 441 τοὺς
1189 408 1310 444 μαθητὰς
1328 409 1367 438 είς
1387 406 1436 441 τὴν
1451 405 1504 432 τῶν
1517 405 1623 439 ἐλάφων
1639 402 1800 439 καταρτιζό-

1018 463 1096 490 μενος
1119 454 1209 489 φύσιν,
1229 454 1258 480 ὲν
1275 450 1316 484 οἷς
1336 452 1424 485 λέγει,
1443 451 1483 477 ὃτι
1498 448 1614 476 Δέδωκα
1629 448 1700 482 ὑμῖν
1716 447 1800 479 ἐξου-

1017 502 1089 528 σίαν
1100 500 1151 527 τοῦ
1166 499 1270 526 πατεῖν
1283 497 1382 524 ἐπάνω
1394 496 1453 523 τῶν
1467 495 1562 530 ὄφεων
1575 494 1623 521 καὶ
1638 493 1798 527 σκορπίων,

1017 549 1099 574 πᾶσιν
1123 547 1220 581 ἐπίσης
1236 543 1375 571 ἐπιϐάλλει
1396 543 1426 569 τὺ
1445 542 1534 577 ἴχνος,
1553 540 1639 567 ταῦτα
1661 548 1691 565 τε
1712 547 1800 573 φυγα-

1017 593 1112 623 δεύων,
1129 591 1177 618 καὶ
1185 589 1382 626 μεθαλλόμενος
1395 588 1448 615 ἀπὸ
1463 586 1564 614 τούτων
1578 585 1646 621 πρὸς
1658 585 1749 620 ἕτερα,
1764 584 1801 615 ὼς

1018 637 1063 665 διὰ
1080 637 1180 664 τούτων
1198 635 1229 662 τὸ
1247 635 1360 670 μέγεθος
1379 633 1432 660 τῶν
1451 634 1510 659 κατ’
1528 631 1626 667 ἀρετὴν
1643 630 1801 665 ὐψουμένων

1018 683 1195 717 ἀναφανῆναι,
1217 680 1313 716 μηκέτι
1327 680 1383 710 τοῖς
1397 678 1544 713 γεωλόφοις
1561 677 1611 712 τῆς
1626 677 1724 707 κακίας
1737 675 1800 701 ἑπι-

1019 728 1206 764 σκοτούμενον.
1221 727 1261 753 Τὰ.
1275 726 1329 761 γὰρ
1343 726 1393 761 ὅρη
1412 723 1513 759 Βαιθὴλ
1538 722 1625 749 ἔοικεν
1638 723 1670 748 ὲκ
1685 721 1733 747 τοῦ
1748 720 1803 747 ὀνό-

1021 783 1104 810 ματος
1120 774 1169 809 τῆς
1185 771 1347 808 ἑρμηνείας,
1364 771 1409 797 τὸν
1429 770 1530 805 ὑψηλὸν
1547 768 1594 795 καὶ
1614 767 1737 802 οὐράνιον
1757 767 1800 792 ὲν-

1017 820 1171 848 δείκνυσθαι
1184 819 1250 854 βίον.
1269 816 1349 844 Οἶκον
1364 817 1416 852 γὰρ
1431 815 1497 842 Θεοῦ
1514 813 1656 850 σημαίνειν
1667 813 1716 848 τὴν
1731 811 1802 843 λέξιν

182 853 267 887 ευριπ
288 861 388 883 montes
411 856 511 884 Bethel.
536 858 590 885 Eos
612 858 680 885 vidit
705 864 836 894 purgatus
857 865 884 887 et
904 869 965 895 per-

1018 866 1118 901 ταύτην
1138 853 1220 900 φασὶν
1238 865 1263 890 οἱ
1280 863 1329 899 τῆς
1353 861 1485 897 Ἑϐραίων
1499 860 1590 895 φωνῆς
1610 858 1800 893 ἐπιστήμονες.

183 899 277 932 spicax
293 900 389 927 animze
403 901 510 933 oculus,
528 902 575 936 qui
592 909 654 929 cum
667 902 769 930 divinis
783 903 837 931 illis
851 905 966 933 saltibus

181 944 228 977 qui
254 943 321 971 linnt
345 945 478 973 adversus
501 947 630 974 adversos
659 947 755 980 colles,
780 949 862 976 simul
889 954 961 978 tran-

183 989 254 1022 silit;
288 995 315 1017 et
349 991 383 1018 de
398 997 520 1026 tempore
546 996 619 1027 quod
644 998 739 1028 postea
763 998 806 1022 est
831 995 965 1030 futurum,

182 1038 311 1069 tanquam
333 1036 366 1063 de
385 1045 441 1070 iam
460 1042 594 1072 praesente
615 1038 696 1065 verba
722 1038 806 1066 facit:
824 1045 966 1075 propterea

182 1080 255 1113 quod
272 1080 308 1107 sit
323 1085 397 1108 certa
409 1086 436 1108 et
460 1083 612 1110 indubitata
642 1091 703 1118 quae
728 1089 854 1118 speratur
867 1086 966 1121 gratia,

183 1131 259 1157 spem
286 1124 415 1160 tanquam
439 1133 510 1160 opus
535 1126 586 1157 iam
610 1126 711 1154 factum
740 1127 860 1156 intuens.

218 1222 289 1250 Dicit
318 1223 402 1255 enim,
432 1225 506 1259 quod
532 1225 578 1259 qui
592 1225 693 1253 [nobili
718 1225 859 1253 celeritate
885 1227 968 1255 saltat

184 1268 314 1295 adversus
338 1273 464 1301 montes,
492 1272 519 1296 et
547 1277 561 1296 a
587 1270 704 1297 collibus
732 1270 759 1296 in
780 1270 863 1298 colles
891 1274 967 1298 tran-

183 1315 255 1346 silit,
273 1316 393 1349 seipsum
414 1316 533 1342 ostendit
553 1315 730 1347 immobilem,
753 1320 814 1350 post
836 1316 966 1350 parietem

184 1367 308 1392 manens,
330 1365 357 1388 et
375 1369 408 1388 ex
431 1361 561 1388 cancellis
580 1361 659 1388 verba
681 1361 794 1390 faciens.
815 1362 860 1389 Sic
876 1369 966 1390 autem

183 1405 266 1433 habet
286 1405 471 1434 textuszEcce
493 1406 535 1432 hic
563 1410 618 1433 stat
642 1411 699 1440 post
717 1407 845 1441 parietem
868 1415 966 1439 meum,

182 1451 342 1485 prospiciens
369 1459 414 1485 per
435 1451 573 1485 fenestras,
597 1459 725 1484 apparens
751 1460 796 1486 per
826 1452 966 1480 cancellos.

182 1496 271 1529 Atque
300 1495 372 1530 quod
409 1496 588 1530 corporaliter
612 1496 720 1530 quidem
744 1497 910 1524 describitur
934 1497 968 1524 ab

182 1541 316 1572 oratione,
341 1545 382 1568 est
404 1540 639 1576 ejusmodi:Cum
663 1548 764 1576 sponsa
780 1542 854 1569 intus
877 1547 969 1569 custo-

182 1587 273 1614 diente
296 1583 427 1618 domum,
459 1594 506 1621 per
535 1587 669 1614 fenestras
704 1591 810 1614 amator
837 1588 967 1620 disserit,

182 1634 209 1657 et
235 1630 339 1665 pariete
366 1631 528 1658 intermedio
559 1635 706 1666 utrumque
742 1636 868 1666 arcente,
900 1634 968 1661 citra

182 1677 267 1704 ullum
299 1677 540 1712 impedimentum,
569 1677 598 1704 ﬁt
623 1679 757 1706 sermonis
781 1680 969 1706 communica-

182 1723 231 1754 tio,
247 1729 295 1757 per
317 1722 450 1750 fenestras
463 1723 572 1758 quidem
586 1731 615 1750 se
628 1723 787 1751 demittente
803 1724 904 1759 capite,
920 1732 969 1759 per

181 1768 317 1796 cancellos
340 1772 428 1796 autem
460 1769 506 1804 qui
538 1774 602 1796 sunt
633 1770 659 1796 in
690 1762 967 1804 fenestrisninterius

180 1814 260 1841 oculo
274 1814 450 1849 despiciente.
472 1815 628 1850 Anagogica
649 1820 739 1843 autem
763 1817 967 1851 comtemplatio

181 1860 304 1895 sequitur
314 1868 424 1888 sensum
442 1862 518 1896 prius
529 1861 724 1889 examinatum.
742 1861 792 1889 Via
807 1863 880 1890 enim
898 1871 966 1890 con-

181 1906 328 1940 sequentiae.
368 1905 514 1933 humanam
543 1911 670 1934 naturam
706 1907 762 1935 Deo
788 1909 965 1943 conjunctam

180 1951 269 1978 reddit
300 1952 399 1983 oratio.
425 1953 542 1987 primum
568 1953 678 1988 quidem
712 1954 798 1988 ipsam
826 1955 966 1983 illustrans

179 2005 228 2032 per
242 1998 388 2032 prophetas
400 2004 426 2025 et
439 2003 571 2033 praecepta
587 1999 663 2034 legis.
681 1998 726 2026 Sic
744 1999 816 2026 enim
835 1999 965 2035 intelligi-

179 2051 252 2075 mus,
269 2043 402 2071 fenestras
416 2045 525 2079 quidem
549 2046 707 2080 prophetas,
736 2042 784 2080 qui
799 2045 889 2072 lumen
919 2046 964 2072 in-

181 2089 348 2116 troducunt:
377 2090 514 2117 cancellos
530 2094 632 2122 autem,
662 2089 789 2124 legalium
816 2094 965 2125 pra'ccpto-

179 2142 240 2161 rum
263 2135 484 2165 connexionem;
518 2143 566 2170 per
593 2143 653 2170 quae
676 2135 758 2162 antibo
787 2135 859 2162 intro
891 2136 965 2163 subit

1019 911 1064 937 Διό
1081 917 1174 945 φησιν,
1199 908 1260 935 Ἐπὶ
1277 908 1313 934 τὰ
1329 906 1382 940 ὄρη
1396 904 1519 937 Βαιθήλ.
1540 901 1600 929 Εἷδε
1618 901 1706 928 ταῦτα
1726 901 1740 926 ὁ
1758 908 1803 927 κε-

1019 955 1191 990 καθαρμένος
1210 954 1257 980 καὶ
1275 951 1425 988 διορατικὸς
1444 951 1492 985 τῆς
1509 948 1598 983 ψυχῆς
1620 946 1756 981 ὀφθαλμὸς
1767 965 1774 978 ,
1788 947 1802 972 ό

1019 1003 1074 1034 τοῖς
1086 1001 1166 1032 θείοις
1181 999 1294 1029 ἐκείνοις
1312 997 1413 1032 ἀλμασι
1423 997 1478 1026 τοῖς
1497 993 1568 1021 κατὰ
1581 993 1635 1019 τῶν
1650 991 1804 1026 ἀντικειμέ-

1019 1057 1072 1076 νων
1082 1046 1226 1082 γεωλόφων
1237 1043 1389 1078 γινομένοις
1405 1038 1667 1076 συμμεθαλλόμενοςο
1680 1037 1726 1064 καὶ
1738 1036 1803 1072 περὶ

1019 1093 1065 1121 τοῦ
1081 1093 1177 1128 χρόνου
1199 1090 1310 1125 ὕστερον
1329 1086 1526 1122 γενησομένου,
1545 1085 1582 1116 ὡς
1600 1084 1649 1119 ἤδη
1671 1083 1803 1118 παρόντος

1020 1127 1135 1165 ποιεῖται
1146 1137 1189 1163 τὸν
1200 1135 1277 1168 λόγον
1287 1143 1293 1149 ·
1310 1133 1354 1160 διὰ
1371 1133 1401 1159 τὸ
1415 1132 1508 1158 πιστόν
1523 1138 1552 1156 τε
1562 1130 1608 1156 καὶ
1621 1127 1804 1163 ἀναμφίὸολον

1017 1184 1067 1219 τῆς
1077 1181 1254 1217 ἐλπιζομένης
1265 1180 1385 1215 χάριτος,
1395 1178 1431 1209 ὡς
1440 1177 1518 1212 ἔργον
1526 1175 1573 1211 τὴν
1585 1174 1678 1201 ὲλπίδα
1687 1173 1801 1208 βλέπων.

1053 1226 1121 1261 Φησὶ
1135 1225 1200 1260 γὰρ,
1215 1225 1255 1250 ὅτι
1271 1225 1285 1250 ὁ
1300 1222 1372 1249 κατά
1385 1222 1439 1248 τῶν
1456 1221 1540 1256 ὀρέων
1562 1219 1653 1254 πηδῶν
1670 1219 1804 1253 εὐκινήτῳ

1019 1273 1058 1308 τῷ
1073 1272 1160 1307 τάχει,
1186 1270 1233 1296 καὶ
1251 1269 1290 1300 εἰς
1314 1268 1424 1303 βουνοὺς
1445 1266 1499 1292 ἀπὸ
1520 1265 1621 1300 βουνῶν
1638 1264 1804 1300 μεθαλλόμε-

1020 1326 1074 1349 νος,
1092 1317 1222 1351 στάσιμον
1242 1314 1375 1341 δείκνυσιν
1394 1312 1488 1339 ἑαυτὸν
1512 1312 1626 1338 κατόπιν
1644 1310 1691 1336 τοῦ
1713 1310 1803 1344 τοίχου

1021 1364 1173 1399 γενόμενος,
1186 1362 1231 1388 καὶ
1245 1361 1277 1387 ὲκ
1291 1359 1345 1386 τῶν
1359 1358 1474 1386 δικτύων
1488 1358 1541 1384 τῶν
1556 1357 1669 1392 θυρίδων
1682 1356 1803 1390 διαλεγό·

1023 1418 1110 1445 μενος.
1126 1409 1201 1443 Ἔχει
1212 1407 1239 1434 δὲ
1253 1406 1338 1438 οὕτως
1355 1405 1467 1440 ἠλέεις·
1488 1403 1564 1431 Ἰδοὺ
1577 1401 1666 1436 οὗτος
1677 1402 1805 1435 ἕστηκεν

1022 1456 1116 1482 ὀπίσω
1129 1453 1297 1487 τοῦκτοίχου
1307 1451 1401 1486 ἡμῶν.
1414 1450 1566 1484 «apaula:
1572 1457 1613 1475 ων
1623 1448 1671 1475 διὰ
1683 1448 1741 1474 τῶν
1756 1449 1806 1474 θυ-

1017 1500 1127 1534 ρίδων,
1147 1499 1302 1526 ἐκκύπτων
1324 1497 1372 1523 διὰ
1391 1495 1450 1522 τῶν
1471 1496 1607 1522 δικτύων.
1631 1495 1667 1520 Τὸ
1689 1494 1738 1530 μὲν
1759 1492 1805 1520 οὖν

1021 1544 1183 1581 σωματικῶς
1215 1545 1242 1570 ὲν
1272 1543 1311 1577 τῷ
1341 1542 1413 1577 λόγῳ
1442 1540 1681 1576 ὑπογραψάμενον,
1716 1538 1805 1565 τοιοῦ-

1019 1591 1064 1618 τόν
1091 1591 1163 1617 ἐστιν
1176 1597 1182 1604 '
1206 1588 1247 1615 ὃτι
1268 1588 1340 1614 ἔνδον
1358 1586 1537 1622 οἰκουροῦσαν
1557 1586 1606 1620 τὴν
1624 1585 1732 1619 νύμφην
1762 1583 1806 1610 διὰ

1019 1636 1073 1662 τῶν
1094 1634 1208 1670 θυρίδων
1228 1634 1242 1660 ὁ
1262 1633 1378 1668 ἐραστὴς
1396 1632 1565 1666 διαλέγεται,
1589 1630 1635 1656 καὶ
1654 1629 1700 1656 τοῦ
1716 1629 1805 1664 τοίχου
1824 1646 1830 1651 .

1019 1681 1090 1708 κατὰ
1112 1681 1143 1707 τὸ
1165 1680 1246 1715 μέσον
1272 1679 1441 1714 ἀμφοτέρους
1462 1677 1641 1712 διείργοντος,
1661 1675 1806 1709 ἀνεμπόδι-

1020 1736 1081 1759 στος
1107 1727 1211 1761 γίνεται
1239 1724 1286 1760 τοῦ
1308 1724 1422 1759 λόγουή
1447 1723 1588 1754 κοινωνία,
1614 1721 1658 1748 διὰ
1685 1721 1733 1756 μὲν
1760 1719 1806 1746 ου-

1019 1773 1099 1809 ρίδων
1127 1772 1176 1807 τῆς
1202 1771 1322 1806 κεφαλῆς
1349 1768 1595 1805 παρακυπτούσης,
1624 1767 1667 1794 διὰ
1695 1767 1723 1793 δὲ
1752 1766 1806 1793 τῶν

1017 1818 1132 1845 δικτύων
1162 1817 1216 1843 τῶν
1231 1817 1260 1843 ὲν
1288 1816 1349 1846 ταῖς
1379 1814 1470 1850 θυρίσι
1497 1814 1564 1849 πρὸς
1592 1813 1626 1839 τὰ
1652 1812 1727 1843 ἐντὸς
1757 1811 1804 1837 τοῦ

1017 1851 1156 1898 δφθαλμοῢ
1170 1862 1374 1892 διακόπτοντος.
1396 1861 1428 1887 Ἦ
1442 1860 1471 1886 δὲ
1486 1857 1718 1897 κατὰιάναγωγὴν
1736 1857 1804 1883 θεω-

1019 1910 1064 1944 ρία
1094 1909 1143 1944 τῆς
1160 1907 1400 1943 προεξητασμένης
1411 1906 1500 1941 ἔχεται
1513 1903 1641 1935 διανοίας.
1667 1903 1736 1938 Ὀδῷ
1749 1902 1804 1938 γὰρ

1017 1956 1063 1982 καὶ
1081 1953 1225 1988 ἀκολουθίᾳ
1246 1953 1412 1988 προσοικειοῖ
1433 1951 1471 1986 τῷ
1491 1949 1549 1984 Θεῷ
1568 1949 1617 1984 τὴν
1632 1948 1804 1984 ἀνθρωπίνην

1017 2000 1097 2034 φύσιν
1112 2000 1126 2025 ὀ
1139 1999 1229 2033 λόγος,
1246 1997 1354 2033 πρῶτον
1369 1997 1418 2032 μὲν
1434 1996 1518 2031 αὐτὴν
1534 1995 1577 2021 διὰ
1591 1994 1645 2020 τῶν
1658 1994 1804 2030 προφητῶν

1019 2043 1198 2079 καταυγάζων
1215 2043 1261 2070 καὶ¹
1280 2042 1334 2068 τῶν
1350 2041 1469 2077 νομικῶν
1483 2040 1730 2076 παραγγελμάτων.
1749 2038 1803 2066 Οὕ-

1014 2099 1069 2122 τως
1091 2090 1145 2126 γάρ
1169 2088 1293 2124 νοοῦμεν,
1314 2087 1423 2123 θυρίδας
1446 2087 1494 2122 μὲν
1507 2086 1569 2118 τοὺς
1584 2085 1725 2121 προφήτας
1740 2085 1803 2115 τοὺς

1015 2137 1046 2163 τὸ
1061 2135 1118 2170 φῶς
1133 2135 1291 2169 εἰσάγοντας
1303 2143 1310 2149 ·
1324 2134 1420 2160 δίκτυα
1439 2132 1468 2158 δὲ
1479 2132 1527 2167 τὴν
1542 2130 1597 2158 τῶν
1611 2131 1733 2166 νομίμων
1755 2137 1804 2156 πα-

180 2180 308 2215 splendor
318 2181 374 2207 veri
387 2181 509 2208 luminis.
522 2180 588 2208 Post
608 2181 665 2207 haec
680 2185 769 2207 autem
783 2184 825 2209 est
844 2181 962 2216 perfecta

1018 2182 1215 2219 ραγγελμάτων
1229 2181 1331 2216 πλοκήν
1343 2189 1350 2196 ·
1366 2180 1399 2206 δι’
1413 2176 1450 2206 ὧν
1465 2178 1626 2214 ἀμφοτέρων
1643 2178 1658 2213 ἡ
1672 2177 1742 2211 αὐγὴ
1755 2175 1802 2202 τοῦ

179 2227 249 2254 lucis
266 2226 441 2259 illuminatio,
463 2226 572 2261 quando
588 2225 713 2259 apparuit
729 2233 792 2253 vera
809 2226 854 2253 lux
872 2227 906 2254 iis
919 2228 965 2262 qui

179 2272 274 2300 sedent
296 2273 322 2299 in
341 2272 460 2300 tenebris
477 2276 504 2299 et
530 2272 556 2298 in
581 2271 678 2298 umbra
702 2271 809 2304 mortis,
838 2279 886 2307 per
900 2279 967 2300 con-

179 2318 404 2353 temperationem
442 2325 504 2344 cum
535 2321 630 2344 nostra
657 2321 766 2344 natura.
797 2317 878 2346 Prius
901 2327 966 2354 ergo

179 2364 338 2399 splendores
353 2364 571 2398 propheticarum
600 2363 842 2399 intelligentiarum
869 2366 966 2392 animae

179 2411 380 2442 illucescentes,
403 2417 449 2444 per
465 2417 480 2436 a
499 2410 578 2437 nobis
603 2414 693 2438 mente
719 2410 869 2438 intellectas
894 2410 967 2438 fene-

178 2461 251 2484 stras
280 2459 307 2483 et
326 2456 474 2489 cancellos,
501 2455 649 2484 immittunt
675 2455 840 2484 desiderium
857 2456 966 2484 videndi

178 2501 263 2529 solem
274 2501 325 2528 sub
341 2500 397 2527 dio.
416 2501 518 2528 Deinde
533 2500 572 2528 sic
585 2500 612 2527 id
628 2500 702 2535 quod
717 2500 888 2528 desideratur
902 2507 965 2535 pro-

177 2547 248 2575 cedit
265 2547 297 2574 ad
310 2547 446 2575 effectum.

210 2637 360 2666 Audiamus
369 2642 458 2666 autem
469 2645 592 2673 quasnam
601 2637 666 2664 dicit
675 2636 801 2664 Ecclesiae
809 2636 832 2664 is
840 2636 886 2671 qui
897 2644 962 2663 non-

176 2684 239 2723 dum
247 2689 288 2712 est
296 2685 365 2712 intra
372 2683 561 2720 parietem,sed
568 2687 620 2711 stat
628 2691 674 2718 per
681 2683 812 2710 fenestras
821 2683 894 2709 illam
901 2683 964 2709 allo-

175 2737 270 2764 quens.
281 2729 427 2764 Respondet
435 2738 513 2763 enim,
528 2729 624 2763 inquit,
633 2728 759 2763 patruelis
774 2735 855 2762 meus,
867 2728 962 2756 etdicit

212 2829 234 2845 "
246 2829 312 2857 Luc.
331 2839 358 2866 κ,
373 2831 414 2859 l9.

1015 2228 1142 2263 ἀληθινοῦ
1162 2226 1318 2262 φωτδςλὲπὶ
1334 2226 1367 2253 τὰ
1394 2225 1468 2256 syth;
1497 2224 1698 2260 παρεισδύεται.
1726 2223 1802 2250 Μετὰ

1015 2274 1102 2301 ταῦτα
1129 2273 1158 2300 δὲ
1183 2274 1199 2308 ὴ
1228 2272 1318 2298 τελεία
1338 2271 1385 2297 τοῦ
1405 2270 1494 2305 φωτὸς
1520 2270 1653 2305 ἕλλαμψις
1683 2269 1801 2304 γίνεται,

1014 2322 1078 2348 ὅταν
1096 2320 1213 2354 ἐπιφανῇ
1228 2318 1258 2344 τὺ
1277 2317 1334 2352 φῶς
1347 2317 1376 2343 τὸ
1390 2316 1515 2352 ἀληθινὸν
1531 2318 1585 2348 τοῖς
1600 2317 1629 2342 ὲν
1650 2315 1739 2342 σκότει
1756 2315 1804 2341 καὶ

1017 2367 1080 2401 σκιᾷ
1093 2365 1268 2404 καθημένοις,
1280 2363 1323 2391 διὰ
1336 2363 1386 2398 τῆς
1404 2363 1471 2398 πρὸς
1484 2363 1533 2398 τὴν
1548 2363 1627 2397 φύσιν
1647 2362 1724 2398 ἡμῶν
1742 2371 1803 2388 συν-

1017 2411 1201 2447 ανακράσεως.
1227 2409 1362 2445 Πρότερον
1383 2406 1437 2441 οὖν,
1452 2409 1480 2434 αἱ
1501 2408 1582 2441 αὐγαὶ
1596 2407 1651 2434 τῶν
1669 2416 1803 2443 προφητι-

1017 2458 1071 2485 κῶν
1087 2467 1116 2484 τε
1131 2457 1177 2484 καὶ
1192 2455 1311 2492 νομικῶν
1327 2455 1468 2490 νοημάτων
1482 2454 1667 2489 ἐλλάμπουσαι
1683 2455 1714 2489 τῇ
1724 2453 1800 2488 ,ψυχῇ

1015 2503 1059 2531 διὰ
1082 2502 1135 2530 τῶν
1160 2501 1305 2537 νοηθεισῶν
1330 2501 1394 2535 ἡμῖν
1413 2499 1527 2533 θυρίδων
1551 2508 1580 2525 τε
1606 2499 1653 2526 καὶ
1675 2499 1800 2531 δικτύων,

1016 2549 1162 2584 ἐπιθυμίαν
1175 2545 1318 2582 ἐμποιοῦσι
1333 2545 1377 2571 τοῦ
1395 2545 1459 2571 ἰδεῖν
1470 2546 1498 2571 ὲν
1514 2544 1638 2580 ὑπαίθρῳ
1654 2544 1698 2571 τὸν
1714 2545 1800 2579 ἥλιον.

1016 2593 1071 2621 Εἶθ’
1085 2594 1170 2625 οὕτως
1181 2593 1211 2619 τὸ
1226 2591 1390 2626 ποθούμενον
1409 2592 1448 2622 εἰς
1464 2590 1543 2626 ἔργον
1558 2591 1730 2626 προέρχεται.

1060 2639 1229 2674 Ἀκούσωμεν
1246 2638 1274 2664 δὲ
1288 2635 1332 2663 οἷα
1356 2637 1424 2672 πρὸς
1440 2637 1489 2671 τὴν
1518 2636 1679 2671 Ἐκκλησίαν
1694 2636 1770 2663 λοιλεῖ
1788 2637 1802 2663 ὀ

1019 2687 1101 2722 μήπω
1116 2685 1190 2716 ἐντὸς
1205 2683 1251 2710 τοῦ
1262 2682 1351 2717 τοίχου
1363 2682 1507 2718 γενόμενος
1518 2702 1524 2713 ,
1540 2682 1597 2708 ἀλλ’
1613 2682 1677 2717 ἔστη
1693 2681 1737 2708 διὰ
1747 2681 1802 2708 τῶν

1017 2730 1190 2768 φωταγωγῶν
1215 2730 1282 2765 αὐτῇ
1309 2727 1574 2764 πφσφθεγγὸμενος,
1605 2727 1803 2762 Ἀποκρίνεται
