1984 3068
180 121 231 150 865‘

704 126 736 154 IN
755 125 904 155 CANTICA
923 124 1056 154 CANTIC.
1084 126 1224 156 "Ollle
1247 129 1279 156 ν.

1750 131 1802 160 866

180 187 244 221 γὰρ,
257 185 350 222 φησὶν,
366 188 383 213 ὁ
395 186 556 222 ἀδελφιδός
563 196 637 222 μου,
650 196 697 215 και
711 189 792 223 λέγει
800 188 851 222 μοι
858 195 864 201 ·
883 186 960 214 Ἀνά-

1017 187 1081 214 mihi
1097 196 1106 214 :
1120 187 1214 224 Surge,
1228 190 1294 221 veni.
1309 190 1455 225 propinqua
1467 198 1534 222 mea,
1547 190 1657 224 pulchro
1675 198 1741 223 mea,
1757 198 1802 216 co-

180 239 248 263 στα,
261 231 340 264 ἐλθὲ,
360 233 380 266 ἡ
397 233 531 267 πλησίον
543 241 613 268 μου,
626 233 704 267 καλή
721 243 790 268 μου,
808 231 966 267 περιστερά

177 286 247 312 μου.
264 278 328 304 Ὀτι
345 277 409 304 ιδοὺ
425 280 441 305 ό
450 279 558 313 χειμὼν
568 278 731 312 παρῆλθεν,
745 280 761 305 ὀ
771 278 857 311 ὑετὸς
866 277 965 311 ἀπῆλ-

179 325 241 354 θεν,
251 324 397 357 ἐπορεύθη
409 323 504 356 ἐαυτῷ
514 343 521 350 .
534 324 572 351 Τὰ
589 324 665 357 ἄνθη
679 324 762 358 ὤφθη
782 324 816 350 ὲν
834 323 870 357 τῇ
883 322 932 357 γῆν
948 324 965 350 ὁ

179 369 280 404 καιρὸς
305 369 360 403 τῆς
380 369 474 404 τομῆς
488 369 608 404 ἔφθακε.
633 369 718 403 Φωνὴ
741 370 797 403 τῆς
811 370 965 403 ’τρυγόνος

178 414 313 448 ἠκούσθη
328 415 363 441 ὲν
382 414 418 448 τῇ
435 414 474 449 γῇ
487 414 579 448 ἡμῶν.
599 415 629 441 Ἡ
641 414 721 448 συκῆ
736 414 878 448 ἐξήνεγκε
892 413 964 446 τοὺς

179 461 326 492 ὀλύνθους
341 459 445 494 αὐτῆς.
462 461 497 487 Al
518 460 645 494 ἄμπελοι
662 459 746 494 ἡμῶν
759 458 961 493 κυπρίζουσιν,

178 505 293 533 ἔδωκαν
309 505 418 540 ὀσμήν.
442 505 487 536 Ὠς
504 504 648 540 γλαφυρῶς
666 506 732 540 ἡμῖν
747 505 899 539 ὑπογράφει
914 503 962 538 τὴν

178 551 225 578 τοῦ
240 551 319 587 ἔαρος
333 551 413 586 χάριν
427 551 441 578 ὁ
456 550 578 585 πλάστης
588 550 634 577 τοῦ
651 550 742 585 ἔαρος,
758 550 823 585 πρὸς
835 550 863 576 ὃν
879 556 961 583 φησιν

177 598 192 623 ὸ
204 596 294 629 Audiit},
306 598 348 624 ὅτι
366 596 455 630 Θέρος
467 596 517 623 καὶ
531 597 594 630 ἔαρ,
606 596 646 623 σὺ
657 596 793 628 ἔπλασας
807 595 892 622 αὐτὰ·
905 594 961 621 λύει

177 641 225 677 τὴν
240 642 286 668 τοῦ
306 641 438 677 χειμῶνος
461 642 628 677 κατήφειαν,
644 640 859 676 παρεληλυθέναι
875 639 961 673 λέγων

176 689 226 724 τὴν
244 688 401 723 χειμερινὴν
422 687 653 723 σκυθρωπότητα,
668 688 716 714 καὶ
740 687 789 722 τὴν
804 686 858 712 τῶν
877 685 961 712 ὑετῶν

176 735 281 771 ἀηδίαν,
295 734 438 769 Λειμῶνας
452 734 570 760 δείκνυσι.
592 733 722 769 βρύοντας
745 733 792 759 καὶ
810 732 961 768 ὡραϊζομέ-

176 790 238 813 νους
257 783 312 812 τοῖς
330 779 432 807 ἄνθεσι.
449 779 490 806 Τὰ
514 779 541 805 δὲ
556 778 623 814 ἄνθη
641 780 669 805 ὲν
689 779 764 813 ἀκμῇ
787 776 854 804 εἶναι
876 777 959 811 λέγει,

177 828 224 856 καλ⁹
238 827 306 863 πρὸς
321 826 406 862 τομὴν
433 825 591 861 ἐπιτηδείως
614 825 695 860 ἔχειν,
713 825 751 856 ὡς
775 826 803 856 ὲς
828 823 959 857 στεφάνου

176 874 289 909 πλοκὴν.
307 874 323 908 ἢ
343 873 435 908 μύρων
461 872 631 908 κατασκευὴν
655 871 824 907 ἀναιρεῖσθαι
853 871 960 901 πάντως
975 863 997 890 Β

176 921 237 951 τοὺς
255 919 415 953 ἀνθολόγους
426 927 432 934 ”
450 919 540 954 ἡδύνει
551 918 586 944 δὲ
603 917 648 944 τὸν
667 917 762 952 καιρὸν
776 918 790 943 ό
804 917 893 950 λόγος,
913 916 960 942 καὶ

175 967 235 998 ταῖς
253 965 306 992 τῶν
321 965 434 1000 ὀρνίθων
448 964 531 999 ᾠδαῖς
551 964 621 991 κατὰ
645 963 679 990 τὰ
692 963 761 997 ἄλση
777 961 960 996 περιηχούμε-

175 1020 229 1043 νον,
253 1010 303 1045 τῆς
328 1010 418 1045 ἡδείας
441 1009 495 1036 τῶν
516 1009 654 1045 τρυγόνων
678 1007 770 1042 φωνῆς
786 1008 845 1038 ταῖς
866 1007 961 1037 ἀκοαῖς

175 1056 374 1092 προσηκούσης.
391 1055 478 1090 Συκῆν
499 1055 526 1081 δὲ
549 1054 624 1088 λέγει
639 1054 686 1080 καὶ
700 1052 830 1087 ἄμπελον,
846 1051 895 1087 τὴν
913 1051 960 1078 ἀπ’

174 1101 262 1128 αὐτῶν
278 1099 462 1136 γενησομένην
476 1098 590 1134 τρυφὴν,
610 1099 665 1128 τοῖς
680 1097 851 1132 φαινομένοις
868 1104 961 1134 προοι-

176 1146 335 1182 μιάζεσθαι“
365 1145 414 1180 τὴν
442 1145 490 1179 μὲν
516 1145 579 1175 τοὺς
615 1142 741 1174 ὀλύνθους
774 1141 958 1177 ἐκφέρουσαν,

173 1193 223 1228 τὴν
241 1191 269 1218 δὲ
282 1191 321 1226 τῷ
344 1190 419 1218 ἄνθει
441 1189 630 1224 κυπρίζουσαν
642 1209 649 1221 ,
665 1189 702 1221 ὡς
723 1188 898 1222 κατατρυφᾷν
910 1187 960 1221 τῆς

174 1237 287 1268 εὐωδίας
306 1236 355 1272 τὴν
378 1236 521 1270 ὖσφρησιν.
539 1235 618 1261 Οὕτω
638 1235 686 1270 μὲν
703 1232 748 1261 οὖν
766 1233 911 1268 ἁϐρύνεται
925 1233 958 1268 τῇ

174 1283 320 1318 ὑπογραφῇ
333 1282 382 1317 τῆς
397 1281 509 1317 ἐαρινῆς
527 1280 599 1316 ὥρας
614 1282 628 1307 ὸ
641 1281 719 1314 λόγος
730 1300 737 1312 ,
750 1279 780 1306 τό
789 1288 819 1305 τε
836 1278 958 1313 σκυθρω-

174 1328 224 1355 πὸν
240 1327 409 1358 ἀποϐάλλων,
430 1326 476 1352 καὶ
496 1326 552 1356 τοῖς
575 1324 752 1359 γλυκυτέροις
765 1322 959 1358 ὲμφιλοχωρῶν

172 1373 331 1408 διηγήμασι.
348 1371 409 1407 Χρὴ
428 1371 472 1402 δὲ,
487 1369 580 1406 οἶμαι,
599 1370 636 1405 μὴ
649 1370 815 1405 παραμεῖναι
836 1369 886 1402 τὴν
902 1368 960 1395 διά-

172 1427 246 1446 νοιαν
264 1420 297 1454 τῇ
317 1418 372 1445 τῶν
392 1416 538 1452 γλαφυρῶν
554 1415 656 1443 τούτων
670 1415 827 1450 ὑπογραφῇ,
843 1414 910 1441 ἀλλά
926 1413 959 1440 δι’

171 1465 261 1492 αὐτῶν
275 1463 441 1500 όδηγηθῆναι
452 1463 520 1498 πρὸς
536 1461 570 1488 τὰ
580 1461 729 1496 δηλούμενα
743 1461 786 1488 διὰ
796 1461 850 1487 τῶν
862 1459 958 1494 λογίων

171 1511 272 1538 τούτων
288 1510 436 1546 μυστήρια,
448 1508 518 1535 ὥστε
529 1507 752 1541 ἀνακαλυφθῆναι
765 1506 809 1532 τὸν
823 1505 958 1541 Θησαυρὸν

170 1556 225 1584 τῶν
237 1555 392 1591 νοημάτων,
418 1554 464 1581 τὸν
481 1552 706 1589 ἐγκεκρυμμένον
725 1553 781 1583 τοῖς
797 1551 911 1587 ῥήμασι.
925 1551 957 1577 Τί

172 1602 218 1632 οὖν
231 1605 305 1631 ἐστιν
323 1604 338 1630 ὂ
354 1610 460 1637 φαμεν;
477 1601 599 1636 Πεπήγει
622 1600 687 1626 ποτὲ
701 1598 741 1634 τῷ
756 1599 805 1634 τῆς
820 1598 959 1625 εἰδωλολα-

171 1649 263 1686 τρείας
280 1647 378 1684 κρυμῷ
396 1648 427 1674 τὸ
440 1646 618 1682 ἀνθρώπινον,
633 1645 682 1680 τῆς
698 1645 838 1680 εὐκινήτου
851 1644 958 1678 φύσεως

171 1696 227 1722 τῶν
247 1693 398 1729 ἀνθρώπων
411 1692 480 1728 πρὸς
499 1691 549 1726 τὴν
562 1690 616 1718 τῶν
629 1690 765 1725 ἀκινήτων
780 1689 958 1724 σεϐασμάτων

172 1741 252 1775 φύσιν
265 1738 489 1775 μεταϐληοείσης.
498 1737 611 1771 Ὅμοιοι
620 1735 685 1770 γὰρ,
697 1735 773 1770 φησὶ,
784 1734 918 1770 γένοιντο
931 1734 958 1760 οι

172 1785 328 1817 ποιοῦντες
348 1783 442 1815 αὐτὰ,
469 1781 519 1809 καὶ
540 1781 651 1814 πάντες
675 1782 702 1808 ot
723 1781 896 1812 πεποιθότες
912 1779 958 1806 ἐπ’

172 1830 285 1863 αὐτοῖς.
303 1829 358 1855 Καὶ
371 1828 402 1854 τὸ
422 1827 495 1859 εἰκὸς
508 1827 538 1854 ὲν
556 1827 612 1858 τοῖς
625 1824 781 1860 γενομένοις
792 1822 837 1860 ἦν.
854 1825 959 1860 ’Ὠσπερ

172 1876 226 1910 γὰρ
249 1875 274 1901 ot
297 1874 347 1909 τὴν
377 1864 508 1908 ἀληθινὴν
526 1868 646 1906 Θεότητα
664 1870 823 1905 βλέποντες,
838 1870 881 1904 ἐφ’
897 1870 959 1896 ἐαυ-

171 1921 225 1948 τῶν
243 1920 364 1955 δέχονται
383 1918 418 1945 τὰ
431 1919 480 1953 τῆς
492 1917 566 1948 Θείας
585 1917 691 1951 φύσεως
706 1916 851 1951 ἰδιώματα·
873 1916 958 1949 οὕτως

173 1967 187 1993 ὁ
201 1967 235 2001 τῇ
251 1965 411 2001 ματαιότητι
422 1964 476 1991 τῶν
491 1963 608 1990 εἰδώλων
621 1962 805 1998 προσανέχων,
819 1971 959 1998 μετεστοι-

174 2011 278 2046 χειοῦτο
291 2010 359 2045 πρὸς
370 2010 400 2036 τὸ
413 2009 586 2045 βλεπόμενον,
599 2007 672 2039 λίθος
683 2007 713 2040 ἐξ
725 2007 869 2043 ἀνθρώπου
887 2007 959 2042 γινό-

174 2065 264 2092 μενος.
296 2055 404 2091 Ἐπειδὴ
427 2055 515 2082 τοίνυν
537 2053 735 2081 ἀπολιθωθεῖσα
759 2053 805 2079 διὰ
830 2054 880 2088 τῆς
902 2052 957 2079 τῶν

171 2102 287 2129 εἰδώλων
299 2101 428 2137 λατρείας
440 2121 447 2134 ,
464 2100 592 2134 ἀκίνητος
610 2097 644 2135 ἦν
659 2099 727 2135 πρὸς
746 2099 777 2126 τὸ
800 2101 924 2135 κρεῖττον
940 2099 957 2134 ὴ

171 2145 267 2180 φύσις,
295 2146 434 2180 πεπηγυῖα
457 2144 496 2179 τῷ
521 2144 571 2179 τῆς
595 2143 813 2185 είδωλολατρείας
841 2143 956 2179 κρυμῷ,

1016 232 1105 260 lumbo
1116 242 1182 261 mea.
1200 235 1330 268 Quoniam
1360 244 1418 262 ecce
1444 235 1525 263 hiems
1554 236 1692 270 praeteriit,
1718 236 1800 262 imber

1014 278 1089 309 abiit,
1106 283 1130 305 et
1141 288 1168 306 se
1183 281 1288 314 recepit.
1308 279 1403 307 Flore:
1415 281 1464 307 visi
1477 286 1538 307 sunt
1557 281 1583 307 in
1597 285 1677 316 terra,
1697 285 1799 314 tempus

1014 325 1157 358 putationis
1181 324 1296 353 advenit.
1325 326 1381 353 Vos:
1398 328 1508 353 turturis
1527 326 1620 353 audita
1636 331 1674 353 est
1688 326 1714 352 in
1728 331 1799 352 terra

1014 374 1114 396 nostra.
1127 369 1209 397 Ficus
1224 371 1333 405 protulit
1342 377 1446 406 grossae
1458 380 1530 398 suos.
1547 371 1616 398 Vites
1626 372 1734 405 ﬂorent,
1753 371 1797 398 de-

1013 415 1107 442 derunt
1128 416 1244 444 odorem.
1266 417 1288 444 0
1309 425 1391 452 quam
1410 418 1546 453 eleganter
1566 418 1644 445 nobis
1668 417 1799 445 describit

1014 461 1085 487 veris
1099 463 1283 489 amtenitatcm
1305 463 1418 491 Crealor
1433 462 1517 495 veris,
1537 462 1582 489 eui
1602 462 1670 489 dicit
1690 462 1794 489 David:

1012 505 1144 533 Αῑδιιιιειη
1155 511 1178 534 et
1192 516 1243 541 ver,
1256 512 1283 534 tu
1298 508 1397 541 ﬁnisti
1411 517 1443 535 ea
1452 508 1485 535 ".
1498 509 1582 535 Solvit
1597 508 1696 535 hiemis
1711 508 1797 535 tristi-

1012 552 1089 584 tiam,
1103 553 1197 580 dicens
1216 554 1358 581 transiisse
1373 553 1512 581 hibernam
1523 554 1692 586 mmstitiam,
1705 557 1731 581 et
1745 554 1798 581 im-

1012 597 1100 625 brium
1115 599 1278 626 molestiam.
1293 598 1417 626 Ostendit
1433 603 1508 634 prata
1525 600 1657 626 scatentia
1674 603 1700 626 et
1715 599 1798 626 deco-

1011 648 1070 670 rata
1083 643 1205 671 lloribu.
1216 644 1309 672 Flores
1324 648 1414 672 autem
1429 644 1494 672 dicit
1512 653 1573 672 esse
1591 645 1617 671 in
1632 653 1682 672 suo
1695 647 1797 680 vigore,

1011 693 1038 716 et
1049 689 1103 724 jam
1118 697 1180 717 esse
1200 690 1376 725 tempestivos
1392 690 1424 717 ad
1441 690 1590 725 putandum
1607 700 1614 718 :
1633 691 1747 725 perinde
1765 698 1798 717 ac

1011 735 1034 762 si
1065 735 1174 770 plexum
1201 744 1308 763 corona:
1336 740 1382 763 aut
1411 737 1541 771 unguenti
1570 737 1796 770 compositionem

1011 781 1121 808 omnino
1137 781 1232 808 tollant
1249 781 1267 808 ii
1284 782 1328 816 qui
1349 782 1439 817 legunt
1454 781 1547 809 ﬂores.
1565 781 1684 816 Tempus
1706 785 1797 809 autem

1011 825 1097 854 laetius
1112 826 1200 854 reddit
1219 827 1317 859 oratio,
1334 828 1425 854 avium
1441 835 1550 862 quoque
1561 828 1688 855 cantibus
1707 827 1734 854 in
1750 826 1798 854 sil-

1011 872 1051 899 vis
1069 872 1273 904 resonantibus,
1303 873 1379 900 suavi
1394 881 1461 901 voce
1482 877 1620 900 turturum
1635 880 1750 901 sonante
1769 874 1797 901 in

1010 917 1132 944 auribus.
1150 916 1244 944 Ficum
1270 921 1361 944 autem
1377 918 1444 945 dicit
1455 923 1481 946 et
1498 919 1591 951 vitem,
1622 926 1739 952 ηυδε-οι
1756 919 1797 946 eis

1010 962 1107 990 futura:
1127 967 1190 990 sunt
1201 963 1312 991 delicias
1329 965 1355 990 in
1369 963 1403 990 iis
1413 971 1473 998 quae
1498 968 1630 998 apparent
1654 964 1774 991 exordiis
1788 974 1794 991 :

1011 1007 1083 1034 illam
1110 1008 1219 1042 quidem
1248 1015 1359 1044 grossos
1379 1009 1586 1044 producentem,
1619 1009 1689 1036 hanc
1705 1015 1795 1036 autem

1009 1051 1131 1079 edentem
1145 1048 1235 1084 ﬂores,
1255 1057 1284 1080 ut
1298 1061 1330 1080 ex
1346 1054 1416 1081 bono
1443 1054 1526 1081 odore
1550 1055 1716 1089 voluptatem
1731 1054 1796 1081 all‘a-

1010 1097 1057 1124 tim
1071 1098 1201 1132 percipiat
1222 1099 1362 1126 odoratus.
1383 1100 1470 1134 Atque
1488 1101 1530 1128 sic
1553 1101 1797 1135 quidem‘luxuriat

1009 1147 1098 1170 Oratio
1112 1144 1139 1170 in
1155 1144 1337 1171 describenda
1359 1153 1442 1172 verno
1468 1150 1601 1180 tempore,
1617 1152 1644 1174 et
1657 1148 1795 1176 tristitiam

1009 1189 1154 1223 repellens.
1173 1193 1200 1216 ct
1214 1189 1338 1217 lubenter
1364 1191 1523 1218 versans-lin
1540 1192 1671 1226 jucundis
1699 1201 1796 1221 narra-

1010 1235 1140 1262 tionibus.
1156 1235 1216 1262 Non
1243 1240 1351 1270 oportet
1365 1241 1467 1269 autem,
1487 1241 1517 1264 ut
1543 1238 1674 1271 arbitror,
1688 1240 1796 1274 cogita-

1011 1281 1112 1306 tionem
1130 1288 1290 1314 permanere
1304 1281 1331 1308 in
1344 1281 1386 1308 his
1397 1281 1541 1310 luculentis
1553 1284 1794 1319 descriptionibus,

1010 1325 1056 1353 sed
1074 1333 1121 1360 per
1150 1333 1196 1353 eas
1211 1326 1307 1353 deduci
1326 1327 1358 1354 ad
1372 1334 1404 1354 ea
1419 1335 1479 1362 quin
1493 1336 1540 1362 per
1561 1329 1617 1356 haec
1632 1331 1739 1365 eloquia
1758 1332 1795 1358 si-

1009 1372 1174 1407 gniﬁcantur
1193 1373 1333 1408 mysteria,
1359 1377 1388 1400 ut
1412 1374 1550 1408 aperiatur
1581 1375 1729 1404 thesaurus
1752 1377 1796 1404 in-

1009 1417 1230 1452 telligentiarum,
1249 1418 1296 1452 qui
1324 1418 1478 1446 occultatur
1499 1419 1527 1446 in
1552 1420 1653 1448 verbis.
1664 1421 1735 1455 Quid
1752 1427 1795 1450 est

1009 1471 1074 1498 ergo
1089 1465 1161 1498 quod
1183 1463 1321 1491 dicimus?
1340 1464 1452 1500 Frigore
1467 1465 1626 1494 idololatriae
1648 1468 1795 1503 aliquando

1010 1513 1185 1536 concreverat
1199 1517 1284 1543 genus
1309 1509 1468 1542 humanum,
1486 1511 1578 1538 mobili
1591 1512 1730 1540 hominum
1745 1522 1795 1541 na-

1009 1559 1070 1581 tura
1084 1562 1216 1582 conversa
1233 1555 1265 1582 ad
1283 1556 1385 1582 cultum
1402 1565 1492 1584 rerum
1506 1557 1697 1586 immobilium.
1714 1559 1795 1587 Simi-

1008 1601 1043 1628 les
1059 1600 1143 1633 enim,
1161 1601 1261 1636 inquit.
1276 1601 1354 1636 ﬁant,
1373 1603 1417 1636 qui
1428 1602 1529 1637 faciunt
1543 1603 1735 1636 illa,etomnes
1749 1606 1794 1640 qui

1007 1647 1141 1681 conﬁdunt
1159 1648 1186 1674 in
1207 1647 1244 1674 eis
1260 1648 1293 1674 ⁸⁵.
1324 1648 1544 1676 Consentaneum
1560 1655 1651 1678 autem
1665 1657 1723 1678 erat
1737 1651 1795 1678 haec

1008 1692 1043 1719 ita
1059 1691 1127 1719 ﬁeri.
1143 1691 1285 1724 Quomodo
1304 1693 1377 1720 enim
1403 1694 1449 1727 qui
1462 1702 1553 1721 veram
1572 1695 1794 1729 aspiciuntDivi-

1006 1738 1138 1771 nitatem,
1165 1738 1192 1765 in
1215 1746 1244 1765 se
1267 1739 1403 1773 accipiunt
1426 1739 1525 1766 divina;
1552 1745 1656 1768 naturae
1673 1741 1795 1776 proprie-

1008 1786 1079 1809 tates
1097 1791 1104 1809 :
1135 1782 1173 1809 ita
1186 1783 1232 1817 qui
1251 1782 1462 1810 simulacrorum
1485 1784 1642 1811 attendebat
1667 1786 1793 1817 vanitati,

1008 1826 1254 1854 transformabatur
1283 1827 1311 1854 in
1342 1827 1367 1855 id
1393 1828 1467 1863 quod
1493 1829 1695 1864 aspiciebatur,
1725 1831 1795 1866 lapis

1007 1872 1096 1900 Iactus
1116 1880 1149 1899 ex
1167 1872 1284 1900 homine.
1305 1872 1439 1906 Quoniam
1460 1882 1525 1909 ergo
1540 1882 1602 1909 quae
1616 1882 1665 1909 per
1685 1876 1791 1903 cultum

1007 1918 1142 1945 idolorum
1171 1917 1333 1953 lapiduerat,
1349 1919 1383 1946 ad
1409 1920 1436 1947 id
1461 1920 1535 1954 quod
1560 1924 1602 1948 est
1617 1921 1715 1949 melius
1732 1927 1794 1950 erat

1008 1963 1156 1992 immobilis
1181 1970 1290 1995 natura.
1317 1969 1444 1992 concreta
1469 1965 1753 2001 frigore-idololatriae
1785 1978 1794 1996 :

1008 2017 1038 2036 ea
1057 2009 1090 2037 de
1101 2017 1186 2037 causa
1203 2013 1315 2044 propter
1329 2017 1451 2044 asperam
1478 2011 1549 2038 hanc
1573 2011 1689 2040 hiemem
1709 2013 1796 2040 oritur

1008 2055 1181 2089 soljustitiaz,
1197 2059 1223 2082 et
1235 2064 1282 2082 ver
1293 2055 1383 2088 eliicit,
1393 2056 1543 2084 meridiano
1558 2062 1640 2085 vento
1652 2059 1723 2086 hanc
1738 2060 1795 2087 sol-

1008 2105 1088 2128 vente
1105 2101 1233 2135 glaciem,
1259 2101 1340 2129 simul
1354 2109 1416 2129 cum
1440 2106 1501 2129 ortu
1526 2103 1665 2131 radiorum
1687 2104 1796 2133 fovente

1009 2146 1143 2181 quidquid
1154 2152 1197 2174 est
1210 2147 1375 2181 subjectum,
1390 2151 1420 2175 ut.
1441 2148 1538 2182 spiritu
1553 2150 1794 2186 excalefactusqui

171 2191 266 2218 τούτου
281 2190 361 2226 χάριν
379 2189 554 2216 ἐπανατέλλει
568 2188 607 2224 τῷ
618 2188 729 2224 χαλεπῷ
741 2189 827 2224 τούτῳ
842 2188 956 2224 χειμῶνι

1010 2200 1056 2227 per
1080 2192 1140 2227 gelu
1174 2193 1255 2219 homo
1270 2192 1441 2227 lapiduerat,
1459 2197 1486 2220 et
1505 2193 1578 2221 fotus
1596 2195 1672 2222 radio
1690 2195 1773 2224 Verbi
1786 2217 1794 2228 .

171 2237 185 2262 ὁ
204 2235 254 2270 τῆς
269 2234 441 2269 δικαιοσύνης
454 2234 539 2269 ἥλιος,
555 2233 601 2260 καὶ
613 2233 663 2268 ἔαρ
676 2235 763 2265 ποιεῖ,
779 2232 826 2260 τοῦ
848 2242 956 2269 μεσημ-

172 2281 264 2317 ϐρινοῦ
275 2280 440 2316 πνεύματος,
452 2279 499 2306 τοῦ
507 2279 556 2315 τὴν
567 2279 693 2314 τοιαύτην
700 2279 853 2311 διαλύοντος
864 2278 955 2314 πῆξιν,

172 2327 230 2361 ἅμα.
244 2328 277 2362 τῇ
293 2325 407 2361 ἀνατολῇ
424 2325 478 2352 τῶν
497 2325 612 2352 ἀκτίνων
628 2324 822 2356 ὲπιθάλποντος
836 2325 909 2352 ἅπαν
926 2325 957 2352 τὺ

173 2371 367 2405 ὑποκείμενον·
386 2371 429 2397 ἵνα
445 2369 650 2406 διαθερμανθεὶς
670 2368 708 2404 τῷ
726 2370 860 2405 πνεύματι
879 2371 893 2396 ὁ
914 2370 959 2397 διὰ

172 2416 219 2443 τοῦ
236 2415 335 2451 κρύους
351 2415 528 2447 ἀπολιθωθεὶς
542 2415 700 2452 ἄνθρωπος,
716 2415 762 2442 καὶ
777 2416 958 2451 ὑποθαλφθεὶς

173 2462 206 2496 τῇ
220 2462 309 2488 ἀκτῖνι
321 2461 368 2487 τοῦ
386 2461 473 2495 Λόγου
485 2481 492 2493 ,
507 2461 587 2488 πάλιν
601 2461 714 2496 γένηται
724 2461 796 2497 ὕδωρ
811 2462 958 2497 ἁλλόμενον

173 2508 214 2538 εις
229 2506 301 2542 ζωὴν
317 2506 434 2533 αἰώνιον.
455 2508 583 2534 Πνεύσει
599 2507 655 2543 γὰρ
666 2528 673 2539 ,
690 2508 773 2544 φησὶ,
786 2507 820 2534 τὸ
841 2507 959 2542 πνεῦμα

173 2552 277 2584 αὑτοῦ,
293 2552 341 2579 καί
350 2551 497 2586 ρυήσεται
507 2552 601 2580 ὕδατα
619 2554 825 2588 στρεφομένης
841 2553 897 2588 τῆς
908 2553 959 2580 πέ-

173 2606 245 2632 τρας
259 2599 303 2630 εις
321 2597 431 2632 λίμνας
445 2597 574 2630 ὑδάτων,
593 2598 710 2634 καὶτῆς
731 2600 897 2634 ἀκροτόμου
916 2600 960 2632 είς

174 2644 272 2677 πηγὰς
285 2642 413 2670 ὑδάτων.
431 2643 517 2678 Ὅπερ
540 2644 703 2680 γυμνότερον
725 2645 793 2681 πρὸς
811 2645 874 2676 τοὺς
895 2645 959 2671 ’lou-

174 2687 264 2720 δαίους
284 2689 299 2714 ό
321 2688 475 2720 Βαπτιστῦης
499 2688 643 2724 ἀνεϐόησε,
672 2690 759 2726 λέγων
782 2691 845 2722 τοὺς
870 2690 959 2723 λίθους

210 2784 233 2798 ⁸⁸³
253 2787 325 2815 Psal.
344 2795 441 2821 Lxxut,
466 2789 508 2816 l7.

561 2789 584 2806 ⁸⁸
604 2788 676 2817 Psal.
695 2797 775 2823 cxlu,
802 2790 828 2818 8.

178 2821 200 2837 ⁸³⁵
218 2822 314 2851 Matth.
337 2830 378 2855 ιιι,
397 2823 424 2850 9.

880 2791 902 2807 "
922 2790 1000 2818 Joan.
1026 2799 1062 2825 Iv,
1084 2793 1127 2820 Η.

1009 2246 1106 2266 rursus
1122 2238 1168 2265 liat
1181 2246 1252 2273 aqua
1265 2238 1367 2266 saliens
1383 2238 1411 2265 in
1421 2239 1503 2266 vitam
1513 2244 1642 2267 azternam
1652 2241 1686 2269 ⁸⁸,
1704 2241 1796 2270 Flabit

1005 2283 1079 2311 enim
1096 2283 1204 2316 spiritus
1224 2282 1291 2316 ejus,
1315 2283 1414 2318 inquit,
1434 2286 1458 2310 et
1482 2283 1564 2317 ﬂuent
1585 2292 1660 2319 aqnw
1680 2285 1714 2318 “,
1732 2294 1796 2312 con-

1005 2336 1081 2354 verso
1102 2333 1176 2361 petra
1201 2327 1228 2354 in
1249 2327 1323 2367 {acus
1348 2337 1490 2364 aquarum.
1515 2335 1540 2357 et
1561 2339 1624 2364 rupe
1650 2332 1678 2358 in
1705 2331 1791 2366 fontes

1007 2380 1137 2408 aquarum
1153 2372 1282 2406 ".-Quod
1297 2373 1407 2408 quidem
1421 2375 1544 2410 apertius
1557 2375 1660 2405 Iudaeis
1671 2378 1794 2413 Baptista

1012 2419 1148 2452 clamavit,
1159 2419 1263 2452 dicens,
1277 2420 1380 2455 lapides
1388 2429 1448 2449 esse
1458 2423 1645 2455 suscitandos.
1657 2427 1687 2452 ut
1701 2424 1797 2452 ﬁerent

1012 2466 1059 2493 lilii
1087 2466 1248 2501 patriarclne
1265 2466 1380 2493 Abrahae
1398 2467 1420 2482 ⁸⁸
1436 2467 1461 2494 ei
1479 2468 1623 2496 assimilati
1644 2477 1692 2503 per
1707 2469 1797 2497 virtu-

1011 2516 1076 2540 tem.
1100 2511 1162 2539 Πεοο
1185 2519 1251 2547 ergo
1271 2520 1286 2539 a
1300 2511 1390 2540 Verbo
1404 2513 1478 2540 audit
1495 2513 1616 2541 Ecclesia
1627 2535 1635 2547 ,
1657 2522 1706 2549 per
1722 2515 1796 2542 fene-

1012 2560 1084 2584 stras
1113 2557 1286 2591 propheticas
1307 2561 1335 2584 et
1363 2558 1463 2593 legales
1494 2559 1630 2587 cancellos
1658 2561 1797 2595 accipiens

1013 2602 1184 2637 splendorem
1215 2602 1338 2630 veritatis
1359 2612 1365 2629 :
1390 2611 1452 2630 cum
1482 2605 1646 2632 consisteret
1666 2605 1797 2632 doctrina

1012 2647 1103 2682 paries
1120 2647 1226 2682 typicus
1237 2668 1244 2680 ,
1270 2647 1313 2674 lex
1325 2667 1331 2679 ,
1364 2648 1492 2683 inquam.
1521 2657 1582 2684 quae
1603 2649 1719 2677 faciebat
1736 2658 1798 2676 um-

1013 2692 1088 2720 bram
1104 2693 1257 2721 l'uturorum
1282 2693 1427 2727 bonorum,
1449 2703 1504 2722 non
1523 2700 1613 2722 autem
1633 2694 1798 2722 ostendebat

1176 2793 1198 2809 ⁸⁸
1217 2793 1288 2820 Psal.
1311 2801 1412 2825 cxtvn,
1439 2793 1483 2820 18.
1535 2793 1557 2809 ⁸⁷
1577 2791 1648 2820 Psal.
1675 2800 1753 2826 cxtu,
1769 2793 1796 2821 8.
