1984 3068
189 134 242 162 867

812 135 840 164 S.
861 136 1027 166 GREGORII
1049 136 1197 166 NYSSENI

1761 136 1813 164 863

189 192 277 226 ipsam
296 199 385 220 rerum
400 191 557 227 imaginem,
581 197 740 228 postquam
765 195 856 222 stabat
876 195 975 222 veritas

1029 195 1140 227 τούτους
1156 193 1328 231 ἐγείρεσθαι,
1348 194 1388 226 εἰς
1404 195 1435 221 τὸ
1450 194 1576 228 γενέσθαι
1594 194 1678 222 τέκνα
1695 194 1741 222 τοῦ
1759 195 1810 221 l'la-

189 239 294 267 haerens
312 239 414 273 ﬁgurae,
433 238 551 273 primum
565 239 675 273 quidem
688 248 736 274 per
750 242 896 275 prophetas
914 241 980 268 γει·-

189 285 252 312 bum
267 284 408 326 illustrans
419 284 546 312 Ecclesia:
556 293 563 311 :
572 290 664 319 postea
673 290 764 313 autem
777 286 912 323 Evangelii
926 296 981 315 ma-

188 330 366 358 nifestatione
376 335 555 358 consumente
571 339 680 360 omnem
692 333 874 360 umbraticam
887 334 979 368 figura:

188 376 385 411 visioncm,per
393 385 472 412 quam
484 378 633 405 destruitur
640 379 749 413 quidem
758 380 847 414 paries
857 381 981 408 interme-

189 421 261 454 dius,
271 423 447 457 conjungilur
456 428 546 451 autem
554 425 600 459 qui
609 429 650 452 est
660 426 686 453 in
693 425 774 452 domo
782 433 828 452 aer
835 427 888 454 luci
898 427 980 455 aethe-

190 476 252 498 reze.
269 469 337 495 adeo
355 473 384 496 ut
402 477 455 496 non
471 470 589 504 amplius
603 479 672 506 opus
686 471 793 504 habeat,
815 475 844 498 ut
862 473 887 499 ei
918 473 977 499 illu-

188 517 280 540 ccscat
295 522 341 548 per
357 513 502 546 fenestras,
522 523 583 542 cum
603 515 660 550 ipsa
674 517 719 542 lux
735 524 798 543 vera
816 524 864 551 per
883 517 975 544 radios

188 560 362 594 cvangelicos
377 561 469 587 omnia
489 569 550 595 qua:
565 565 630 588 sunt
657 562 800 590 illuminet.
830 561 975 597 Propterea

190 604 307 632 Verbum
338 606 437 632 clamat
463 607 592 633 Ecclesia:
621 615 668 641 per
695 607 839 638 fenestras,
864 607 972 642 erigens

188 649 283 681 elisos,
299 654 325 676 et
342 649 437 677 dicens
453 659 459 677 :
479 650 566 685 Surge
586 658 647 685 quae
664 652 739 686 lapsa
757 659 787 678 es
816 651 844 678 in
869 651 974 678 lubrico

189 696 293 729 peccati
312 703 404 727 aeno,
423 704 483 730 quae
498 703 512 722 a
540 700 665 731 serpente
687 696 763 724 fuisti
787 697 925 731 impedita,
948 701 975 724 et

188 740 311 768 cecidisti
329 741 356 768 in
372 745 488 774 terram.
505 746 532 769 et
545 741 620 769 fuisti
638 742 754 776 inlapsu
774 741 974 775 inobedientiat,

188 793 279 820 surge.

1027 243 1166 278 τριάρχου,
1175 241 1208 267 δι’
1219 241 1321 276 ἀρετῆς
1332 240 1506 275 ὀμοιούμενσ..
1520 240 1612 266 Ταῦτα
1622 239 1709 266 τοίνυν
1722 239 1816 266 ἀκούει

1027 286 1075 313 τοῦ
1091 287 1177 320 Λόγου
1199 287 1216 322 ἡ
1239 285 1397 320 Ἐκκλησία,
1415 285 1459 311 διὰ
1475 285 1528 311 τῶν
1548 284 1723 320 προφητικῶν
1740 285 1816 320 θυρί-
1849 307 1853 311 .

1029 333 1081 359 δων
1104 332 1151 359 καὶ
1167 332 1221 358 τῶν
1248 331 1367 366 νομικῶν
1390 331 1508 358 δικτύων
1538 330 1669 366 δεχομένη
1691 331 1741 365 τὴν
1765 331 1817 366 τῆς

1030 378 1157 413 ἀληθείας
1174 379 1270 413 αὐγὴν,
1285 378 1325 404 ἔτι
1340 377 1504 408 συνεστῶτος
1517 377 1564 403 τοῦ
1585 377 1699 403 τυπικοῦ
1716 377 1766 412 τῆς
1778 377 1816 404 δι-

1031 423 1178 454 δασκαλίας
1195 423 1297 458 τοίχου,
1318 422 1365 449 τοῦ
1389 422 1471 457 νόμου
1491 421 1578 456 λέγω,
1601 422 1649 448 τοῦ
1670 421 1720 457 τὴν
1738 422 1816 449 σκιὰν

1030 469 1170 500 ποιοῦντος
1186 469 1239 495 τῶν
1250 469 1400 504 μελλόντων
1417 469 1538 503 ἀγαθῶν,
1554 469 1602 495 οὒκ
1622 469 1706 504 αὐτὴν
1720 470 1768 504 τὴν
1782 470 1817 495 εί-

1028 515 1096 541 ’κόνα
1111 514 1165 540 τῶν
1181 514 1354 549 πραγμάτων
1375 513 1552 546 δεικνύοντος,
1569 511 1599 540 οὗ
1613 514 1726 540 κατόπιν
1743 514 1816 540 ἵστα-

1027 570 1071 587 ται
1088 561 1105 595 ἡ
1125 559 1237 595 ἀλήθεια
1257 559 1374 594 ἐχομένη
1392 558 1439 585 τοῦ
1455 558 1556 584 τύπου·
1581 558 1688 594 πρῶτον
1706 558 1754 593 μὲν
1772 559 1816 585 διὰ

1027 606 1079 632 τῶν
1089 605 1235 642 προφητῶν
1246 605 1432 639 ὲναυγάςουσα
1443 606 1475 639 τῇ
1497 604 1643 639 Ἐκκλησία
1656 604 1701 630 τὸν
1714 603 1799 637 Λόγον
1807 612 1813 618 ·

1028 653 1096 687 μετὰ
1113 652 1199 678 ταῦτα
1221 651 1249 678 δὲ
1268 653 1300 686 τῇ
1327 650 1479 686 φανερώσει
1503 650 1550 678 τοῦ
1580 650 1744 684 Εὐαγγελίου
1762 650 1816 676 πᾶ-

1028 707 1077 724 σαν
1090 698 1136 725 τοῦ
1144 695 1229 724 τύπου
1241 697 1290 733 τὴν
1299 696 1417 731 σκιοειδῆ
1432 696 1580 730 φαντασίαν
1591 695 1814 728 ἐξαναλίσκουσα,

1027 743 1059 769 δι’
1074 741 1108 778 ἧς
1124 742 1297 778 καθαιρεϊται
1322 742 1370 776 μὲν
1393 741 1424 767 τὸ
1452 740 1623 775 μεσότοιχον·
1651 741 1815 768 συνάπτεται

1029 788 1057 814 δὲ
1071 789 1085 814 6
1103 789 1132 814 ἐν
1154 787 1194 822 τῷ
1210 788 1276 822 οῐκῳ
1289 787 1342 822 ἀὴρ
1357 786 1424 821 πρὸς
1438 786 1468 812 τὺ
1484 785 1604 821 αἰθέριον
1618 786 1676 820 φῶς
1687 806 1694 817 ,
1708 786 1745 817 ὠς
1763 794 1815 821 μη-

189 831 248 858 κέτι
269 831 313 858 διὰ
331 832 385 858 τῶν
402 832 519 868 θυρίδων
537 833 633 868 χρείαν
669 833 741 868 ἔχειν
774 833 1018 869 περιαυγάζεσθαι,
1039 834 1122 861 αὑτοῦ
1135 834 1182 861 τοῦ
1200 833 1326 868 ἀληθινοῦ
1343 833 1429 868 φωτὸς
1441 832 1485 859 διὰ
1504 832 1558 858 τῶν
1569 833 1753 866 εύαγγελικῶν
1769 833 1815 859 ἀκ-

187 877 267 904 τίνων
308 879 343 905 τὰ
366 878 439 905 ἔνδον
468 879 555 906 πάντα
574 879 819 913 καταφωτίζοντος.
843 880 892 906 Διὰ
930 880 1010 907 τοῦτο
1030 880 1116 916 ἐμϐοᾷ
1127 881 1171 908 διὰ
1183 880 1238 907 τῶν
1252 879 1426 914 φωταγωγῶν
1439 879 1471 913 τῇ
1495 878 1641 914 Ἐκκλησία
1655 880 1668 905 ὁ
1682 878 1767 912 Λόγος
1778 898 1786 910 ,
1799 877 1814 902 ὁ

187 923 307 960 ἀνορθῶν
323 925 385 956 τοὺς
400 926 648 961 κατερῤαγμὲνους,
685 926 772 960 λέγων
785 935 791 942 ’
818 927 973 963 Ἀνάστηθι,
989 928 1136 963 δηλαδὴ”ὲκ
1153 927 1201 954 τοῦ
1217 927 1377 962 πτώματος,
1393 927 1409 961 ἡ
1424 926 1463 961 τῷ
1481 925 1586 961 αἰσχρῷ
1613 925 1663 960 τῆς
1679 925 1812 961 ἁμαρτίας

187 969 382 1004 ἐνολισθήσασα
394 990 402 1001 ,
423 971 440 1005 ἡ
455 971 668 1006 συμποδισθεῖσα
687 972 731 999 διὰ
745 971 792 998 τοῦ
808 973 896 1008 ὄφεως
906 993 912 1005 ,
928 974 976 1000 καὶ
994 975 1034 1006 εἰς
1053 974 1105 1009 γῆν
1119 973 1250 1006 πεσοῦσα,
1267 972 1315 1000 καὶ
1331 973 1360 999 ὲν
1377 971 1416 1007 τῷ
1429 971 1556 1007 πτώματι
1590 971 1640 1007 τῆς
1673 971 1815 1007 παρακοῆς

187 1017 333 1052 γενομένη,
347 1017 462 1044 ἀνάστα.

222 1106 281 1134 Non
295 1113 384 1134 autem
403 1107 451 1134 tibi
477 1107 588 1140 suflicit,
613 1109 712 1146 inquit,
732 1118 747 1138 a
777 1111 855 1147 lapsu
884 1114 973 1140 solum

1063 1110 1120 1137 Οὐκ
1144 1110 1224 1144 ἀρκεῖ
1239 1109 1267 1135 δέ
1289 1117 1330 1135 σοι
1345 1108 1375 1134 τὺ
1390 1107 1586 1144 ἀνορθωθῆναι,
1604 1107 1696 1143 φησὶν,
1721 1108 1753 1134 ὲκ
1767 1108 1813 1135 τοῧ

186 1154 272 1189 erigi,
289 1153 338 1181 sed
362 1154 443 1181 etiam
467 1155 632 1189 progredere
657 1164 705 1191 per
726 1158 860 1185 virtutum
886 1159 976 1194 profe-

187 1204 274 1231 ctum,
294 1207 406 1227 cursum
427 1207 562 1235 peragens
577 1201 604 1228 in
630 1202 741 1230 virtute.
763 1203 840 1236 Quod
864 1205 974 1239 quidem

187 1246 337 1273 didicimus
351 1246 380 1273 in
402 1246 565 1281 paralytico.
593 1246 654 1274 Non
681 1249 770 1275 solum
796 1249 869 1276 enim
895 1250 976 1278 edicit

186 1291 304 1319 Verbum
326 1297 356 1318 ut
390 1292 470 1319 tollat
484 1299 554 1320 onus
566 1293 632 1320 illud
644 1293 718 1324 lecti,
729 1294 775 1321 sed
787 1295 870 1322 etiam
886 1295 975 1330 ipsum

185 1337 264 1373 jubet
283 1338 425 1365 ambulare
435 1339 468 1365 ".
488 1338 548 1372 Quo
576 1339 642 1365 mihi
672 1339 782 1366 videtur
810 1340 973 1375 Scriptura,

187 1391 236 1418 per
250 1385 420 1411 transeuntis
436 1387 551 1416 motum,
575 1384 732 1419 signiﬁcare
757 1393 932 1420 progressum
948 1391 975 1414 et

187 1433 363 1464 augmentum
379 1430 407 1456 in
425 1430 498 1456 bono
509 1430 543 1456 ’°.
562 1429 655 1465 Surge,
673 1431 772 1466 inquit,
784 1437 808 1458 et
821 1434 886 1460 veni.
898 1432 921 1460 Ο
934 1433 975 1460 vis

184 1474 282 1509 jussus
304 1479 330 1502 et
350 1475 457 1509 imperii
472 1474 510 1500 "l
529 1474 578 1502 Est
600 1483 695 1503 revera
713 1483 765 1503 vox
788 1477 897 1505 virtutis
922 1485 974 1505 vox

187 1519 248 1552 Dei,
264 1523 295 1546 ut
309 1519 397 1554 inquit
407 1519 552 1547 Psalmista
565 1529 572 1546 τ
585 1519 718 1553 Quoniam
730 1529 788 1549 ecce
802 1522 877 1548 dabit
889 1531 975 1553 vocem

187 1574 275 1597 suam,
289 1573 376 1592 vocem
394 1565 520 1592 virtutis:
539 1570 577 1597 et,
597 1565 657 1600 Ipse
682 1567 750 1593 dixit
763 1572 788 1594 et
808 1568 882 1602 facta
903 1574 974 1602 sunt,

188 1613 243 1645 ipse
257 1611 394 1638 mandavit
417 1615 442 1638 et
462 1616 554 1638 creata
564 1617 636 1638 sunt.
667 1613 738 1640 Ecce
762 1621 837 1641 nunc
864 1622 975 1649 quoque

188 1657 259 1684 dixit
271 1657 395 1691 jacenti:
412 1657 496 1692 Surge
509 1662 534 1684 et
551 1657 608 1684 veni
619 1665 629 1684 :
646 1662 672 1685 et
688 1658 781 1685 statim
797 1658 831 1685 ad
842 1665 911 1693 opus
927 1659 975 1686 de-

188 1702 300 1728 ducitur
312 1701 385 1736 quod
399 1701 520 1735 jubetur.
531 1701 596 1728 Nam
615 1702 696 1729 simul
706 1706 789 1738 atque
800 1703 906 1738 accepit
919 1703 974 1730 vim

189 1746 284 1778 Verbi,
301 1750 356 1773 stat
371 1751 399 1773 et
415 1746 532 1777 assistit,
548 1751 575 1774 et
591 1747 625 1774 ad
645 1747 735 1774 lumen
761 1754 845 1782 prope
858 1747 973 1778 accedit.

1027 1156 1181 1191 πτώματος,
1203 1155 1271 1181 ἀλλὰ
1284 1155 1331 1181 καὶ
1347 1154 1478 1189 πρόσελθε
1495 1154 1539 1180 διὰ
1562 1155 1610 1189 τῆς
1633 1154 1686 1180 τῶν
1706 1154 1814 1188 ἀγαθῶν

1027 1201 1177 1237 προκοπῆς,
1195 1201 1241 1227 τὸν
1254 1202 1282 1227 ὲν
1297 1201 1380 1236 ἀρετῇ
1399 1199 1543 1226 διανύουσα
1556 1200 1665 1235 δρόμον.
1681 1200 1770 1234 Ὅπερ
1783 1200 1814 1236 δὴ

1026 1248 1073 1274 καὶ
1097 1248 1145 1273 ἐπὶ
1168 1247 1215 1273 τοῦ
1245 1246 1432 1282 παραλυτικοῦ
1458 1245 1670 1281 μεμαθήκαμεν.
1697 1245 1735 1273 Οὐ
1760 1246 1814 1281 γὰρ

1025 1294 1174 1329 διανίστησι
1206 1294 1286 1328 μόνον
1318 1295 1333 1319 ὁ
1359 1293 1446 1327 Λόγος
1471 1293 1501 1318 τὸ
1528 1292 1702 1318 ὲπικλινίδιον
1732 1292 1815 1327 ἄχθος

1026 1340 1123 1372 ἐκεῖνο,
1138 1339 1204 1366 ἀλλὰ
1223 1339 1270 1365 καὶ
1287 1339 1448 1374 περιπατεῖν
1463 1337 1646 1371 ὲγκελεύεται.
1660 1338 1747 1372 Ὅπερ
1770 1346 1814 1372 μοι

1025 1385 1098 1410 δοκεῖ
1115 1384 1165 1419 τὴν
1187 1383 1256 1419 πρὸς
1269 1383 1299 1409 τὸ
1314 1383 1438 1417 κρεῖττον
1451 1382 1566 1418 πρόοδόν
1580 1391 1610 1408 τε
1633 1382 1681 1408 καὶ
1702 1382 1815 1416 αὔξησιν

1025 1430 1068 1456 διὰ
1093 1430 1142 1464 τῆς
1161 1429 1343 1465 μεταϐατικῆς
1368 1429 1500 1464 κινήσεως
1526 1427 1670 1463 σημαίνειν
1691 1429 1705 1455 ὁ
1725 1426 1813 1462 λόγος.

1031 1474 1157 1501 Ἀνάστα
1177 1472 1234 1506 οὖν,
1256 1474 1332 1509 φησὶ,
1348 1473 1397 1501 καὶ
1419 1473 1531 1505 ἔξελθε.
1560 1473 1591 1499 Ὢ
1606 1473 1815 1508 προστάγματος

1024 1520 1155 1555 δύναμιςῑ
1181 1520 1265 1551 ὖντως
1284 1519 1360 1555 φωνὴ
1385 1518 1525 1554 δυνάμεώς
1548 1519 1622 1545 ἐστιν
1640 1519 1656 1553 ή
1675 1518 1751 1554 φωνὴ
1766 1519 1814 1545 τοῦ

1024 1566 1103 1598 Θεοῦ,
1115 1565 1204 1597 καθὼς
1215 1566 1231 1601 ἡ
1242 1565 1386 1601 ψαλμῳδία
1398 1565 1479 1600 φησὶν
1489 1586 1497 1598 ,
1514 1565 1555 1590 ὅτι
1573 1564 1645 1590 Ἰδοὺ
1659 1564 1747 1591 δώσει
1758 1564 1816 1598 τὴν

1025 1612 1130 1646 φωνὴν
1143 1611 1246 1644 αὑτοῦ,
1259 1610 1363 1646 φωνὴν
1378 1609 1540 1645 δυνάμεως.
1556 1610 1621 1642 Καὶ,
1635 1610 1728 1643 Αὐτὸς
1739 1608 1814 1642 εἷπε,

1025 1658 1073 1685 καὶ
1106 1657 1313 1693 ἐγενήθησαν·
1339 1657 1428 1689 αὐτὸς
1453 1655 1632 1688 ἐνετείλατο,
1663 1656 1711 1682 καὶ
1737 1656 1815 1682 ἐκτι-

1025 1705 1157 1736 σθησαν.
1186 1703 1252 1730 Ἰδοὺ
1279 1702 1325 1729 καὶ
1349 1701 1398 1729 νῦν
1421 1699 1481 1728 εἷπε
1507 1701 1576 1736 πρὸς
1598 1701 1648 1736 τὴν
1667 1701 1815 1736 κειμένην,

1026 1749 1067 1775 ὅτι
1088 1748 1260 1782 Ἆνάστηθι’
1279 1749 1335 1781 καὶ,
1348 1748 1388 1775 ὅτι
1400 1749 1567 1782 Πρόσελθε·
1582 1749 1629 1775 καὶ
1640 1748 1719 1780 εὐθὺς
1735 1749 1815 1783 ἔργον

189 1797 220 1819 ut
235 1796 352 1820 testatus
367 1796 410 1819 est
431 1792 490 1826 ipse
514 1792 560 1827 qui
575 1800 633 1819 eam
653 1781 779 1825 vocavit,
796 1781 858 1820 cum
876 1793 917 1820 sic
933 1793 975 1820 di-

1026 1793 1056 1820 τὺ
1078 1781 1241 1830 πρόσταγμα
1267 1793 1381 1827 γίνεται.
1411 1792 1492 1828 Ὁμοῦ
1510 1793 1563 1829 γὰρ
1578 1793 1609 1820 τὺ
1625 1781 1757 1825 δέξασθαι.
1766 1793 1814 1819 τοῦ

188 1838 274 1866 sisset
285 1837 516 1872 Verbum:Surge,
532 1838 598 1869 veni,
612 1838 760 1873 propinqua
775 1846 843 1872 mea,
854 1837 977 1865 columba

188 1893 256 1912 mea.
276 1884 343 1917 Quis
358 1888 401 1911 est
416 1884 461 1912 hic
478 1883 546 1911 ordo
561 1884 721 1911 sermonis?
744 1884 975 1919 quemadmodum

188 1931 307 1960 cohaeret
322 1931 438 1958 alterum
453 1931 530 1957 alteri
545 1930 557 1956 ?
575 1930 808 1965 quemadmodum
828 1937 977 1958 conserva-

189 1981 235 2003 tur
249 1983 298 2010 per
310 1975 420 2006 seriem,
432 1978 563 2009 tanquam
576 1975 604 2002 in
615 1975 709 2010 aliquo
721 1979 829 2010 torque,
845 1982 976 2002 sensuum

189 2021 411 2056 consequentia?
425 2020 514 2047 ~Audit
535 2021 643 2055 jussum
657 2031 663 2048 :
685 2021 769 2048 verbo
798 2020 977 2047 confirmatur

191 2075 223 2095 ac
250 2067 405 2098 roboratur,
434 2066 580 2097 excitatur,
607 2066 729 2098 accedit,
759 2065 974 2100 appropinquat,

191 2113 305 2148 pulchra
322 2112 457 2144 redditur,
488 2111 615 2138 columba
634 2111 801 2138 nominatur.
832 2110 976 2144 Quomodo

189 2159 262 2186 enim
278 2161 368 2193 potest
385 2157 443 2184 ﬁeri
467 2165 496 2183 ut
513 2157 542 2184 in
559 2157 671 2192 speculo
701 2157 816 2191 pulcher
832 2157 868 2184 sit
894 2163 975 2190 aspe-

189 2210 261 2235 ctus,
278 2205 300 2231 si
318 2212 373 2230 non
389 2204 510 2238 pulchrae
525 2203 643 2237 alicujus
659 2202 752 2231 formae
776 2202 912 2237 aecepcrit
935 2202 976 2229 si-

190 2250 364 2278 mulacrum?
379 2250 450 2285 Ergo
479 2249 604 2276 humana:
621 2256 731 2283 quoque
755 2252 861 2275 naturae
876 2255 974 2282 specu-

190 2297 244 2323 lum
271 2303 325 2322 non
355 2295 431 2329 prius
448 2294 535 2321 evasit
563 2294 719 2328 pulchrum,
750 2301 831 2328 quam
859 2293 975 2328 pulchro

189 2340 428 2375 appropinquavit,
446 2343 473 2366 et
485 2338 660 2366 informatum
680 2338 731 2365 fuit
746 2339 864 2373 imagine
876 2338 975 2366 divina:

189 2386 412 2421 pulchritudinis.
434 2385 577 2418 Quomodo
608 2385 681 2412 enim
713 2386 848 2420 serpentis
879 2385 975 2412 habuit

189 2431 307 2467 speciem
328 2431 450 2467 quandiu
463 2431 537 2458 humi
553 2431 649 2466 jacuit.
665 2435 692 2458 et
704 2430 738 2458 ad
749 2431 838 2466 ipsum
849 2431 972 2465 aspexit:
990 2448 1010 2475 ιτ

188 2477 282 2504 eodem
296 2477 376 2503 modo
388 2481 532 2511 postquam
543 2477 673 2508 surrexit,
691 2480 717 2503 et
730 2476 829 2503 bonum
846 2476 897 2503 sibi
910 2480 973 2503 ante

189 2521 286 2548 oculos
301 2521 402 2555 posuit,
415 2525 496 2556 atque
509 2521 575 2548 vitio
590 2525 665 2556 terga
678 2521 770 2553 vertit,
786 2520 972 2548 conformatur

187 2567 271 2593 etiam
290 2566 328 2597 illi
342 2565 376 2592 ad
391 2565 464 2601 quod
482 2566 591 2600 aspicit.
607 2566 711 2600 Aspicit
724 2569 813 2593 autent
827 2565 859 2592 ad
872 2565 973 2599 prima-

188 2614 257 2640 riam
287 2617 314 2639 et
342 2612 522 2647 exemplarem
553 2611 809 2646 pulchritudinem:
842 2615 970 2637 caeterum

187 2658 313 2686 (olumba
330 2657 505 2692 pulchritudo
520 2661 572 2684 est.
589 2656 736 2690 Propterea
760 2663 822 2682 cum
848 2655 901 2682 luci
923 2663 971 2690 ap-

186 2703 386 2739 propinquarit,
404 2703 448 2730 lux
465 2702 589 2729 efﬁcitur.
604 2701 634 2728 In
648 2701 708 2728 luce
727 2704 817 2728 autem
841 2704 971 2734 tanquam

186 2749 276 2784 imago
289 2749 467 2784 efﬁngebatur
487 2747 592 2782 species
604 2746 746 2778 columbae,
762 2746 847 2780 illius,
860 2746 970 2781 inquam

1022 1838 1110 1873 Λόγου
1120 1839 1170 1875 τὴν
1183 1840 1307 1875 δύναμιν,
1322 1839 1369 1866 καὶ
1384 1839 1500 1871 ἵσταται,
1515 1839 1562 1866 καὶ
1579 1839 1753 1875 παρίσταται,
1766 1838 1815 1865 καὶ

1026 1885 1139 1920 πλησίον
1152 1885 1256 1919 γίνεται
1272 1885 1319 1912 τοῦ
1343 1884 1441 1919 φωτὸς,
1460 1885 1498 1917 ὼς
1511 1885 1557 1911 ὑπ’
1573 1885 1656 1912 αὐτοῦ
1670 1885 1716 1911 τοῦ
1731 1885 1814 1911 καλέ-

1026 1939 1122 1963 σαντος
1143 1931 1229 1966 αὐτὴν
1261 1930 1490 1966 μεμαρτύρηται,
1514 1930 1600 1962 οὕτως
1624 1930 1745 1961 εἰπόντος
1764 1930 1812 1956 τοῦ

1027 1976 1125 2011 Δόγοιν
1144 1976 1279 2007 Ἀνάστα,
1294 1975 1375 2008 ἐλθὲ,
1393 1976 1411 2009 ἡ
1427 1977 1560 2009 πλησίον
1570 1985 1640 2010 μου,
1655 1976 1732 2009 καλή
1741 1985 1811 2010 μου,

1025 2022 1183 2057 περιστερά
1195 2030 1264 2056 μου.
1280 2021 1327 2053 Τίς
1348 2022 1364 2056 ἡ
1387 2021 1462 2053 τάξις
1479 2021 1547 2056 αὕτη
1563 2021 1609 2048 τοῦ
1630 2021 1725 2056 λόγους
1749 2022 1813 2053 Πῶς

1025 2067 1117 2102 ἔχεται
1138 2067 1168 2094 τὺ
1190 2067 1283 2102 ἕτερον
1307 2066 1354 2093 τοῦ
1378 2067 1494 2102 ἑτέρου;
1525 2067 1588 2098 Πῶς
1611 2067 1727 2099 σώζεται
1749 2068 1811 2094 καθ’

1025 2114 1120 2149 εἱρμὸν
1132 2114 1225 2149 ὥσπερ
1245 2114 1274 2140 ἐν
1293 2113 1387 2140 ἁλύσει
1402 2114 1456 2140 τινὶ
1472 2114 1503 2140 τὸ
1522 2113 1576 2140 τῶν
1592 2114 1735 2148 νοημάτων
1748 2113 1813 2140 ἀκό-

1025 2159 1133 2191 λουθον;
1150 2159 1256 2185 Ἀκούει
1267 2158 1316 2185 τοῦ
1329 2159 1540 2195 προστάγματος
1549 2168 1556 2174 ι
1567 2159 1762 2194 ὲνδυναμοῦται
1773 2158 1812 2193 τῷ

1025 2205 1112 2240 λόγῳ,
1139 2205 1291 2240 ἐγείρεται,
1316 2204 1517 2240 προσέρχεται,
1547 2203 1710 2239 πλησιάζει,
1742 2203 1811 2239 καλὴ

1025 2251 1138 2285 γίνεται,
1151 2249 1300 2285 περιστερὰ
1309 2249 1480 2285 ὀνομάζεται.
1495 2249 1557 2281 Πῶς
1567 2250 1621 2284 γάρ
1631 2250 1688 2275 ἐστι
1699 2249 1811 2276 δυνατὸν

1025 2295 1110 2329 καλὴν
1119 2295 1179 2328 ὄψιν
1195 2295 1224 2321 ὲν
1245 2294 1391 2329 κατόπτρῳ
1407 2294 1469 2320 ἰδεῖν
1483 2314 1489 2325 ,
1506 2294 1543 2329 μὴ
1561 2293 1646 2328 καλῆς
1659 2301 1731 2324 τινος
1745 2302 1812 2329 μορε

1026 2341 1078 2374 φῆς
1093 2339 1241 2374 δεξαμένου
1255 2339 1303 2374 τὴν
1320 2338 1457 2373 ἔμφασινς
1475 2338 1580 2365 Οὐκοῦν
1595 2339 1642 2365 καὶ
1654 2339 1684 2364 τὺ
1699 2339 1748 2373 τῆς
1763 2340 1812 2365 ἀν-

1025 2384 1163 2420 θρωπίνης
1184 2383 1292 2418 φύσεως
1314 2384 1476 2420 κάτοπτρον,
1497 2384 1527 2410 οὐ
1551 2384 1682 2420 πρότερον
1704 2384 1812 2418 ἐγένετο

1025 2430 1116 2461 καλὸν,
1138 2429 1194 2456 ἀλλ’
1210 2430 1254 2456 ὅτε
1273 2429 1312 2464 τῷ
1328 2429 1403 2464 καλῴ
1427 2430 1586 2465 ἐπλησίασε.
1604 2430 1649 2456 καὶ
1672 2431 1705 2465 τῇ
1727 2429 1811 2456 εἰκόνι

1024 2473 1071 2501 τοῦ
1085 2474 1156 2500 θείου
1182 2474 1296 2506 κάλλους
1311 2475 1500 2510 ἐνεμορφὼθη.
1516 2475 1622 2510 Ὥσπερ
1638 2475 1693 2510 γὰρ
1713 2475 1742 2501 τὸ
1763 2475 1811 2502 τοῦ

1024 2519 1112 2553 ὄφεως
1128 2517 1199 2554 εἶχεν
1222 2517 1290 2551 εἶδος
1311 2520 1364 2551 ἕως
1377 2520 1466 2546 ἔκειτο
1479 2520 1525 2546 ἐπὶ
1539 2520 1589 2554 τῆς
1605 2521 1666 2555 γῆς,
1683 2521 1728 2546 καὶ
1743 2520 1812 2554 πρὸς

1024 2565 1106 2591 αὑτὸν
1123 2564 1251 2600 ἀφεώρα·
1274 2564 1344 2591 κατὰ
1364 2565 1408 2591 τὸν
1426 2565 1507 2592 αὐτὸν
1527 2566 1636 2600 τρόπον,
1656 2565 1750 2600 ἐπειδὴ
1764 2567 1811 2592 ἁν-

1025 2612 1100 2646 έστη,
1126 2611 1172 2638 καὶ
1194 2611 1224 2637 τὸ
1245 2611 1346 2645 ἀγαθὸν
1366 2611 1466 2644 ἔδειξεν
1483 2611 1582 2646 ἑαυτὴν
1594 2611 1810 2646 ἀντιπρόσωπον,

1025 2655 1095 2682 κατὰ
1108 2655 1193 2682 νώτου
1211 2655 1259 2690 τὴν
1278 2657 1376 2682 κακίαν
1391 2656 1573 2692 ποιησαμένη,
1593 2656 1660 2692 πρὸς
1676 2656 1691 2682 ὃ
1706 2655 1810 2691 βλέπει,

1025 2700 1085 2726 κατ’
1105 2701 1193 2727 ἐκεῖνο
1215 2701 1261 2727 καὶ
1285 2701 1492 2736 σχηματίζεται.
1519 2701 1615 2728 Βλέπει
1640 2702 1668 2728 δὲ
1695 2701 1765 2737 πρὸς
1782 2701 1812 2727 τὸ

1025 2746 1176 2781 ἀρχέτυπον
1198 2746 1294 2778 κάλλος
1310 2756 1317 2762 ·
1347 2747 1493 2781 περιστερὰ
1516 2746 1543 2773 δὲ
1569 2746 1598 2772 τὸ
1626 2746 1733 2778 κάλλος.
1761 2745 1812 2774 Διὰ

222 2835 244 2852 ⁶⁹
267 2836 362 2865 Matth.
391 2844 430 2869 ix,
455 2836 488 2870 6;
512 2835 594 2863 Marc.
614 2843 644 2869 ιι,
674 2835 715 2863 tt.
752 2837 775 2853 ’°
795 2835 867 2865 Psal.
884 2843 968 2870 van,

1026 2853 1040 2863 ν.
1078 2835 1100 2851 ⁹¹
1128 2835 1200 2864 Psal.
1221 2844 1306 2868 χχχιι,
1323 2836 1348 2864 9.
