1984 3068
129 137 181 166 869

652 133 686 161 ΙΝ
702 133 855 162 CANTICA
876 131 1012 161 CANTIC.
1032 131 1176 160 HOMILIA
1196 131 1228 159 V.

1703 131 1758 160 87o

128 193 206 220 τούτο
228 192 267 227 τῷ
279 191 349 226 φωτὶ
372 189 576 226 προσεγγίσασα
587 209 594 221 ,
611 189 669 224 φῶς
689 189 805 224 γίνεται.
830 188 875 224 Τῷ
890 188 918 216 δὲ

975 187 1114 221 columbae,
1129 188 1210 223 cujus
1222 180 1328 222 species
1340 186 1502 223 signiﬁcavit
1510 186 1656 216 adventum
1668 188 1756 216 sancti

130 237 198 271 φωτὶ
211 236 242 262 τὸ
265 235 346 262 καλὸν
366 235 417 270 τῆς
441 235 605 270 περιστερᾶς
626 232 696 266 εἶδος
715 234 916 266 ἐνεικονίξεται,

130 281 236 315 ἐκείνης
255 280 327 314 λέγω
347 279 398 314 τῆς
423 280 598 314 περιστερᾶς,
615 276 649 314 ἧς
672 278 701 306 τὸ
723 277 792 310 εἶδος
808 279 855 314 τὴν
871 278 917 306 τοῦ

130 326 207 361 ἁγίου
223 326 381 361 Πνεύματος
397 325 547 361 παρουσίαν
562 325 719 359 ἐγνώρισεν.

171 371 250 398 Οὖτω
271 371 360 398 τοίνυν
383 371 451 406 αὐτῇ
478 371 679 406 προσφωνήσας
705 372 719 397 6
745 370 842 404 λόγος,
871 370 919 397 καὶ

131 417 266 452 ὀνομάσας
288 417 383 452 αὐτὴν,
410 417 494 452 καλὴν
513 416 561 452 μὲν
586 416 629 442 διὰ
645 416 675 443 τὸ
700 416 823 451 πλησίον,
844 423 920 452 περι-

132 461 230 496 στερὰν
246 461 274 487 δὲ
288 461 330 488 διὰ
346 461 375 487 τὸ
389 460 497 493 κάλλος,
513 460 561 487 καὶ
580 460 613 487 τὰ
628 460 728 495 ἑφεξῆς
741 459 917 496 διεξέρχεται,

131 507 223 534 οὐκέτι
238 506 324 541 λέγων
346 507 456 541 κρατεῖν
478 506 524 533 τοῦ
543 506 675 541 χειμῶνος
689 506 743 532 τῶν
761 506 854 541 ψυχῶν
870 506 918 541 τὴν

132 553 292 588 κατήφειαν.
324 553 361 579 Οὐ
387 553 439 588 γὰρ
467 553 574 588 ἀντέχει
602 552 669 588 πρὸς
693 552 741 587 τὴν
765 554 864 580 ἀκτῖνα
889 551 918 578 τὸ

132 599 225 633 κρύος.
250 597 338 630 Ἰδοὺ,
353 598 444 633 φησὶν,
460 599 477 624 ὀ
495 598 605 632 χειμὼν
619 597 783 632 παρῆλθεν,
802 600 818 625 ὁ
832 599 919 632 ὑετὸς

132 643 279 677 ἀπῆλθεν.
303 644 447 677 ἐπορεύθη
470 643 573 677 ἑαυτῷ.
598 644 777 680 Πολυώνυμον
800 647 871 672 ποιεῖ
888 645 919 672 τὸ

85 687 92 695 ¹
133 691 228 721 κακὸν,
242 691 312 716 κατά
323 690 372 722 τὰς
388 690 518 726 διαφορὰς
533 691 587 717 τῶν
607 691 800 727 ἐνεργημάτων
821 693 919 727 ὀνομα-

132 735 254 771 ζόμενον.
278 737 308 762 '0
333 736 414 768 αὐτὸς
436 736 489 772 γὰρ
515 737 561 763 καὶ
576 737 690 772 χειμὼν,
707 738 753 764 καὶ
769 738 855 769 ὑετὸς,
872 738 919 765 κα)⁵

133 781 280 816 σταγόνες,
296 782 358 808 καθ’
376 782 490 809 ἕκαστον
511 782 566 808 τῶν
593 783 734 818 ὀνομάτων
764 780 918 820 πείραομοΰ

132 835 205 858 τινος
227 827 298 854 κατὰ
322 827 352 854 τὸ
377 827 477 858 ἰδιάζον
504 829 714 864 σημαινομένου.
745 829 788 855 Ἐν
804 829 858 864 γὰρ
880 829 919 864 τῷ

133 873 256 908 χειμῶνι.
267 873 300 900 τὰ
312 873 443 909 τεθηλότα
456 873 625 910 μαραίνεται,
639 874 669 901 τὸ
680 875 726 901 ἐπὶ
737 875 790 901 τῶν
802 875 919 911 δένδρων

134 919 240 951 κάλλος,
255 919 269 945 ὂ
282 919 326 946 διὰ
341 919 395 946 τῶν
407 919 514 954 φύλλων
529 921 651 955 φυσικῶς
667 921 823 953 ὡραΐζεται,
838 922 921 958 ἀπορ-

135 966 178 1001 ρεῖ
188 965 242 991 τῶν
258 964 373 997 κλάδων.
388 966 435 992 καὶ
452 967 485 1001 τῇ
501 967 537 1001 γῇ
556 965 765 1001 καταμίγνυται.
784 967 852 1002 Σιγᾷ
866 967 920 994 τῶν

136 1010 272 1045 μουσικῶν
288 1010 401 1046 ὀρνίθων
412 1011 428 1046 ἡ
442 1010 567 1045 μελῳδία,
576 1011 680 1045 φεύγει
693 1011 710 1046 ἠ
721 1010 821 1046 ἀηδὼν,
833 1012 920 1047 ναρκᾷ

134 1058 150 1091 ὴ
164 1055 284 1091 χελιδὼν,
309 1056 484 1088 ἀποξενοῦται
503 1057 552 1091 τῆς
568 1056 664 1088 καλιᾶς
684 1057 700 1091 ἡ
723 1056 830 1091 τρυγών
843 1065 850 1072 ·
875 1066 920 1092 μι-

136 1103 227 1137 μεῖται
241 1102 329 1128 πάντα
341 1102 390 1136 τὴν
405 1101 451 1128 τοῦ
467 1101 581 1128 θανάτου
599 1102 765 1137 κατήφειαν,ι
779 1101 920 1137 νεκροῦται

134 1149 148 1174 6
165 1148 288 1183 βλαστὸς,
306 1148 471 1183 ἀποθνήσκει
488 1149 504 1183 ἠ
518 1147 580 1175 πόα.
599 1148 652 1175 Καὶ
663 1148 756 1182 ὥσπερ
771 1148 852 1175 ὀστέα
868 1149 921 1175 τῶν

136 1194 245 1229 σαρκῶν
267 1193 467 1229 κεχωρισμένα,
485 1193 572 1225 οὕτως
587 1195 613 1220 οἱ
636 1194 727 1221 κλάδοι
743 1194 797 1221 τῶν
815 1194 922 1229 φύλλων

135 1239 333 1274 γυμνωθέντες,
365 1239 483 1273 εἰδεχθὲς
506 1239 596 1274 θέαμα
621 1239 762 1273 γίνονται,
789 1240 849 1267 ἀντὶ
872 1240 922 1275 τῆς

135 1284 290 1320 προσούσης
303 1284 394 1316 αὐτοῖς
409 1285 441 1310 ὲκ
455 1284 508 1310 τῶν
522 1284 644 1319 βλαστῶν
662 1284 787 1318 ἀγλαΐας.
804 1285 836 1311 Τί
854 1284 875 1311 δ’
889 1285 922 1311 ἄν

135 1340 176 1363 τις
192 1331 264 1365 λέγοι
279 1331 313 1357 τὰ
327 1331 397 1357 κατὰ
420 1331 556 1358 θάλασσαν
571 1331 655 1366 πάθη,
677 1331 711 1357 τὰ
732 1331 776 1358 διὰ
797 1331 843 1357 τοῦ
864 1340 921 1366 χει-

137 1377 224 1412 μῶνος
239 1377 383 1412 γινομενας
408 1376 470 1408 Πῶς
487 1377 519 1403 ἐκ
534 1376 622 1412 βυθῶν
640 1376 864 1412 ἀναστρεφομένη
876 1377 923 1403 καὶ

135 1423 312 1450 διοιδαίνουσα
329 1416 475 1455 σκοπέλους
491 1423 538 1450 καὶ
560 1423 610 1458 ὅρη
635 1424 774 1458 μιμεῖται,
800 1423 868 1458 πρὸς
892 1422 923 1449 τὸ

135 1469 225 1504 ὕρθιον
241 1469 333 1504 σχῆμα
355 1468 544 1504 κορυφουμένη
565 1468 604 1504 τῷ
622 1467 714 1500 ὕδατις
735 1468 798 1499 Πῶς
815 1468 923 1503 ἐφορμᾷ

970 233 1100 268 Spiritus.

1003 369 1073 397 Cum
1088 377 1153 406 ergo
1167 369 1206 398 sic
1220 377 1278 397 eam
1293 369 1412 397 allocuta
1424 374 1498 398 esset
1513 371 1611 403 oratio,
1628 374 1655 397 et
1669 371 1756 406 ipsam

969 415 1079 451 quidem
1097 416 1267 443 nominasset
1290 416 1431 450 pulchram
1456 420 1569 451 propter
1596 416 1757 451 propinqui-

969 465 1062 493 tatem,
1079 461 1231 488 columbam
1248 466 1338 488 autem
1357 465 1469 496 propter
1496 461 1728 496 pulchritudinem
1747 483 1754 495 ,

969 507 1145 542 persequitur
1161 506 1186 533 id
1203 507 1275 541 quod
1287 506 1418 541 deinceps
1434 507 1567 541 sequitur,
1587 506 1681 534 dicens
1703 514 1756 533 non

969 552 1086 587 amplius
1102 552 1237 580 dominari
1253 553 1350 580 hiemis
1365 552 1519 579 animarum
1538 552 1688 579 tristitiam.
1706 551 1758 579 Ne-

969 605 1022 632 que
1037 597 1110 624 enitn
1126 597 1214 632 frigus
1236 597 1340 625 resistit
1360 597 1449 624 radio.
1467 599 1534 624 Ecce
1553 594 1637 627 enirn,
1658 597 1756 632 inquit,

969 643 1051 671 hiems
1063 644 1202 678 prwteriit,
1213 642 1296 669 imber
1308 643 1372 669 abiit
1384 647 1409 670 et
1424 651 1452 670 se
1465 644 1571 677 recepit.
1587 643 1658 670 Malo
1672 644 1757 670 multa

970 690 1066 717 tribuit
1080 690 1202 720 nomina,
1223 692 1253 715 ut
1269 688 1341 724 quod
1360 689 1516 716 nominetur
1545 696 1578 715 ex
1599 689 1758 716 differentiis

969 736 1170 770 operatiouum.
1180 734 1252 762 ldem
1262 735 1335 761 enim
1351 738 1377 761 et
1391 734 1477 761 hiems
1487 734 1608 761 etimber
1625 738 1651 761 et
1666 735 1757 765 stillrc,

970 784 997 807 et
1008 780 1201 807 convenienter
1214 779 1362 814 unicuique
1377 779 1481 809 nomini
1499 779 1649 806 tentatinne
1667 779 1758 814 aliqua

970 833 1002 852 ex
1022 825 1187 860 proprietate
1206 825 1370 860 signiﬁcata,
1394 824 1495 851 dicitur
1514 824 1612 855 hiems,
1645 828 1757 859 propter

972 871 1148 906 multiplicem
1165 871 1297 898 malorum
1319 870 1559 906 signiﬁcationem.
1583 869 1650 896 Nam
1670 870 1759 897 hieme

970 920 997 944 et
1013 924 1073 951 qua:
1088 916 1275 951 germinarant
1297 919 1489 948 marcescunt,
1507 919 1533 942 et
1551 915 1681 942 arborum
1697 914 1759 949 pul-

971 962 1109 995 chritu'do,
1124 970 1184 997 quae
1197 963 1360 990 naturaliter
1374 970 1452 990 suam
1473 965 1644 989 venustatem
1664 969 1696 988 ac
1713 961 1760 988 de-

970 1013 1063 1034 corem
1079 1006 1184 1041 accepit
1201 1013 1216 1033 a
1236 1006 1325 1039 foliis,
1342 1006 1443 1033 excidit
1459 1014 1473 1032 a
1489 1004 1562 1033 foliis
1577 1010 1604 1032 et
1630 1006 1761 1032 miscetur

971 1056 1069 1083 teme;
1092 1052 1260 1078 musicarum
1289 1051 1379 1078 avium
1408 1051 1469 1078 silet
1497 1054 1670 1077 concentus:
1693 1049 1761 1084 fugit

971 1095 1101 1127 luscinia,
1121 1099 1210 1130 torpet
1226 1095 1356 1129 hirundo,
1373 1103 1386 1123 a
1403 1096 1468 1122 nido
1492 1095 1684 1130 peregrinatur
1702 1099 1762 1122 tur-

973 1142 1185 1173 tur;imitantur
1202 1142 1293 1169 omnia
1311 1142 1452 1169 tristitiam
1467 1142 1573 1174 mortis,
1590 1141 1684 1169 interit
1700 1148 1761 1175 ger-

971 1194 1044 1217 men.
1062 1187 1179 1214 moritur
1193 1187 1274 1214 herba
1289 1194 1298 1214 :
1315 1190 1341 1214 et
1354 1193 1409 1222 quo
1422 1186 1503 1213 modo
1519 1194 1582 1214 ossa
1604 1191 1730 1222 separata
1746 1194 1760 1213 a

972 1232 1113 1265 carnibus,
1130 1232 1166 1259 ita
1182 1233 1250 1259 rami
1266 1232 1362 1260 nudati
1390 1232 1463 1260 foliis
1488 1233 1610 1260 deforme
1642 1230 1761 1260 evadunt

973 1278 1172 1313 spectaculum,
1193 1286 1242 1313 pro
1257 1278 1348 1312 specie
1369 1285 1402 1305 ac
1418 1278 1517 1305 decore
1532 1277 1579 1312 qui
1600 1278 1640 1305 eis
1667 1278 1762 1306 adorat

972 1331 1005 1350 ex
1022 1323 1202 1359 germinibus.
1216 1323 1287 1356 Quid
1303 1328 1392 1351 autem
1415 1330 1632 1350 commemorare
1660 1325 1759 1352 attinet

972 1377 1004 1397 ea
1021 1377 1082 1404 quae
1107 1369 1135 1396 in
1154 1370 1221 1396 mari
1244 1370 1332 1397 hieme
1364 1369 1503 1400 accidunt,
1531 1369 1760 1404 quemadmodum

973 1416 1008 1444 ab
1025 1416 1079 1443 imo
1093 1423 1219 1443 eversum
1237 1419 1264 1443 et
1286 1415 1464 1442 tumefactum
1495 1416 1623 1450 scopulos
1640 1415 1761 1442 imitatur

973 1465 1000 1488 et
1015 1465 1133 1492 montes.
1162 1461 1190 1488 in
1209 1465 1311 1488 rectam
1330 1460 1443 1494 ﬁguram
1461 1460 1548 1487 instar
1563 1461 1675 1488 verticis
1691 1468 1761 1496 aqua

137 1514 261 1550 καθάπερ
282 1514 399 1550 πολεμία
422 1515 455 1550 τῇ
479 1515 532 1550 γῇ,
555 1514 624 1549 ὑπὲρ
648 1514 698 1546 τὰς
721 1514 804 1549 μονὰς
826 1514 923 1549 ἑαυτὴν

976 1506 1136 1541 fastigiata?
1161 1506 1391 1542 quemadmodum
1414 1505 1442 1533 in
1471 1511 1571 1533 terram
1589 1506 1678 1536 irruit.
1707 1513 1762 1533 non

138 1560 358 1593 ὲπεκϐάλλουσα,
381 1560 427 1587 καὶ
447 1561 507 1592 ταῖς
531 1559 691 1596 ἔπαλλήλοις
714 1559 768 1586 τῶν
793 1559 922 1594 κυμάτων

139 1606 256 1642 πληγαῖς
272 1604 327 1633 οἶόν
352 1615 406 1632 τισι
429 1606 633 1642 μηχανημάτων
657 1605 819 1641 προσϐολαῖς
839 1605 923 1641 αὐτὴν

139 1653 330 1680 κατασείουσα.
356 1652 437 1679 Ἀλλά
450 1661 493 1687 μοι
509 1652 563 1678 νόει
582 1652 616 1679 τὰ
630 1651 676 1678 τοῦ
692 1651 825 1687 χειμῶνος
837 1651 921 1686 πάθη,

137 1699 223 1726 ταῦτα
241 1698 288 1725 καὶ⁴
302 1698 336 1724 τὰ
349 1697 461 1724 τοιαῦτα
473 1697 562 1724 πάντα
577 1697 794 1732 μεταλαμὸάνων
807 1698 846 1729 είς
859 1706 923 1733 τρο-

138 1743 221 1779 πικὴν
236 1743 384 1778 σημασίαν.
401 1742 433 1768 Τί
448 1743 521 1769 ἐστιν
534 1742 563 1768 ὲν
573 1741 687 1776 χειμῶνι
702 1741 732 1768 τὸ
745 1741 880 1768 thvaon
893 1749 923 1767 τε

138 1788 186 1815 καὶ
201 1788 413 1824 μαραινόμενον;
437 1787 469 1813 Τί
484 1787 515 1813 τδ
535 1787 575 1817 είς
588 1787 640 1821 γῆν
653 1787 685 1813 ὲκ
697 1786 751 1812 τῶν
765 1786 923 1821 ἀκρεμόνων

138 1833 336 1868 ἀναλυόμενον;
363 1833 411 1864 Τίς
434 1833 450 1867 ἠ
475 1831 605 1858 σιωπῶσα
620 1831 674 1859 τῶν
691 1831 796 1867 ᾠδικῶν
809 1831 923 1867 ὀρνίθων

140 1879 230 1913 φωνή;
255 1878 302 1910 Τίς
313 1879 330 1912 ἡ
346 1877 467 1904 θάλασσα
484 1877 500 1912 ἡ
518 1876 694 1915 ξπωρυομένη
707 1878 762 1908 τοῖς
778 1876 872 1910 ὓδασι;
891 1877 923 1904 Τί

140 1924 186 1951 ἐπὶ
201 1923 306 1954 τούτοις
321 1924 336 1950 6
352 1923 442 1955 ὑετός;
467 1922 546 1953 Τίνες
566 1922 613 1948 τοῦ
633 1921 711 1949 ὑετοῦ
729 1923 757 1949 αἱ
776 1923 922 1957 σταγόνες;

140 1963 203 2000 Πῶς
215 1968 304 2003 ἑαυτῷ
320 1968 465 2004 πορεύεται
479 1968 493 1994 6
508 1967 584 1999 ὑετός
600 1976 608 2001 ;
634 1967 684 1994 Διά
704 1967 799 1995 τούτου
814 1968 879 2004 γὰρ.
893 1968 924 1996 τὺ

141 2015 261 2050 ἔμψυχόν
275 2023 305 2046 τε
324 2014 372 2040 καὶ
385 2014 574 2049 προαιρετικὸν
587 2013 635 2040 τοῦ
651 2013 772 2041 τοιούτου
792 2014 924 2050 χειμῶνος

142 2059 324 2094 ὑποσημαίνει
334 2059 364 2085 τὸ
377 2058 500 2093 αἴνιγμα.

175 2137 251 2172 Τάχα
267 2135 322 2171 γὰρ
336 2134 388 2162 κᾶν
404 2134 442 2170 μὴ
456 2134 526 2162 ’καθ’
549 2134 664 2162 ἕκαστον
681 2135 837 2172 διασαφήσῃ
852 2137 867 2163 6
879 2135 924 2163 λό-

140 2192 197 2218 γος,
212 2181 344 2218 πρόδηλός
362 2182 421 2208 ἐστι
437 2181 476 2216 τῷ
500 2180 646 2208 ἀκούσαντι
660 2182 676 2217 ἠ
691 2182 806 2209 ἑκάστου
823 2182 925 2209 τούτων

141 2228 330 2264 ἐμφαινομένη
343 2227 447 2253 διάνοια
465 2235 472 2242 ·
498 2227 557 2258 πῶς
573 2227 694 2262 ὲτεθήλει
711 2227 741 2254 τὸ
754 2228 893 2263 καταρχὰς
909 2229 926 2263 ἡ

141 2274 297 2310 ἀνθρωπίνη
315 2273 406 2308 φύσις,
423 2272 475 2304 ἕως
493 2273 522 2299 ὲν
538 2272 576 2308 τῷ
591 2273 749 2309 παραδείσῳ
762 2272 806 2309 ἦν,
825 2274 865 2309 τῷ
877 2274 928 2309 τῆς

141 2319 232 2353 πηγῆς
256 2318 362 2352 ἐκείνης
387 2317 462 2344 ὕδατι
477 2318 638 2354 πιαινομένη
653 2319 700 2345 καὶ
714 2318 845 2346 θάλλουσα
857 2338 866 2351 ,
883 2319 927 2345 ἅτε

140 2362 175 2400 ἦν
199 2364 258 2391 ἀντὶ
283 2363 388 2398 φύλλων
404 2363 480 2399 ὁτῆς
494 2363 642 2395 ἀθανασίας
659 2364 781 2399 βλαστὸς,
801 2365 928 2400 ὼρατζων

141 2409 190 2444 τὴν
206 2409 300 2443 φύσιν·
319 2409 387 2435 ἀλλά
412 2408 459 2435 τοῦ
485 2409 619 2444 χειμῶνος
643 2412 692 2445 τῆς
712 2412 856 2446 παρακοῆς
878 2411 928 2447 τὴν

143 2455 220 2490 ῥίζαν
236 2454 472 2489 ἀποξηράναντος,
497 2455 662 2491 ἀπετινάχθη
676 2455 706 2482 τὸ
721 2456 809 2488 ἄνθος,
825 2456 873 2484 καὶ
887 2457 927 2489 είς

142 2501 193 2536 γῆν
225 2499 362 2535 ἀνελύθη,
399 2500 446 2526 καὶ
477 2501 621 2536 ἐγυμνώθη
655 2501 701 2528 τοῦ
734 2502 848 2534 κάλλους
877 2503 927 2538 τῆς

141 2545 289 2576 ἀθανασίας
307 2546 321 2571 6
337 2545 488 2580 ἄνθρωπος.
501 2546 548 2572 καὶ
568 2547 585 2581 ἡ
605 2546 659 2573 τῶν
677 2547 783 2582 ἀρετῶν
799 2547 851 2574 πόα
862 2556 927 2574 κατ-

142 2590 277 2626 εξηράνθη
289 2609 297 2622 ,
319 2590 370 2625 τῆς
390 2589 458 2626 πρὸς
479 2590 524 2617 τὸν
545 2591 610 2617 Θεὸν
626 2591 735 2627 ἀγάπης
755 2592 799 2619 διὰ
815 2592 846 2619 τὸ
859 2592 926 2628 πλη·
941 2583 964 2612 υ

142 2637 273 2671 θυνθῆναι
295 2636 342 2672 τὴν
362 2636 476 2671 ἀνομίαν
498 2636 717 2673 καταψυχούσης,
741 2638 847 2665 ὅθεντά
864 2647 924 2665 ποι-

142 2682 204 2710 κίλα
229 2681 302 2717 πάθη
332 2683 389 2713 τοῖς
421 2681 617 2716 ἀντικειμένοις
637 2683 789 2718 πνεύμασιν
810 2683 839 2709 ἐν
861 2683 926 2718 ἡμῖν

142 2726 312 2763 ἐκορυφώθη,
330 2726 365 2753 δι’
384 2723 421 2753 ὢν
443 2727 476 2753 τὰ
502 2726 608 2762 πονηρὰ
629 2727 679 2762 τῆς
701 2727 789 2763 ψυχῆς
811 2728 928 2762 ναυάγια

141 2772 254 2807 γίνεται.
275 2773 343 2799 Ἀλλ’
358 2772 478 2804 ἐλθόντος
491 2771 538 2799 τοῦ
560 2772 590 2798 τὸ
605 2771 653 2808 ἔαρ
667 2772 720 2799 τῶν
733 2773 826 2808 ψυχῶν
846 2773 925 2809 ἡμῶν

141 2818 350 2854 ἐμποιήσαντος,
364 2817 404 2850 ὃς,
422 2817 469 2844 τοῦ
482 2816 602 2852 πονηροῦ
613 2816 714 2851 ἀνέμου
731 2816 779 2852 τὴν
790 2817 926 2846 θάλασσάν

976 1559 1057 1579 secus
1072 1555 1155 1586 atque
1170 1551 1258 1579 hostis
1271 1558 1420 1585 erumpens
1438 1550 1509 1577 ultra
1525 1551 1592 1578 lines
1609 1558 1665 1578 sua:
1683 1550 1762 1578 habi-

977 1597 1100 1629 talionis,
1114 1600 1142 1624 et
1155 1596 1338 1631 frequentium
1356 1596 1490 1623 undarum
1509 1596 1621 1628 ictibus,
1632 1600 1762 1631 tanquam

976 1643 1116 1678 aliquibus
1129 1642 1319 1669 machinarum
1338 1641 1499 1674 insultibus,
1514 1641 1600 1676 ipsam
1617 1641 1763 1676 quatiens?

977 1688 1031 1716 Sed
1050 1688 1100 1715 has
1117 1691 1144 1715 et
1161 1695 1222 1722 qua:
1235 1692 1300 1715 sunt
1315 1686 1472 1721 huiusmodi
1490 1687 1590 1714 hiemis
1605 1687 1763 1715 aﬂ'ectiones

976 1743 1073 1763 omnes
1082 1734 1148 1761 mihi
1160 1738 1250 1760 mente
1267 1740 1346 1760 versa
1365 1733 1399 1759 ad
1423 1733 1557 1768 tropicam
1573 1733 1711 1761 deducens
1726 1734 1764 1761 si-

976 1779 1189 1814 gnificationem.
1206 1777 1277 1810 Quid
1298 1777 1334 1804 sit
1354 1777 1426 1811 quod
1453 1777 1541 1803 hieme
1559 1776 1715 1804 deflorescit
1736 1781 1764 1804 ct

977 1822 1140 1850 marcescit?
1151 1821 1221 1854 Quid
1236 1821 1271 1848 sit
1288 1821 1359 1855 quod
1377 1821 1405 1848 in
1415 1824 1516 1847 terram
1530 1828 1563 1847 ex
1580 1821 1664 1848 ramis
1679 1822 1765 1848 resol-

976 1867 1204 1900 vitur?Qu:enam
1216 1866 1252 1894 sit
1261 1874 1313 1894 vox
1324 1873 1384 1901 quae
1399 1866 1461 1893 silet
1475 1873 1641 1893 canorarum
1653 1867 1743 1894 avium
1751 1868 1764 1894 τ

976 1913 1114 1949 quodnam
1136 1913 1172 1940 sit
1192 1920 1267 1940 mare
1291 1912 1363 1947 quod
1379 1912 1453 1947 rugit
1470 1911 1618 1940 ﬂuctibus?
1631 1911 1762 1945 Quisnam

976 1960 1075 1988 deinde
1094 1960 1130 1988 sit
1146 1959 1254 1987 imber?
1267 1959 1332 1992 Quae
1341 1959 1396 1987 sint
1407 1959 1503 1987 imbris
1515 1960 1614 1987 stillae?
1629 1960 1764 1993 Quemad-

976 2005 1087 2033 modum
1106 2004 1195 2032 imber
1210 2005 1287 2031 abeat
1305 2008 1332 2031 et
1353 2011 1382 2031 se
1392 2004 1591 2038 recipiatH’er
1608 2005 1660 2032 hoe
1678 2005 1762 2039 enim,

977 2051 1004 2078 id
1019 2050 1092 2086 quod
1110 2055 1152 2077 est
1170 2050 1319 2077 animatum
1335 2053 1363 2077 et
1379 2049 1464 2077 libero
1479 2050 1593 2078 arbitrio
1607 2051 1762 2085 praeditum,

977 2097 1060 2124 tacito
1077 2095 1214 2131 significat
1233 2096 1349 2131 aanigma
1367 2095 1451 2131 hujus
1459 2096 1568 2123 hiemis.

1013 2141 1095 2168 Forte
1111 2141 1184 2168 enim
1210 2141 1263 2169 etsi
1290 2141 1396 2176 singula
1412 2149 1466 2169 non
1486 2141 1631 2175 explicarit
1658 2142 1761 2174 oratio,

978 2185 1097 2213 auditori
1117 2186 1171 2212 erit
1187 2185 1333 2212 manifesta
1358 2184 1493 2213 sententia
1511 2192 1571 2219 quae
1597 2192 1627 2212 se
1645 2186 1765 2213 ostendit

979 2232 1005 2259 in
1026 2237 1193 2265 unoquoque
1207 2237 1301 2257 eorum
1316 2239 1322 2256 ε
1338 2230 1567 2265 quemadmodum
1583 2230 1609 2256 in
1624 2230 1701 2258 initio
1714 2231 1765 2257 Im-

978 2283 1059 2304 mana
1076 2275 1240 2311 germinavit
1258 2279 1368 2307 natura,
1383 2275 1503 2310 quandiu
1521 2275 1571 2302 fuit
1583 2276 1609 2302 in
1625 2276 1762 2310 paradiso,

978 2328 1049 2356 aqua
1081 2321 1157 2348 illius
1173 2320 1256 2348 fontis
1272 2320 1384 2355 irrigata
1401 2325 1428 2347 et
1455 2320 1614 2355 germinans
1629 2327 1636 2347 :
1654 2321 1765 2356 quando

977 2370 1037 2394 erat
1054 2374 1104 2401 pro
1121 2366 1194 2394 foliis
1213 2373 1323 2402 germen
1340 2366 1565 2399 immortalitatis,
1580 2370 1705 2394 naturam
1720 2367 1764 2395 de-

978 2411 1150 2444 corans;sed
1170 2418 1232 2439 cum
1254 2411 1342 2439 hiems
1361 2411 1554 2438 inobedientia-
1579 2411 1698 2438 radicem
1717 2419 1764 2439 ex-

977 2457 1121 2489 siccasset,
1135 2455 1186 2484 ﬂos
1200 2456 1227 2484 in
1247 2461 1347 2484 terram
1365 2464 1500 2485 excussus
1527 2460 1587 2488 est,
1602 2457 1762 2490 dissolutus,

976 2507 1004 2530 et
1018 2502 1137 2530 nudatus
1157 2503 1210 2530 fuit
1225 2503 1306 2530 homo
1325 2511 1340 2530 a
1368 2502 1572 2538 pulchritudine
1602 2503 1763 2530 immortali-

976 2549 1053 2581 tatis,
1070 2552 1097 2576 et
1115 2548 1253 2576 exsiccata
1271 2548 1322 2576 fuit
1336 2549 1420 2576 herba
1442 2548 1586 2580 virtutum,
1603 2549 1762 2584 refrigerata

979 2594 1007 2621 in
1024 2594 1109 2622 Deum
1144 2592 1294 2625 eharitate,
1314 2597 1455 2627 propterea
1494 2594 1566 2628 quod
1596 2593 1762 2621 abundasset

979 2639 1121 2674 iniquitas.
1138 2639 1210 2666 unde
1230 2639 1313 2666 varia:
1327 2639 1485 2667 affectiones
1507 2639 1630 2666 adversis
1653 2638 1761 2665 flatibus

978 2685 1007 2712 in
1023 2685 1102 2713 nobis
1131 2689 1196 2713 sttut
1213 2685 1240 2712 in
1257 2686 1342 2712 altum
1365 2685 1504 2717 excitatas,
1534 2692 1582 2719 per
1607 2691 1676 2719 quas
1696 2684 1764 2710 fiunt

979 2730 1051 2757 mala
1068 2731 1165 2758 animae
1183 2730 1335 2765 naufragia.
1353 2729 1406 2758 Sed
1421 2738 1482 2757 cum
1510 2730 1632 2757 venisset
1647 2730 1691 2764 qui
1716 2737 1764 2757 ver

979 2775 1006 2802 in
1024 2775 1127 2802 nostris
1144 2775 1242 2803 animis
1263 2775 1362 2802 indidit
1389 2783 1420 2802 ac
1437 2775 1599 2810 procreavit,
1623 2775 1681 2810 qui,
1700 2782 1763 2801 cum

979 2821 1067 2849 malus
1086 2825 1182 2850 ventus
1198 2829 1273 2850 mare
1291 2821 1438 2856 aliquando
1449 2820 1597 2849 excitasset
1624 2825 1651 2849 et
1667 2823 1763 2848 ventos
