1984 3068
228 137 276 164 871

826 135 855 163 S.
870 135 1032 163 GREGORH
1049 134 1196 162 NYSSENI

1792 133 1846 162 872

229 197 368 229 increpat,
391 197 418 221 et
437 194 503 221 dicit
525 193 615 221 mari:
645 194 728 227 Tace,
748 194 914 222 obmutesce:
937 198 963 222 et
977 194 1009 221 ad

1064 202 1126 220 ποτε
1143 192 1334 228 διεγείραντος,
1351 191 1398 219 καὶ
1419 192 1474 223 τοῖς
1497 191 1649 226 πνεύμασιν
1663 192 1785 228 ἐπιτιμᾷ,
1801 195 1848 219 καὶ

227 241 400 268 serenitatem
414 244 441 266 et
457 240 681 274 tranquillitatem
701 240 810 267 redacta
825 243 889 267 sunt
907 240 1008 271 omnia,

226 289 253 311 et
273 292 370 311 rursus
403 284 498 318 incipit
527 289 621 312 nostra
648 289 745 311 natura
774 285 891 320 propriis
917 285 1008 312 ornari

226 330 361 362 ﬂoribus;
381 330 445 357 vita».
460 335 550 357 autem
579 334 680 357 nostra:
695 330 774 358 ﬂores
791 331 918 361 virtutes.
937 338 1010 358 nunc

226 373 336 408 quidem
356 374 463 406 ﬂorent,
484 382 562 401 suum
579 379 669 402 autem
687 375 805 402 fructum
820 376 940 410 praebent
960 383 1010 404 suo

227 424 358 454 tempore.
386 420 534 455 Propterea
547 420 614 447 dicit
638 421 787 455 Scriptura:
804 425 903 453 textus,
919 422 1009 448 Hiems

226 465 366 498 prarteriit,
377 465 461 491 imber
472 465 550 496 abiit,
565 473 592 492 se
607 466 712 499 rerepit.
725 465 817 492 Flores
837 467 884 493 visi
899 471 959 492 sunt
982 466 1009 493 in

227 516 309 541 terra,
323 514 422 544 tempus
435 511 582 544 putationis
600 511 714 538 advenit.
729 510 822 543 Vides,
839 511 935 546 inquit,
948 519 1011 546 pra-

226 559 285 582 tum
301 555 402 582 ﬂoreus
419 555 587 582 virtutibus?
606 555 688 583 Vides
713 557 931 590 temperantiam,
959 557 1010 583 hoc

226 605 268 628 est
281 601 452 636 splendidth
468 607 494 628 et
515 602 584 629 bene
599 602 675 629 olens
696 602 781 628 lilium
796 603 807 629 ?
825 602 905 629 Vides
924 602 1011 636 pudo-

228 654 295 679 rem,
316 646 427 673 rosam?
439 646 520 674 Vides
529 646 639 678 violam,
650 648 750 675 Christi
766 648 866 675 bonum
881 647 1011 675 odorem?

226 691 283 718 Cur
312 699 376 726 ergo
406 699 456 726 per
479 692 536 719 haec
553 700 606 718 non
631 693 701 720 texis
717 693 867 720 coronam?
893 692 950 720 [loc
969 697 1012 720 est

227 741 334 771 tempus
358 737 385 763 in
406 744 460 772 quo
492 737 534 764 his
567 737 690 765 collectis
718 742 826 772 oportet
857 738 1012 773 hujusmodi

226 784 337 810 coronis
366 784 470 810 ornari.
503 783 615 818 Tepzpus
640 785 784 819 putationis
813 784 926 812 advenit.
955 784 1012 812 Hoc

227 829 392 857 testiﬁcatur
405 837 456 857 vox
475 830 600 860 tui-turis.
617 831 642 857 id
666 834 718 862 est,
737 838 789 857 vox
812 831 957 858 clamantis
983 831 1011 857 in

1061 240 1095 274 τῇ
1111 238 1231 273 θαλάσσῃ
1247 237 1330 272 λέγει,
1347 238 1454 269 Σιώπα,
1464 238 1628 272 πεφίμωσο,
1644 238 1731 265 πάντα
1746 239 1784 269 είς
1799 247 1848 272 γα-

1062 284 1156 319 λήνην,
1179 284 1226 310 καὶ
1244 284 1373 318 νηνεμίαν
1397 283 1609 318 μετεσκευάσθη,
1625 284 1672 310 καὶ
1685 284 1766 310 πάλιν
1782 285 1847 311 ἁνα-

1063 329 1168 356 θάλλειν
1193 329 1315 363 ἄρχεται,
1340 329 1386 354 καὶ
1410 329 1465 360 τοῖς
1488 328 1563 359 ἰδίοις
1595 328 1702 355 ἄνθεσιν
1731 330 1747 364 ὴ
1768 329 1846 364 φύσις

1063 375 1140 410 ἡμῶν
1155 375 1300 410 ὡραΐζεται
1311 382 1318 389 ⁶
1334 372 1400 409 ἄνθη
1415 374 1443 400 δὲ
1457 374 1506 409 τῆς
1521 374 1592 410 ζωῆς
1606 375 1684 409 ἡμῶν
1698 376 1725 401 αἰ
1741 376 1846 410 ἀρεταὶ,

1063 421 1110 448 νῦν
1124 420 1173 456 μὲν
1187 420 1325 451 ἀνθοῦσαι,
1339 420 1384 446 τὸν
1398 420 1425 446 δὲ
1439 420 1543 455 καρπὸν
1557 420 1647 447 αὐτῶν
1658 421 1696 456 τῷ
1710 421 1767 456 ἰδίῳ
1779 431 1848 456 παρ-

1063 465 1188 501 εχόμεναι
1204 465 1300 501 καιρῷ.
1319 465 1366 492 Διὰ
1379 464 1457 492 τοῦτό
1468 474 1549 501 φησιν
1563 466 1577 492 6
1591 466 1677 500 λόγος,
1696 467 1723 492 '0
1739 466 1848 500 χειμὼν

1062 510 1227 545 παρῆλθεν,
1244 512 1260 537 ό
1276 511 1362 543 ὑετὸς
1375 511 1522 544 ἀπῆλθεν,
1536 511 1681 545 ἐπορεύθη
1693 511 1798 544 ἐαυτῷ·
1813 512 1848 538 τὰ

1063 556 1138 590 ἄνθη
1151 556 1233 591 ὤφθη
1250 557 1284 583 ἐν
1299 556 1336 590 τῇ
1348 556 1395 591 γῇ,
1411 557 1513 590 καιρὸς
1528 555 1584 589 τῆς
1599 556 1691 591 τομῆς
1706 557 1844 590 ἔφθακεν.

1070 601 1160 636 Ὁρᾷς,
1185 602 1261 636 φησὶ,
1283 601 1329 627 τὸν
1345 601 1464 636 λειμῶνα
1488 600 1533 627 τὸν
1551 601 1594 628 διὰ
1610 601 1665 627 τῶν
1682 601 1785 636 ἀρετῶν
1802 602 1847 628 ἀν-

1063 646 1178 679 θοῦντα;
1198 647 1278 681 Ὀρᾷς
1291 646 1340 680 τὴν
1360 646 1537 681 σωφροσύνην
1547 667 1553 679 ,
1569 646 1647 672 τοῦτό
1661 647 1718 673 ἐστι
1732 647 1761 672 τὸ
1777 647 1846 681 λαμ-

1064 692 1131 726 πρόν
1144 699 1172 717 τε
1184 692 1231 718 καὶ
1243 691 1340 722 εὑῶδες
1351 691 1442 725 κρίνον
1453 699 1459 722 ;
1477 692 1557 726 Ὁρᾷς
1566 691 1614 727 τὴν
1626 691 1700 723 αἰδὼ,
1712 692 1741 718 τὸ
1753 693 1844 727 ρόδονς

1063 737 1092 762 τὸ
1108 738 1145 763 ἴον
1155 757 1162 767 ,
1175 736 1221 762 τοῦ
1237 737 1355 772 Χριστοῦ
1373 737 1421 772 τὴν
1430 737 1558 770 εὐωδίαν,
1573 738 1605 764 Τί
1617 736 1662 764 οὖν
1676 738 1705 764 οὑ
1719 746 1846 772 στεφανο-

1064 781 1173 813 πλοκεῐς
1189 781 1233 808 διὰ
1247 781 1366 814 τούτων;
1387 778 1471 814 υῧτός
1487 783 1560 809 ἐστιν
1574 783 1588 808 6
1605 783 1699 817 καιρὸς
1712 783 1740 808 ἐν
1758 780 1780 816 ᾧ
1793 784 1845 818 χρὴ

1064 826 1231 861 δρεψάμενον
1243 828 1275 862 τῇ
1291 827 1377 862 πλοκῇ
1391 828 1444 853 τῶν
1458 827 1582 854 τοιούτων
1599 828 1738 862 στεφάνων
1749 829 1847 862 ἐγκαλ-

226 876 336 902 deserto
347 876 381 902 θ’.
396 875 514 903 Joannes
526 876 598 903 enim
615 879 656 903 est
671 880 772 903 turtur.
793 876 817 903 ls
833 881 876 904 est
891 884 1009 911 praecur-

1064 873 1242 900 λωπίσασθαι.
1270 874 1298 900 Ὀ
1313 874 1414 908 καιρὸς
1434 874 1491 908 τῆς
1509 875 1602 909 τομῆς
1617 876 1737 909 ἔφθακε.
1762 876 1846 902 Τοῦτό

226 924 273 948 sor
292 921 413 956 praeclari
435 921 518 955 hujus
543 921 626 952 veris,
646 922 692 955 qui
719 922 840 949 ostendit
855 921 1011 948 hominibus

227 966 356 1000 pulchros
373 966 452 994 ﬂores
470 966 589 998 virtutis,
612 970 639 993 et
654 967 768 1001 porrigit
785 967 818 994 iis
847 966 894 1000 qui
915 967 1012 994 volunt

226 1009 306 1037 ﬂores
335 1010 482 1043 colligere:
512 1018 560 1045 per
575 1018 644 1045 quos
674 1011 836 1039 ostendebat
851 1011 945 1038 ﬂorem
963 1011 1010 1045 qui

226 1057 313 1083 exite
328 1056 419 1083 radice
443 1055 530 1088 Jesse,
555 1064 652 1091 nempe
680 1056 786 1091 Agnum
808 1056 855 1084 Dei
883 1056 930 1091 qui
959 1056 1011 1083 tol-

227 1101 258 1128 lit
272 1105 383 1136 peccata
395 1102 503 1130 mundi.
519 1105 546 1128 et
559 1102 720 1136 suggerebat
735 1103 768 1128 de
784 1102 864 1129 malis
879 1101 1012 1136 paeniten-

227 1147 303 1178 tiam,
321 1151 348 1174 et
364 1149 447 1174 vitam
464 1146 616 1182 degendam
632 1155 665 1175 ex
683 1147 799 1174 virtute.

1065 927 1104 944 σοι
1121 918 1332 953 διαμαρτύρεται
1352 919 1367 953 ή
1386 918 1461 954 φωνὴ
1475 921 1524 954 τῆς
1540 920 1668 953 τρυγόνος
1679 939 1686 952 ,
1708 920 1845 946 τουτέστιν

1065 965 1081 998 ἡ
1097 963 1171 999 φωνὴ
1184 963 1230 990 τοῦ
1248 963 1362 998 βοῶντος
1383 964 1411 990 ὲν
1426 966 1458 999 τῇ
1475 965 1579 999 ἐρήμῳ.
1602 965 1727 1000 Ἰωάννης
1741 966 1813 992 ἐστὶν
1828 966 1845 1000 ἡ

1064 1009 1180 1045 τρυγών.
1204 1007 1286 1040 Οὗτος
1301 1011 1315 1036 6
1327 1009 1374 1036 τοῦ
1387 1009 1498 1045 φαιδροῦ
1516 1010 1595 1044 ἔαρος
1608 1011 1768 1046 πρόδρομος,
1782 1012 1796 1037 6
1813 1011 1846 1038 τὰ

1064 1054 1133 1081 καλὰ
1144 1055 1194 1088 τῆς
1207 1055 1307 1090 ἀρετῆς
1327 1054 1394 1089 ἄνθη
1407 1055 1462 1085 τοῖς
1482 1054 1633 1090 ἀνθρώποις
1648 1055 1786 1087 δεικνύων,
1799 1055 1846 1081 καὶ

1063 1101 1119 1131 τοῖς
1154 1099 1325 1135 βουλομένοις
1354 1099 1507 1133 ἀνθολογεῖν
1542 1100 1688 1135 προτείνων
1707 1108 1713 1114 ⁸
1747 1101 1781 1126 δι’
1808 1097 1846 1127 ὧν

1064 1145 1222 1172 ὑπεδείκνυε
1243 1145 1273 1172 τὸ
1295 1146 1326 1172 ὲκ
1339 1146 1389 1180 τῆς
1402 1145 1478 1181 ῥίζης
1493 1145 1539 1172 τοῦ
1567 1146 1665 1172 Ἰεσσαὶ
1689 1145 1778 1179 ἄνθος,
1801 1146 1846 1172 τὸν

226 1193 312 1228 ἀμνὸν
328 1192 374 1219 τοῦ
387 1193 455 1219 Θεοῦ
476 1193 520 1219 τὸν
534 1193 645 1228 αἴροντα
666 1193 715 1229 τὴν
736 1193 873 1228 ἁμαρτίαν
887 1192 934 1220 τοῦ
965 1192 1152 1228 κόσμου,.καὶ
1176 1192 1318 1219 ὑπετίθετο
1343 1192 1392 1227 τὴν
1414 1193 1447 1218 ὲκ
1462 1191 1515 1219 τῶν
1529 1191 1621 1218 κακῶν
1640 1191 1783 1226 μετάνοιαν
1799 1193 1846 1219 καὶ

225 1239 274 1275 τὴν
287 1241 345 1266 κατ’
362 1240 461 1276 ἀρετὴν
477 1240 624 1267 πολιτείαν.

261 1285 361 1312 Audita
384 1290 422 1312 est
441 1285 530 1318 enim,
561 1286 659 1321 inquit,
676 1294 724 1312 vos:
753 1287 864 1313 turturis
892 1287 920 1313 in
940 1291 1011 1314 terra

228 1335 329 1357 nostra.
355 1329 468 1356 Terram
490 1329 560 1357 forte
577 1330 701 1357 nominat
724 1338 772 1358 eos
799 1331 846 1365 qui
874 1335 939 1359 sunt
961 1331 1011 1359 da-

229 1375 312 1402 mnati
331 1375 357 1401 in
374 1375 450 1407 vitio,
467 1382 537 1409 quos
554 1375 715 1410 publicanos
730 1380 756 1403 et
771 1377 930 1404 meretrices
945 1376 1012 1404 dicit

228 1420 418 1454 Evangelium,
436 1427 450 1446 a
463 1420 564 1454 quibus
576 1420 698 1447 auditum
711 1424 753 1448 est
763 1421 874 1448 verbum
886 1421 1010 1454 Joannis,

228 1473 290 1492 cum
314 1465 412 1499 reliqui
439 1465 551 1492 minime
581 1465 755 1493 admisissent
779 1467 1027 1501 praedicationemu

229 1510 305 1543 Quod
327 1514 417 1536 autent
434 1510 536 1537 dictum
552 1514 594 1537 est
622 1511 655 1538 de
670 1511 723 1538 ﬁcu
738 1520 747 1539 :
767 1511 883 1539 Protulit
906 1521 1011 1548 grossos
1026 1530 1048 1560 Ο

228 1563 300 1586 suos,
329 1554 437 1582 ratione
453 1556 494 1581 sic
521 1555 723 1590 intelligamus:
734 1556 816 1584 Ficus
831 1557 866 1585 ob
881 1558 1012 1591 calorem,

228 1604 270 1628 est
288 1600 401 1634 praedita
416 1601 442 1628 vi
460 1601 561 1636 insigni
579 1602 734 1628 attrahendi
751 1602 875 1631 humoris
900 1611 933 1630 ex
949 1611 1013 1638 pro-

230 1646 324 1673 fundo.
340 1646 407 1673 Cum
426 1650 516 1673 autent
532 1646 635 1674 multus
648 1647 747 1674 humor
759 1649 894 1675 consistat
912 1649 938 1675 in
955 1657 1014 1676 me-

229 1691 314 1723 dulla,
335 1692 494 1719 necessario
506 1697 604 1719 natura
627 1700 674 1726 per
695 1692 840 1720 humorum
857 1695 1015 1722 concoctio-

230 1745 290 1764 nem
302 1738 329 1764 iu
347 1738 448 1772 planta,
461 1738 574 1772 expellit
589 1746 623 1766 ex
639 1738 723 1766 ramis
742 1739 864 1766 inutilem
879 1743 906 1766 ct
926 1745 1013 1768 terre-

229 1788 313 1810 strem
329 1783 481 1810 humorem.
498 1784 581 1819 quue
594 1792 667 1819 saepe
681 1779 762 1818 facit,
771 1785 859 1813 donec
873 1787 1012 1814 sincerum

229 1833 256 1856 et
271 1830 304 1855 ad
325 1829 501 1856 nutriendum
522 1834 613 1865 aptum
642 1830 785 1858 humorem
811 1835 875 1866 apto
892 1831 1014 1866 proferat

229 1879 363 1910 tempore,
392 1875 427 1902 ah
459 1876 549 1902 inutili
569 1881 750 1911 expurgatum
770 1878 911 1912 qualitate.
936 1877 1014 1910 Quod

229 1928 294 1955 ergo
310 1927 373 1948 ante
387 1921 496 1948 dulcem
512 1925 539 1948 et
552 1921 704 1956 perfectum
722 1921 852 1955 fructum,
871 1930 886 1949 a
906 1922 957 1950 ﬁcu
973 1925 1015 1950 in-

230 1971 288 1994 star
311 1966 416 1994 fructus
444 1967 622 2001 producitur,
656 1975 770 2002 grossus
799 1967 911 2001 dicitur,
941 1968 1014 2003 quod

231 2012 339 2046 quidem
366 2015 410 2038 est
434 2011 523 2046 ipsum
550 2019 658 2046 quoque
685 2012 856 2040 esculentum
887 2021 1014 2040 nonnun-

231 2063 311 2091 quam
327 2057 483 2085 volentibus
499 2066 507 2085 :
527 2065 580 2084 non
599 2061 642 2086 est
656 2064 748 2086 tamen
765 2060 811 2086 ille
828 2059 944 2092 fructus,
965 2059 1015 2088 sed

232 2104 337 2129 ﬂuctus
353 2103 527 2137 prooemium.
539 2103 591 2136 Qui
605 2111 669 2139 ergo
682 2112 714 2131 ea
725 2104 803 2137 vidit,
817 2105 936 2132 fructum
951 2113 1015 2133 mox

232 2147 354 2174 futurum
370 2148 482 2175 omnino
498 2153 648 2184 exspectat.
672 2148 740 2177 Sunt
762 2150 834 2177 enim
848 2151 1014 2185 signum.ﬂ-

1105 1288 1249 1321 Ἠκούσθη
1264 1287 1328 1323 γὰρ,
1344 1288 1419 1323 φησι,
1433 1287 1517 1322 φωνὴ
1529 1288 1584 1323 τῆς
1599 1289 1742 1324 τρυγόνος
1759 1289 1794 1315 ἐν
1808 1288 1846 1323 τῇ

1064 1333 1102 1368 γῇ
1116 1333 1209 1367 ἡμῶν.
1232 1334 1307 1368 Τάχα
1322 1335 1373 1369 γῆν
1388 1335 1450 1365 τοὺς
1466 1335 1705 1369 κατεγνωσμένους
1719 1336 1748 1361 ἐν
1763 1335 1846 1371 κακίᾳ

1064 1379 1253 1415 κατονομάζει,
1266 1379 1323 1410 οὓς
1345 1380 1462 1412 τελώνας
1483 1389 1512 1406 τε
1533 1381 1580 1421 καὶ
1602 1381 1703 1416 πόρνας
1721 1380 1795 1414 λέγει
1816 1380 1847 1406 τὸ

1063 1425 1239 1459 Εὖαγγέλιον,
1257 1427 1285 1452 ὲν
1306 1424 1346 1456 οἶς
1363 1425 1482 1461 ἠκούσθη
1509 1425 1555 1451 τοῦ
1578 1425 1699 1452 Ἰωάννου
1723 1426 1737 1451 ὁ
1756 1425 1846 1459 λόγος,

1063 1471 1117 1497 τῶν
1131 1471 1232 1498 λοιπῶν
1248 1471 1278 1497 οὒ
1295 1471 1525 1507 παραδεξαμένων
1544 1472 1574 1498 τὸ
1596 1472 1736 1506 κήρυγμα.
1763 1471 1798 1498 Τὸ
1818 1471 1847 1498 δὲ

1064 1516 1128 1551 περὶ
1152 1517 1202 1551 τῆς
1225 1517 1310 1551 συκῆς
1335 1518 1498 1552 είρημὲνον,
1529 1519 1569 1544 ὅτι
1597 1518 1753 1553 Ἐξήνετκε
1776 1519 1847 1552 τοὺς

1064 1562 1212 1595 ὀλύνθους
1226 1562 1331 1596 αὐτῆς,
1353 1563 1450 1590 οὑτωσὶ
1475 1563 1512 1598 τῷ
1526 1563 1596 1598 λόγῳ
1616 1565 1826 1599 κατανοήσωμεν
1837 1573 1846 1581 ’

1070 1607 1195 1643 Ἐλκτικὴ
1217 1608 1267 1643 τῆς
1284 1609 1312 1634 ἐν
1327 1608 1367 1643 τῷ
1388 1608 1465 1643 βάθει
1479 1609 1579 1640 νοτίδος
1599 1609 1780 1645 διαφερόντως
1795 1609 1848 1635 ὑπό

1064 1653 1228 1688 θερμότητός
1245 1655 1319 1680 ἐστιν
1335 1655 1352 1689 ἡ
1374 1655 1454 1689 συκῆ.
1479 1654 1581 1689 Πολλῆς
1605 1654 1634 1681 δὲ
1656 1655 1726 1681 κατὰ
1740 1655 1788 1687 τὰς
1803 1657 1848 1682 ὲν-

1063 1700 1193 1736 τεριώνας
1215 1701 1264 1735 τῆς
1291 1701 1401 1735 ἰκμάδος
1425 1700 1621 1735 συνισταμένης
1633 1720 1640 1731 ,
1659 1700 1813 1734 ἀναγκαίως
1830 1702 1848 1736 ἡ

1065 1745 1145 1780 φύσις
1161 1745 1204 1772 διὰ
1224 1745 1274 1780 τῆς
1296 1745 1349 1771 τῶν
1373 1745 1463 1780 ὑγρῶν
1480 1745 1587 1779 πέψεως
1609 1745 1659 1779 τῆς
1674 1746 1702 1771 ἐν
1721 1745 1759 1780 τῷ
1771 1746 1848 1781 φυτῷ

1064 1791 1210 1827 γινομένης
1226 1791 1257 1817 τὸ
1273 1791 1381 1826 ἀχρεῐόν
1403 1799 1433 1818 τε
1455 1792 1502 1818 καὶ
1517 1792 1615 1825 γεῶδες
1629 1791 1677 1826 τῆς
1692 1792 1802 1826 ἰκμάδος
1815 1792 1849 1818 ὲκ

1063 1837 1117 1864 τῶν
1131 1837 1290 1872 ἀκρεμόνων
1304 1837 1532 1869 ἀποσκευάζεται.
1549 1838 1604 1864 Καὶ
1622 1837 1750 1869 πολλάκις
1769 1837 1849 1864 τοῦτο

1065 1885 1146 1915 ποιεῖ,
1158 1883 1196 1914 ὡς
1207 1883 1240 1910 ἂν
1255 1883 1283 1909 τὸ
1297 1882 1441 1918 εἰλικρινές
1455 1891 1484 1910 τε
1499 1883 1546 1909 καὶ
1560 1884 1691 1918 τρόφιμον
1705 1885 1734 1910 ὲν
1748 1884 1786 1918 τῷ
1798 1892 1845 1910 κα-

1065 1927 1173 1962 θήκοντι
1197 1926 1286 1961 καιρῷ
1307 1926 1456 1962 προϐάλλῃ,
1475 1927 1679 1962 κεκαθαρμένον
1695 1927 1743 1962 τῆς
1761 1928 1848 1963 ἀχρή-

1065 1981 1127 1998 στου
1140 1972 1289 2007 ποιότητος.
1304 1971 1389 1998 Τοῦτο
1402 1972 1491 1998 τοίνυν
1507 1972 1559 2008 πρὸ
1570 1973 1616 1999 τοῦ
1629 1972 1750 2006 γλυκέως
1760 1982 1788 2000 τε
1801 1974 1849 2001 καὶ⁴

1064 2018 1166 2044 τελείου
1182 2017 1287 2053 καρποῦ
1304 2017 1356 2044 ὑπὸ
1370 2018 1419 2052 τῆς
1434 2018 1518 2052 συκῆς
1533 2019 1561 2044 ὲν
1576 2018 1690 2053 καρπῶν
1706 2019 1770 2045 εἴδει
1783 2027 1849 2054 προ-

1065 2063 1243 2098 ϐαλλόμενον,
1268 2063 1377 2095 όλυνθος
1402 2063 1528 2097 λέγεται·
1553 2065 1621 2100 ὅπερ
1639 2064 1686 2091 καὶ
1711 2065 1776 2092 αὐτὸ
1799 2065 1848 2100 μὲν

1064 2107 1193 2142 ἐδώδιμον
1213 2108 1268 2134 ἔσθ’
1294 2109 1338 2145 ὅτε
1363 2110 1418 2140 τοῖς
1436 2108 1607 2144 βουλομένοις
1630 2110 1719 2136 ἐστίν·
1743 2110 1772 2136 οὐ
1794 2110 1848 2145 μὴν

1065 2154 1152 2180 ἐκεῖνό
1163 2155 1236 2180 ἐστιν
1249 2155 1263 2180 ό
1281 2154 1395 2191 καρπὸς,
1421 2154 1491 2198 ἀλλα
1505 2154 1552 2181 τοῦ
1577 2155 1682 2190 καρποῦ
1706 2155 1848 2190 προοίμιον

231 2200 313 2220 cuum
328 2193 532 2221 esculentarum
545 2194 645 2229 grOSSi,
665 2202 734 2229 quos
748 2195 814 2222 dicit
828 2195 907 2223 ﬁcum
921 2202 1012 2230 protu-

1064 2200 1177 2233 γίνεται.
1196 2200 1225 2226 Ὀ
1237 2200 1323 2228 ταῦτα
1335 2202 1423 2228 τοίνυν
1440 2193 1615 2238 θεασάμενος,
1627 2200 1730 2230 καὶτὸν
1743 2204 1849 2239 καρπὸν

231 2236 307 2264 lisse.
323 2236 392 2269 Quia
414 2237 487 2265 enim
518 2246 565 2264 ver
589 2239 732 2272 spirituale
757 2247 866 2274 sponsae
879 2240 1012 2268 describit

231 2283 336 2310 oratio;
353 2287 395 2310 est
410 2287 502 2310 autem
518 2284 568 2311 hoc
583 2288 689 2319 tempus
714 2285 742 2312 in
757 2286 878 2314 conﬁnio
894 2287 1012 2315 duorum

231 2332 394 2363 temporum,
419 2336 515 2364 nempe
543 2333 569 2356 et
590 2329 709 2357 tristitia:
740 2331 882 2364 hiemalis,
899 2337 926 2359 et
955 2332 1014 2359 fru-

231 2378 336 2406 ctuum,
363 2374 411 2408 qui
439 2374 606 2409 colliguntur
630 2379 734 2407 aestate,
769 2377 1011 2412 participationis:

231 2423 376 2453 propterea
389 2419 460 2445 mala
474 2420 583 2454 quidem
598 2421 760 2454 praeteriisse
774 2422 895 2450 dilucide
908 2431 1013 2450 annun-

232 2465 299 2496 tiat,
330 2464 466 2499 perfectos
497 2471 588 2496 autem
617 2467 720 2495 fructus
746 2468 855 2496 virtutis
890 2469 1012 2496 nondum

231 2515 325 2545 aperte
337 2510 466 2538 ostendit.
481 2510 533 2538 Sed
546 2512 595 2539 hos
611 2512 721 2547 quidem
735 2514 858 2541 recondit
875 2521 907 2541 ac
924 2521 1014 2542 reser-

231 2560 276 2582 vat
305 2555 332 2582 in
347 2559 456 2591 tempus
471 2561 667 2591 opportunum,
685 2559 795 2592 quando
811 2563 891 2587 aestas
908 2560 1013 2587 instite-

231 2601 277 2628 rit.
298 2600 359 2629 Scis
375 2608 464 2629 autem
481 2603 592 2630 omnino
607 2604 673 2638 quid
686 2603 855 2638 signiﬁcetur
872 2612 920 2639 per
932 2609 1012 2632 asta-

232 2650 285 2674 tem
301 2654 331 2674 ex
345 2654 411 2675 voce
426 2647 545 2681 Domini,
563 2656 660 2683 nempe
683 2649 759 2683 quod
791 2648 887 2677 Messi:
904 2653 943 2677 ut
963 2658 1016 2678 sre-

229 2692 283 2718 cuti
291 2691 482 2718 consummatio
506 2693 548 2726 “;
565 2701 638 2721 nunc
651 2698 741 2721 autem
755 2694 874 2722 ostendit
887 2694 1014 2724 ﬂorentes

231 2746 294 2774 spes
308 2742 452 2772 Virtutum,
468 2747 583 2774 quarum
596 2739 712 2773 fructus,
733 2745 763 2768 ut
786 2740 853 2768 dicit
868 2741 1014 2776 Propheta,

1066 2245 1128 2272 ὅσον
1149 2245 1253 2272 οὐδέπω
1279 2247 1387 2278 πάντως
1411 2248 1558 2283 ἐκδέχεται.
1584 2249 1699 2284 Σημεϊον
1719 2249 1773 2285 γὰρ
1793 2249 1848 2277 τῶν

1066 2290 1204 2325 ἐδωδίμων
1218 2291 1307 2318 σύκων
1319 2293 1343 2318 οἱ
1357 2292 1462 2319 ὅλυνθοι
1480 2293 1610 2326 γίνονται,
1630 2293 1676 2326 οὓς
1694 2294 1849 2329 ἐξενηνοχέ-

1066 2345 1110 2363 ναι
1132 2337 1198 2371 φησὶ
1221 2338 1272 2372 τὴν
1295 2338 1390 2372 συκῆν.
1416 2339 1523 2373 Ἐπειδὴ
1539 2339 1593 2375 γὰρ
1617 2340 1648 2366 τὸ
1666 2341 1849 2375 πνευματικὸν

1067 2382 1117 2417 ἔαρ
1131 2381 1283 2417 ὑπογράφει
1296 2385 1328 2418 τῇ
1344 2383 1436 2419 νύμφῃ
1449 2385 1463 2410 6
1477 2384 1555 2418 λόγος
1565 2393 1571 2399 ι
1592 2386 1606 2411 6
1619 2384 1646 2411 δὲ
1663 2385 1756 2420 καιρὸς
1773 2383 1848 2418 οὗτος

1068 2427 1191 2462 μεθόριός
1213 2429 1272 2454 ἐστι
1290 2428 1336 2455 δύο
1350 2429 1464 2464 καιρῶν,
1483 2430 1533 2464 τῆς
1547 2439 1576 2456 τε
1593 2431 1749 2466 χειμερινῆς
1764 2439 1850 2465 κατη-

1065 2473 1153 2507 φείας,
1170 2473 1217 2500 καὶ
1233 2474 1283 2509 τῆς
1304 2475 1333 2501 ὲν
1351 2475 1389 2510 τῷ
1402 2475 1475 2510 θέρει
1488 2475 1540 2501 τῶν
1554 2476 1667 2511 καρπῶν
1685 2476 1826 2511 μετουσίας
1841 2484 1848 2491 ·

1065 2517 1109 2544 διὰ
1122 2518 1200 2544 τοῦτο
1223 2518 1253 2545 τὸ
1275 2519 1323 2553 μὲν
1339 2520 1532 2556 παρῳχηκέναι
1547 2521 1580 2547 τὰ
1600 2521 1682 2552 κακὰ,
1699 2521 1850 2557 διαρρήδην

1065 2562 1268 2596 εὐαγγελίζεται
1283 2572 1290 2579 ”
1316 2565 1380 2596 τοὺς
1402 2565 1430 2592 δὲ
1446 2567 1568 2602 καρποὺς
1592 2567 1639 2601 τῆς
1659 2567 1759 2602 ἀρετῆς
1773 2561 1863 2594 οὒπωῦ

1064 2608 1173 2640 τελείως
1190 2610 1376 2644 προδείκνυσιν
1387 2632 1394 2644 ,
1418 2612 1486 2638 ἀλλὰ
1496 2613 1606 2644 τούτους
1629 2613 1679 2648 μὲν
1703 2614 1733 2639 ὲν
1748 2613 1786 2648 τῷ
1801 2622 1851 2640 και

1064 2654 1172 2690 θήκοντι
1188 2656 1275 2692 καιρῷ
1291 2657 1451 2692 ταμιεύεται
1461 2679 1468 2690 ,
1483 2659 1546 2686 ὃταν
1562 2660 1610 2695 στῇ
1623 2659 1653 2685 τὸ
1667 2659 1754 2694 θέρος.
1769 2658 1849 2691 Οἶδας

1063 2700 1091 2727 δὲ
1106 2701 1214 2733 πάντως
1230 2702 1260 2728 τὸ
1280 2702 1324 2729 διὰ
1344 2703 1391 2729 τοῦ
1409 2703 1503 2739 θέρους
1518 2704 1682 2740 δηλούμενον
1694 2705 1726 2731 ὲκ
1744 2705 1792 2740 τῆς
1803 2704 1849 2730 τοῦ

1063 2745 1165 2781 Κυρίου
1177 2747 1278 2782 φωνῆς,
1291 2747 1308 2781 ἢ
1326 2747 1404 2775 τοῦτό
1418 2757 1508 2783 φησιν,
1522 2750 1562 2776 ὅτι
1585 2750 1616 2776 ’0
1629 2750 1767 2784 θερισμὸς
1777 2758 1852 2777 συν-

219 2850 223 2859 ,
263 2824 293 2846 -"
314 2828 408 2856 Matth.
430 2835 469 2861 nl,
490 2828 533 2862 ὃς
567 2828 649 2856 Marc.
667 2836 687 2860 ι,
703 2828 730 2856 3.
770 2830 792 2846 ’³
817 2829 912 2858 Matth.
934 2837 995 2864 xm,
1019 2831 1065 2860 39.
