1984 3068
82 145 130 176 873

582 144 616 172 IN
632 144 783 174 CANTICA
800 144 936 176 CANTIC.
965 145 1108 174 HOMILIA
1130 145 1161 174 V.

1646 146 1698 175 87$

81 206 174 234 τέλεια
192 204 244 232 τοῦ
263 203 370 238 αἰῶνός
391 204 474 232 ἐστι·
503 204 550 232 νῦν
575 206 603 233 δὲ
624 207 672 240 τὰς
687 207 797 240 ἐλπίδας
811 207 864 235 δεί-

920 213 1028 243 apparet
1055 209 1082 236 in
1109 212 1232 243 tempore
1260 215 1311 235 suo
1323 207 1358 237 “.
1381 208 1449 237 Cum
1475 209 1557 245 igitur
1579 210 1701 240 humana

82 259 152 278 κνυσι
164 251 208 278 διὰ
219 250 274 278 τῶν
289 250 394 286 ἀρετῶν
408 251 551 285 ἀνθούσας,
565 248 602 279 ὧν
615 253 630 279 ό
645 254 760 288 καρπὸς,
773 253 864 286 καθώς

82 306 156 333 φησιν
166 298 180 324 ὁ
192 297 347 332 Προφήτης,
361 298 391 322 ὲν
403 296 443 332 τῷ
454 297 545 332 καιρῷ
554 298 593 333 τῷ
607 298 664 334 ἰδίῳ
675 299 862 334 προφαίνεται.

83 343 134 378 Τῆς
146 343 236 373 τοίνυν
249 343 422 379 ἀνθρωπίνης
441 342 548 378 φύσεως
564 344 635 371 κατὰ
651 345 700 381 τὴν
717 353 865 380 μνημονευ-

83 389 168 416 θεῖσαν
180 388 297 416 ἐνταῦθα
309 388 404 423 συκῆν,
421 389 520 424 πολλὴν
530 389 575 416 διὰ
589 390 635 417 τοῦ
647 391 788 426 νοηθέντος
798 392 864 426 ἡμῖν

83 433 208 469 χειμῶνος
232 433 320 470 κακὴν
337 435 438 469 ἰκμάδα
461 434 659 470 συλλεξαμένης
673 455 680 468 ,
704 437 792 466 καλῶς
808 438 821 463 ὸ
835 437 865 463 τὸ

81 479 189 515 ψυχικὸν
200 479 249 515 ἔαρ
261 480 523 516 ἡμϊνέργαζόμενος,
535 481 581 507 καὶ
591 482 623 516 τῇ
636 481 794 518 καθηκούσῃ
805 490 875 516 γεω-

81 525 156 560 πονίᾳ
178 525 342 561 φυτηκομῶν
364 526 395 552 τὸ
416 525 595 561 ἀνθρώπινον,
622 527 729 562 πρῶτον
749 528 798 563 μὲν
818 528 865 554 ὲκ-

82 569 167 597 6άλλει
177 569 226 604 τῆς
238 570 344 604 φύσεως
355 572 408 597 πᾶν
418 570 479 597 ὒσον
490 571 591 606 γεῶδες
602 572 648 599 καὶ
662 572 795 608 ἄχρηστον
805 572 866 599 ἀντὶ

82 616 244 650 ἀκρεμόνων.
253 616 286 642 δι’
298 615 516 651 ὲΕομολογήσεως
527 617 722 650 ἀποσκευάςων
733 618 766 644 τὰ
778 626 866 654 περιτ-

81 660 197 695 τώματα.
211 659 268 688 Εἶθ’
279 659 365 692 οὕτως
375 662 537 697 χαρακτῆρά
548 671 608 689 τινα
624 662 674 698 τῆς
686 663 865 700 ἐλπιζομένης

84 707 288 742 μακαριότητος,
308 707 352 734 διὰ
366 708 416 742 τῆς
437 707 611 744 ἀστειοτέρας
630 709 703 745 ζωῆς
716 709 866 737 ἱπιϐάλλων

81 751 117 786 τῷ
130 751 187 786 βίῳ,
199 749 254 778 οἷόν
267 760 338 778 τισιν
353 750 473 784 ὸλύνθοις
486 753 535 788 τὴν
550 753 697 788 μέλλουσαν
712 754 866 790 γλυκύτητα

81 795 131 822 τῶν
141 796 229 823 συκῶν
239 795 453 831 εὐαγγελίζεται.
462 797 516 824 Καὶ
522 797 600 825 τοῦτό
609 800 666 826 ἐστι
674 799 704 826 τὸ
711 799 864 836 λεγόμενον,

81 843 120 868 ὅτι
138 842 169 869 Ἠ
181 842 261 877 συκῆ
271 843 415 878 ἐξήνεγκε
427 843 501 877 τοὺς
507 844 657 879 ὀλύνθους
669 846 775 880 αὐτῆς.
789 846 866 873 Οὕτω

82 887 126 922 μοὶ
137 887 231 923 νόησον
242 888 289 915 καὶ
299 889 349 924 τὴν
361 889 548 925 κυπρίζουσαν
560 891 689 926 ἄμπελον,
699 889 732 927 ἦς
746 894 760 919 ὁ
773 892 820 927 μὲν
832 891 867 918 οἷ·
884 883 903 912 Β

80 941 132 965 νος.
144 934 157 960 6
166 933 215 970 τὴν
225 935 338 970 καρδίαν
349 935 513 971 εὐφραίνων,
530 937 669 974 πληρώσει
687 938 751 965 ποτὲ
766 939 810 965 τὸν
818 940 867 972 τῆς

83 979 173 1014 σοφίας
190 980 327 1016 κελαι-ἤρα’
343 981 390 1008 καὶ
404 982 579 1017 προκείσεται
595 984 652 1014 τοῖς
668 984 820 1019 συμπόταις
836 984 868 1010 ἐκ

79 1024 125 1051 τοῦ
142 1025 243 1060 ὑψηλοῦ
258 1026 436 1061 κηρύγματος
450 1028 510 1054 κατ’
525 1028 649 1061 ἐξουσίαν
663 1029 814 1064 ἀρύσασθαι
830 1030 868 1062 είς

80 1071 184 1106 ἀγαθήν
199 1080 228 1097 τε
247 1072 295 1098 καὶ
309 1072 438 1106 νηφάλιον
461 1073 556 1108 μέθην.
583 1073 708 1109 Ἑκείνην
727 1074 797 1108 λέγω
820 1075 869 1109 τὴν

83 1116 175 1151 μέθην,
190 1116 223 1142 δι’
236 1112 270 1152 ἦς
289 1118 344 1148 τοῖς
357 1117 510 1152 ἀνθρώποις
530 1119 561 1145 ὲκ
574 1117 628 1145 τῶν
642 1119 742 1146 arma»
757 1119 824 1154 πρὸς
840 1120 869 1145 τὸ

81 1161 216 1197 θειότερον
229 1162 245 1197 ή
262 1161 373 1194 ἔκτεισις
386 1163 499 1197 γίνεται.

115 1206 170 1233 Νῦν
194 1207 242 1242 μὲν
266 1208 392 1243 κυπρίζει
406 1208 450 1236 διὰ
462 1209 509 1236 τοῦ
524 1209 621 1242 ἄνθους
635 1211 651 1246 ἠ
670 1210 803 1246 ἄμπελος,
822 1211 869 1238 καί

80 1260 122 1284 τις
137 1252 269 1280 ἐκδίδοται
283 1254 348 1290 παρ’
363 1254 449 1289 αὐτῆς
462 1255 551 1290 ἀτμὸς
564 1255 729 1289 εὐωδιάζων,
745 1257 812 1292 ἡδὺς
824 1258 870 1284 καὶ

81 1297 232 1332 προσηνὴς,
252 1297 319 1332 πρὸς
333 1298 363 1325 τὺ
387 1299 514 1334 περιέχον
539 1300 647 1336 πνεῦμα
665 1301 869 1336 κατακιρνάμε-

83 1350 134 1374 νος.
151 1340 233 1374 Οἶδας
247 1343 317 1370 δὲτὸ
330 1343 438 1379 πνεῦμα
451 1345 569 1380 παντως,
585 1345 599 1372 ὅ
613 1346 662 1379 τὴν
677 1346 791 1373 εὐωδίαν
802 1345 869 1373 ταύ-

81 1395 130 1422 την
149 1388 206 1418 τοῖς
227 1387 390 1422 σωζομένοις
412 1388 557 1424 ἐργάζεται
569 1410 577 1421 ,
596 1390 671 1425 παρὰ
690 1390 736 1417 τοῦ
762 1391 869 1418 Παύλου

83 1433 184 1468 μαθών.
205 1433 297 1460 Ταῦτα
314 1434 486 1469 προδείκνυσι
509 1437 542 1471 τῇ
557 1434 651 1472 νύμφῃ
674 1437 688 1463 ό
709 1437 797 1471 λόγος.
822 1437 869 1464 τοῦ

81 1478 164 1506 καλοῦ
174 1479 228 1505 τῶν
238 1478 331 1514 ψυχῶν
342 1479 421 1515 ἔαρος
431 1480 465 1506 τὰ
477 1481 666 1516 γνωρίσματα,
680 1482 726 1508 καὶ
742 1482 871 1509 ἐπισπεύ-

80 1524 120 1551 δει
136 1523 205 1561 πρὸς
220 1525 269 1560 τὴν
285 1525 338 1552 τῶν
354 1526 542 1562 προκειμένων
561 1527 720 1558 ἀπόλαυσιν,
731 1527 869 1563 διεγείρων

80 1571 165 1606 αὐτὴν
177 1571 215 1606 τῷ
233 1570 314 1608 λόγῳ,
332 1571 459 1599 Ἀνάστα
471 1593 478 1605 ,
491 1572 577 1606 λέγων
588 1593 594 1605 ,
615 1572 695 1604 ἐλθὲ,
708 1574 726 1606 ὴ
738 1573 871 1607 πλησίον

78 1626 149 1651 μου,
165 1618 243 1652 καλή
255 1627 326 1653 μου,
351 1619 511 1653 περιστερά
522 1628 593 1653 μου.
611 1619 680 1646 Ὅσα
700 1619 822 1656 δόγματα
836 1620 870 1647 δι’

80 1663 178 1697 ὀλίγων
193 1664 221 1690 ὲν
234 1664 290 1696 τοῖς
310 1665 413 1700 ῥήμασι
433 1665 538 1696 τούτοις
552 1666 566 1690 ό
581 1664 666 1699 Λόγος
682 1666 748 1700 ἡμῖν
765 1666 870 1692 ὑποδεί-

81 1709 190 1735 κνυσινί
207 1709 243 1735 Otii
256 1709 309 1744 γὰρ
321 1709 392 1736 κατά
405 1717 465 1735 τινα
479 1708 666 1744 παρέλκουσαν
679 1709 869 1743 ματαιολογίαν

79 1754 136 1785 τοῖς
152 1753 243 1786 αὐτοῖς
269 1755 388 1790 ῥήμασιν
405 1753 601 1789 ἐμφιλοχωρεῐν
627 1754 675 1789 τὴν
693 1754 869 1781 θεόπνευστον

78 1798 255 1826 διδασκαλίαν
271 1799 344 1826 ἐστὶν
358 1799 440 1830 εἰκός.
462 1799 542 1825 Ἀλλά
558 1807 584 1825 τι
603 1799 674 1834 μέγα
693 1799 740 1825 καὶ
756 1799 870 1835 θεοπρε-

79 1843 130 1876 πὲς
149 1845 236 1880 νόημα
251 1845 294 1871 διὰ
317 1844 366 1880 τῆς
389 1844 564 1878 παλιλλογῖας
585 1846 650 1879 ἡμῖν
670 1844 868 1872 ὑποδείκνυται.

79 1890 115 1916 TE.
129 1891 157 1916 δὲ
176 1890 320 1925 λεγόμενον
334 1890 453 1917 τοιοῦτόν
476 1891 550 1916 ἐστιν
559 1898 565 1904 ·
582 1891 614 1916 Ἠ
630 1890 754 1925 μακαρία
768 1891 814 1917 καὶ
827 1891 870 1917 a1-

79 1934 134 1966 διος
147 1935 193 1961 καὶ
205 1935 292 1961 πάντα
305 1935 366 1961 νοῦν
379 1935 550 1970 ὑπερέχουσα
561 1934 652 1968 φύσις,
664 1935 752 1961 πάντα
761 1934 795 1961 τὰ
807 1935 870 1962 ὂντα

78 1981 108 2006 ὲν
130 1981 212 2015 ἑαυτῇ
235 1980 410 2016 περιέχουσα,
427 1980 473 2006 ὑπ’
488 1980 594 2011 οὐδενὸς
619 1980 776 2015 περιέχεται
794 1981 868 2016 ὅρου.

78 2026 163 2052 Οὐδὲν
179 2026 232 2062 γάρ
247 2027 304 2053 ἔστι
325 2026 388 2061 περὶ
405 2026 488 2061 αὐτὴν
505 2026 700 2062 θεωρούμενον,
716 2025 747 2052 οὐ
764 2026 869 2061 χρόνος,

77 2071 109 2097 οὐ
122 2071 214 2102 τόπος,
227 2072 256 2098 οὐ
274 2071 384 2107 χρῶμα,
399 2072 429 2098 οὔ
445 2072 547 2107 σχῆμα,
563 2073 612 2099 οὐκ
623 2070 701 2104 εἶδος,
717 2072 767 2099 οὐκ
777 2073 868 2107 ὅγκος,

77 2118 108 2144 οὐ
130 2118 294 2152 πηλικότης,
312 2117 342 2144 οὑ
357 2117 505 2152 διάστημα,
523 2118 583 2145 οὐδὲ
600 2118 664 2145 ἄλλο
680 2127 706 2144 τι
721 2117 774 2144 τῶν
792 2126 871 2154 περι-

77 2166 241 2201 γραπτικῶν
265 2165 360 2200 ὖνομα,
384 2165 401 2200 ἢ
425 2166 551 2200 πρᾶγμα,
570 2165 586 2200 ἢ
611 2165 710 2200 νόημα,
733 2165 801 2191 ἀλλὰ
816 2166 870 2192 πᾶν

76 2211 144 2246 περὶ
158 2212 241 2246 αὐτὴν
259 2211 403 2246 νοούμενον
417 2210 521 2244 ἀγαθὸν
542 2210 582 2241 εἰς
603 2210 715 2244 ἄπειρόν
729 2218 758 2236 τε
776 2210 823 2237 καὶ
836 2211 867 2237 ἁ·
884 2220 905 2246 ι)

77 2256 186 2291 opino»
201 2257 332 2291 πρόεισιν.
352 2257 438 2283 Ὅπου
456 2255 510 2292 γὰρ
528 2248 612 2282 κακία
629 2255 719 2290 χώραν
735 2256 784 2282 οὐκ
801 2255 866 2291 ἔχει,

76 2302 182 2336 ἀγαθοῦ
200 2302 283 2337 πέρας
302 2302 375 2329 ἐστὶν
392 2302 478 2329 οὐδέν.
501 2303 562 2328 Ἐπὶ
577 2302 632 2337 γὰρ
648 2302 696 2337 τῆς
719 2301 868 2337 τρεπτικῆς

76 2347 197 2382 φύσεως,
213 2347 255 2374 διὰ
265 2348 295 2375 τὸ
310 2349 370 2383 ἴσην
384 2348 524 2382 ἐγκεῖσθαι
539 2348 587 2383 τὴν
600 2347 714 2382 δύναμιν
728 2348 760 2382 τῇ
778 2356 868 2382 προαι-

78 2393 156 2428 ρέσει
168 2393 235 2428 προς
247 2394 295 2428 τὴν
309 2395 350 2428 ἐφ’
375 2394 492 2429 ἑκάτερα
507 2394 560 2420 τῶν
578 2393 705 2420 ἐναντίων
727 2392 822 2427 ῥοπὴν,
838 2393 868 2419 τό

73 2446 106 2464 τε
126 2437 228 2471 ἀγαθὸν
247 2438 276 2464 τὸ
296 2439 324 2464 ὲν
341 2441 416 2474 ἡμῖν,
436 2440 481 2466 καὶ
500 2440 529 2466 τὸ
549 2440 632 2466 κακὸν
651 2440 710 2470 ταῖς
733 2438 867 2473 διαδοχαῖς

74 2482 204 2517 ἀλλήλων
225 2483 403 2517 ἐναπολήγει,
422 2484 467 2510 καὶ
484 2484 587 2517 γίνεται
604 2483 651 2509 τοῦ
676 2481 778 2516 ἀγαθοῦ
806 2482 866 2516 ὄρος

74 2527 92 2561 ἡ
115 2527 292 2561 ὲπιγινομένη
308 2527 400 2557 κακία,
412 2527 458 2554 καὶ
470 2521 556 2554 πάντα
567 2528 600 2554 τὰ
614 2528 668 2553 τῶν
682 2526 776 2561 ψυχῶν
789 2526 866 2561 ἡμῶν

73 2571 295 2607 ἐπιτηδεύματα.
313 2572 363 2598 ὅσα
378 2572 448 2598 κατὰ
463 2573 494 2598 τὸ
512 2573 632 2599 ἐναντίον
652 2572 777 2606 ἀλλήλοις
794 2572 866 2597 ἀντι-

73 2618 261 2651 καθέστηκεν,
279 2618 319 2648 είς
334 2617 435 2652 ἄλληλα
448 2617 535 2652 λήγει,
553 2619 599 2644 καὶ
615 2618 659 2644 ὑπ’
677 2617 799 2653 ἀλλήλων
810 2617 866 2652 ὀρί-

74 2663 165 2694 ζεται.
190 2660 220 2687 ’11
245 2661 272 2688 δὲ
294 2662 366 2697 ἁπλῆ
387 2662 434 2688 καὶ
453 2662 561 2697 καθαρὰ
586 2663 632 2689 καὶ
659 2663 796 2698 μονοειδὴς
820 2662 866 2689 καὶ

71 2707 214 2742 ἄτρεπτος
223 2708 267 2734 καὶ
279 2707 456 2740 ἀναλλοίωτος
466 2709 555 2742 φύσις.
569 2709 611 2734 ἀεὶ
618 2707 746 2740 ὡσαύτως
757 2709 865 2743 ἔχουσα,

72 2752 125 2779 καὶ
142 2752 268 2778 οὐδέποτε
280 2752 377 2786 ἑαυτῆς
391 2751 563 2787 ἐξισταμένῃ,
580 2751 625 2778 διὰ
638 2752 668 2778 τὸ
681 2753 866 2787 ἁπαράδεκτος

109 2841 136 2856 ’⁸
165 2841 236 2869 l’szil.
258 2850 277 2872 ι,
295 2841 323 2869 3.
361 2841 384 2856 "
411 2841 431 2868 ll
448 2842 510 2868 (ior.
540 2849 568 2872 ιι,
588 2842 630 2868 16.

242 2886 377 2915 Parant.
396 2885 454 2913 (in.
479 2884 562 2912 .\'LI\
579 2907 584 2914 .

915 258 1022 284 natura,
1036 258 1218 290 congruenter
1241 254 1321 287 (icui,
1338 254 1372 282 de
1387 262 1440 290 qua
1470 255 1515 283 hic
1532 256 1562 284 lit
1585 257 1698 291 mentio,

914 307 961 335 per
978 300 1142 327 intellectam
1167 307 1181 326 a
1204 300 1284 328 nobis
1301 300 1416 328 hiemem
1436 302 1536 329 malum
1562 303 1701 339 collegerit

916 346 1068 378 humorem,
1087 349 1160 372 recte
1175 346 1221 380 qui
1243 346 1340 373 anima:
1356 354 1403 374 ver
1425 346 1451 374 in
1471 347 1550 374 nobis
1566 348 1655 382 eﬂicit,
1675 352 1702 377 et

915 391 1088 418 convenienti
1115 391 1282 426 agricultura
1301 392 1327 418 in
1345 392 1424 420 nobis
1455 393 1559 428 plantat
1586 394 1612 422 id
1629 395 1702 430 quod

915 441 956 464 est
973 436 1133 469 humanum,
1159 438 1276 472 primum
1297 438 1405 473 quidem
1434 446 1450 466 a
1467 443 1567 466 natura
1594 441 1703 475 expellit

915 483 1049 518 quidquid
1078 487 1120 510 est
1143 487 1281 510 terrenum
1298 488 1324 511 et
1341 484 1447 518 inutile,
1462 492 1601 512 ramorum
1631 486 1703 516 loco.

916 536 964 563 per
988 529 1190 557 confessionem
1219 531 1357 564 expellens
1388 537 1575 559 excrementa.
1602 531 1705 560 Deinde

916 575 1096 602 beatitudinis
1115 583 1175 610 qum
1193 580 1334 611 speratur,
1351 577 1497 611 quemdam
1516 577 1705 605 characterem

916 629 964 656 per
978 622 1164 649 honestiorem
1185 622 1292 650 vivendi
1310 623 1444 650 rationem
1468 623 1596 658 injiciens
1619 624 1705 651 bomi-

917 669 1009 701 nibus,
1044 669 1127 701 veluti
1147 669 1313 705 quibusdam
1331 671 1448 706 gressis,
1470 670 1609 699 fructuum
1631 672 1706 700 futu-

917 723 974 742 ram
994 715 1138 742 annuntiat
1154 715 1337 744 dulcedinem.
1358 716 1390 743 Et
1412 717 1465 744 hoc
1485 723 1526 745 est
1545 718 1617 752 quod
1638 719 1706 746 dici-

917 765 971 792 tur,
988 761 1069 788 Ficus
1088 761 1199 795 protulit
1215 769 1321 796 grossae
1338 771 1409 790 suos.
1433 762 1472 790 Ita
1493 763 1560 791 mihi
1585 764 1705 800 intelligc

916 808 998 835 etiam
1015 807 1155 835 ﬂorentem
1177 808 1270 841 vitem,
1289 809 1369 843 cujus
1391 809 1483 836 vilium
1507 810 1616 845 quidem
1633 812 1705 846 quod

918 853 1040 880 laetificat
1068 861 1117 880 cor
1143 853 1275 886 hominis,
1304 855 1428 890 implebit
1455 856 1544 890 ipsum
1570 862 1704 885 craterem

919 899 1080 933 εςψὶοιιιίωι
1102 902 1128 926 et
1144 903 1314 934 proponetur
1339 900 1462 929 comivis
1490 905 1519 928 ut
1544 910 1578 929 ex
1597 903 1708 930 sublimi

920 945 1115 979 praedicatione
1144 946 1229 973 libere
1258 946 1409 974 misceatur
1432 947 1466 974 ad
1488 947 1587 975 bonam
1611 953 1638 976 et
1663 957 1711 977 so-

920 991 1007 1018 briam
1019 991 1191 1020 ebrietatem.
1206 992 1279 1020 Illam
1291 993 1364 1023 dico.
1387 1001 1435 1029 per
1451 1002 1533 1030 quam
1549 995 1708 1024 hominibus

919 1046 952 1065 ex
974 1038 1056 1066 rebus
1073 1039 1262 1066 materialibus
1280 1040 1309 1066 fit
1327 1042 1523 1069 transmutatio
1539 1043 1572 1070 ad
1588 1043 1614 1070 id
1635 1044 1708 1078 quod

921 1087 961 1110 est
975 1083 1106 1111 divinius.

956 1209 1033 1236 Nunc
1052 1210 1162 1245 quidem
1187 1211 1266 1238 ﬂoret
1290 1211 1364 1244 vitis,
1385 1216 1412 1240 et
1428 1220 1461 1240 ex
1485 1220 1515 1240 ea
1541 1221 1588 1248 per
1612 1213 1707 1243 liorem

920 1256 1055 1282 emittitur
1069 1263 1154 1291 vapor
1168 1256 1278 1292 quidam
1293 1257 1361 1285 bene
1375 1259 1452 1286 olens
1474 1262 1502 1286 et
1523 1259 1627 1292 suavis,
1641 1267 1709 1289 con-

921 1309 1087 1340 teniperatus
1114 1314 1176 1333 cum
1203 1307 1340 1335 ambiente
1368 1309 1477 1343 spiritu".
1508 1308 1587 1337 Nosti
1615 1316 1707 1340 autem

921 1353 1033 1378 omnino
1053 1352 1190 1387 spiritum,
1217 1353 1263 1388 qui
1279 1353 1359 1380 cﬂicit
1382 1354 1454 1382 hunc
1478 1355 1579 1384 bonum
1596 1358 1707 1386 odorem

922 1398 956 1425 iis
969 1398 1016 1433 qui
1031 1398 1100 1425 salvi
1121 1398 1200 1430 fiunt,
1217 1403 1247 1425 ut
1265 1400 1311 1433 qui
1331 1399 1382 1427 hoc
1403 1401 1533 1429 didiceris
1547 1409 1561 1429 a
1575 1401 1661 1431 Paulo
1673 1405 1709 1430 ".

922 1444 984 1472 Haec
1000 1452 1108 1480 sponsa:
1122 1446 1211 1472 oratio
1226 1447 1301 1481 prius
1320 1447 1439 1474 ostendit
1456 1448 1556 1476 indicia
1580 1454 1606 1477 et
1629 1454 1708 1478 notas

922 1491 985 1519 boui
1001 1492 1071 1520 veris
1086 1492 1252 1526 animarum,
1265 1498 1292 1520 et
1309 1501 1368 1521 eam
1386 1494 1482 1521 incitat
1495 1499 1524 1522 ut
1549 1495 1657 1523 fruatur
1675 1497 1708 1526 iis

884 1552 904 1580 ο
921 1545 982 1572 quae
996 1542 1060 1566 sunt
1081 1538 1232 1572 proposita,
1258 1538 1349 1567 verbis
1371 1547 1430 1567 eam
1455 1541 1591 1574 excitans.
1613 1541 1708 1578 Surge,

921 1583 1028 1615 dicens.
1043 1585 1111 1614 veni,
1125 1584 1273 1619 propinqua
1285 1593 1354 1616 mea,
1374 1585 1485 1620 pulchra
1501 1595 1570 1620 mea,
1585 1587 1708 1616 columba

921 1642 989 1661 nica.
1003 1635 1088 1667 Quam
1105 1635 1191 1661 multa
1205 1641 1294 1662 autem
1310 1635 1438 1670 dogmata
1453 1638 1548 1672 paucis
1563 1637 1606 1666 Iris
1618 1639 1708 1667 verbis

921 1683 1000 1711 nobis
1015 1684 1136 1711 ostendit
1149 1682 1284 1710 Verbum!
1311 1692 1366 1711 non
1388 1686 1460 1712 enim
1477 1685 1551 1714 inani
1575 1687 1666 1722 aliqua
1681 1692 1707 1715 et

923 1737 1125 1764 supervacanea
1145 1730 1269 1757 oratione
1294 1731 1322 1757 in
1352 1731 1448 1758 iisdem
1467 1732 1559 1760 verbis
1583 1733 1707 1761 lubenter

921 1776 1061 1803 immorari
1079 1775 1210 1804 divinitus
1227 1776 1388 1811 inspiratam
1405 1776 1558 1805 doctrinam
1581 1782 1623 1806 est
1640 1786 1708 1806 con-

921 1830 1093 1854 sentaneum.
1112 1825 1165 1852 Sed
1193 1833 1291 1861 magna
1312 1826 1403 1861 aliqua
1419 1830 1446 1854 et
1470 1826 1525 1854 Deo
1539 1829 1708 1856 conveniens

922 1871 1101 1907 intelligentia
1125 1872 1279 1899 oslenditur
1304 1872 1382 1899 nobis
1412 1879 1461 1906 per
1478 1872 1549 1899 hanc
1564 1874 1707 1909 repetitam

921 1919 1095 1946 sententiam.
1124 1919 1201 1951 Quod
1235 1923 1325 1945 autem
1349 1918 1450 1946 dicitur
1477 1916 1707 1951 estllujusmodi:

920 1965 1001 1992 Beata
1017 1969 1045 1992 et
1063 1969 1163 1992 aeterna
1180 1968 1207 1992 et
1225 1972 1332 1992 omnem
1351 1965 1557 1999 intelligentiam
1573 1966 1708 1994 excedens

921 2017 1029 2043 natura,
1045 2011 1137 2038 omnia
1150 2018 1211 2045 qua:
1225 2014 1290 2038 sunt
1305 2010 1331 2037 in
1346 2011 1435 2046 seipsa
1449 2018 1590 2044 coercens,
1606 2019 1620 2038 a
1635 2012 1708 2039 nullo

921 2057 1037 2084 termino
1051 2056 1248 2084 circumdatur.
1274 2055 1348 2082 Nihil
1374 2061 1416 2084 est
1444 2057 1517 2084 enim
1547 2057 1618 2091 quod
1634 2058 1707 2084 circa

920 2104 1007 2138 ipsam
1024 2103 1226 2134 consideratur,
1243 2110 1298 2130 non
1324 2107 1441 2138 tempus.
1456 2111 1510 2130 non
1540 2103 1626 2136 locus,
1653 2111 1707 2132 non

920 2149 1007 2182 color,
1024 2157 1077 2176 non
1092 2148 1189 2184 ligula,
1204 2156 1257 2175 non
1283 2149 1451 2184 magnitudo,
1475 2157 1529 2176 non
1556 2151 1706 2184 quantitas.

922 2203 974 2222 non
987 2195 1171 2225 intervallum,
1181 2202 1268 2228 neque
1281 2195 1365 2221 ullum
1375 2195 1447 2221 aliud
1457 2203 1555 2222 nomen
1568 2196 1706 2230 pertinens

923 2242 955 2269 ad
972 2241 1274 2276 circumscriptionem.
1299 2245 1347 2268 aut
1364 2249 1426 2271 res.
1450 2247 1496 2268 aut
1517 2242 1705 2277 intelligentia,

922 2289 969 2316 sed
985 2296 1067 2316 omne
1081 2288 1182 2314 bonum
1196 2287 1268 2322 quod
1282 2288 1355 2314 circa
1369 2287 1454 2321 ipsam
1472 2287 1632 2322 intelligitur
1645 2296 1705 2322 pm-

922 2334 994 2361 cedit
1009 2335 1035 2361 in
1051 2333 1199 2365 infinitum,
1218 2338 1244 2360 et
1263 2333 1374 2360 minime
1392 2333 1639 2360 circumscribitur.
1654 2333 1706 2362 Ubi

921 2381 993 2407 enim
1010 2380 1078 2406 vitio
1094 2379 1187 2406 nullus
1203 2383 1245 2406 est
1266 2379 1351 2411 locus,
1365 2380 1457 2407 nullus
1482 2383 1524 2407 est
1546 2380 1609 2406 boni
1635 2380 1706 2407 finis.

921 2426 949 2453 ln
973 2426 1097 2453 mutabili
1112 2425 1184 2452 enim
1210 2430 1317 2458 natura,
1345 2431 1487 2461 propterea
1509 2425 1582 2460 quod
1606 2426 1706 2460 pariter

921 2472 993 2499 inest
1005 2474 1126 2506 potestas
1149 2475 1174 2498 et
1192 2471 1276 2497 libera
1294 2470 1411 2505 eligendi
1437 2470 1563 2498 voluntas
1579 2470 1612 2497 ad
1628 2470 1705 2497 incli-

921 2519 1057 2545 nationem
1082 2524 1114 2544 ac
1139 2516 1346 2552 propensionem
1370 2516 1402 2542 ad
1418 2519 1532 2550 utraque
1556 2515 1705 2546 contraria.

920 2567 992 2602 quod
1010 2569 1052 2593 est
1071 2567 1097 2592 in
1115 2565 1192 2592 nobis
1217 2565 1323 2593 bonum
1339 2568 1366 2590 et
1389 2563 1489 2589 malum
1511 2563 1548 2588 ita
1565 2562 1706 2593 desinunt.

921 2617 950 2639 ut
968 2612 1018 2639 sibi
1036 2611 1153 2638 invicem
1177 2611 1347 2637 succedant:
1372 2613 1399 2636 et
1418 2608 1482 2635 boni
1505 2611 1548 2634 est
1571 2607 1705 2634 terminus

921 2659 1015 2686 vitium
1030 2657 1178 2685 adveniens
1196 2666 1202 2682 :
1220 2660 1247 2683 et
1262 2655 1354 2682 omnia
1373 2654 1527 2681 animarum
1549 2656 1704 2679 nostrarum

920 2705 1011 2732 studia
1026 2709 1052 2731 et
1066 2703 1202 2733 instituta.
1221 2708 1281 2736 qua:
1302 2700 1352 2727 sibi
1371 2699 1486 2726 invicem
1515 2698 1704 2726 adversantur.

920 2752 946 2779 in
962 2759 991 2778 se
1004 2751 1120 2777 invicem
1131 2748 1273 2780 desinunt,
1283 2751 1309 2774 et
1320 2755 1334 2773 a
1346 2754 1375 2773 sc
1386 2746 1502 2772 invicem
1511 2743 1703 2769 terminantur.

1543 2874 1580 2905 ‘23
