1984 3068
280 111 332 139 875

890 110 918 137 S.
937 108 1100 137 GREGOE’JI
1119 108 1266 137 NYSSENI
1841 111 1886 139 876

276 167 395 202 Simplex
411 169 500 193 autem
515 170 542 193 et
557 173 624 201 pura
640 170 667 193 et
680 166 824 195 uniformis
840 171 867 194 et
881 167 1055 194 immutabilis

1109 164 1178 193 εἶναι
1194 168 1242 201 τῆς
1260 166 1327 201 πρὸς
1341 165 1373 193 τὺ
1386 166 1469 193 κακὸν
1487 166 1638 198 κοινωνίας,
1661 167 1785 203 ἀόριστος
1807 168 1831 194 ὲν
1851 168 1885 203 τῷ

276 218 302 240 et
318 212 507 243 iualterabilis,
521 215 547 238 et
568 218 629 247 qua:
651 219 757 247 semper
773 213 899 240 similiter
920 217 946 240 et
962 212 1057 240 eodem

276 258 356 285 modo
367 265 396 284 se
405 257 486 284 habet
497 260 607 289 natura,
617 261 644 284 et
655 265 669 284 a
680 258 769 292 seipsa
780 265 919 293 nunquam
931 257 1037 285 excedit
1050 266 1056 285 :

277 307 421 338 propterea
439 303 511 338 quod
527 310 580 330 non
595 303 630 330 sil
644 311 729 338 capax
742 303 883 331 societatis
901 311 962 331 cum
975 303 1058 335 malo,

276 354 366 376 manet
379 349 405 375 iu
422 348 493 375 bono
509 348 621 375 minime
632 348 850 383 circumscripta,
866 349 893 375 in
909 356 938 376 se
954 348 1059 375 nullum

275 394 368 420 videns
385 393 475 424 ﬂuent,
494 397 636 427 propterea
650 392 722 426 quod
740 393 768 420 in
796 400 825 420 se
840 393 943 419 nullum
969 393 1060 420 videat

273 440 454 466 contrarium.
472 438 587 471 Quando
599 446 664 474 ergo
682 439 765 465 trahit
779 440 924 466 humanam
939 438 1058 465 animam

274 484 308 512 ad
321 485 362 512 sui
377 485 624 520 participationem,
641 484 738 519 aequali
754 491 861 519 semper
880 490 1019 516 mensura,
1030 483 1058 510 in

273 538 305 558 ea
318 538 378 566 qua:
400 530 432 557 ad
450 530 477 557 id
500 530 572 565 quod
588 533 631 557 est
654 530 752 557 melius
773 537 805 556 ac
830 529 1005 564 prmstanlius
1029 529 1057 556 ﬁt

273 576 494 611 exsuperatioue,
511 575 631 610 assurgit
646 582 728 610 supra
752 582 812 602 eam
826 582 886 609 quae
903 579 946 602 est
970 575 1056 609 parti-

273 629 348 657 ceps.
363 621 429 649 Nam
441 621 531 648 anima
547 621 657 656 quidem
674 621 765 655 seipsa
788 627 895 654 semper
913 619 943 646 ﬁt
958 620 1055 654 major,

1109 212 1202 247 ἀγαθῷ
1228 213 1319 248 μένει,
1343 212 1404 239 οὑδὲ
1423 213 1509 247 αὐτῆς
1534 212 1671 247 βλέπουσα
1694 213 1789 248 πέρας,
1808 214 1847 241 διὰ
1858 216 1884 242 τί)

1111 258 1193 292 μηδὲν
1208 257 1261 284 τῶν
1275 258 1403 285 ἐναντίων
1415 258 1533 293 βλέπειν,
1550 259 1632 285 Ὅταν
1645 258 1735 285 τοίνυν
1749 260 1884 296 ἐφέλκηται

1110 303 1176 337 πρὸς
1192 302 1336 336 μετουσίαν
1350 303 1449 337 ἑαυτῆς
1458 303 1506 338 τὴν
1517 303 1689 338 ἀνθρωπίνην
1700 304 1797 339 ψυχὴν,
1807 305 1844 330 ἀεὶ
1852 304 1885 340 τῷ

1110 349 1160 382 ῐσῳ
1170 349 1259 383 μέτρῳ
1268 348 1337 375 κατὰ
1343 349 1393 385 τὴν
1405 350 1433 381 ἐς
1441 349 1470 375 τὸ
1478 350 1602 385 κρεῖττον
1611 350 1747 385 ὑπεροχὴν
1758 350 1808 385 τῆς
1816 359 1884 385 μετε-

1112 393 1211 427 χούσης
1222 394 1449 429 ὑπερανέστηκεν.
1471 395 1503 420 Ἠ
1520 395 1568 430 μὲν
1582 395 1636 431 γὰρ
1648 395 1720 431 ψυχὴ
1736 396 1832 431 μείζων
1843 398 1885 423 αὑ-

1111 441 1159 475 τῆς
1174 441 1286 467 πάντοτε
1302 440 1345 468 διὰ
1356 441 1405 477 τῆς
1416 440 1464 467 τοῦ
1475 441 1653 477 ὑπερέχοντος
1666 443 1808 477 μετουσίας
1821 443 1886 476 γίνε-

1109 494 1165 517 ται,
1181 488 1228 513 καὶ
1243 487 1412 522 αὐξανομένη
1429 488 1479 523 οὑχ
1502 488 1610 515 ἵσταται
1624 497 1630 503 ·
1649 488 1680 514 τὸ
1701 488 1730 515 δὲ
1749 490 1886 524 μετεχόμε-

1109 540 1154 558 νον
1169 531 1267 566 ἀγαθὸν
1281 533 1309 558 ἐν
1322 532 1372 567 ῐσῳ
1385 532 1459 567 μένει
1470 532 1610 564 ὡσαύτως,
1624 533 1677 560 ὑπὸ
1685 534 1734 568 τῆς
1746 534 1791 560 ἐπὶ
1805 534 1886 560 πλεῖον

1110 577 1153 603 ἀεὶ
1170 577 1335 614 μετεχούσης
1353 579 1382 605 ὲν
1399 578 1443 614 ῐσῃ
1458 579 1573 605 πάντοτε
1586 580 1619 614 τῇ
1633 579 1751 614 ὑπεροχῇ
1769 579 1886 614 εὑρισκό-

1111 629 1190 655 μενον
1195 640 1201 648 .

271 674 299 697 et
315 672 430 704 augetur
442 676 489 704 per
507 668 744 703 participationem
759 668 818 701 ejus
836 667 907 702 quod
924 672 1079 702 exsuperat,
1100 675 1189 703 neque
1204 668 1306 696 desinit
1329 669 1422 705 augeri
1436 679 1443 697 :
1459 669 1560 697 bonum
1586 673 1676 697 autem
1695 668 1767 704 quod
1784 669 1888 704 partici-

272 718 362 749 patur,
378 721 484 749 semper
497 717 588 741 manet
603 713 630 741 in
644 713 808 748 aequalitate,
830 716 860 740 ut
886 712 958 748 quod
979 714 1014 740 ab
1047 721 1078 750 ea
1114 722 1174 749 qua:
1186 722 1293 750 semper
1317 719 1359 743 est
1382 715 1498 753 amplius
1518 715 1663 751 particeps,
1689 723 1796 750 semper
1820 716 1888 743 iuve-

273 762 364 788 niatur
376 761 401 787 iu
414 760 511 795 aequali
523 759 740 794 exsuperatione.

308 807 439 835 Videmus
454 814 519 842 ergo
533 810 665 841 tanquam
682 806 709 833 in
722 805 861 834 scalarum
878 812 1058 839 ascensuper
1073 809 1095 836 Β

271 853 382 881 virtutis
414 853 590 881 ascensiones
620 859 750 887 sponsam
784 859 799 878 a
831 851 921 879 Verbo
948 850 1056 878 deduci.

273 899 395 926 Immittit
410 899 497 934 primo
513 898 633 925 Verbum
648 898 754 925 radium
770 906 817 933 per
840 896 975 924 fenestras
996 904 1058 932 pro-

273 946 407 982 pheticas,
421 949 468 972 aut
483 945 620 972 cancellos
636 947 833 979 praeceptorum
859 943 937 978 legis,
959 946 986 970 et
998 950 1056 970 eam

273 992 387 1019 advocat
403 995 431 1017 ut
449 990 649 1025 appropinquet
662 989 727 1020 luci,
743 993 769 1016 et
785 989 898 1024 pulchra
912 988 958 1015 ﬁat
971 988 1058 1015 instar

272 1036 404 1064 columbae
416 1035 532 1062 formata
550 1034 576 1061 in
595 1034 665 1061 luce.
683 1033 786 1061 Deinde
808 1041 870 1060 cum
891 1041 981 1060 rerum
1001 1033 1058 1067 pul-

272 1083 401 1109 chrarum
416 1084 521 1108 tantum
546 1079 654 1111 fuisset,
678 1083 814 1114 quantum
837 1079 924 1114 potuit
948 1086 1055 1114 capere,

273 1127 522 1163 particeps,wrsus
531 1127 563 1154 de
582 1129 697 1163 integro,
710 1130 739 1153 ut
750 1133 809 1160 qua:
820 1126 955 1153 bonorum
967 1126 1056 1153 adlmc

272 1182 327 1201 non
338 1177 410 1201 esset
420 1172 564 1207 particeps,
577 1178 636 1198 eam
650 1171 762 1198 attrahit
774 1171 806 1198 ad
818 1171 1055 1206 participationem

272 1220 336 1247 boui
350 1218 590 1253 supereminentis,
602 1217 670 1244 adeo
682 1220 711 1244 ut
725 1217 749 1243 id
762 1217 851 1251 ipsum
862 1217 934 1252 quod
949 1225 1057 1252 semper

273 1268 385 1300 apparet
403 1267 586 1298 congruenter
611 1263 779 1298 proportioui
805 1262 956 1297 profectus,
975 1263 1055 1290 simul

273 1312 356 1338 etiam
377 1310 496 1337 attrahat
511 1310 686 1341 desiderium,
699 1314 731 1339 ,et
745 1313 855 1343 propter
870 1309 1056 1342 exsuperantio-

272 1365 333 1384 nem
352 1357 484 1384 bonorum
520 1364 579 1391 qua:
604 1363 711 1390 semper
737 1355 950 1382 considerantur
974 1355 1002 1381 in
1024 1363 1055 1382 eo

272 1402 345 1437 quod
354 1401 674 1436 superetuiuet,videatur
685 1401 771 1435 primo
781 1405 891 1436 tangere
900 1408 1053 1429 ascensum.

272 1448 420 1483 Propterea
434 1455 499 1481 ergo
511 1447 535 1474 ei
559 1447 683 1474 excitata:
705 1454 803 1474 rursus
824 1446 901 1479 dicit,
921 1446 1014 1481 Surge,
1030 1451 1055 1474 et

274 1493 299 1521 ci
312 1500 374 1519 cum
389 1492 509 1519 venisset
522 1491 597 1521 dicit,
615 1491 688 1518 Veni.
702 1491 795 1526 Neque
806 1492 877 1518 enim
891 1493 914 1519 ei
929 1492 975 1527 qui
992 1500 1054 1520 vere

274 1538 362 1573 surgit
380 1544 498 1571 unquam
520 1537 607 1564 deerit
631 1545 737 1572 semper
760 1545 892 1571 surgere;
920 1546 1008 1573 neque
1030 1538 1054 1565 ei

270 1583 317 1617 qui
345 1582 432 1608 curiit
464 1581 496 1607 ad
529 1580 695 1613 Dominum,
729 1589 849 1616 unquam
879 1586 1056 1610 consumetur

271 1628 391 1662 amplum
421 1631 447 1654 et
473 1627 557 1653 latqu
592 1627 681 1661 campi
715 1627 832 1662 spatium
865 1627 899 1654 ad
931 1628 1054 1655 divinum

272 1680 383 1700 (ursum
395 1672 605 1700 conﬁciendum.
619 1662 732 1707 Oportet
742 1673 813 1700 enim
827 1681 933 1708 semper
944 1682 1056 1709 surgere

272 1722 298 1746 et
321 1718 444 1750 excitari,
467 1722 494 1746 et
518 1726 566 1753 per
586 1726 697 1745 cursum
721 1719 964 1754 appropinquando
985 1727 1056 1746 nun-

271 1772 352 1800 quam
367 1771 485 1791 cessare.
501 1763 683 1796 Quamobrem
701 1764 808 1797 quoties
821 1764 885 1790 dicit
899 1773 905 1790 :
932 1764 1015 1798 Surge
1026 1767 1054 1791 et

272 1810 346 1839 Veni,
361 1809 441 1835 toties
457 1809 571 1844 largitur
589 1809 744 1835 facultatem
766 1809 798 1835 ad
821 1810 847 1836 id
861 1809 933 1844 quod
957 1810 1054 1837 melius

270 1858 311 1882 est
338 1855 512 1882 ascendendi.
544 1853 589 1881 Sic
619 1854 738 1889 intelligo
765 1862 833 1888 qum.
856 1859 1007 1882 sequuntur
1027 1855 1054 1881 in

272 1905 355 1926 textu.
374 1899 440 1926 Nam
468 1899 513 1934 qui
533 1899 674 1933 pulchram
703 1907 734 1926 ex
753 1899 865 1933 pulchra
885 1900 961 1934 jubet
985 1901 1052 1933 ﬁeri,

270 1949 362 1979 aperte
385 1944 512 1971 admonet
541 1949 567 1971 et
592 1944 713 1978 suggerit
745 1945 810 1971 illud
844 1945 1052 1979 Apostolicum,

268 1990 367 2025 jubens
383 1990 505 2016 eamdem
518 1989 663 2024 imaginem
680 1997 694 2016 a
721 1990 805 2024 gloria
822 1991 1011 2019 transformari
1026 1993 1053 2019 in

270 2036 382 2070 gloriam
394 2035 428 2066 ”,
444 2034 511 2062 adeo
524 2039 553 2062 ut
566 2042 674 2069 semper
681 2035 806 2062 videatur
816 2043 876 2063 esse
887 2037 971 2071 gloria
981 2038 1053 2072 quod

270 2081 415 2116 accipitur,
429 2080 542 2114 etquod
567 2088 674 2115 semper
701 2081 850 2114 invenitur,
868 2085 894 2109 et
924 2082 989 2109 licet
1017 2083 1053 2111 sit

1151 806 1272 842 Ὀρῶμεν
1291 807 1380 833 τοίνυν
1397 807 1490 843 ὥσπερ
1510 808 1538 833 ὲν
1561 807 1672 842 βαθμῶν
1687 807 1817 834 ἀναῦάσει
1835 817 1887 842 χει-

1110 852 1321 887 ραγωγουμένην
1337 852 1380 879 διὰ
1402 852 1455 880 τῶν
1470 853 1519 887 τῆς
1547 853 1647 888 ἀρετῆς
1667 852 1767 879 ἀνόδων
1791 853 1835 879 ἐπὶ
1855 854 1887 880 τὰ

1109 896 1162 932 ὓψη
1179 898 1253 932 παρὰ
1265 897 1311 924 τοῦ
1321 897 1406 931 Λόγου
1421 897 1470 932 τὴν
1484 894 1659 932 νύμφην.Ἧν
1673 899 1681 908 ”
1691 897 1776 932 ἐνίησι
1786 897 1887 931 πρῶτον

1108 943 1152 970 διὰ
1172 943 1225 970 τῶν
1243 943 1389 979 προφητῶν
1409 943 1535 979 θυρίδων,
1560 943 1607 970 καὶ
1630 943 1683 970 τῶν
1704 944 1819 971 δικτύων
1837 945 1888 970 τῶν

1108 985 1155 1013 τοῦ
1170 986 1251 1021 νόμου
1267 988 1505 1023 παραγγελμάτων
1518 987 1566 1023 τὴν
1579 988 1683 1020 ,ἀκτῖνα
1698 990 1712 1015 ό
1735 989 1827 1022 Λόγος,
1844 990 1889 1015 καὶ

1109 1033 1280 1067 προσκαλεῖν1
1293 1033 1376 1068 αὐτὴν
1391 1033 1497 1067 ἐγγίσαι
1512 1034 1592 1067 φωτὶ,
1607 1034 1654 1060 καὶ
1670 1034 1755 1069 καλὴν
1768 1034 1888 1068 γενέσθαι

1108 1078 1176 1113 πρὸς
1191 1078 1221 1104 τὸ
1235 1076 1304 1109 εἶδος
1317 1078 1367 1113 τῆς
1384 1079 1547 1114 περιστερᾶς
1560 1079 1589 1105 ὲν
1601 1079 1640 1114 τῷ
1658 1080 1726 1114 φωτὶ
1741 1080 1889 1114 μορφωθεῖ-

1108 1133 1167 1151 σαν.
1186 1122 1251 1150 Εἶτα
1268 1124 1456 1159 μετασχοῦσαν
1477 1125 1531 1151 τῶν
1556 1126 1655 1158 καλῶν,
1676 1127 1738 1152 ὅσον
1755 1126 1886 1162 ἐχώρησε,

1107 1170 1187 1196 πάλιν
1204 1170 1234 1201 ἐξ
1251 1171 1386 1204 ὑπαρχῆς,
1399 1169 1436 1201 ὡς
1454 1170 1492 1197 ἔτι
1508 1170 1562 1196 τῶν
1579 1171 1669 1197 καλῶν
1690 1169 1771 1199 οὖσαν
1791 1173 1888 1207 ἀμέτο-

1107 1224 1163 1250 χον,
1179 1215 1245 1250 πρὸς
1255 1214 1302 1240 τοῦ
1315 1215 1511 1250 ὑπερκειμένου
1524 1215 1639 1247 κάλλους
1655 1215 1797 1250 μετουσίαν
1816 1216 1892 1250 ἐφέλο

1107 1269 1193 1291 κειται,
1211 1259 1279 1286 ὥστε
1296 1260 1363 1295 αὐτῇ
1377 1259 1448 1286 κατά
1463 1259 1512 1295 τὴν
1528 1260 1673 1294 ἀναλογίαν
1691 1261 1738 1295 τῆς
1752 1261 1891 1296 προκοπῆς

1107 1306 1174 1340 πρὸς
1185 1305 1214 1331 τὸ
1231 1305 1274 1331 ἀεὶ
1286 1306 1499 1340 προφαινόμενον
1515 1306 1560 1332 καὶ
1574 1306 1622 1340 τὴν
1633 1305 1780 1341 ἐπιθυμίαν
1796 1307 1893 1333 συναύ-

1104 1349 1209 1381 ξεσθαι,
1224 1351 1270 1375 καὶ
1283 1349 1326 1375 διὰ
1343 1350 1392 1384 τὴν
1405 1349 1557 1385 ὑπερϐολὴν
1571 1350 1624 1377 τῶν
1641 1350 1755 1377 πάντοτε
1776 1351 1846 1378 κατὰ
1862 1351 1894 1378 τὸ

1107 1394 1303 1430 ὑπερκείμενον
1322 1395 1523 1430 εὑρισκομένων
1543 1395 1661 1429 ἀγαθῶν,
1678 1395 1792 1431 πρώτως
1807 1396 1891 1422 ἅπτε-

1107 1441 1168 1468 σθαι
1186 1441 1235 1476 τῆς
1255 1442 1349 1468 ἀνόδου
1364 1442 1450 1468 δοκεῖν
1478 1442 1526 1468 Διά
1540 1441 1618 1468 τοῦτό
1632 1450 1697 1476 φησι
1720 1442 1800 1468 πάλιν
1825 1441 1894 1477 πρὸς

1107 1488 1154 1523 τὴν
1164 1488 1246 1522 ἐγηγε
1252 1488 1351 1523 ρμένην
1362 1489 1375 1514 ὁ
1383 1488 1477 1521 Λόγος,
1486 1488 1525 1514 ὅτι
1541 1486 1704 1521 Ἀνάστηθι,
1713 1487 1835 1523 καὶπρὸς
1843 1488 1893 1522 τὴν

1106 1534 1245 1566 ἐλθοῦσαν,
1259 1534 1298 1560 ὅτι
1317 1534 1409 1561 Ἐλθέ.
1423 1533 1491 1560 Οὑτε
1509 1534 1563 1568 γὰρ
1575 1533 1613 1568 τῷ
1623 1533 1707 1565 ὅντως
1721 1533 1895 1568 ἀνισταμένῳ

1105 1580 1191 1614 λείψει
1207 1580 1271 1606 ποτε
1292 1580 1336 1606 ἀεὶ
1359 1579 1536 1617 ἀνίιτασθαι,
1554 1578 1616 1605 οὔτε
1631 1578 1669 1613 τῷ
1687 1579 1809 1614 τρέχοντι
1827 1579 1896 1613 πρὸς

1104 1626 1150 1653 τὸν
1167 1626 1277 1661 Κύριον,
1295 1626 1311 1660 ή
1326 1625 1394 1660 πρὸς
1410 1625 1454 1652 τὸν
1471 1625 1540 1651 Οεῖον
1555 1624 1654 1659 δρόμον
1675 1625 1830 1659 εὐρυχωρία
1845 1624 1895 1651 δα-

1106 1672 1301 1707 πανηθήσεται.
1327 1671 1381 1697 Ἀεί
1401 1679 1430 1697 τε
1452 1671 1507 1705 γὰρ
1525 1670 1681 1706 ἐγείρεσθαι
1698 1670 1760 1705 χρὴ,
1781 1671 1828 1697 καὶ
1844 1679 1898 1705 μη-

1105 1717 1199 1744 δέποτε
1219 1716 1263 1743 διὰ
1285 1715 1331 1742 τοῦ
1354 1716 1453 1751 δρόμου
1473 1714 1702 1749 προσεγγίζοντας
1725 1714 1894 1740 παύσασθαι.

1108 1765 1146 1796 ὡς
1174 1762 1267 1793 ὁσάκις
1288 1761 1321 1788 ἂν
1339 1762 1412 1795 λέγει
1430 1761 1460 1787 τὸ
1485 1760 1643 1793 Ἀνάστηθι
1655 1768 1662 1775 ο
1680 1760 1727 1787 καὶ
1742 1760 1772 1786 τὺ

1105 1808 1215 1839 τοσάκις
1227 1808 1277 1843 τῆς
1289 1808 1356 1842 πρὸς
1368 1807 1397 1833 τὸ
1410 1808 1532 1842 κρεῖττον
1545 1805 1702 1837 ἀναϐάσεως
1716 1806 1764 1841 τὴν
1778 1805 1896 1840 δύναμιν

1104 1854 1220 1880 δίδωσιν.
1247 1853 1324 1880 Οὖτω
1346 1853 1400 1879 νόει
1420 1853 1466 1879 καὶ
1488 1853 1521 1879 τὰ
1544 1852 1643 1887 ἑφεξῆς
1659 1852 1825 1887 προκείμενα
1845 1851 1896 1878 τοῦ

1104 1899 1193 1933 λόγου.
1215 1900 1244 1925 '0
1263 1899 1318 1933 γὰρ
1334 1898 1419 1934 καλὴν
1433 1899 1465 1924 ὲκ
1485 1898 1571 1932 καλῆς
1585 1897 1709 1932 γενέσθαι
1721 1897 1850 1928 κελεύων,
1864 1897 1897 1924 τὺ

1104 1944 1281 1971 ἀποστολικὺν
1304 1944 1431 1978 ἄντικρυς
1448 1943 1616 1975 ὑποτίθεται,
1631 1943 1680 1977 τὴν
1701 1942 1784 1977 αὐτὴν
1800 1943 1898 1970 εἰκόνα

1104 1991 1283 2026 προστάσσων
1303 1990 1356 2016 ἀπὸ
1376 1989 1453 2023 δόξης
1472 1990 1511 2020 είς
1532 1988 1610 2021 δόξαν
1635 1988 1895 2024 μεταμορφοῦσθαι·

1108 2037 1146 2069 ὡς
1171 2036 1284 2063 πάντοτε
1306 2035 1385 2068 δόξαν
1410 2033 1478 2061 εἶναι
1504 2035 1710 2069 λαμϐανόμενον
1731 2034 1823 2060 καὶτὸ
1849 2035 1896 2061 ἀεὶ

1104 2082 1306 2117 εὑρισκόμενον,
1320 2082 1371 2108 κᾶν
1390 2082 1430 2108 ὅτι
1448 2081 1565 2116 μάλιστα
1583 2081 1653 2115 μέγα
1669 2088 1694 2107 τι
1717 2081 1762 2107 καὶ
1779 2080 1897 2116 ὑψηλὸν,

270 2134 397 2162 maguum
413 2131 439 2154 et
451 2127 602 2158 excelsum,
617 2126 746 2153 credatur
760 2134 821 2154 esse
833 2128 924 2155 minus
936 2135 968 2156 eo
979 2135 1051 2163 quoa

1108 2128 1121 2162 ἢ
1137 2128 1297 2163 μικρότερον
1308 2127 1377 2154 εἶναι
1387 2127 1433 2153 τοῦ
1444 2126 1620 2162 ἐλπιζομένου
1635 2126 1799 2153 πιστεύεται.
1814 2126 1897 2153 ϋῦτω

270 2175 405 2206 speratur.
420 2171 465 2198 Sic
476 2179 541 2206 ergo
554 2178 615 2198 cum
628 2176 700 2198 esset
715 2171 840 2199 columba
859 2173 893 2200 iis
906 2181 965 2207 quae
977 2174 1053 2208 prius

269 2221 343 2244 recte
356 2217 499 2252 gessisset,
513 2217 693 2245 nihilominus
708 2225 767 2244 eam
785 2226 881 2246 rursus
903 2219 980 2253 jubet
995 2220 1053 2247 lieri

268 2263 433 2294 columbam,
451 2270 498 2296 per
519 2262 790 2291 trausl‘ormationem
810 2264 837 2291 in
861 2265 888 2291 id
914 2265 987 2299 quod
1011 2269 1053 2293 est

268 2308 376 2334 ruclitts.
393 2308 425 2334 Et
439 2308 462 2335 si
479 2308 530 2334 hoc
547 2308 646 2335 factum
666 2308 760 2341 fuerit,
781 2310 910 2345 deinceps
925 2311 1051 2338 ostendet

267 2353 355 2380 oratio
370 2361 418 2388 per
432 2361 530 2380 nomen
550 2353 575 2380 id
589 2354 660 2389 quod
674 2359 714 2382 est
730 2356 867 2390 superius.

304 2398 374 2425 Dicit
397 2399 488 2425 enim:
514 2398 546 2425 Et
565 2399 615 2426 huc
634 2400 700 2432 veni,
726 2400 847 2428 columba
873 2410 941 2434 mea,
965 2403 993 2429 in
1014 2407 1051 2430 le-

267 2444 352 2479 gmine
369 2448 449 2477 peti-te
467 2445 548 2477 juxta
575 2445 811 2479 propugnaculum.
837 2445 904 2478 Quis
926 2451 967 2474 est
986 2455 1051 2483 ergo

267 2497 398 2517 ascensus
423 2489 455 2516 ad
483 2487 691 2524 perfectionem,
711 2490 760 2525 qui
779 2491 949 2525 signiﬁcetur
972 2493 998 2520 in
1020 2493 1054 2521 iis

267 2543 327 2570 qua:
355 2543 426 2561 nunc
452 2535 525 2562 dicta
548 2530 634 2563 sunt?
653 2535 711 2562 Non
734 2536 851 2571 amplius
875 2538 997 2573 aspicere
1020 2538 1053 2565 ad

266 2579 388 2607 studium
403 2587 498 2607 eorum
517 2588 578 2615 quae
595 2580 749 2613 attrahunt,
770 2581 818 2608 sed
834 2581 867 2608 ad
882 2581 908 2608 id
925 2583 997 2617 quod
1011 2587 1053 2611 est

266 2625 365 2653 melius
386 2626 482 2652 ducent
499 2625 600 2652 habere
617 2625 756 2660 propriam
776 2626 965 2661 cupiditatem.
983 2627 1050 2660 lluc,

265 2672 353 2706 inquit
376 2671 438 2706 ipsi,
464 2670 547 2697 veni:
565 2679 619 2698 non
635 2679 668 2698 ex
686 2671 856 2706 aegritudine,
877 2678 924 2700 aut
947 2682 979 2701 ex
1002 2682 1050 2702 ne-

263 2717 402 2749 cessitate,
429 2716 476 2743 sed
493 2716 609 2751 propriis
628 2717 682 2744 tuis
707 2717 860 2747 rationibus
884 2719 1050 2748 conﬁrmans

301 2803 321 2819 ίί
346 2801 369 2831 ll
385 2802 459 2834 Corn,
477 2809 518 2835 ut,
538 2802 579 2831 18.

1105 2174 1194 2200 τοίνυν
1208 2173 1371 2209 περιστερὰν
1384 2171 1466 2200 οὖσαν
1483 2174 1511 2199 ὲν
1527 2174 1582 2204 τοῖς
1600 2173 1895 2208 προκατωρθωμένοις.

1104 2219 1180 2245 οὐδὲν
1191 2217 1270 2254 ἦττον
1282 2218 1444 2254 περιστερὰν
1462 2217 1545 2252 αὐτὴν
1561 2218 1641 2244 πάλιν
1660 2218 1702 2244 διὰ
1717 2218 1766 2253 τῆς
1781 2218 1852 2252 πρὸς
1865 2219 1898 2244 τὸ

1105 2267 1227 2300 κρεῖττον
1239 2263 1476 2299 μεταμορφώσεως
1489 2263 1614 2297 γενέσθαι
1627 2263 1823 2290 διακελεύεται.
1839 2265 1900 2291 Καὶ

1105 2312 1130 2337 εἰ
1141 2310 1220 2337 τοῦτο
1231 2311 1345 2344 γένοιτο,
1355 2309 1385 2336 τὸ
1397 2310 1465 2344 ὑπὲρ
1476 2308 1554 2335 τοῦτο
1566 2309 1645 2335 πάλιν
1656 2310 1669 2334 ό
1681 2309 1758 2343 λόγος
1771 2309 1897 2345 καθεξῆς

1103 2358 1148 2384 διὰ
1166 2356 1212 2382 τοῦ
1227 2356 1358 2391 ὀνόματος
1373 2355 1515 2387 ὑποδείξει.
1841 2359 1844 2361 ‘

1140 2403 1220 2436 Λέγει
1237 2402 1301 2436 γάρ’
1320 2402 1410 2435 Δεῦρο
1430 2400 1559 2434 σεαυτὴ,
1579 2400 1738 2434 περιστερά
1755 2409 1831 2435 μου,
1859 2401 1899 2428 ἐν

1105 2448 1203 2482 σκέπῃ
1219 2448 1272 2482 τῆς
1286 2448 1395 2481 πέτρας
1418 2447 1544 2481 ἐχομένη
1561 2446 1613 2473 τοῦ
1633 2447 1899 2481 προτειχίσματος.

1104 2494 1152 2526 Τίς
1167 2493 1212 2520 οὖν
1227 2495 1243 2529 ἡ
1255 2493 1323 2528 πρὸς
1335 2493 1365 2519 τὸ
1378 2492 1479 2519 τέλειον
1491 2492 1594 2524 ἄνοδος,
1612 2492 1672 2527 ἥτις
1690 2494 1745 2524 τοῖς
1755 2493 1804 2520 νῦν
1818 2493 1901 2528 ειρη-

1106 2540 1195 2574 μένοις
1209 2538 1387 2573 ἐμφαίνεται;
1400 2538 1437 2564 Τὸ
1454 2538 1552 2573 μηκέτι
1569 2538 1636 2573 πρὸς
1650 2538 1698 2573 τὴν
1709 2538 1762 2564 τῶν
1774 2538 1900 2572 ἐφελκο-

1105 2583 1193 2619 μένων
1207 2583 1315 2617 βλέπειν
1336 2582 1464 2617 σπουδὴν,
1478 2582 1534 2609 ἀλλ’
1550 2582 1644 2616 ὁδηγὸν
1660 2582 1728 2617 πρὸς
1747 2582 1777 2609 τὸ
1795 2584 1900 2618 κρεῖτ-

1102 2639 1146 2656 τον
1170 2629 1217 2663 τὴν
1241 2629 1308 2655 ἰδίαν
1337 2628 1483 2664 ἐπιθυμίαν
1507 2628 1589 2663 ἔχειν.
1612 2628 1696 2663 Δεῦρο
1717 2629 1781 2663 γὰρ,
1807 2629 1897 2664 φησι,

1105 2674 1216 2709 σεαυτὴ,
1246 2674 1282 2709 μὴ
1298 2675 1329 2700 ὲκ
1344 2673 1442 2709 λύπης,
1459 2673 1475 2709 ἢ
1492 2674 1521 2707 ὲξ
1541 2674 1672 2707 ἀνάγκης,
1694 2673 1761 2700 ἀλλὰ
1773 2675 1899 2710 σεαυτὴ,

1103 2722 1158 2752 τοῖς
1170 2720 1243 2751 ἰδίοις
1256 2720 1394 2755 λογισμοῖς
1406 2721 1455 2756 τὴν
1471 2718 1622 2755 προθυμίαν
1634 2719 1663 2745 ἐν
1673 2718 1712 2753 τῷ
1722 2716 1796 2752 καλῷ
1806 2717 1899 2752 ἐπιρ-
