1984 3068
83 122 131 152 885

589 124 621 152 IN
638 124 785 153 CANTICA
804 124 939 153 CANTlC.
962 122 1104 152 HOMILIA
1126 123 1170 150 Vl.

1649 117 1700 146 886

83 188 134 207 σεν
145 180 163 214 ἠ
178 181 262 215 ψυχή
278 189 347 215 μου.
372 181 514 216 Ἐζήτησα
527 183 631 216 αὐτὸν,
641 184 689 211 καί
701 185 758 219 οὐχ
774 181 863 218 εὖρον

915 183 1003 209 anima
1011 190 1077 208 mea.
1088 180 1203 214 Qucesisi
1212 187 1269 206 eum
1278 182 1301 204 et
1311 185 1362 204 non
1371 176 1457 204 inveni
1462 184 1521 203 eum
1530 183 1538 202 .‘
1549 176 1701 202 vaeavieum

82 226 183 252 αὐτόν·
202 226 335 253 ἐκάλεσα
353 227 456 259 αὐτὸν,
478 227 527 254 καὶ
539 229 595 263 οὺχ
614 229 775 264 ὑπήκουσέ
791 239 861 264 μου.

88 271 299 305 Ἀναστήσομαι
310 271 344 298 δὲ
352 272 401 299 καὶ
411 274 557 300 κυκλώσω
566 275 602 301 ὲν
608 274 646 309 τῇ
654 275 749 306 πόλει,
756 275 790 302 ἐν
800 275 864 308 ταῖς

82 316 195 351 ἀγοραῖς
205 317 254 344 καὶ
264 317 300 344 ἐν
308 318 373 350 ταῖς
383 320 548 353 πλατείαις,
559 321 606 347 καί
617 320 732 354 ζητήσω
747 321 783 348 ὃν
796 321 864 356 ἠγά-

83 368 178 395 πησεν
188 362 206 395 ἠ
216 362 301 396 ψυχή
313 372 383 397 μου.
393 363 535 398 Ἐζήτησα
545 365 638 392 αὑτὸν
648 367 697 393 καὶ
705 368 761 401 οὐχ
774 364 865 400 εὖρον

82 408 180 434 αὐτόν.
194 408 377 437 Eas-niteat:
387 410 490 442 αὐτὸν,
502 411 550 438 καί
563 413 618 446 οὐχ
628 412 785 445 ὑπήκουσέ
792 421 861 447 μου.

81 455 105 480 Ε
109 453 217 487 ϋροσάν
223 462 261 488 με
272 456 298 481 οι
309 455 481 489 τηροῦντες,
489 459 515 484 ot
528 457 713 492 κυκλοῦντες
723 458 758 486 ἐν
766 458 804 492 τῇ
811 460 863 486 πό-

81 500 132 526 λει.
146 500 194 534 Μὴ
205 499 241 527 ὃν
255 501 413 539 ἠγάπησεν
424 503 443 536 νὴ
456 503 541 538 ψυχή
547 512 618 537 μου,
628 505 722 531 εἴδετε
732 513 742 537 ;
763 505 810 537 Ὠς
821 513 864 539 μι-

82 544 149 578 κρὸν
156 545 205 571 ὅτε
211 538 369 579 παρῆλθον
375 547 425 574 ἀπ’
432 546 541 579 αὐτῶν,
547 547 606 580 ἕως
615 546 650 576 οὗ
658 547 749 583 εὖρον
757 549 789 576 ὃν
797 551 815 585 ἠ
821 538 865 584 άτι-

81 593 176 623 πησεν
182 591 200 624 ἡ
209 591 293 625 ψυχή
301 600 369 626 μου.
388 592 551 626 Ἐκράτησα
557 593 662 626 αὐτὸν,
672 594 721 621 καὶ
727 595 782 621 οὐκ
788 594 865 628 ἀφῆ-

80 642 117 668 κα
124 634 226 667 αὐτὸν,
234 636 291 669 ἕως
297 634 333 663 οὗ
342 636 505 671 εἰσήγαγον
512 638 607 664 αὑτὸν
613 639 656 671 εὶς
663 637 748 665 οἷκον
752 640 865 673 μητρός

77 689 143 714 μου,
161 681 210 707 καὶ
231 676 284 714 εἰς’
295 682 428 717 ταμιεῖον
441 683 496 716 τῆς
507 685 725 718 συλλαϐούσης
735 693 782 718 με.
801 685 865 718 Ὧρ-

80 735 148 754 κισιι
159 726 246 761 ὑμᾶς,
259 728 419 763 θυγατέρες
438 729 642 764 Ἰερουσαλὴμ,
654 731 688 756 ἐν
698 730 761 763 ταῖς
773 730 861 757 δυνά-

76 780 153 806 μεσι.
173 773 220 799 καὶ
235 774 270 799 ἐν
286 773 349 806 ταῖς
372 774 516 809 ισχύσεσι
532 775 585 802 τοῦ
599 775 702 810 ἀλφοῦ,
724 776 778 802 ἐὰν
791 776 864 810 ἐγεί-

75 826 145 852 ρητε
159 819 208 845 καὶ
220 819 388 854 ἐξεγεΙρητε
404 820 461 854 τὴν
474 821 604 855 ἀγάπην,
617 821 672 854 ἓως
685 821 724 848 ἂν
736 821 862 856 θελήσῃ.

81 862 128 895 Τίς
141 864 216 897 αὕτη
232 865 251 899 ἠ
267 866 475 892 ἀναϐαίνουσα
492 866 526 892 ἐκ
542 866 597 901 τῆς
609 866 732 900 ἐρήμου,
744 867 784 900 ὡς
794 874 862 894 στε-
880 857 900 883 Β

77 909 150 943 λέχη
171 911 367 945 τεθυμιαμένη
389 912 528 946 σμύρναν
551 913 601 939 καὶ
627 913 769 946 λίϐανον,
802 913 863 940 ἀπὸ

79 954 197 981 πάντων
217 956 378 990 κονιορτῶν
391 958 547 992 μυρεψοῦ;
572 958 646 986 Ἰδοὺ
665 960 683 992 ’ἡ
702 959 792 991 κλίνη
809 958 863 985 τοῦ

913 232 936 255 et
953 236 1003 254 non
1018 227 1118 253 audivit
1131 233 1181 252 me.
1193 224 1220 251 ‘2.
1231 223 1344 259 Surgam
1354 227 1441 250 autem
1450 226 1475 249 et
1483 220 1599 248 circuibo
1611 221 1702 248 ciuita-

915 281 964 303 tem
972 274 999 301 in
1008 272 1073 308 foris
1080 271 1140 298 etin
1147 270 1240 304 plateis
1248 278 1255 297 :
1264 273 1288 297 et
1295 275 1415 304 quwram
1422 278 1497 305 quem
1503 270 1590 305 diligit
1598 270 1688 298 anima

914 326 980 344 mea.
998 317 1024 344 5.
1040 317 1155 350 Qua’sivi
1173 324 1233 343 eum
1246 321 1271 343 et
1290 325 1343 343 non
1356 316 1442 344 inveni
1457 323 1527 343 eum.
1544 314 1702 342 Invenerunt

913 372 952 390 nte
960 363 1005 398 qui
1015 363 1166 391 custodiunt
1179 363 1370 390 circumeuntes
1385 363 1528 389 civitatem.
1545 361 1616 387 Nunt
1626 369 1702 396 quem

913 409 1001 444 diligit
1018 410 1108 436 anima
1127 417 1184 436 mea
1199 408 1322 436 vidistis?
1339 409 1365 435 4.
1385 408 1587 441 Quamprimum
1608 415 1702 440 parum

914 454 946 481 ab
964 455 1003 481 eis
1019 454 1126 487 transit,
1141 453 1223 481 donec
1242 454 1327 481 inveni
1342 461 1401 480 eum
1416 460 1492 488 quem
1509 452 1594 487 diligit
1614 452 1703 478 anima

915 509 984 532 mea.
1002 500 1074 527 tenui
1093 508 1163 531 eum,
1182 505 1206 527 et
1224 509 1276 527 non
1292 499 1383 526 dimisi
1405 507 1474 530 eum,
1492 498 1572 524 donec
1588 506 1645 523 eum
1663 498 1703 523 iu-

915 546 1021 573 tradumi
1036 546 1063 574 in
1077 546 1185 573 domum
1208 547 1303 573 matris
1323 553 1397 576 mete,
1416 545 1481 572 etin
1500 545 1621 571 conclave
1645 543 1702 578 ejus

914 601 972 628 qua
986 601 1026 620 me
1050 593 1176 627 concepit.
1192 593 1219 619 5.
1239 592 1367 626 Adjuravi
1391 601 1445 623 vos,
1464 591 1527 626 ﬁtiw
1542 590 1701 621 Jerusalem,

915 639 942 666 in
959 640 1135 673 potestatibus
1151 643 1176 666 et
1191 639 1332 666 virtutibus
1349 639 1416 674 agri,
1443 638 1466 665 si
1482 638 1600 665 excitetis
1617 642 1640 664 et
1656 645 1703 664 ex-

915 687 1027 721 pergisci
1042 687 1151 721 faciatis
1174 687 1341 719 cltaritatem,
1358 685 1440 712 donec
1453 685 1524 712 velit.
1542 684 1567 711 6.
1588 683 1652 716 Quis
1666 687 1705 710 est

916 732 968 758 ista
991 741 1049 767 qua!
1072 732 1189 760 ascendit
1214 733 1247 759 it!
1266 732 1399 759 desertum
1422 731 1489 758 sicut
1507 735 1614 756 truncus
1638 729 1704 763 ['unii

916 785 1061 812 evaporans
1086 779 1221 813 myrrham
1242 784 1266 805 et
1283 778 1353 810 thus,
1368 785 1399 804 ea:
1422 777 1541 804 omnibus
1557 775 1705 810 pulveribus

918 824 1094 852 aromatorii?
1117 824 1143 853 '7.
1159 824 1226 851 Ecce
1250 824 1360 851 lectulus
1384 823 1551 851 Salomonis:
1568 822 1705 856 sexaginta

915 870 995 903 [artes
1011 870 1082 897 circa
1101 878 1158 897 cum
1173 878 1205 897 ex
1222 870 1335 905 fortibus
1352 869 1447 896 Israel.
1466 869 1492 896 8.
1509 868 1604 896 Omnes
1620 872 1706 894 tenen-

916 918 953 942 tes
971 915 1102 950 gladium,
1119 917 1199 951 periti
1213 924 1317 951 pugnaz,
1341 916 1380 943 vir
1395 915 1513 950 gladium
1528 922 1606 948 super
1622 913 1706 948 femur

916 969 993 987 suum
1006 966 1111 996 propter
1124 967 1256 997 stuperent
1270 966 1438 989 nocturnum.

77 1003 286 1037 Σο.ῖομῶντος;
321 1005 470 1037 ἐξήκοντα
492 1006 614 1034 δυνατοὶ
636 1008 738 1038 κύκλῳ
764 1005 860 1040 αὐτῆς
878 1007 938 1034 ἀπὸ
972 1009 1112 1037 δυνατῶν
1128 1010 1258 1045 Ἰσραήλ,
1293 1009 1408 1042 Πάντες
1428 1008 1605 1043 κατέχοντες
1631 1007 1703 1041 ῥομ-

76 1048 177 1081 φαίιν,
198 1048 401 1084 δεδιδαγμένοι
422 1051 572 1085 πολέμων.
603 1052 694 1086 Ἀνὴρ
707 1052 859 1086 ῥομφαίαν
876 1053 970 1080 αὑτοῦ
985 1054 1034 1081 ἐπὶ
1045 1055 1145 1090 μηρὸν
1157 1054 1251 1082 αὐτοῦ
1266 1054 1325 1082 ἀπὸ
1337 1054 1468 1088 θάμϐους
1483 1053 1518 1080 ἐν
1534 1052 1633 1084 ντξίν.

113 1093 194 1119 Πάλιν
208 1094 242 1120 τὰ
258 1095 367 1129 μεγάλα
380 1104 410 1121 τε
427 1096 474 1122 καὶ
488 1097 577 1131 ὑψηλὰ
592 1097 715 1132 δόγματα
727 1097 802 1132 παρὰ
817 1097 863 1124 τοῦ

77 1138 214 1173 ᾌσματος
230 1139 283 1166 τῶν
298 1140 429 1175 ᾀσμάτων
450 1142 495 1168 διὰ
510 1143 561 1178 τῆς
583 1143 724 1179 παρούσης
743 1143 865 1177 ἀναγνώ-

77 1193 142 1216 σεως
159 1185 352 1221 παιδευόμεθα.
372 1187 519 1222 Φιλοσοφία
540 1188 594 1223 γάρ
615 1190 672 1215 ἐστι
689 1189 719 1215 τὸ
731 1189 780 1224 τῆς
797 1189 865 1224 νύμ-

75 1239 129 1265 φης
151 1231 289 1266 διήγημα,
315 1229 399 1259 δι’ὧν
420 1233 454 1260 τὰ
477 1234 541 1269 περὶ
565 1235 663 1270 ἑαυτῆς
687 1234 863 1270 διεξέρχεται,

75 1276 147 1307 ὅπως
157 1277 210 1312 χρὴ
223 1278 284 1312 περὶ
295 1277 326 1304 τὸ
340 1277 417 1304 Θεῖον
430 1278 502 1313 ἔχειν
517 1280 579 1311 τοὺς
591 1281 706 1315 ἐραστὰς
720 1280 767 1306 τοῦ
782 1281 865 1315 ὑπερ-

75 1322 188 1357 κοσμίου
205 1315 318 1355 κᾶλλους
342 1324 569 1360 δογματιζούσης.
601 1327 632 1352 Ὂ
647 1326 676 1352 δὲ
693 1327 865 1362 μανθάνομεν

73 1368 117 1395 διὰ
133 1369 186 1396 τῶν
200 1371 388 1405 προκειμένων
401 1371 500 1406 λογίων
511 1372 630 1399 τοιοῦτόν
642 1373 710 1399 ἐστι.
727 1374 785 1408 Χρὴ
799 1373 862 1408 γὰρ,

73 1414 160 1450 οἶμαι,
178 1416 359 1451 προεκθέσθαι
375 1418 508 1453 πρότερον
523 1418 573 1454 τὴν
587 1419 644 1450 τοῖς
666 1420 756 1454 ῥητοῖς
773 1420 864 1453 ἐγκει-

76 1460 159 1495 μὲνην
172 1461 291 1488 διάνοιαν
301 1470 308 1477 ·
326 1460 376 1488 εἶθ’
391 1463 478 1494 οὕτως
497 1463 652 1498 ἐφαρμόσαι
674 1464 730 1494 τοῖς
745 1464 864 1499 προθεω-

951 1098 1057 1128 Rursus
1089 1107 1186 1135 magna
1216 1104 1243 1127 et
1269 1100 1376 1127 excelsa
1399 1100 1527 1134 dogmata
1551 1106 1565 1125 a
1592 1097 1706 1125 Cautico

917 1144 1087 1171 canticorum
1104 1152 1151 1180 per
1171 1145 1242 1172 hanc
1258 1145 1387 1171 docemur
1407 1144 1562 1172 lectionem.
1582 1143 1706 1170 Philoso-

918 1189 980 1223 phia
996 1190 1068 1216 enim
1089 1194 1131 1218 est
1151 1198 1259 1224 sponsa:
1281 1191 1403 1217 narratio
1430 1198 1476 1224 per
1493 1198 1524 1217 ea
1545 1198 1605 1224 qua:
1621 1190 1654 1216 de
1676 1197 1706 1217 se

918 1239 1053 1268 recenset,
1086 1237 1229 1264 statuendo
1255 1236 1485 1271 quemadmodum
1515 1235 1541 1263 in
1567 1235 1650 1262 Deum
1676 1243 1706 1262 se

917 1288 1012 1314 gerere
1034 1285 1160 1315 oporteat
1177 1286 1313 1309 amatores
1327 1282 1558 1316 supramundause
1581 1281 1703 1315 pulchri-

919 1326 1032 1354 tudinis.
1048 1326 1124 1359 Quod
1139 1331 1228 1354 autcm
1245 1327 1379 1354 discimus
1393 1335 1441 1361 per
1456 1334 1487 1354 ea
1501 1334 1560 1362 qua:
1569 1331 1633 1353 sunt
1643 1333 1705 1361 pro-

918 1373 1019 1407 posita,
1038 1380 1124 1408 prope
1140 1377 1182 1400 est
1207 1373 1353 1407 ejusmodi.
1377 1371 1490 1407 Oportet
1506 1373 1590 1403 enim,
1617 1375 1646 1398 ut
1661 1379 1705 1398 ar-

919 1419 1016 1458 bitror.
1033 1419 1109 1454 prius
1125 1427 1263 1454 exponere
1275 1426 1386 1446 sensrun
1400 1418 1445 1453 qui
1463 1418 1533 1445 inest
1554 1419 1578 1445 in
1598 1417 1702 1445 verbis:

917 1465 1016 1492 deinde
1038 1465 1119 1492 verba
1137 1465 1270 1493 divinitus
1294 1465 1428 1500 inspirata
1445 1465 1653 1492 accommodare
1671 1465 1704 1492 iis

75 1507 180 1541 ρηθεῖσι
195 1510 228 1533 τα
243 1506 411 1534 θεόπνευστα
430 1509 549 1543 ῥήματα.
577 1509 655 1534 Ἐστι
668 1509 767 1540 τοίνυν,
783 1509 821 1540 ὡς
834 1510 861 1535 ὲν

915 1519 975 1546 quae
990 1515 1054 1538 sunt
1081 1511 1157 1546 prius
1181 1511 1366 1539 considerata.
1394 1512 1442 1539 Est
1456 1518 1532 1546 ergo,
1557 1516 1586 1538 ut
1610 1511 1706 1546 paucis

73 1551 156 1586 ὀλίγῳ
178 1552 322 1579 συνελόντα
342 1553 454 1588 φράσαι,
468 1552 590 1581 τοιοῦτόν
612 1563 636 1580 τι
651 1554 738 1589 δόγμα
753 1554 797 1581 διὰ
810 1554 864 1580 τῶν

73 1596 225 1632 εἰρημένων
245 1597 474 1632 ἀναφαινόμενον
494 1600 560 1634 Διχῇ
576 1599 710 1634 τέτμηται
731 1599 800 1626 κατὰ
816 1600 863 1636 τὴν

73 1643 205 1669 ἀνωτάτω
221 1643 382 1678 διαίρεσιν-ἠ
398 1643 451 1670 τῶν
469 1642 554 1669 ὄντων
571 1644 661 1678 φύσις.
687 1645 723 1671 Τὸ
745 1645 793 1680 μὲν
809 1646 864 1681 γάρ

73 1689 148 1714 ἐστιν
166 1689 292 1723 αἰσθητὸν
309 1690 355 1716 καὶ
372 1689 472 1721 ὑλῶδες
483 1697 490 1704 ·
515 1689 545 1715 τὸ
561 1689 589 1716 δὲ
600 1691 695 1725 νοητὸν
710 1691 757 1717 καὶ
773 1691 862 1718 ᾶῡλον.

72 1734 207 1769 Λίσθητὸν
224 1735 272 1770 μὲν
293 1733 338 1761 οὖν
356 1735 482 1769 λέγομεν,
495 1736 556 1762 ὅσον
577 1737 610 1771 τῇ
634 1736 759 1772 αἰσθήσει
777 1745 863 1763 κατα-

71 1778 246 1815 λαμϐάνομεν
259 1789 266 1795 ·
291 1781 384 1816 νοητὸν
396 1781 425 1807 δὲ
445 1781 475 1807 τὸ
493 1781 663 1817 ὑπερπίπτον
677 1781 728 1817 τὴν
741 1782 864 1818 αἱτθητι-

73 1826 125 1861 κὴν
153 1826 329 1861 κατανόησιν·
356 1827 387 1853 ὲκ
404 1827 506 1854 τούτων
522 1827 553 1854 τὺ
578 1828 626 1862 μὲν
641 1827 735 1863 νοητὸν
752 1828 864 1862 ἄπειρόν

73 1874 133 1898 ἐστι
146 1872 194 1898 καὶ
209 1873 334 1908 ἀόριστον
346 1882 352 1888 ·
368 1874 398 1900 τὸ
411 1874 439 1900 δὲ
455 1874 547 1908 ἕτερον
559 1874 669 1900 πάντων
685 1874 739 1900 τισὶ
749 1873 863 1909 διαλαμ-

71 1918 185 1944 ϐάνεται
207 1919 317 1953 πέρασι.
344 1919 438 1955 Πάσης
460 1920 514 1955 γὰρ
539 1919 605 1955 ὕλης
623 1920 662 1955 τῷ
682 1919 757 1955 ποσῷ
771 1928 808 1955 τε,
818 1921 864 1946 καὶ

71 1963 111 1998 τῷ
127 1963 197 1998 ποιῷ
211 1963 421 2001 διειλημμένης,
447 1966 476 1991 ὲν
492 1965 566 2000 δγκῳ
582 1966 628 1992 καὶ
650 1965 714 1991 εἴδει
735 1966 782 1992 καὶ
805 1967 864 1992 ἐπι-

71 2010 173 2046 φανείᾳ
192 2011 238 2037 καὶ
258 2013 377 2047 σχήματι
404 2012 490 2047 πέρας
502 2012 604 2046 γίνεται
627 2011 678 2046 τῆς
693 2012 756 2046 περὶ
779 2011 863 2047 αὐτὴν

69 2057 265 2092 κατανοήσεως
285 2058 319 2084 τὰ
342 2058 405 2092 περὶ
426 2058 510 2093 αὐτὴν
532 2057 721 2093 θεωρούμενα,
748 2057 785 2089 ὡς
809 2067 862 2092 μη-

69 2103 114 2129 δὲν
137 2102 210 2138 ἔχειν
231 2103 275 2130 τὸν
299 2103 349 2139 τὴν
372 2103 437 2138 ὕλην
454 2103 675 2139 διερευνώμενον,
695 2103 746 2136 ἔξω
761 2103 862 2129 τούτων

69 2150 100 2175 ὲν
116 2149 253 2184 φαντασίᾳ
275 2149 376 2176 λαϐεῖν.
406 2149 441 2176 Τὸ
458 2149 486 2176 δὲ
501 2149 596 2185 νοητόν
611 2158 641 2175 τε
654 2149 701 2175 καὶ
719 2148 798 2175 ᾶῦλον
813 2148 862 2184 τῆς

916 1555 1016 1590 dicam,
1037 1556 1195 1594 hujusmodi
1217 1557 1315 1592 dogma
1334 1564 1382 1592 per
1406 1564 1438 1584 ea
1456 1564 1516 1592 qure
1533 1557 1605 1584 dicta
1623 1561 1702 1584 sunt:

916 1601 1044 1629 Bilariam
1060 1601 1192 1629 dividitur
1207 1609 1298 1629 rerum
1319 1607 1475 1629 creatarum
1493 1605 1591 1628 natura
1607 1609 1640 1629 ex
1657 1609 1704 1628 su-

916 1653 1009 1681 prema
1025 1646 1170 1674 divisione.
1187 1645 1254 1672 Nam
1272 1646 1344 1673 aliud
1364 1647 1474 1681 quidem
1495 1651 1539 1674 est
1561 1647 1662 1674 sensile
1678 1652 1705 1674 et

917 1691 1074 1719 materiale:
1094 1691 1168 1719 aliud
1186 1697 1276 1719 autem
1295 1693 1369 1726 quod
1386 1692 1566 1728 intelligentia
1587 1692 1701 1728 percipi-

915 1742 970 1770 tur,
987 1742 1014 1764 et
1034 1741 1075 1764 est
1091 1745 1190 1772 expers
1214 1738 1348 1765 materia.
1376 1739 1465 1773 Atque
1480 1738 1580 1765 sensile
1594 1738 1705 1772 quidem

915 1784 1032 1812 dicimus
1046 1784 1180 1819 quidquid
1195 1791 1277 1812 sensu
1294 1784 1546 1819 comprehenditur.
1564 1784 1642 1818 Quod
1664 1785 1704 1811 in-

915 1830 1063 1863 telligentia
1082 1833 1172 1856 autem
1195 1829 1354 1864 percipitur,
1382 1829 1409 1856 id
1426 1830 1499 1865 quod
1523 1837 1633 1857 omnem
1654 1838 1702 1857 su-

916 1877 991 1905 perat
1002 1879 1103 1900 sensus
1113 1873 1397 1907 comprehensionem,
1411 1881 1461 1900 nec
1476 1873 1537 1901 ullis
1549 1874 1704 1901 continetur

915 1918 1026 1945 ﬁnibus.
1041 1917 1108 1945 Nam
1125 1926 1186 1945 cum
1201 1918 1292 1946 clunis
1310 1918 1422 1946 materia
1438 1926 1453 1945 a
1471 1923 1573 1954 quanto
1586 1923 1612 1947 et
1629 1921 1702 1955 quali

915 1964 949 1990 sit
959 1963 1168 1998 comprehensa,
1180 1963 1262 1991 unius
1273 1968 1315 1991 est
1328 1964 1426 1991 mentis
1438 1964 1702 1998 comprehensionis,

914 2017 945 2036 ea
956 2017 1016 2044 quae
1027 2013 1090 2036 sunt
1101 2009 1129 2036 in
1144 2009 1202 2043 ipsa
1216 2008 1427 2042 considerantis,
1442 2009 1503 2036 linis
1513 2009 1539 2036 in
1549 2008 1669 2043 pondere
1677 2013 1704 2036 et

914 2054 1001 2082 forma
1017 2059 1044 2082 et
1067 2055 1212 2090 superﬁcie
1225 2058 1251 2082 et
1269 2054 1354 2089 ﬁgura
1368 2063 1374 2081 :
1397 2054 1464 2081 adeo
1480 2058 1509 2081 ut
1524 2055 1571 2090 qui
1595 2060 1703 2082 scruta-

914 2105 959 2127 tur
977 2101 1132 2133 materiam,
1150 2100 1219 2127 nihil
1242 2100 1329 2134 possit
1341 2104 1418 2128 extra
1443 2100 1500 2127 hanc
1524 2101 1703 2136 comprehen-

914 2146 978 2173 dere
991 2146 1017 2173 in
1035 2146 1193 2181 phantasia;
1211 2146 1238 2173 id
1254 2151 1345 2174 autem
1363 2145 1437 2181 quod
1456 2146 1606 2181 percipitur
1622 2147 1702 2174 intel-

67 2195 197 2229 τοιαύτης
211 2183 342 2230 περιοχῆς
358 2194 508 2230 καθαρεῦον
524 2183 650 2229 ἐκφεύγει
668 2195 713 2221 τὸν
733 2196 811 2228 ὅρον,
832 2195 861 2221 ὲν

915 2193 1035 2227 ligentia,
1056 2197 1083 2220 et
1105 2195 1147 2220 est
1163 2199 1261 2227 expers
1284 2193 1417 2224 materiae.
1443 2199 1541 2226 purum
1557 2192 1601 2220 .ab
1627 2194 1701 2220 omni

68 2241 160 2267 οὐδενὶ
179 2241 391 2276 περατούμενον.
419 2242 504 2268 Πάλιν
518 2241 546 2267 δὲ
565 2241 676 2276 καὶτῆς
689 2241 787 2276 νοητῆς
812 2241 863 2274 φύ-

68 2295 141 2318 σεως
160 2287 340 2323 διῃρημένης,
354 2288 370 2322 ὴ
389 2288 437 2322 μὲν
449 2287 574 2319 ἄκτιστὸς
591 2287 658 2318 ἐστι,
672 2286 719 2313 καὶ
737 2286 863 2321 ποιητικὴ

66 2332 125 2358 τῶν
142 2332 236 2364 οντων,
252 2333 295 2359 ἀεὶ
309 2331 376 2359 οὖσα
389 2333 458 2368 ὅπερ
475 2332 533 2359 ὲστί
547 2340 552 2346 ·
576 2333 622 2358 καὶ
642 2332 756 2358 πάντοτε
775 2331 863 2358 ὡσαύ-

66 2386 124 2408 τως
144 2377 251 2412 ἔχουσα,
268 2379 400 2413 κρείττων
414 2387 443 2405 τε
461 2378 618 2413 προσθήκης
635 2377 744 2413 ἁπάσης
757 2378 802 2404 καὶ
812 2378 861 2413 τῆς

66 2423 256 2454 ἐλαττώσεως,
271 2425 326 2450 τῶν
337 2424 447 2458 ἀγαθῶν
464 2425 653 2456 ἀνεπίδεκτος·
670 2425 686 2459 ὴ
703 2424 731 2450 δὲ
745 2425 789 2451 διὰ
802 2425 860 2451 κτί-

67 2478 140 2500 σεως
154 2469 322 2505 παραχθεῐσα
347 2470 374 2501 ἐς
395 2470 500 2503 γένεσιν
522 2471 591 2505 πρὸς
607 2470 637 2496 τὸ
653 2470 760 2506 πρῶτον
773 2471 858 2497 αἴτιον

65 2515 113 2540 ἀεὶ
132 2514 243 2549 βλέπει,
268 2515 314 2540 καὶ
332 2516 365 2549 τῇ
391 2515 520 2551 μετουσίᾳ
541 2516 588 2542 τοῦ
609 2515 780 2550 περιέχοντος
799 2516 858 2542 δια-

65 2559 171 2591 παντὸς
192 2560 220 2586 ὲν
243 2560 281 2595 τῷ
298 2560 392 2595 ἀγαθῷ
414 2562 601 2595 συντηρεῖται,
629 2562 674 2587 καὶ
688 2562 786 2595 τρόπον
800 2561 858 2588 τινὰ

64 2606 188 2632 πάντοτε
207 2606 336 2637 κτίζεται.
361 2606 406 2632 διὰ
421 2607 470 2640 τῆς
491 2607 519 2632 ἐν
543 2608 596 2638 τοῖς
613 2607 723 2641 ἀγαθοῖς
739 2607 858 2642 ἐπαυξῆ-

65 2659 141 2682 σεως
161 2650 228 2685 πρὸς
242 2650 271 2676 τὸ
286 2651 377 2685 μεῖζον
390 2651 577 2686 ἁλλοιουμένη,
597 2652 633 2683 ὡς
651 2652 716 2687 μηδὲ
731 2652 814 2687 ταύτῃ
833 2661 857 2678 τι

63 2696 158 2732 ’.τέρας
168 2696 368 2731 ὲνθεωρείσθαι,
382 2697 449 2732 μηδὲ
459 2697 514 2732 ὅρῳ
527 2698 579 2724 τινὶ
590 2698 638 2732 τὴν
653 2698 720 2733 πρὸς
728 2701 757 2725 τὸ
773 2701 859 2734 κρεῖτ-

62 2751 112 2769 τον
129 2741 242 2778 αὔξησιν
259 2742 345 2777 αὐτῆς
369 2743 603 2778 περιγράφεσθαι·
626 2743 682 2770 ἀλλ’
701 2742 770 2770 εἶναι
789 2745 858 2771 πάν-

63 2796 130 2814 τοτε
144 2787 186 2813 ἀεὶ
206 2787 236 2814 τὸ
251 2788 337 2823 παρὸν
353 2788 463 2822 ἀγαθὸν,
487 2788 538 2815 κᾶν
552 2788 591 2814 ὅτι
613 2788 726 2823 μάλιστα
741 2789 810 2823 μέγα
827 2797 856 2815 τε

66 2834 117 2860 καὶ
134 2833 236 2861 τέλειον
252 2831 321 2861 εἶναι
336 2834 418 2865 δοκεῖ.
435 2834 521 2870 ἀρχὴν
537 2834 582 2861 τοῦ
598 2834 796 2869 ὑπερκειμένου
811 2835 857 2862 καὶ

912 2238 1047 2273 ejusmodi
1071 2238 1329 2273 comprehensione,
1363 2237 1457 2273 effugit
1485 2238 1642 2270 terminum,
1673 2244 1702 2266 ut

912 2285 984 2320 quod
1001 2285 1029 2312 in
1042 2284 1118 2311 nullo
1132 2284 1253 2311 ﬁniatur.
1273 2283 1380 2311 Rursus
1396 2287 1488 2311 autem
1500 2291 1561 2311 cum
1580 2292 1640 2318 qua:
1658 2284 1701 2311 in-

912 2330 1063 2366 telligentia
1087 2330 1239 2365 percipitur
1257 2333 1366 2361 natura,
1391 2329 1517 2357 bifariam
1543 2329 1579 2357 sit
1601 2329 1698 2362 divisa,

911 2377 964 2403 alia
980 2375 1089 2411 quidem
1105 2379 1147 2402 est
1160 2375 1294 2408 increata,
1310 2380 1337 2402 et
1350 2382 1444 2402 eorum
1464 2382 1525 2410 quae
1543 2379 1607 2402 sunt
1621 2383 1700 2402 crea—

914 2423 978 2454 trix,
1005 2425 1034 2449 et
1056 2429 1117 2456 quae
1133 2428 1240 2456 semper
1256 2424 1298 2448 est
1323 2420 1349 2448 id
1372 2420 1443 2456 quod
1461 2425 1522 2449 est:
1550 2424 1577 2449 et
1592 2429 1700 2457 semper

913 2469 1039 2497 similiter
1063 2471 1089 2495 et
1107 2467 1203 2495 eodem
1221 2467 1302 2494 modo
1325 2474 1355 2494 sc
1377 2467 1469 2499 habet,
1492 2471 1519 2494 et
1539 2467 1635 2502 quavis
1651 2469 1700 2495 ad-

913 2515 1017 2542 ditioue
1031 2517 1058 2541 et
1068 2512 1251 2540 diminutione
1270 2516 1311 2540 est
1325 2513 1461 2547 superior.
1481 2520 1529 2540 nec
1544 2513 1614 2539 bona
1629 2514 1700 2541 valet

912 2561 1050 2596 accipere:
1070 2560 1123 2587 alia
1139 2564 1230 2588 autem
1256 2565 1317 2594 quae
1335 2566 1383 2593 per
1396 2558 1562 2585 creationem
1581 2558 1698 2585 deductu

912 2609 944 2635 ad
961 2607 1176 2642 generationem,
1191 2612 1298 2640 semper
1311 2604 1410 2638 aspicit
1422 2603 1455 2631 ad
1473 2603 1586 2638 primam
1602 2611 1696 2630 eorum

911 2662 972 2689 qua:
987 2657 1052 2681 sunt
1067 2659 1190 2683 causam,
1217 2654 1244 2678 et
1259 2650 1467 2685 participatione
1483 2649 1544 2684 ejus
1560 2649 1632 2684 quod
1650 2657 1696 2675 su-

912 2698 1062 2734 pereminet
1075 2704 1182 2731 semper
1193 2699 1372 2723 conservatur
1386 2695 1411 2721 in
1423 2695 1507 2726 bono,
1522 2699 1548 2722 et
1564 2694 1693 2729 quodam-

912 2745 992 2771 modo
1015 2746 1135 2776 creatur,
1158 2750 1206 2778 per
1225 2742 1423 2769 incrementum
1441 2740 1467 2767 in
1496 2739 1574 2767 bonis
1591 2743 1694 2765 mutata

911 2790 943 2816 ad
959 2789 984 2815 id
1002 2788 1074 2823 quod
1090 2792 1132 2816 est
1152 2787 1253 2822 majus,
1279 2786 1347 2814 adeo
1369 2789 1397 2812 ut
1418 2793 1450 2812 ne
1467 2785 1492 2812 in
1518 2785 1567 2811 hac
1583 2785 1692 2819 quidem

912 2834 1101 2862 consideretur
1117 2831 1189 2866 ﬁnis,
1205 2839 1294 2868 neque
1313 2831 1368 2859 ullo
1384 2830 1501 2858 termino
1517 2830 1693 2858 circumscri~
