1984 3068
256 90 309 119 887

874 99 901 127 S.
920 101 1083 130 GREGORII
1101 102 1244 130 NYSSENI

1829 105 1888 133 888

260 152 336 179 batur
348 153 409 187 ejus
421 154 619 183 incrementum
634 156 666 184 ad
682 157 708 184 id
719 158 790 193 quod
803 163 844 187 est.
861 161 977 190 melius:
994 163 1041 191 sed

1103 164 1232 195 ιείζονος·
1251 164 1288 195 ὡς
1299 165 1344 191 καὶ
1359 164 1387 190 ἐν
1403 163 1487 198 τούτῳ
1499 163 1545 190 τὸν
1560 164 1738 191 ἀποστολικόν
1752 165 1887 202 ἀληθεύε-

256 198 292 226 ιΞι
309 206 416 233 semper
436 200 508 234 quod
525 209 644 236 prtesens
663 207 704 231 est
723 204 837 237 bonum,
857 207 907 234 etsi
927 209 1043 237 maxime

255 243 382 271 videnlur
400 253 461 273 esse
489 255 617 284 magnum
643 253 670 277 et
692 251 857 285 prazstabilc,
878 254 1043 289 principium

255 291 315 326 ejus
332 293 405 327 quod
430 296 624 330 supereminet,
641 300 667 324 et
689 302 731 324 est
746 299 834 333 majus
849 308 854 325 :
879 300 946 327 adeo
964 305 993 328 ut
1015 302 1042 328 in

256 337 306 364 hoc
321 346 414 366 verum
440 341 474 368 sit
490 342 562 376 quod
579 342 646 370 dicit
663 343 812 378 Apostolus
827 345 858 377 “,
877 354 924 380 per
945 351 1042 373 exten-

256 385 360 412 sionem
376 386 408 413 ad
425 387 450 414 id
465 389 536 422 quod
551 392 592 416 est
609 394 682 421 ante,
699 390 828 418 oblivioni
844 392 915 418 datis
934 392 967 420 iis
982 399 1042 426 quze

256 431 332 466 prius
347 438 411 460 sunt
434 434 563 469 perlecta.
582 435 649 462 Nam
666 437 738 471 quod
757 444 865 472 semper
885 442 926 464 est
943 438 1042 472 majus.

255 479 282 503 et
300 478 372 512 quod
391 478 528 507 invenitur
546 481 573 507 in
589 481 722 509 bonorum
737 483 956 516 exsuperalione,
972 483 1043 518 apud

256 530 285 550 sc
301 523 427 551 detinens
444 525 614 554 affectionem
633 535 728 554 eorum
744 528 791 563 qui
806 532 871 555 sunt
886 529 1032 563 participes

257 577 310 596 non
327 570 392 597 sinit
409 571 532 606 aspicere
548 572 582 599 ad
599 581 629 600 ea
650 581 710 608 qua:
725 577 789 601 sunt
806 575 953 609 prmtcrita,
970 575 996 601 in
1015 575 1048 602 iis

1097 209 1158 235 σθαι
1177 208 1265 243 λόγον,
1288 209 1332 235 διὰ
1346 209 1394 243 τῆς
1413 209 1466 235 τῶν
1481 208 1634 244 ἔμπροσθεν
1656 210 1838 244 ἐπεκτάσεως,
1855 214 1889 240 ὲν

1096 254 1165 290 λήθῃ
1179 254 1327 289 γινομένων
1342 255 1395 281 τῶν
1411 254 1658 290 προδιηνυσμένων.
1684 256 1720 282 Τὸ
1734 256 1788 292 γὰρ
1804 258 1848 284 ἀεί
1858 267 1888 284 τι

1098 297 1204 333 μεῖζον,
1227 299 1274 325 καὶ
1293 299 1354 325 καθ’
1380 299 1531 334 ὑπερϐολὴν
1555 299 1658 333 ἀγαθὸν
1677 300 1886 336 εὑρισκόμενον,

1097 344 1161 379 περὶ
1183 345 1262 371 ἑαυτὸ
1281 345 1394 379 κατέχον
1414 345 1462 379 τὴν
1484 345 1538 371 τῶν
1561 346 1728 380 μετεχόντων
1753 347 1885 381 διάθεσιν,

1097 391 1146 417 οὐκ
1159 391 1190 426 ἐᾷ
1205 391 1271 426 προς
1287 391 1321 417 τὰ
1337 391 1518 426 παρῳχηκότα
1532 391 1652 426 βλέπειν,
1668 393 1701 425 τῇ
1721 392 1776 419 τῶν
1793 402 1887 429 προτι-

1099 436 1218 472 μοτὲρων
1232 436 1380 462 ἀπολαύσει
1397 436 1451 462 τῶν
1467 437 1685 472 καταδεεστέρων
1708 437 1756 472 τὴν
1775 440 1887 474 μνήμην

1100 482 1345 517 παρακρουόμενον.
1371 482 1407 508 Τὸ
1423 483 1470 517 μὲν
1485 480 1531 508 οὖν
1546 482 1633 517 νόημα
1646 483 1675 509 τὸ
1688 485 1721 518 τῇ
1739 483 1887 518 φιλοσοφία

1096 528 1142 556 τοῦ
1158 528 1294 563 νυμφικοῦ
1311 528 1479 563 διηγήματος
1496 529 1561 563 ἡμῖν
1575 528 1814 565 δσγματιζόμενον,
1828 539 1886 556 τοι-

1099 574 1177 600 οῦτον
1191 574 1259 600 εἶναι
1278 574 1431 609 νομίζομεν.

257 614 381 643 fruendis
400 624 461 651 qua:
479 622 544 644 sunt
563 619 765 653 praestantiora,
801 620 944 646 excutimus
978 619 1136 646 memoriam
1163 626 1257 646 eorum
1285 627 1345 654 quae
1385 623 1450 646 sunt
1477 618 1622 646 deteriora.
1658 619 1749 655 Atque
1772 627 1886 647 senSum

256 661 366 697 quidem
381 663 427 698 qui
443 671 458 690 a
472 664 646 700 philosophia
660 673 767 700 sponsae
782 667 948 694 narrationis
963 667 1042 693 nobis
1061 666 1204 697 statuitur,
1232 666 1311 693 talem
1335 674 1396 693 esse
1427 665 1620 695 existimantis.

291 708 410 743 Tempus
433 714 524 737 autem
549 716 590 739 est
617 712 734 746 primum
759 713 867 748 quidem
886 713 1044 740 meminisse

256 759 400 784 contextus
412 757 557 784 verborum
572 758 727 801 divinorum
740 759 927 793 eloquiorum:
944 757 1043 786 deinde

1131 713 1233 747 Καιρὺς
1254 713 1276 739 δ’
1294 712 1326 739 ἂν
1341 712 1382 746 εἴη
1398 711 1504 747 πρῶτον
1521 712 1570 746 μὲν
1585 712 1669 747 αὐτῆς
1682 711 1886 747 ἐπιμνησθῆναι

1095 759 1145 794 τῆς
1157 759 1254 791 λέξεως
1266 759 1319 785 τῶν
1337 758 1522 785 θεοπνεύστων
1534 757 1632 792 λογίων
1644 766 1650 773 ·
1669 756 1718 784 εἶθ’
1733 757 1820 789 οὕτως
1836 759 1887 792 ἔφ-

257 802 291 830 iis
309 810 369 838 quae
390 803 467 838 prius
485 808 549 832 sunt
575 805 749 832 considerata
776 804 906 839 adoptare
932 812 1042 832 sensum

1103 805 1214 840 ιρμὸσαι
1229 805 1285 836 τοῖς
1309 803 1522 839 προθεωρηθείσι
1544 804 1594 839 τὴν
1609 805 1665 835 τοῖς
1683 804 1774 838 ῥητοῖς
1792 805 1887 838 ἐγκει-

255 847 302 881 qui
336 848 406 876 situs
439 853 480 876 est
511 849 538 875 in
569 849 670 877 verbis.
689 848 720 876 lu
747 849 814 876 lecto
835 854 912 876 noctu
936 849 1044 884 quwsivi

256 896 353 927 ipsum,
372 899 395 921 et
415 902 466 920 non
482 895 586 921 inveni:
613 895 697 928 ipsum
713 895 811 926 vocavi,
830 899 855 921 et
877 903 930 922 non
945 894 1046 921 audivit

257 945 306 965 me.
331 937 445 973 Surgunt
473 944 559 966 autent
581 944 605 967 et
623 940 738 967 circuibo
756 940 886 967 civitatem
899 961 906 972 ,
924 941 950 967 in
979 940 1045 974 [mis

259 989 283 1009 et
302 984 328 1010 in
349 984 461 1017 plateis,
485 990 509 1011 et
525 993 644 1020 qua’ram
665 994 738 1020 quem
757 986 842 1020 diligit
863 986 952 1012 anima
979 993 1046 1012 mea.

259 1030 375 1063 Quwsivi
394 1038 453 1057 cum
470 1035 493 1057 ιιι
510 1039 560 1057 non
574 1031 659 1057 inveni
678 1039 747 1059 eum.
765 1031 923 1058 Invenerunt
944 1040 984 1059 me
1003 1033 1047 1066 qui

258 1077 411 1103 custodiunt
422 1077 613 1104 circumeuntes
628 1078 770 1105 civitatem.
786 1077 858 1104 Num
873 1086 948 1113 quem
961 1078 1047 1112 diligit

258 1123 349 1149 anima
373 1130 430 1149 mea
455 1122 577 1150 vidistis?
598 1123 799 1157 Quamprimum
823 1131 918 1157 parum
950 1123 983 1150 ab
1009 1125 1046 1151 eis

259 1168 366 1198 trausii,
391 1167 472 1194 donec
487 1167 572 1194 inveni
593 1176 652 1194 eum
669 1176 744 1202 quem
760 1168 848 1203 diligit
864 1169 953 1194 anima
972 1177 1046 1195 mea:

260 1213 331 1239 tenui
350 1221 408 1239 eum
428 1217 453 1240 et
475 1221 524 1240 non
542 1213 631 1240 dimisi
652 1221 719 1246 eum,
739 1213 822 1240 donec
838 1222 896 1240 eum
913 1214 1048 1241 introduxi

259 1260 285 1286 in
300 1258 406 1285 domum
422 1259 515 1285 matris
535 1267 608 1291 metu,
631 1264 654 1285 et
671 1260 697 1286 in
718 1260 839 1286 conclave
860 1260 916 1294 ejus
935 1268 992 1294 qua;
1009 1268 1048 1286 me

259 1305 387 1339 concepit.

296 1443 439 1476 Quomodo
459 1451 524 1478 ergo
546 1444 572 1470 in
592 1444 624 1470 iis
643 1451 703 1478 qua:
720 1443 792 1470 dicta
816 1447 879 1470 sunt
895 1443 1048 1472 invenimus

1098 850 1181 885 μένην
1195 850 1322 876 διάνοισν.
1340 849 1401 876 Ἐπὶ
1418 849 1523 882 κοίτην
1531 857 1590 883 μου
1606 849 1641 875 ἐν
1653 848 1743 880 νυξὶν·
1752 848 1884 883 ἐζήτησα

1096 895 1132 922 ὃν
1146 895 1304 930 ἠγάπησεν
1318 895 1337 928 ἡ
1357 894 1441 929 ψυχή
1459 902 1530 927 μου·
1550 893 1681 928 ὲῦἱτησα
1700 894 1807 926 αὐτὸν,
1835 895 1886 921 καί

1096 942 1152 975 οὺχ
1167 938 1258 974 εὖρον
1272 940 1378 967 αὐτόν·
1398 939 1530 966 ἐκάλεσα
1543 939 1646 971 αὐτὸν,
1665 939 1713 966 καὶ
1735 940 1791 973 οὐχ
1808 940 1887 972 ὑπή-

1097 986 1190 1014 κουσέ
1203 996 1273 1021 μου.
1291 985 1514 1020 Ἀναστήσομαι
1528 985 1562 1012 δὲ
1579 985 1628 1012 καὶ
1641 985 1787 1012 κλιικλώσω
1799 985 1835 1012 ἐν
1849 985 1888 1019 τῇ

1096 1032 1200 1064 πόλει,
1222 1032 1257 1058 ἐν
1276 1031 1339 1064 ταῖς
1354 1031 1490 1066 ἀγυραῖς,
1515 1031 1565 1058 καὶ
1581 1031 1615 1057 ἐν
1631 1030 1695 1064 ταῖς
1719 1031 1886 1063 πλατείαις,

1098 1079 1146 1106 καὶ
1159 1078 1274 1112 ζητήσω
1289 1078 1324 1104 ὃν
1343 1078 1503 1112 ἠγάπησεν
1518 1078 1537 1111 ὴ
1552 1077 1637 1112 ψυχή
1652 1086 1721 1111 μου.
1744 1076 1889 1110 Ἑζήτησα

1097 1125 1199 1155 αὐτὸν,
1217 1123 1267 1150 καὶ
1283 1124 1339 1157 οὺχ
1351 1121 1441 1157 εὗρον
1455 1123 1557 1151 αὐτόν.
1585 1122 1724 1157 Ε-ῢροσάν
1734 1132 1773 1157 με
1793 1124 1820 1150 οι
1834 1131 1887 1156 τησ

1094 1170 1230 1205 ροῦντες,
1243 1172 1268 1197 οἱ
1282 1169 1468 1202 κυκλοῦντες
1480 1169 1515 1195 ἐν
1529 1168 1566 1203 τῇ
1583 1170 1677 1196 πόλει.
1694 1169 1741 1202 Μὴ
1762 1169 1798 1195 ὃν
1815 1169 1888 1203 ἠγά-
1929 1205 1934 1209 μ

1098 1224 1198 1251 rma-er
1216 1216 1235 1250 ἡ
1257 1214 1341 1250 ψυχή
1354 1223 1413 1249 μου
1427 1215 1523 1246 idem;
1546 1215 1586 1248 ὡς
1599 1214 1728 1248 σμικρὸν
1741 1215 1791 1241 ὅτε
1812 1222 1889 1248 παρ-

1097 1261 1194 1295 ῆλθον
1213 1261 1263 1288 ἀπ’
1280 1260 1389 1292 αὐτῶν,
1408 1260 1464 1292 ἕως
1485 1260 1519 1287 οὔ
1540 1257 1631 1293 εὗρον
1644 1259 1679 1286 ὃν
1695 1259 1855 1294 ἠγάπησεν
1869 1259 1889 1292 ἡ

1097 1306 1182 1341 ψυχή
1189 1315 1248 1341 μου
1261 1314 1267 1320 ’
1279 1305 1430 1339 ἐκράτησα
1439 1305 1541 1337 αὑτὸν,
1550 1305 1598 1331 καί
1609 1306 1662 1331 οὐκ
1672 1304 1774 1339 ἀφῆκα
1784 1304 1889 1335 αὐτὸν,

1098 1353 1153 1385 ἕως
1168 1350 1204 1380 οὗ
1219 1351 1382 1386 εἰσήγαγον
1405 1351 1498 1378 αὑτὸν
1513 1352 1556 1383 εὶς
1577 1349 1660 1377 οἷκον
1681 1351 1794 1385 μητρός
1815 1358 1888 1385 μου,

1099 1398 1146 1425 καὶ
1161 1399 1203 1430 εἰς
1215 1397 1345 1431 ταμιεῖον
1356 1397 1409 1431 τῆς
1422 1396 1642 1429 συλλαϐούσης
1653 1405 1699 1430 με.

1135 1444 1197 1475 Πῶς
1212 1443 1300 1470 τοίνυν
1322 1444 1350 1469 ὲν
1369 1445 1424 1474 τοῖς
1444 1443 1599 1478 εἰρημένοις
1612 1443 1774 1478 εὑρίσκομεν
1794 1442 1828 1468 τὰ
1844 1442 1889 1468 6o—

261 1497 359 1517 sensus
373 1490 418 1524 qui
435 1490 587 1524 dogmatice
605 1497 651 1524 per
669 1489 847 1524 periphrasim
862 1497 876 1515 a
890 1489 969 1516 nobis
984 1494 1048 1518 sunt

1103 1488 1242 1525 γματικῶς
1263 1490 1329 1524 ήμίν
1353 1488 1578 1523 προθεωρηθέντα
1603 1489 1747 1523 νοήματα;
1779 1487 1892 1521 γέγονεν

261 1536 400 1570 expositi?
416 1534 444 1562 ln
460 1543 549 1570 prince
561 1535 678 1562 lentibus
696 1535 915 1567 asccttsionibus,
935 1535 984 1562 fuit
1001 1543 1050 1570 pro

263 1583 368 1610 ratione
391 1582 452 1617 ejus
475 1582 546 1616 quod
575 1589 682 1617 seniper
702 1582 730 1608 lit
753 1581 923 1614 incrementi,
944 1590 1051 1617 semper

264 1632 367 1655 mutata
385 1628 417 1655 ad
436 1628 462 1655 id
478 1629 550 1663 quod
567 1633 608 1655 est
629 1629 739 1658 melius,
755 1633 780 1654 et
797 1629 822 1655 in
839 1629 908 1656 bono
925 1637 1050 1664 compre-

265 1674 349 1700 henso
378 1681 516 1708 nunquam
544 1674 656 1706 sistens,
684 1682 758 1701 nunc
780 1675 858 1708 cquis
881 1679 1050 1710 comparata,

265 1719 309 1752 qui
326 1718 485 1754 Egyptiunt
503 1723 630 1746 evertunt
652 1724 809 1755 tyrannum,
839 1728 935 1748 rursus
959 1726 1049 1748 autent

265 1764 410 1798 torquibus
435 1769 461 1791 et
486 1763 639 1790 turturibus
665 1764 815 1791 assimilata
837 1765 863 1791 in
877 1765 945 1791 'colli
967 1772 1050 1792 orna-

266 1814 367 1836 mento.
379 1809 479 1836 Deinde
491 1810 533 1837 his
548 1818 601 1836 non
618 1814 745 1837 contenta
763 1799 885 1845 procedit
901 1810 990 1838 adhuc
1005 1819 1051 1838 su-

266 1855 368 1890 perius.
384 1855 449 1883 Nam
468 1863 515 1890 per
530 1862 641 1882 suavem
655 1856 770 1883 nardum
783 1857 903 1884 divinum
929 1858 1050 1893 agnoscit

265 1905 365 1930 bonum
380 1903 508 1935 odorem,
524 1907 550 1930 et
567 1910 616 1930 nec
640 1903 666 1930 in
685 1903 726 1930 his
748 1904 857 1938 quidem
875 1908 984 1937 manet,
1003 1904 1050 1932 sed

267 1956 363 1975 rursus
379 1956 440 1975 eum
456 1956 535 1983 quem
558 1949 707 1981 desiderat,
728 1949 809 1976 veluti
828 1949 963 1984 quoddam
983 1950 1051 1977 bene

266 1993 343 2020 olens
358 2000 462 2025 aroma,
488 1994 631 2027 suspendit
658 1995 728 2020 inter
752 2002 800 2020 sua
820 1995 923 2021 ratione
940 1995 1051 2028 praedita

267 2040 364 2072 ubera,
389 2040 461 2067 unde
478 2044 583 2067 scatent
597 2040 688 2067 divina
709 2041 883 2073 documenta,
907 2042 934 2068 in
961 2042 1051 2077 amplo

268 2085 360 2112 cordis
373 2085 460 2120 spatio
473 2093 534 2112 eum
550 2085 676 2113 iuduens.
691 2086 753 2113 Post
769 2087 824 2113 haec
840 2086 955 2114 fructum
971 2096 1050 2115 suum

268 2131 334 2161 facit
347 2131 511 2167 Agricolam,
530 2132 618 2166 ipsum
637 2131 742 2158 botrutu
763 2133 915 2165 non'tinans,
938 2142 1050 2160 suavem

267 2181 295 2207 ct
319 2181 424 2213 gratum
442 2177 553 2204 odorem
571 2178 739 2204 emittentem
765 2186 812 2213 per
833 2179 934 2205 liorem.
962 2178 994 2205 Et
1011 2179 1053 2206 his

268 2224 476 2252 ascensiotnbus
495 2224 535 2252 sic
549 2229 640 2254 aucta,
657 2225 771 2258 pulchra
784 2225 894 2255 dicitur,
910 2229 936 2251 et
949 2226 976 2252 lit
991 2233 1054 2260 pro-

269 2271 386 2305 pinqua:
416 2274 442 2297 ct
461 2278 520 2305 qua:
544 2276 587 2298 est
612 2271 638 2296 in
667 2270 752 2304 ipsius
772 2270 860 2298 oculis
883 2271 1055 2305 pulchritudo

270 2316 438 2343 :tssitnilatur
461 2316 605 2343 columbis
627 2316 727 2342 Deinde
752 2315 873 2351 procedit
891 2317 924 2343 ad
942 2317 967 2343 id
984 2317 1055 2351 quod

269 2365 312 2389 est
329 2362 427 2396 majus.
447 2360 528 2388 Facta
555 2362 627 2388 enim
657 2362 840 2396 perspicacior
871 2362 916 2389 illa
946 2371 1056 2398 quoque

272 2407 351 2435 Verbi
374 2408 456 2436 discit
475 2409 614 2442 decorem,
639 2414 664 2435 et
690 2409 804 2435 miratur
826 2410 1053 2444 quemadmodum

272 2453 451 2480 adumbratus
476 2453 618 2481 descendit
640 2455 672 2480 ad
700 2455 797 2481 lectum
821 2455 883 2482 vitae
907 2455 1054 2486 inferioris.

272 2499 405 2526 utateriali
429 2503 526 2526 natura
544 2500 667 2534 corporis
691 2501 801 2528 humani
817 2502 980 2528 occultatus.
1009 2501 1056 2528 llis

273 2546 378 2574 accedit
393 2546 465 2581 quod
480 2546 589 2573 virtutis
603 2547 712 2573 domum
723 2547 812 2574 verbis
822 2547 961 2579 describit,
977 2547 1057 2582 cujus

273 2599 327 2625 qua
343 2591 445 2627 tegitur
465 2591 579 2618 materia
598 2595 639 2618 est
661 2591 758 2618 cedrus
774 2596 798 2618 et
824 2599 982 2626 cupressus,
998 2600 1059 2626 quze

274 2639 444 2675 putredinem
459 2647 514 2667 non
526 2640 642 2674 suscipit
657 2643 684 2667 et
697 2639 916 2678 corruptionem,
935 2647 983 2674 per
999 2648 1060 2675 qua:

255 2685 365 2714 .verbis
380 2686 498 2721 explicat
511 2686 688 2714 stabilitatem
705 2689 732 2713 et
745 2685 992 2713 immutabilitatem
1012 2686 1060 2712 ha-

275 2731 408 2763 bitudinis
424 2730 457 2757 ad
478 2731 588 2758 bonum.
609 2731 740 2760 Prmterca
757 2739 804 2767 per
827 2733 1059 2768 comparationem

311 2822 333 2843 υ
358 2821 474 2857 Philipp.
496 2829 536 2854 ιιι,
566 2821 607 2848 15.

1101 1536 1130 1561 ἐν
1143 1536 1202 1566 ταῖς
1226 1534 1424 1570 προλαὸοὸσαις
1440 1534 1544 1564 ἁνόδοις
1570 1534 1636 1568 πρὸς
1659 1533 1736 1567 λόγον
1755 1533 1804 1568 τῆς
1827 1533 1893 1559 ἐκά-

1103 1590 1177 1609 στοτε
1189 1580 1335 1616 γινομένης
1346 1580 1495 1615 αὐξήσεως.
1512 1580 1567 1606 Ἀεὶ
1578 1579 1632 1614 γὰρ
1647 1579 1714 1614 πρὸς
1727 1579 1755 1605 τὸ
1767 1580 1892 1614 κρεῖττον

1101 1628 1298 1662 ὰλλοιουμένη,
1321 1627 1367 1653 καὶ
1391 1626 1518 1652 οὐδέποτε
1543 1626 1588 1651 ἐπὶ
1605 1625 1650 1651 τοῦ
1673 1625 1892 1659 καταληφθέντος

1102 1674 1203 1708 ἀγαθοῦ
1223 1673 1366 1708 ἱσταμένη,
1385 1672 1431 1698 νῦν
1455 1672 1503 1706 μὲν
1523 1672 1598 1706 ἵππῳ
1615 1670 1843 1706 παραϐαλλομένη
1858 1672 1891 1704 τῇ

1102 1719 1348 1755 καταστρεψαμένη
1361 1718 1407 1745 τὸν
1423 1718 1571 1752 Αἰγύπτιον
1592 1717 1722 1753 τύραννον
1733 1725 1739 1731 ·
1770 1716 1850 1742 πάλιν
1864 1715 1892 1741 δὲ

1102 1766 1243 1801 ὁρμίσκοις
1264 1765 1311 1791 καὶ
1329 1763 1456 1799 τρυγόσιν
1478 1763 1640 1798 εἰκαζομένη
1659 1762 1729 1788 κατὰ
1748 1762 1794 1788 τὸν
1815 1770 1893 1796 περι-

1105 1812 1226 1846 αυχένιον
1246 1811 1357 1846 κόσμον.
1393 1807 1458 1836 Εἶτα
1472 1809 1508 1841 ὡς
1524 1809 1573 1835 οὐκ
1589 1807 1754 1843 ἀρκεσθεῖσα
1775 1806 1891 1838 τούτοις,

1103 1857 1142 1883 ἔτι
1156 1857 1223 1892 πρὸς
1238 1855 1372 1890 ἀνώτερον
1388 1855 1503 1890 πρόεισι.
1528 1855 1576 1881 Διὰ
1592 1853 1646 1888 γὰρ
1660 1854 1708 1888 τῆς
1723 1852 1814 1887 ἡδείας
1826 1851 1892 1887 νάρ-

1102 1903 1157 1936 δου,
1169 1902 1216 1938 τὴν
1228 1902 1303 1928 θείαν
1312 1900 1486 1935 ἐπιγινώσκει
1499 1900 1623 1932 εὐωδίαν,
1634 1899 1682 1925 καὶ
1692 1898 1753 1925 οὐδὲ
1764 1900 1792 1924 ἐν
1807 1898 1894 1932 τούτῳ

1105 1942 1190 1984 μένει,
1204 1948 1271 1974 ἀλλὰ
1280 1948 1359 1974 πάλιν
1370 1947 1451 1974 αὐτὸν
1460 1947 1504 1973 τὸν
1517 1945 1682 1980 ποθούμενον
1692 1942 1746 1971 οἷόν
1757 1953 1783 1971 τι
1793 1946 1893 1980 ἄρωμα

1103 1995 1219 2021 εὔπνουν
1227 1994 1310 2028 ἑαυτῇ
1325 1993 1469 2028 περιάπτει
1479 1992 1579 2027 μεταξὺ
1591 1992 1645 2017 τῶν
1657 1991 1772 2025 λογικῶν
1788 1990 1892 2026 μαζῶν,

1103 2040 1163 2067 ὅθεν
1178 2039 1254 2075 βρύει
1267 2039 1301 2066 τὰ
1313 2039 1371 2065 θεῖα
1387 2038 1550 2072 διδάγματα,
1560 2037 1598 2073 τῷ
1610 2038 1754 2072 χωρήματι
1765 2037 1815 2072 τῆς
1830 2045 1894 2072 καρ-

1103 2085 1161 2117 δίας
1175 2085 1354 2120 ἐνδυσαμένη.
1381 2084 1459 2111 Μετὰ
1473 2083 1552 2110 τοῦτο
1571 2084 1676 2118 καρπὸν
1693 2083 1792 2118 ἑαυτῆς
1810 2084 1893 2110 ποιεῖ-

1104 2139 1149 2158 ται
1166 2131 1210 2158 τὸν
1226 2130 1358 2166 γεωργὸν,
1385 2130 1480 2166 βότρυν
1497 2130 1579 2156 αὐτὸν
1598 2128 1777 2164 ὀνομάζουσα,
1802 2128 1851 2163 ἡδύ
1868 2136 1893 2154 τι

1106 2178 1153 2204 καὶ
1167 2177 1301 2212 προσηνὲς
1313 2176 1357 2202 διὰ
1368 2175 1414 2202 τοῦ
1426 2175 1523 2206 ἄνθους
1536 2174 1717 2206 εὐωδιὰςοντα
1730 2183 1736 2189 ·
1750 2174 1797 2200 καὶ
1809 2173 1894 2204 οὕτως

1105 2223 1251 2258 αὐξηθεῖσα
1266 2222 1309 2249 διὰ
1326 2222 1380 2248 τῶν
1393 2221 1521 2248 τοιούτων
1547 2221 1662 2251 ἀνόδων,
1689 2220 1759 2254 καλὴ
1776 2219 1892 2253 λέγεται,

1107 2270 1151 2296 καὶ
1166 2269 1278 2303 πλησίον
1291 2268 1405 2302 γίνεται,
1428 2268 1473 2294 καὶ
1495 2268 1670 2302 περιστεραῖς
1686 2266 1716 2292 τὸ
1732 2267 1760 2292 ὲν
1774 2267 1830 2296 τοῖς
1846 2265 1894 2300 ὕμ-

1109 2325 1190 2350 μασιν
1203 2315 1288 2350 αὐτῆς
1298 2314 1494 2350 παρεικάζεται
1504 2313 1609 2344 κάλλος.
1621 2311 1685 2339 Εἶτα
1696 2311 1776 2338 πάλιν
1787 2311 1854 2346 πρὸς
1865 2311 1894 2336 τὸ

1108 2362 1198 2398 μεῖξον
1213 2362 1306 2397 χωρεῖ.
1330 2360 1548 2396 Διορατικωτέρα
1560 2359 1613 2394 γὰρ
1624 2358 1756 2393 γενομένη
1769 2356 1892 2390 κάκείνη,

1109 2409 1155 2436 τοῦ
1170 2409 1256 2442 Λόγου
1269 2407 1471 2442 καταμανθάνει
1482 2407 1528 2441 τήν
1542 2405 1625 2440 ὧραψ
1637 2405 1683 2431 καὶ
1693 2403 1827 2438 θαυμάζει
1839 2403 1895 2433 πῶς

1109 2456 1217 2487 εὖοκιος
1233 2456 1277 2482 ἐπὶ
1300 2454 1348 2489 τὴν
1368 2453 1461 2488 κλίνην
1483 2453 1532 2487 τῆς
1551 2451 1626 2478 κάτω
1642 2451 1714 2484 ζωῆς
1728 2448 1894 2480 καταὸαίνει,

1110 2504 1142 2538 τῇ
1159 2503 1236 2536 ὑλικῇ
1254 2501 1300 2527 τοῦ
1321 2499 1490 2534 ἀνθρωπίνου
1512 2497 1637 2532 σώματος
1654 2496 1734 2530 φύσει
1755 2494 1896 2538 συσκξαζό-

1112 2532 1200 2584 μενος.
1225 2532 1297 2582 ᾖρὸς
1312 2532 1418 2576 τούτοις
1438 2544 1483 2571 τὸν
1498 2543 1548 2578 τῆς
1562 2543 1661 2578 ἀρετῆς
1680 2539 1753 2567 οἶκον
1769 2540 1808 2573 τῷ
1822 2532 1896 2574 ῙδΥΨ

1111 2592 1266 2627 διαγράφει,
1281 2588 1311 2618 οὗ
1327 2590 1430 2624 γίνεται
1450 2590 1466 2624 ὴ
1481 2588 1611 2624 ὲρέψιμος
1627 2586 1687 2622 ὓλη,
1704 2585 1798 2619 κέδρος
1810 2593 1840 2610 τε
1851 2585 1896 2610 καὶ

1113 2640 1287 2674 κυπάρισσος,
1299 2636 1444 2671 σηπεδόνος
1456 2643 1485 2661 τε
1495 2634 1541 2661 καὶ
1553 2632 1699 2667 διαφθορᾶς
1711 2629 1894 2660 ἁνεπίδεκτος,

1112 2686 1144 2712 δι’
1162 2682 1199 2711 ὧν
1221 2684 1252 2710 τὸ
1270 2682 1381 2718 μόνιμον
1402 2690 1433 2708 τε
1451 2681 1497 2707 καὶ
1516 2678 1703 2714 ἀμεταὸλητον
1718 2676 1768 2711 τῆς
1788 2675 1855 2710 πρὸς
1866 2675 1896 2701 τὸ

1113 2731 1213 2766 ἀγαθὸν
1235 2730 1352 2766 σχέσεως
1366 2726 1537 2764 διερμηνεύει
1555 2725 1593 2760 τῷ
1606 2724 1687 2759 λόγῳ.
1715 2722 1776 2749 Ἐπὶ
1794 2721 1895 2752 τούτοις
