1984 3068
91 107 146 137 889

631 106 664 134 ΙΝ
684 105 832 134 CANTICA
848 103 981 132 CANTIC.
1005 106 1143 134 liOMlLlA
1166 107 1210 133 Vl.

1669 102 1722 132 890

91 167 137 195 διὰ
149 167 316 202 συγκρίσεως
330 167 347 201 ἡ
362 165 428 202 πρὸς
442 165 472 192 τὸ
487 166 610 201 κρεῖττον
622 165 707 197 αὐτῆς
720 162 880 199 παραλλαγὴ

944 163 1085 190 »ειεξηάίιυι-
1102 164 1162 198 ejus
1185 164 1218 190 ab
1234 171 1267 190 co
1283 162 1354 198 quod
1373 166 1415 189 est
1439 161 1537 189 melius
1558 160 1721 193 differentia,

90 212 239 246 δείκνυται,
253 213 300 239 καὶ
318 212 409 248 κρίνον
430 212 458 238 ὲν
479 211 609 242 ἀκάνθαις
625 210 699 237 δοκεῖ
711 218 717 224 ·
739 209 785 236 καὶ
803 208 883 235 πάλιν

92 259 142 286 καὶ
165 260 230 295 παρ’
255 258 363 292 ἐκείνης
384 258 535 293 καθορᾶται
558 256 614 290 τοῦ,
630 256 747 291 νυμφίου
771 256 801 282 τὸ
817 256 884 288 πρὸς

92 305 157 337 τοὺς
171 304 269 335 ἄλλους
284 304 420 339 διάφορον.
439 303 528 338 Μῆλον
540 302 594 338 γὰρ
606 302 768 338 ὀνομάζεται
781 302 883 337 μεταξὺ

91 350 234 386 δρυμιῦνος
249 350 386 385 ἀκάρπου,
405 351 438 384 τῇ
457 349 568 384 εὐχροίᾳ
582 350 631 384 τῆς
645 348 756 383 ὀπώρας
772 347 884 383 ὡραϊζο-

95 405 186 432 μενον,
200 393 230 423 οὗ
242 396 291 431 τὴν
308 395 388 422 σκιὰν
397 395 549 422 ὑπελθοῦσα
556 396 584 421 ἐν
593 395 631 430 τῷ
639 395 704 429 οἴκῳ
714 394 825 428 γίνεται,
837 394 884 420 καὶ

94 443 194 478 μύροις
209 442 375 477 στηρίζεται,
388 442 434 468 καὶ
449 443 504 473 τοῖς
518 442 635 476 καρποῖς
648 440 695 467 τοῦ
710 441 796 476 μήλου
815 449 885 466 στοι-

92 489 217 521 ϐάζεται,
227 488 274 515 καὶ
288 488 315 514 τὸ
329 488 457 514 ἐκλεκτὸν
473 487 549 522 βέλος
559 488 588 514 ἑν
598 489 630 522 τῇ
645 487 742 522 καρδίᾳ
752 486 884 522 δεξαμένη

93 535 139 562 διὰ
150 536 198 570 τῆς
210 535 339 569 γλυκείας
353 535 471 569 πληγῆς,
483 533 564 561 πάλιν
576 534 623 560 καὶ
639 534 708 568 αὐτὴ
726 533 802 568 βέλος
817 532 887 567 γίνε-

92 588 139 607 ται
156 582 185 607 ἐν
199 582 258 612 ταῖς
271 582 349 615 χερσὶ
362 580 409 606 τοῦ
424 580 543 612 τοξότου,
557 581 606 615 τῆς
623 580 671 615 μὲν
683 580 823 615 εὐωνύμου
836 580 886 614 τὴν

93 626 216 660 κεφαλὴν
231 625 298 660 πρὸς
314 626 358 652 τὺν
377 625 432 652 ἀνω
446 625 546 652 σκοπὸν
571 625 735 659 εὐθυνούσης
748 634 754 640 ·
782 625 832 660 τῆς
842 625 885 651 δε-

93 671 154 704 ξιᾶς
169 672 197 698 δὲ
210 672 278 706 πρὸς
294 672 393 706 ἑαυτὴν
409 670 647 707 διαλαμῆανούσης
663 671 692 698 τὸ
706 672 792 706 βέλος.
811 673 886 700 Μετὰ

93 717 181 745 ταῦτα
205 718 242 750 ὡς
260 718 310 753 ἤδη
337 717 405 753 πρὸς
424 717 454 744 τὸ
472 717 573 744 τέλειον
594 717 738 752 φθάσασα,
759 719 806 745 καὶ
828 720 887 750 ταῖς

93 763 202 795 λοιπαῖς
218 764 267 799 τὴν
286 764 332 790 ἐπὶ
348 764 394 790 τὸν
411 764 578 800 ποθούμενον
600 764 755 800 προθυμίαν
777 765 888 799 ὑφηγεῖ-

94 808 190 844 ταιτῷ
207 809 289 844 λόγῳ,
311 809 343 835 δι’
362 809 495 845 ὀρκισμοῦ
516 819 589 842 τινος
604 809 653 846 τὴν
671 811 782 846 ἀγάπην
798 810 887 837 αὐτῶν

95 855 287 891 ἐπεγείρουσα.
309 855 357 887 Τίς
372 853 419 883 οὖν
433 856 484 883 οὐκ
501 855 535 883 ἂν
552 856 623 883 εἴποι
638 857 688 892 τὴν
699 857 744 895 agri
761 857 887 885 τοσοῦτον

95 900 249 934 ὑψωθείσαν
263 901 352 935 ψυχὴν
368 901 397 927 ὲν
417 901 456 935 τῷ
479 901 623 936 ἀκροτάτῳ
646 902 811 937 γεγενῆσθαι
831 902 887 938 ὅρῳ

95 945 145 981 τῆς
158 946 343 981 τελειότητοςς
363 947 432 973 Ἀλλ’
447 947 522 981 ὅμως
536 947 567 974 τὸ
579 948 666 982 πέρας
678 948 732 974 τῶν
746 948 889 984 προδιηνυ-

97 992 205 1027 σμένων
220 992 292 1028 ἁρχὴ
313 992 417 1026 γίνεται
433 993 483 1028 τῆς
497 993 543 1019 ἐπὶ
558 994 593 1020 τὰ
610 993 795 1030 ὑπερκείμενα
817 1003 888 1030 χειρ-

96 1038 230 1072 αγωγίας.
258 1039 351 1066 Πάντα
366 1039 420 1074 γὰρ
436 1040 529 1066 ἐκεῖνα
546 1041 639 1074 φωνῆς
656 1038 723 1075 ἦχος
746 1041 888 1076 ἐνομίσθη,

96 1082 165 1118 πρὸς
183 1083 231 1118 τὴν
253 1083 307 1109 τῶν
320 1083 459 1118 μυστικῶν
479 1083 594 1119 θεωρίαν
608 1084 657 1120 τὴν
673 1084 761 1120 ψυχὴν
776 1085 820 1112 διὰ
841 1085 890 1120 τῆς

96 1129 181 1164 ἀκοῆς
192 1129 418 1165 επιστρεφούσης,
429 1131 474 1157 καὶ
487 1129 595 1164 βλέπειν
606 1131 717 1166 ἄρχεται
734 1131 778 1158 τὸν
795 1131 891 1158 ποθού-

99 1183 188 1210 μενον,
204 1174 276 1210 ἄλλῳ
289 1175 353 1201 εἴδει
367 1177 424 1207 τοῖς
435 1176 583 1211 ὀφθαλμοῖς
598 1177 810 1212 ἐμφαινόμενον.
825 1180 891 1214 Δορ-

98 1221 159 1248 κάδι
173 1222 227 1256 γὰρ
247 1221 400 1256 ὁμοιοῦται,
421 1223 470 1248 καὶ
483 1223 571 1258 νεϐρῷ
594 1224 811 1259 παρεικάζεται·
844 1226 891 1251 καὶ

97 1266 146 1302 οὐχ
157 1267 282 1302 ἕστηκεν,
297 1267 359 1294 οὔτε
377 1268 423 1295 ἐπὶ
437 1269 487 1305 τῆς
501 1270 639 1306 ἡμετέρας
656 1270 753 1306 ὂψεως,
771 1270 832 1297 οὕτε
846 1271 892 1298 ἐπὶ

97 1310 146 1338 τοῦ
166 1311 250 1338 τόπου
267 1312 348 1339 αὑτοῦ
370 1313 400 1340 τὸ
422 1314 585 1349 φαινόμενον
597 1323 603 1330 ·
620 1314 677 1342 ἀλλ’
700 1315 820 1351 ἐπιπηδᾷ
836 1317 891 1347 τοῖς

98 1356 201 1392 ὄρεσιν,
221 1357 274 1383 ἀπὸ
284 1357 338 1383 τῶν
352 1357 524 1393 ἀκροτηρίων
538 1358 584 1384 ἐπὶ
597 1358 645 1389 τὰς
657 1358 711 1384 τῶν
727 1358 828 1393 βουνῶν
839 1358 892 1391 ἐξο-

99 1405 150 1439 χὰς
166 1403 374 1438 μεθαλλὸμενος.
397 1405 452 1431 Καὶ
470 1404 551 1431 πάλιν
567 1406 596 1431 ἐν
613 1405 715 1440 μείζονι
726 1406 891 1432 καταστάσει

99 1450 117 1483 ὴ
132 1449 224 1485 νύμφη
242 1450 357 1483 γίνεται,
373 1451 465 1486 φωνῆς
476 1450 604 1485 δευτέρας
620 1451 688 1486 πρὸς
701 1450 785 1486 αὐτὴν
801 1451 891 1478 ἐλθού-

934 217 961 237 et
983 210 1091 237 videtur
1110 218 1170 238 esse
1192 210 1278 236 lilium
1297 209 1369 237 inter
1395 209 1490 243 spinas
1509 216 1514 234 :
1533 211 1561 235 et
1578 215 1676 234 rursus
1694 207 1722 234 in

935 257 979 283 illa
997 257 1117 283 cernitur
1134 255 1228 290 sponsi
1252 255 1287 282 ab
1305 254 1364 281 aliis
1379 254 1537 280 discrimen.
1562 253 1723 280 Nominatur

935 302 1006 328 enim
1030 309 1139 336 pomum
1167 301 1194 328 in
1221 301 1297 336 sylva
1313 299 1400 328 sterili
1424 299 1497 326 bono
1515 299 1621 326 fructus
1640 299 1724 326 odore

935 348 1103 380 decoratum.
1118 347 1198 382 cujus
1217 347 1340 374 umbram
1357 347 1416 381 ipsa
1438 346 1561 376 subiens,
1577 345 1685 373 exsistit
1697 344 1724 371 in

936 393 1016 420 domo
1033 393 1093 425 viri,
1109 397 1136 420 et
1153 393 1267 420 fulcitur
1282 392 1440 427 unguentis,
1456 395 1483 418 et
1498 391 1570 426 pomi
1590 391 1725 418 fructibus

937 439 1064 474 stipatur,
1078 443 1104 466 ct
1117 439 1203 466 electa
1220 439 1318 474 sagitta
1335 438 1363 464 in
1376 437 1460 465 corde
1474 445 1524 464 suo
1542 440 1664 471 accepta,
1678 443 1726 471 per

937 484 1044 512 dulcem
1063 484 1170 519 plagam
1189 484 1247 519 ipsa
1273 491 1370 511 rursus
1388 484 1417 510 fit
1431 483 1528 518 sagitta
1552 482 1580 508 in
1600 481 1728 508 manibus

938 531 1080 566 sagittarii,
1099 531 1210 558 sinistra
1230 530 1339 565 quidem
1357 529 1490 564 dirigcnte
1512 532 1595 563 caput
1617 527 1650 554 ad
1665 534 1727 554 sco-

938 585 1001 612 pum
1016 585 1164 612 supernum
1178 585 1185 602 :
1201 577 1299 603 dextra
1315 579 1406 602 autem
1420 575 1453 602 ad
1470 574 1587 609 seipsam
1600 574 1726 609 sagittam

938 627 1125 651 conrertente.
1151 622 1215 649 Post
1232 622 1299 653 ham,
1317 626 1346 647 ut
1364 629 1424 656 qua:
1442 621 1499 656 jam
1514 619 1668 655 pervenerit
1693 617 1728 645 ad

939 669 964 696 id
981 669 1053 704 quod
1067 672 1109 696 est
1125 667 1290 702 perfectum,
1312 666 1420 694 caeteris
1434 673 1512 693 suam
1526 665 1553 692 in
1569 673 1630 692 eum
1647 671 1727 700 quem

939 716 1088 746 desiderat,
1110 718 1221 742 enarrat
1247 713 1421 745 cliaritatem,
1451 712 1557 739 ratione
1583 710 1728 746 cujusdam

940 761 1120 796 adjurationis
1134 768 1180 787 cas
1194 759 1317 788 excitans
1332 758 1364 785 ad
1380 757 1565 785 dilectionem.
1583 756 1650 789 Quis
1662 763 1729 790 ergo

939 815 993 834 non
1009 807 1110 834 dixerit
1124 806 1243 832 animam
1260 812 1321 839 qua:
1335 808 1377 831 est
1389 802 1456 830 adeo
1471 802 1579 830 sublata
1594 804 1621 830 in
1634 803 1730 835 altum,

938 853 1096 889 pervenisse
1108 852 1141 879 ad
1160 859 1297 879 summum
1310 850 1457 878 terminum
1471 848 1666 885 perfectionis?
1677 846 1729 874 Sed

939 905 1029 927 tamen
1053 899 1113 926 finis
1136 906 1232 926 eortun
1259 905 1320 932 qua:
1347 898 1423 932 prius
1451 900 1515 924 sunt
1539 894 1676 925 confecta,
1701 893 1730 920 fit

940 945 1104 981 principium
1130 944 1301 973 deductionis
1334 942 1368 970 ad
1383 949 1414 970 ea
1437 950 1498 977 qtla‘.
1515 939 1729 976 supereminent.

938 991 1005 1018 Nam
1021 992 1066 1018 illa
1083 990 1197 1018 omnino
1221 993 1286 1016 sunt
1310 989 1466 1016 existimata
1487 995 1572 1015 sonus
1587 985 1662 1013 vocis
1684 991 1732 1020 per

940 1039 1062 1066 auditum
1075 1037 1196 1065 animam
1209 1036 1398 1064 convertentis
1409 1035 1441 1062 ad
1457 1034 1622 1061 naturalium
1639 1038 1731 1060 rerum

940 1084 1214 1118 contemplationem,
1233 1089 1260 1110 et
1275 1081 1370 1116 incipit
1381 1080 1473 1108 videre
1488 1087 1549 1107 eum
1563 1086 1643 1114 quem
1660 1077 1733 1104 desi-

940 1130 1028 1164 derat,
1043 1130 1070 1157 in
1096 1129 1148 1156 alia
1171 1128 1262 1164 spei-ie
1279 1131 1456 1163 apparentem
1478 1125 1579 1153 oculis.
1596 1123 1663 1151 Nam
1685 1131 1733 1150 ca~

942 1185 1012 1213 preaa
1026 1175 1116 1205 evadit
1136 1175 1245 1208 similis,
1266 1180 1293 1202 et
1317 1173 1485 1201 assimilatur
1509 1172 1624 1200 binnulo
1644 1170 1732 1203 cervi;

941 1231 993 1251 nec
1019 1226 1062 1250 est
1085 1223 1112 1250 in
1129 1225 1223 1250 nostro
1251 1221 1321 1253 visu,
1348 1226 1399 1247 nec
1418 1220 1445 1246 in
1462 1218 1558 1246 eodem
1579 1218 1640 1245 loco
1660 1216 1733 1251 quod

942 1273 1071 1306 apparet;
1096 1268 1143 1296 sed
1160 1267 1224 1296 salit
1244 1267 1271 1294 in
1295 1269 1419 1297 montes,
1435 1272 1451 1292 a
1469 1263 1663 1300 promontoriis
1681 1263 1732 1291 sal-

942 1322 1004 1344 tans
1025 1322 1108 1351 super
1125 1312 1243 1342 vertices
1263 1312 1387 1340 collium.
1409 1310 1441 1338 Et
1457 1317 1555 1339 rursus
1575 1310 1602 1336 in
1627 1309 1734 1336 meliori

943 1366 1016 1390 statu
1030 1368 1132 1396 sponsa
1149 1359 1338 1391 constituitur,
1357 1365 1419 1385 cttm
1436 1356 1469 1384 ad
1486 1363 1545 1384 eam
1563 1355 1668 1383 venerit
1682 1361 1735 1381 vox

943 1407 1075 1440 secunda,
1095 1414 1143 1442 per
1159 1413 1239 1441 quam
1261 1404 1393 1432 incitatur
1408 1407 1437 1430 ut
1457 1402 1593 1437 relinquat
1612 1400 1736 1428 umbram

943 1462 1003 1489 qum
1020 1452 1145 1488 procedit
1162 1459 1195 1479 ex
1212 1451 1326 1486 pariete,
1340 1454 1367 1477 ct
1382 1450 1417 1477 sit
1431 1449 1482 1477 sub
1496 1449 1551 1480 dio,
1571 1452 1600 1474 ut
1613 1445 1738 1482 quiescat

101 1505 167 1531 σης,
191 1496 225 1522 δι’
245 1494 279 1532 ἧς
296 1498 471 1532 παρορμᾶται
492 1498 653 1525 καταλιπεῖν
670 1498 718 1533 τὴν
737 1498 783 1524 τοῦ
802 1499 890 1533 τοίχου

944 1498 1128 1534 subtegmine
1147 1502 1242 1533 petrae,
1269 1504 1329 1532 qua:
1341 1500 1383 1524 est
1399 1496 1476 1531 juxta
1489 1493 1736 1530 propugnaculum,

101 1540 192 1572 σκιὰν,
205 1541 251 1567 καὶ
266 1542 295 1568 ὲν
310 1541 435 1577 ὑπαίθρῳ
455 1542 596 1576 γενέσθαι,
618 1544 665 1570 καὶ
687 1545 719 1579 τῇ
737 1544 826 1581 σκέπῃ
843 1545 891 1580 τῆς

100 1587 202 1623 πέτρας
220 1588 475 1620 συναναπαύεσθαι,
498 1590 548 1624 τῆς
569 1590 702 1626 ἐχομένης
718 1591 765 1618 τοῦ
783 1600 892 1626 προτει-

101 1633 242 1669 χίσματος,
255 1635 301 1662 καὶ
318 1636 366 1671 τῆς
385 1636 495 1672 ἐαρινῆς
511 1636 585 1673 ὦρας
596 1638 814 1673 κατατρυφῆσαι,
832 1639 892 1673 δρε-

102 1681 206 1715 πομένη
220 1681 267 1707 τοῦ
283 1681 379 1717 καιροῦ
393 1682 427 1708 τὰ
448 1682 515 1718 ἄνθη
532 1684 636 1718 ἀκμαῖα
652 1684 717 1710 ὄντα
732 1685 779 1710 καὶ
794 1684 892 1720 ὡραῖα,

102 1727 229 1762 καὶπρὸς
244 1727 330 1763 τομὴν
344 1728 499 1763 ἐπιτήδεια.
526 1730 573 1756 καὶ
590 1729 640 1757 ὅσα
663 1730 730 1757 ἄλλα
748 1730 816 1766 πρὸς
827 1731 894 1757 dmi-

102 1771 197 1799 λαυσιν
209 1773 223 1798 ὁ
238 1774 333 1808 καιρὸς
346 1775 402 1804 τοῖς
416 1774 540 1809 τρυφῶσι
557 1775 710 1811 χαρίζεται,
723 1777 751 1802 ὲν
768 1777 827 1807 ταῖς
841 1776 894 1802 τῶν

105 1817 241 1852 μουσικῶν
258 1818 370 1853 ὀρνίθων
387 1821 507 1852 φωναῖς·
536 1820 570 1846 δι’
587 1817 625 1846 ὧν
641 1820 722 1847 πάλιν
740 1820 895 1856 τελειοτέρα

103 1863 233 1898 γινομένη
246 1865 262 1898 ἡ
275 1864 378 1899 νύμφη,
393 1865 478 1900 αὐτὴν
495 1865 566 1899 ἀξιοί
583 1866 630 1892 τοῦ
646 1865 832 1902 φθεγγομένου
845 1868 896 1904 τὴν

101 1907 164 1942 ὖψιν
177 1908 241 1935 ἰδεῖν
257 1909 400 1943 ἐμφανῶς,
418 1911 464 1937 καὶ
481 1911 527 1938 τὸν
542 1912 621 1946 λόγον
637 1913 702 1949 παρ’
723 1913 805 1940 αὑτοῦ
818 1914 896 1946 δέξα-

105 1953 178 1986 σθαι,
203 1955 301 1990 μηκέτι
322 1955 355 1982 δι’
379 1956 480 1991 ἑτέρων
495 1957 690 1992 φθεγγόμενον.
718 1959 802 1986 Πάλιν
825 1960 897 1991 εἰκός

105 1999 179 2026 ἐστιν
191 2000 238 2026 ἐπὶ
249 2001 354 2033 τούτοις
371 2003 574 2038 μακαρισθῆναι
590 2004 639 2039 τὴν
653 2004 752 2040 ψυχὴν,
767 2005 815 2040 τῆς
829 2005 898 2040 ὑψη-

104 2045 154 2080 λῆς
165 2046 325 2078 ἀναϐὰσεως
334 2047 381 2074 τοῦ
392 2048 542 2083 ἀκροτάτου
552 2049 607 2076 τῶν
620 2050 794 2085 ποθουμὲνων
806 2052 896 2086 ἐφικο-

107 2091 200 2127 μένην.
221 2092 253 2118 Τί
267 2093 320 2127 γὰρ
335 2092 367 2119 ἄν
393 2101 434 2124 τις
451 2093 543 2128 μεῖζον
563 2095 602 2122 εἰς
618 2097 793 2132 μακαρισμὸν
807 2097 900 2133 ὲννοή-

107 2146 187 2169 σειεν,
201 2138 247 2164 τοῦ
266 2139 347 2165 εἰδεῖν
357 2138 403 2165 τὸν
420 2139 487 2166 Θεόν
499 2148 506 2170 ;
528 2141 607 2167 Ἀλλὰ
619 2142 765 2175 καὶτοῦτο,
779 2143 832 2170 τῶν
850 2144 900 2180 μὲν

943 1551 970 1574 et
988 1553 1018 1573 se
1040 1545 1115 1572 verni
1129 1543 1261 1579 temporis
1278 1543 1386 1578 expleat
1403 1541 1521 1572 deliciis,
1538 1540 1671 1574 colligens
1687 1538 1738 1565 llo-

944 1601 989 1620 res
1009 1592 1092 1627 hujus
1107 1591 1250 1626 temporis,
1269 1590 1316 1625 qui
1332 1593 1397 1617 sunt
1418 1588 1526 1623 pulchri
1544 1590 1571 1615 et
1586 1586 1737 1621 elegantes.

944 1643 971 1665 et
985 1638 1039 1672 apti
1060 1637 1093 1664 ad
1115 1636 1277 1669 secandum,
1299 1639 1326 1663 et
1351 1641 1521 1670 quaecunque
1553 1633 1606 1660 alia
1630 1636 1739 1666 tempus

947 1683 1061 1711 fruenda
1073 1683 1184 1710 exhibet
1198 1682 1232 1710 iis
1251 1681 1298 1716 qui
1313 1689 1343 1709 se
1356 1681 1466 1716 explent
1483 1679 1588 1708 deliciis
1604 1679 1630 1705 in
1649 1679 1738 1705 musi-

945 1738 1038 1757 carum
1053 1730 1144 1757 avium
1165 1728 1280 1756 vocibus
1293 1737 1299 1755 :
1319 1735 1366 1762 per
1379 1734 1440 1762 quae
1452 1733 1552 1760 sponsa
1571 1732 1666 1752 rursus
1677 1731 1739 1751 eva-

946 1777 1013 1804 dens
1040 1775 1200 1812 perfectior,
1231 1782 1261 1802 se
1287 1774 1398 1809 dignam
1426 1776 1519 1799 censet
1542 1776 1570 1798 ut
1594 1770 1738 1797 manifeste

943 1824 1084 1851 intueatur
1106 1821 1205 1848 faciem
1227 1820 1298 1854 ejus,
1325 1823 1352 1847 et
1374 1819 1435 1854 ejus
1449 1820 1602 1845 orationem
1621 1817 1739 1851 excipiat

948 1869 981 1896 ab
997 1869 1068 1903 ipso,
1086 1867 1131 1902 qui
1153 1874 1207 1894 non
1230 1865 1347 1900 amplius
1370 1871 1420 1899 per
1441 1863 1524 1890 alium
1545 1862 1629 1890 verba
1644 1861 1737 1889 faciat.

948 1914 1056 1942 Rursus
1071 1918 1113 1941 est
1127 1916 1341 1940 consentaneum
1362 1914 1474 1945 propter
1488 1909 1546 1937 haec
1559 1909 1664 1937 beatam
1680 1909 1740 1937 exi-

948 1960 1054 1989 stimari
1079 1960 1208 1992 animam,
1233 1965 1294 1993 quae
1317 1958 1345 1984 in
1369 1957 1423 1983 alla
1439 1956 1601 1984 ascensione
1617 1956 1740 1990 pervenit

949 2007 982 2034 ad
999 2013 1135 2034 summum
1157 2012 1252 2032 eorum
1269 2011 1330 2037 qtae
1349 2002 1550 2031 desiderantur.
1576 2000 1647 2035 Quid
1667 2001 1740 2028 enim

949 2053 983 2079 ad
999 2051 1197 2080 beatitudinem
1218 2050 1308 2084 majus
1326 2053 1413 2084 potest
1430 2048 1581 2083 excogitari
1602 2055 1683 2083 quam
1700 2048 1741 2073 vi-

950 2098 1015 2125 dere
1024 2096 1128 2124 Deum?
1142 2095 1194 2123 Sed
1208 2095 1261 2122 hoc
1274 2102 1384 2130 quoque
1397 2098 1439 2122 est
1450 2094 1561 2128 quidem
1575 2093 1636 2120 ﬁnis
1646 2100 1740 2119 eorum

951 2151 1012 2178 quae
1024 2148 1132 2178 peracta
1148 2147 1222 2173 sunt,
1237 2141 1346 2169 initium
1360 2148 1423 2168 vero
1444 2141 1501 2175 spei
1513 2147 1608 2167 eorum
1624 2146 1685 2174 quae
1698 2147 1742 2166 su«

106 2183 344 2220 προδιηνυσμένων
356 2185 442 2220 πέρας
461 2185 530 2218 ἐστὶ,
547 2186 594 2221 τῆς
610 2187 639 2213 δὲ
659 2187 714 2214 τῶν
735 2189 892 2224 ὑπερκειμέ-

951 2190 1131 2225 pereminent.
1150 2187 1257 2215 Rursus
1271 2188 1344 2215 enim
1371 2186 1447 2214 audit
1465 2193 1573 2217 vocem,
1589 2192 1650 2219 quae
1664 2184 1742 2219 jubet

107 2239 158 2256 νων
180 2230 286 2262 ἐλπίδος
307 2231 379 2266 ἀρχὴ
402 2231 515 2265 γίνεται.
546 2233 631 2260 Πάλιν
651 2234 705 2268 γὰρ
731 2236 779 2270 τῆς
804 2237 898 2271 φωνῆς

107 2276 200 2303 ἀκούει
213 2277 264 2312 τῆς
278 2277 506 2314 διακελευομένης
522 2280 578 2310 τοῖς
590 2279 734 2315 θηρευταῖς
753 2281 798 2308 ἐπὶ
811 2290 899 2317 σωτη-

110 2321 154 2358 ρίᾳ
169 2322 223 2349 τῶν
239 2323 409 2358 ἀμπελώνων
423 2323 477 2351 τῶν
493 2324 622 2359 λογικῶν,
638 2326 770 2361 ἀγρεῦσαι
783 2327 818 2354 τὰ
833 2327 897 2362 βλα-

109 2368 193 2394 πτικὰ
203 2368 257 2394 τῶν
267 2370 381 2404 καρπῶν
392 2369 483 2405 θηρία,
495 2372 557 2402 τοὺς
572 2373 684 2407 μικροὺς
697 2372 817 2404 ἐκείνους
832 2373 902 2400 ἀλώ-

110 2423 197 2446 πεκας
209 2423 216 2430 ·
237 2416 284 2442 καὶ
296 2416 390 2443 τούτου
404 2418 559 2452 γενομένου,
584 2420 740 2454 μεταχωρεῖ
752 2421 786 2446 τὰ
801 2421 847 2448 δύο
862 2417 902 2456 είς

110 2460 222 2495 ἄλληλα,
241 2461 293 2487 ὅτε
306 2461 371 2493 Θεὸς
384 2463 412 2488 ὲν
431 2464 464 2498 τῇ
484 2463 556 2498 ψυχῇ
577 2465 729 2500 γινόμενος,
753 2468 800 2494 καὶ
821 2468 902 2496 πάλιν

111 2507 150 2538 εἰς
167 2506 213 2533 τὸν
228 2506 294 2533 Θεὸν
319 2508 336 2542 ὴ
353 2507 424 2542 ψυχὴ
448 2510 639 2543 μετοικίζεται.
665 2512 746 2546 Λέγει
766 2515 834 2549 γὰρ,
861 2515 902 2541 ὅτι

113 2552 284 2587 Ἀδελφιδός
312 2563 372 2588 μου
401 2554 484 2588 ἐμοι·
520 2556 597 2590 κάγὼ
622 2559 651 2584 ἐν
680 2558 771 2593 αὐτῷ,
808 2560 847 2594 τῷ
873 2562 902 2587 ὲν

111 2600 166 2630 τοῖς
180 2602 279 2634 κρίνοις
296 2599 480 2634 ποιμαίνοντι,
496 2602 543 2628 καὶ
562 2603 705 2636 μεταθέντι
729 2604 778 2639 τὴν
796 2604 902 2640 ἀνθρω-

112 2643 192 2677 πίνην
201 2643 272 2679 ζωὴν
294 2644 348 2671 ἀπὸ
362 2644 418 2671 τῶν
430 2646 566 2673 σκιοειδῶν
577 2648 777 2683 φαντασμάτων
791 2650 837 2676 ἐπὶ
851 2651 900 2685 τὴν

112 2689 164 2715 τῶν
176 2690 259 2717 ὄντων
273 2689 410 2725 ἀλήθειαν.
430 2691 510 2726 Ὁρᾷς
527 2693 566 2724 είς
577 2693 638 2720 ὅσον
653 2694 823 2730 ἀναϐέϐηκεν
834 2696 900 2731 ὕψος

113 2736 130 2772 ἡ
143 2735 327 2782 ὲκιδυνάμεως
343 2737 382 2768 εις
396 2737 509 2773 δύναμιν
524 2739 594 2772 κατὰ
608 2740 652 2767 τὸν
669 2742 836 2777 προφητικδν
852 2751 901 2770 πο-

153 2829 173 2844 ¹¹
199 2827 270 2856 l’sal.
297 2836 408 2862 Lxxxm,
435 2829 461 2857 8.

951 2234 1130 2264 venatoribus
1146 2238 1176 2261 ut
1192 2241 1243 2269 pro
1259 2233 1348 2261 salute
1367 2233 1506 2259 vinearum
1522 2232 1626 2258 ratione
1641 2231 1740 2265 praedi-

952 2286 1052 2313 Iarum,
1081 2283 1214 2308 venentur
1241 2279 1372 2306 animalia
1398 2286 1459 2313 quae
1487 2278 1594 2305 fructus
1627 2277 1740 2309 laedunt.

952 2335 1048 2362 nempe
1063 2333 1160 2361 parvas
1183 2325 1244 2352 illas
1265 2325 1371 2360 vulpes.
1390 2323 1428 2351 Eo
1449 2327 1539 2351 autem
1558 2324 1629 2350 facto
1642 2323 1697 2350 duo
1714 2324 1742 2351 in

951 2381 981 2401 se
1000 2373 1116 2400 imicem
1131 2375 1286 2399 transeunt.
1310 2370 1377 2398 Nam
1393 2375 1420 2398 et
1443 2370 1513 2398 Deus
1534 2374 1576 2398 est
1595 2370 1621 2397 iu
1638 2370 1741 2401 anima,

951 2425 977 2448 et
994 2426 1093 2446 rursus
1109 2418 1201 2445 anima
1215 2418 1314 2453 migrat
1326 2417 1351 2444 in
1365 2417 1461 2445 Deum.
1477 2417 1521 2444 Ait
1533 2417 1616 2448 enim,
1630 2416 1742 2444 Patrue-

953 2466 985 2492 lis
1001 2472 1072 2492 meus
1091 2464 1173 2496 mihi,
1192 2467 1219 2491 et
1234 2471 1284 2498 ego
1298 2463 1337 2490 illi
1358 2463 1479 2497 pascenti
1493 2462 1640 2495 interlilia,
1652 2467 1678 2490 et
1693 2462 1743 2489 ltu-

953 2519 1061 2539 tnanam
1079 2511 1162 2538 vitam
1175 2510 1353 2537 transferenti
1369 2517 1383 2535 a
1397 2509 1464 2537 visis
1478 2509 1618 2537 umbrosis
1633 2509 1665 2536 ad
1682 2516 1742 2536 eam

955 2565 1016 2592 quae
1028 2565 1091 2585 vere
1102 2562 1144 2584 est
1160 2557 1312 2584 veritatem.
1331 2555 1413 2583 Vides
1425 2556 1451 2582 in
1465 2560 1595 2590 quautam
1611 2554 1743 2582 ascende--

957 2605 991 2631 rit
1005 2603 1176 2631 altitudinem
1195 2604 1286 2630 anima
1301 2610 1361 2636 quae
1374 2602 1453 2636 juxta
1467 2602 1492 2628 id
1507 2601 1580 2637 quod
1596 2601 1662 2628 dicit
1677 2600 1744 2628 Pro-

955 2650 1035 2686 pheta
1049 2650 1071 2666 “
1083 2670 1090 2682 ,
1105 2649 1226 2676 ambulat
1237 2657 1252 2675 a
1269 2648 1369 2675 virtute
1386 2649 1413 2675 in
1429 2648 1566 2680 virtutem,
1580 2650 1607 2673 ut
1621 2647 1744 2674 videatur

954 2705 1015 2725 esse
1030 2700 1156 2723 assecuta
1177 2702 1314 2724 summum
1340 2694 1398 2729 spei
1418 2694 1563 2721 bonorum.
1581 2692 1652 2725 Quid
1668 2692 1742 2719 enim

955 2747 996 2771 est
1012 2742 1104 2774 altius,
1119 2748 1200 2776 quam
1222 2748 1282 2768 esse
1302 2740 1328 2767 in
1348 2740 1407 2775 ipso
1427 2740 1473 2774 qui
1491 2738 1674 2770 desideratur.
1695 2741 1745 2765 aut
