1984 3068
103 147 148 175 897

104 205 183 240 ἀτμὸς
191 204 368 240 ἐπιδροσίζων
377 204 421 232 διὰ
428 205 478 239 τῆς
485 204 600 236 εὐωδίας
607 205 686 232 τοῦτο
693 205 723 232 τὸ
733 205 824 237 ἄλσος,
832 206 892 232 ὅσον
907 209 929 236 Α

103 252 207 278 ἔπαινον
217 252 338 287 περιέχει
347 252 395 286 τῆς
406 252 453 278 ἐπὶ
463 253 520 283 τοῖς
527 251 658 284 τοιούτοις
668 261 706 286 μα
711 252 890 288 ρτυρηοείσης

103 296 208 330 ὁλόγος.
230 297 305 323 Τότε
326 297 381 332 γὰρ
400 296 531 332 ἀλλήλους
549 296 680 333 διερωτᾷν
698 298 761 333 περὶ
775 298 825 332 τῆς
842 298 888 332 6-,:—

103 342 199 378 θείσης,
224 342 261 374 ὡς
286 343 315 369 ὲν
341 343 413 378 ἄλλῳ
435 342 597 379 δεικνυμὲνῃ
618 342 657 378 τῷ
681 343 762 373 εῖδει,
786 343 832 370 καὶ
859 343 888 370 οὐ

105 389 166 415 κατὰ
182 389 230 424 τὴν
248 388 383 424 προτέραν
404 388 520 424 μορφὴν,
537 389 673 422 ἐγκώμιόν
692 390 749 415 ἐστι
766 389 815 424 τῆς
829 390 889 415 κατ’

102 435 197 470 ἀρετὴν
224 435 365 470 προκοπῆς
390 435 577 466 τελειότατον,
600 435 700 470 πολλὴν
723 435 792 470 αὐτῇ
820 444 890 470 μαρ-

102 481 195 517 τυροῦν
215 482 265 516 τὴν
283 480 348 516 πρὸς
366 481 395 507 τὸ
413 483 535 516 κρεῖττον
555 480 734 516 παραλλαγὴν
745 482 791 507 καὶ
807 482 889 515 μετά-

102 537 202 556 στασιν,
229 528 414 564 Ξενιζομένων
439 528 492 564 γάρ
517 529 590 554 ἐστιν
614 529 629 563 ἡ
658 528 733 564 φωνὴ
761 528 837 564 παρὰ
859 528 889 554 τὸ

102 575 210 610 σύνηθες
240 574 309 606 εἶδος
338 576 367 601 ἐν
394 575 512 609 θαύματι
539 575 708 609 ποιουμένων
731 575 780 610 τὴν
804 575 888 602 ἐπαν-

101 620 195 647 θοῦσαν
243 621 369 655 μορφὴν,
407 620 448 646 ὅτι
477 619 553 654 Αὕτη
594 620 610 654 ή
645 619 828 646 ἀναϐαίνουσα
857 620 888 647 ἐκ

103 665 146 700 τῆς
166 665 288 700 ἐρήμου,
319 665 431 700 μέλαινα
459 665 489 691 τὸ
518 665 651 700 πρότερον
681 666 747 700 ἡμῖν
772 665 887 701 ἑωρᾶτο,

70 714 73 717 ⁷
100 711 156 742 πῶς
190 711 240 746 τὴν
278 710 418 746 σκοτεινὴν
458 710 564 746 μορφὴν
599 710 785 745 (Emathium;
829 711 888 743 πῶς

100 756 163 791 αὐτῇ
191 756 316 791 χιονῶδες
337 756 523 792 ὲπαστράπτει
547 757 579 783 τὸ
603 756 809 792 πρόσωπονςἫ
824 756 889 792 ἕρη-

102 803 148 837 μός
170 804 253 834 ἐστιν,
275 803 313 835 ὼς
335 803 432 833 ἔοικεν,
456 803 529 829 αἰτία
552 802 663 834 τούτων,
685 803 701 837 ἡ
725 803 848 838 καθάπερ
862 812 887 829 τι

99 848 170 884 ἔρνος
187 848 351 884 ἀναδραμεῖν
366 849 450 883 αὐτῆς
469 849 499 874 τὸ
513 848 579 882 ὕψος
591 849 737 883 ποιήσασα,
753 849 800 874 καὶ
820 848 887 883 πρὸς

98 894 126 920 rb
146 893 264 920 τοιοῦτον
289 894 491 930 μεταϐάλλουσα
514 894 623 926 κάλλοςς
638 894 675 920 Οὐ
692 895 745 929 γὰρ
759 894 787 927 ἐξ
809 895 888 920 αὐτο·
903 883 923 910 Β

99 941 180 976 μάτου
196 941 266 972 τινος
284 940 437 976 συντυχίας,
455 940 515 967 οὐδὲ
533 940 603 967 κατὰ
618 940 729 974 ἄκριτόν
742 948 801 965 τινα
819 940 886 966 ἀπο-

97 988 229 1022 κλήρωσιν
243 987 353 1021 γέγονεν
375 986 444 1021 αὕτη
465 987 482 1021 ἡ
507 986 574 1021 πρὸς
588 986 618 1012 τὸ
644 985 710 1020 ὕψος
729 985 885 1020 ἀναδρομὴ-

96 1033 151 1060 ἀλλ’
167 1033 196 1067 ἐξ
210 1033 317 1060 οἰκείων
333 1033 421 1059 πόνων
437 1032 470 1058 δι’
488 1032 650 1068 ἐγκράτειαν
664 1033 710 1059 καὶ
727 1031 887 1065 ἐπιμέλειαν

95 1079 124 1105 τὺ
140 1078 236 1109 κάλλος
255 1079 398 1113 ἐκτήσατο.
411 1077 488 1104 Οὕτω
517 1076 581 1102 ποτὲ
598 1076 645 1102 καὶ
657 1077 673 1111 ἡ
683 1076 729 1102 τοῦ
743 1077 886 1111 Προφήτου

94 1123 164 1159 ψυχὴ
180 1123 297 1158 διψώδης
313 1124 421 1157 ἐγένετο
434 1123 483 1157 τῆς
498 1122 572 1153 Θείας
591 1121 690 1156 πηγῆς,
704 1121 796 1156 ἐπειδὴ
813 1120 887 1155 αὐτῷ

95 1171 110 1205 ἡ
125 1169 192 1204 σὰρξ
205 1169 307 1204 ἔρημός
326 1178 356 1196 τε
377 1170 424 1195 καὶ
438 1169 537 1200 ᾶϐατος
556 1169 602 1194 καὶ
615 1167 728 1202 ἄνυδρος
743 1166 888 1200 γενομένη,

94 1215 123 1242 τὸ
138 1215 206 1241 θεῖον
217 1215 293 1250 δίψος
306 1215 335 1241 ὲν
350 1215 432 1250 ἑαυτῇ
449 1214 624 1250 παρεδέξατο.
641 1214 676 1239 Ἰὸ
688 1213 777 1239 τοίνυν
790 1213 821 1238 ἐκ
837 1212 887 1246 τῆς

94 1263 195 1297 ἐρήμου
221 1260 377 1287 ἀναϐαῐνειν
401 1261 495 1295 αὐτὴν,
517 1259 669 1295 μαρτυρίαν
696 1259 817 1296 περιέχει
840 1259 886 1285 τοῦ

93 1306 137 1332 διὰ
161 1306 298 1342 προσοχῆς
320 1314 349 1332 τε
371 1306 417 1332 καὶ
443 1305 604 1340 ἐγκρατείας
631 1305 659 1336 ἐς
686 1304 812 1330 τοσοῦτον
840 1304 887 1330 καὶ

93 1351 211 1378 τοιοῦτον
235 1351 300 1386 ὕψος
326 1351 501 1386 ἀναδραμεῖν,
529 1350 566 1382 ὡς
591 1350 639 1376 καὶ
659 1351 715 1381 τοῖς
733 1349 818 1384 φίλοις
840 1348 886 1375 τοῦ

94 1396 209 1432 νυμφίου
230 1396 323 1431 θαῦμα
338 1395 473 1429 γενέσθαι,
489 1395 513 1422 οἳ
533 1395 578 1422 διὰ
599 1395 703 1421 πολλῶν
720 1394 887 1429 ὑποδειγμά-

93 1451 145 1468 των
166 1442 196 1468 τδ
218 1441 315 1473 κάλλος
339 1441 424 1474 αὐτῆς
447 1441 652 1476 ἑρμηνεύουσιν,
671 1441 762 1475 ἐπειδὴ
782 1440 814 1467 δι’
830 1440 888 1471 ἐνὸς

94 1489 166 1515 ἃπαν
187 1487 386 1523 περιληφθῆναι
402 1487 450 1522 οὐχ
463 1485 518 1513 οἷόν
532 1496 560 1513 τε
574 1485 617 1522 ἦν.
643 1487 753 1522 Πρῶτον
769 1486 818 1521 μὲν
833 1485 887 1522 γὰρ

94 1534 231 1570 στελέχεσι
255 1533 303 1570 τὴν
319 1534 393 1569 ὥραν
408 1533 557 1564 εἰκάζουσι.
574 1534 621 1560 καὶ
641 1533 700 1560 οὐδὲ
718 1532 820 1559 τούτων
835 1532 885 1562 ἑνὶ,
901 1544 921 1571 c

93 1579 149 1606 ἀλλ’
166 1580 205 1611 είς
220 1579 320 1615 πλῆθος
335 1572 450 1615 δένδρων
464 1580 559 1613 ἄγεται
582 1579 636 1606 τῶν
654 1580 682 1605 ὲν
697 1579 764 1614 αὐτῇ
783 1578 874 1613 θαυμά

91 1628 173 1662 τωνὴ
189 1626 307 1657 εἰκασία,
324 1626 362 1658 ὡς
386 1627 419 1653 ἂν
439 1626 469 1652 τὸ
487 1626 625 1658 πολυειδὲς
639 1626 685 1652 καὶ
701 1625 820 1652 ποικίλον
834 1624 888 1651 τῶν

92 1672 197 1708 ἀρετῶν
209 1673 241 1708 τῇ
258 1673 403 1708 ὑπογραφῇ
416 1671 463 1698 τοῦ
479 1671 577 1703 ἄλσους
597 1671 798 1698 διαδεικνύοιτο.
823 1668 887 1696 Εἶτα

92 1715 196 1747 καπνὸς
217 1717 249 1742 ὲκ
271 1715 452 1751 θυμιαμάτων
476 1716 516 1747 είς
531 1716 581 1750 τὴν
595 1715 686 1742 εἰκόνα
708 1715 754 1742 τοῦ
775 1715 888 1746 κάλλους

92 1761 353 1797 παραλαμϐάνεται·
380 1761 427 1787 καὶ
449 1761 510 1787 οὐδὲ
532 1758 609 1792 οὗτος
628 1760 746 1793 ἁπλοῦς,
776 1761 832 1787 ἀλλ’
857 1762 888 1787 ἐκ

92 1807 217 1842 σμύρνης
242 1807 289 1833 καὶ
314 1807 423 1833 λιϐάνου
452 1806 683 1842 συγκεκραμένος,
708 1807 745 1839 ὡς
774 1806 837 1842 μίαν
859 1806 888 1839 ἐξ

91 1854 193 1888 ἀμφοῖν
209 1852 330 1886 γίνεσθαι
343 1852 397 1879 τῶν
412 1853 506 1888 ἀτμῶν
520 1853 570 1888 τὴν
586 1853 676 1888 χάριν,
688 1852 720 1879 δι’
741 1850 778 1879 ὧν
797 1854 827 1879 τὸ
840 1853 888 1888 τῆς

92 1898 202 1934 νύμφης
219 1898 408 1933 ὑπογράφεται
426 1898 532 1930 κάλλος.
548 1899 643 1931 ’Ἄλλος
659 1899 768 1930 ἔπαινος
793 1899 886 1935 αὐτῆς,

90 1945 107 1979 ὴ
126 1944 180 1970 τῶν
196 1943 349 1980 ἀρωμάτων
364 1944 466 1971 τούτων
490 1944 595 1978 γίνεται
618 1943 700 1979 μίξις.
718 1944 751 1970 Ἠ
769 1944 886 1979 σμύρνα,

91 1993 162 2029 πρὸς
171 1992 217 2019 τὸν
228 1991 411 2026 ὲνταφιασμὺν
427 1990 481 2028 τῶν
497 1989 630 2024 σωμάτων
645 1989 804 2025 ἐπιτηδείως
820 1989 886 2023 ἔχει·

90 2039 105 2065 ὁ
119 2038 149 2065 δὲ
163 2037 271 2069 λίϐανος
288 2037 360 2064 κατά
373 2045 433 2062 τινα
452 2036 530 2070 λόγον
545 2036 695 2070 ἀφιέρωται
712 2037 744 2071 τῇ
759 2035 805 2061 τοῦ
820 2035 887 2061 Θεοῦ

90 2085 170 2120 τιμῇ.
196 2084 226 2110 '0
242 2083 329 2110 τοίνυν
356 2082 451 2109 ἑαυτὸν
474 2082 578 2118 μέλλων
600 2081 756 2108 ἀνατιθέναι
777 2083 811 2117 τῇ
841 2081 886 2107 τοῦ

91 2131 160 2158 Θεοῦ
178 2130 322 2167 θεραπείᾳ,
335 2130 385 2157 οὐκ
401 2129 488 2161 ἄλλως
501 2129 576 2156 ἔσται
591 2128 698 2160 λίϐανος
715 2128 753 2163 τῷ
764 2127 823 2162 Θεῷ
841 2127 888 2154 θυ-

92 2175 240 2211 μιώμενος,
254 2176 278 2202 εί
292 2175 329 2211 μὴ
344 2175 476 2211 πρότερον
488 2174 596 2210 σμύρνα
606 2174 722 2208 γένοιτο,
736 2174 885 2206 τουτέστιν,

90 2222 115 2247 εί
133 2221 170 2257 μὴ
188 2220 221 2247 τὰ
240 2220 287 2246 ἐπὶ
303 2221 353 2256 τῆς
372 2219 425 2255 γῆς
442 2219 524 2246 αὑτοῦ
545 2218 613 2254 μέλη
631 2218 804 2254 νεκρώσειεν,
823 2226 887 2244 συν-
903 2212 925 2239 ι)

89 2267 186 2300 ταφεὶς
200 2265 239 2302 τῷ
258 2265 337 2301 ἡμῶν
357 2265 550 2300 ἀναδεξαμένῳ
573 2264 618 2291 τὸν
638 2263 762 2295 θάνατον,
776 2264 823 2290 καὶ
838 2263 887 2299 τὴν

91 2311 216 2346 σμύρναν
236 2311 343 2348 ἐκείνην
358 2311 406 2347 τὴν
426 2311 455 2338 ὲν
470 2310 509 2346 τῷ
530 2309 706 2345 ἐνταφιασμῴ
722 2309 768 2337 τοῦ
785 2310 887 2345 Κυρίου

90 2357 328 2392 παραληφθεῖσαν,
346 2359 378 2394 τῇ
398 2358 479 2393 σαρκὶ
498 2359 530 2393 τῇ
549 2357 602 2394 ἰδίᾳ
621 2357 665 2383 διὰ
688 2356 735 2383 τοῦ
752 2356 887 2393 νεκρῶσαι

89 2403 127 2430 τὰ
147 2403 215 2438 μέλη
240 2404 469 2439 καταδεξάμενος·
493 2401 530 2431 ὧν
553 2403 716 2438 γενομένων,
742 2404 796 2430 πᾶν
819 2401 888 2435 εἶδος

89 2449 148 2475 τῶν
165 2449 224 2475 κατ’
242 2449 340 2484 ἀρετὴν
363 2449 517 2484 ἀρωμάτων
536 2450 564 2475 ἐν
587 2448 626 2484 τῷ
643 2447 736 2483 κύκλῳ
750 2447 796 2474 τοῦ
818 2447 886 2482 βίου,

91 2493 219 2530 καθάπερ
245 2494 273 2519 ἐν
303 2493 365 2528 Ουΐᾳ
390 2494 443 2520 τινὶ
467 2493 734 2528 λεπτοποιηοέντων,
753 2492 799 2518 τὸν
823 2492 887 2527 ἡδὺν

89 2540 196 2565 ἐκεῖνον
230 2539 366 2574 κονιορτὸν
397 2539 596 2574 ἀπεργάζεται,
621 2539 651 2565 ὃν
678 2538 768 2565 λαϐὼν
792 2538 821 2564 ὲν
848 2537 888 2572 τῷ

90 2585 223 2620 ἄσθματι,
247 2583 361 2616 εὔπνους
380 2584 493 2618 γίνεται,
513 2585 560 2611 τοῦ
584 2584 788 2620 μεμυρισμένον
807 2583 888 2610 πνεύ-

92 2639 180 2666 ματος
203 2630 308 2666 τίλήρης
332 2630 485 2665 γενόμενος.
512 2630 588 2657 Μετὰ
613 2630 661 2666 τὴν
684 2631 712 2658 ὲν
735 2630 774 2665 τῷ
796 2630 888 2656 κάλλει

91 2675 260 2711 μαρτυρίαν,
273 2676 298 2702 ot
314 2675 384 2710 φίλοι
400 2675 447 2702 τοῦ
462 2676 589 2710 νυμφίου,
605 2677 652 2702 καὶ
664 2677 889 2712 παρασκευασταὶ

87 2721 141 2749 τοῦ
160 2721 243 2755 ἁγνοῦ
260 2721 394 2756 Θαλάμου,
417 2722 465 2747 καὶ
484 2721 533 2756 τῆς
554 2720 678 2756 καθαρᾶς
693 2721 802 2757 νύμφης
822 2730 888 2756 προ-

91 2768 256 2805 μνήστορες,
273 2767 493 2800 ὑποδεικνύουσιν
516 2768 584 2803 αὐτῇ
608 2768 657 2802 τῆς
675 2767 814 2803 βασιλικῆς
830 2768 888 2795 κλί-

606 147 640 174 IN
653 146 802 175 CANTICA
822 147 957 177 CANTIC.
979 150 1122 180 HORIILIA
1140 154 1185 182 VI.

1680 155 1733 183 898

946 209 970 236 id
985 211 1057 244 quod
1073 211 1175 238 dicitur
1189 212 1259 246 ejus,
1276 212 1310 239 de
1323 220 1374 248 qua
1394 213 1478 240 latum
1496 212 1548 240 fuit
1571 211 1604 239 de
1616 212 1660 240 his
1676 216 1732 241 tes-

945 256 1100 284 timonium.
1137 258 1204 285 Nam
1229 263 1255 285 et
1278 259 1351 293 quod
1369 268 1398 287 se
1413 260 1528 287 invicem
1560 259 1732 294 interrogant

941 300 974 328 de
989 309 1019 328 ea
1037 310 1098 337 qua:
1111 304 1248 338 apparuit,
1267 309 1395 340 tanquam
1413 307 1439 332 in
1457 306 1509 332 alia
1525 313 1586 340 qum
1609 305 1732 334 ostendi-

940 351 986 374 tur
999 347 1097 381 forma,
1111 353 1138 376 et
1156 357 1211 376 non
1232 351 1259 377 in
1274 358 1304 378 ea
1321 359 1382 386 qua:
1400 352 1476 386 prius
1495 356 1564 384 erat,
1586 356 1628 379 est
1646 359 1732 380 enco-

942 395 1027 420 mium
1056 395 1127 429 ejus,
1152 403 1213 430 qua:
1239 403 1270 423 ex
1292 396 1418 431 profectu
1438 397 1465 424 in
1492 395 1590 422 virtute
1601 393 1727 425 eliieilur,

941 439 1185 472 perfectissimum,
1199 445 1305 469 testans
1316 450 1441 478 magnam
1455 442 1514 477 ejus
1528 449 1589 468 esse
1599 440 1728 469 diﬂ'cren-

940 485 1004 511 tiam
1021 490 1048 512 et
1064 487 1243 515 mutationem
1256 488 1282 514 in
1292 496 1324 515 eo
1334 488 1408 523 quod
1422 493 1464 515 est
1478 487 1585 514 melius.
1598 486 1643 513 Est
1657 486 1730 514 enim

939 539 992 558 vox
1007 533 1176 567 stupenlium
1195 538 1222 566 et
1242 535 1431 568 perculsorum
1450 533 1642 565 admiratione,
1658 532 1731 566 quod

939 583 1037 611 prmter
1056 576 1166 604 solitum
1177 576 1262 604 forma
1275 579 1379 607 ﬂoreat.
1391 585 1486 615 nempe
1494 579 1730 612 Quemadmodum

937 630 969 651 ea
977 631 1037 658 quae
1047 624 1170 652 ascendit
1179 632 1211 651 ex
1221 624 1409 656 deserto,cum
1419 624 1497 659 prius
1505 625 1584 652 nobis
1592 625 1732 652 videretur

937 669 1025 705 nigra,
1034 670 1207 697 tenebrosam
1217 669 1332 697 formam
1345 670 1475 697 abluerit?
1493 670 1728 705 quemadmodum

937 716 961 743 ei
980 716 1057 743 nivea
1078 715 1193 751 refulget
1215 715 1412 752 pulchritudo?
1429 715 1499 743 Num
1525 717 1676 748 desertum,
1699 719 1730 743 ut

936 761 1055 791 videtur.
1078 766 1119 789 est
1137 769 1219 789 causa
1237 762 1310 797 quod
1337 762 1395 797 ipsa
1421 763 1492 790 sicut
1513 763 1660 797 virgultum
1686 770 1730 789 as-

937 811 1032 841 surgat
1049 808 1076 834 in
1090 808 1184 839 altum,
1202 808 1288 842 ipsam
1305 808 1331 834 in
1347 816 1407 835 eam
1421 813 1531 836 mutans
1547 808 1730 843 pulchritudi—

938 851 1088 881 nom?Non
1104 854 1176 881 enim
1198 861 1265 882 casu
1286 853 1410 885 fortuito.
1436 862 1524 890 neque
1540 855 1631 889 aliqua
1658 859 1732 881 sorte

938 900 998 927 sine
1011 899 1116 926 delectu
1133 899 1222 927 factus
1240 904 1282 927 est
1299 900 1343 927 hic
1361 901 1387 927 in
1409 900 1492 926 altum
1511 908 1643 927 ascensus
1658 907 1666 926 :
1684 899 1731 927 sed

936 953 968 972 ex
987 946 1045 972 suis
1062 945 1201 973 laboribus
1219 954 1267 981 per
1292 947 1490 974 continentiam
1512 950 1539 972 et
1560 945 1731 980 diligentiam

937 992 1084 1026 acquisivit
1097 992 1339 1027 pulchritudinem.
1355 993 1392 1019 ita
1405 992 1487 1019 etiam
1504 992 1651 1026 aliquando
1664 989 1731 1017 Pro-

936 1038 1024 1072 pheta:
1051 1039 1141 1065 anima
1166 1038 1217 1065 fuit
1239 1039 1336 1066 sitiens
1357 1038 1480 1065 divinum
1507 1037 1630 1068 fontem,
1656 1040 1732 1071 post-

937 1093 1018 1119 quam
1037 1092 1102 1112 caro
1116 1093 1176 1120 qua:
1190 1085 1214 1112 ei
1230 1089 1355 1112 evaserat
1368 1084 1490 1116 deserta,
1507 1085 1612 1111 nullum
1627 1083 1732 1110 habens

937 1130 1053 1162 aditum,
1064 1126 1201 1165 aridaque
1215 1135 1241 1158 ct
1253 1131 1398 1165 inaquosa,
1414 1131 1534 1157 divinam
1549 1130 1575 1156 in
1591 1137 1620 1157 se
1637 1137 1733 1157 susce—

937 1177 975 1212 pit
997 1177 1081 1203 sitim.
1096 1176 1174 1209 Quod
1192 1185 1222 1203 ea
1240 1184 1306 1211 ergo
1324 1176 1448 1203 ascendit
1467 1176 1493 1202 in
1512 1176 1664 1208 desertum,
1680 1176 1732 1202 hoc

937 1223 1064 1259 perhibet
1079 1222 1280 1254 testimonium,
1298 1222 1370 1257 quod
1391 1229 1438 1256 per
1455 1222 1620 1248 industriam
1643 1227 1733 1250 atten-

937 1270 1093 1303 tioncmque
1118 1272 1145 1295 et
1171 1268 1370 1295 eoatinentiam
1395 1267 1422 1294 in
1452 1268 1536 1294 altum
1563 1268 1731 1299 ascenderit,

937 1316 1006 1342 adeo
1031 1319 1060 1341 ut
1085 1319 1111 1341 et
1136 1315 1232 1342 amicis
1250 1314 1343 1348 sponsi
1367 1313 1393 1341 id
1419 1314 1455 1341 sit
1481 1313 1667 1346 admirationi,
1685 1315 1733 1350 qui

938 1361 1031 1388 multis
1061 1361 1193 1394 exemplis
1225 1360 1285 1395 ejus
1309 1359 1448 1394 evplicant
1475 1359 1732 1394 pulchritudinem,

940 1406 1164 1442 quandoquidem
1184 1414 1238 1433 uno
1254 1414 1308 1432 non
1331 1411 1437 1440 poterat
1456 1406 1584 1433 universa
1607 1414 1733 1441 compre-

937 1453 1031 1481 hendi.
1056 1453 1123 1480 Nam
1140 1453 1259 1487 primum
1286 1453 1395 1487 quidem
1423 1453 1585 1480 caudicibus
1610 1457 1655 1479 aut
1678 1452 1733 1480 vir-

937 1500 1020 1535 gultis
1044 1500 1198 1532 assimilant
1224 1499 1285 1533 ejus
1317 1499 1570 1533 pulchritudinem,
1605 1506 1656 1525 nec
1684 1498 1732 1526 uni

939 1546 1027 1574 solum
1042 1554 1073 1573 ex
1093 1545 1157 1576 illis,
1173 1545 1219 1572 sed
1239 1549 1265 1571 et
1288 1545 1418 1571 arborum
1434 1552 1544 1579 quoque
1561 1543 1732 1570 multitudini

939 1595 1116 1627 c0mparatur
1140 1591 1201 1625 ejus
1227 1590 1403 1626 pulchritudo
1431 1590 1611 1620 admirabilis.
1638 1594 1666 1616 ut
1691 1589 1735 1617 dc-

939 1640 1089 1674 scriptione
1112 1639 1235 1666 nemoris
1262 1638 1424 1666 ostendatur
1449 1637 1580 1664 virtutum
1602 1637 1731 1665 varietas.

940 1683 1042 1711 Deinde
1060 1683 1151 1711 fumus
1165 1691 1198 1710 ex
1216 1683 1351 1711 sullitibus
1364 1682 1517 1710 assumitur
1535 1682 1567 1710 ad
1587 1682 1733 1717 imaginem

940 1729 1157 1764 pulchritudinis
1174 1738 1179 1755 :
1199 1737 1288 1763 neque
1315 1728 1359 1754 hic
1377 1727 1504 1762 simplex,
1529 1727 1576 1754 sed
1596 1727 1733 1754 sumtibus

939 1776 1057 1811 myrrha:
1074 1779 1100 1802 ct
1116 1775 1204 1802 thuris
1220 1774 1302 1801 simul
1318 1773 1487 1804 commistis,
1509 1777 1539 1799 ut
1558 1780 1591 1799 ex
1606 1772 1733 1807 utrisque

939 1830 994 1850 una
1013 1822 1049 1849 sit
1065 1822 1176 1856 vaporis
1190 1820 1290 1856 gratia.
1308 1827 1356 1855 per
1369 1827 1429 1854 qua:
1445 1826 1554 1853 sponsa:
1565 1818 1734 1846 describitur

939 1869 1126 1905 pulchritudo.
1145 1868 1205 1894 Alia
1218 1868 1279 1894 laus
1300 1871 1342 1895 est
1365 1866 1461 1893 mixtio
1480 1869 1643 1892 aromatum.
1661 1865 1734 1900 Myr-

940 1913 989 1939 rha
1007 1917 1050 1939 est
1065 1916 1128 1947 apta
1143 1911 1175 1938 ad
1192 1919 1338 1947 corporum
1354 1911 1523 1942 sepulturam
1540 1920 1546 1937 :
1563 1910 1627 1937 thus
1642 1915 1732 1937 autem

939 1965 981 1988 est
996 1959 1114 1995 quadam
1137 1959 1244 1987 ratione
1261 1962 1455 1986 consecratum
1479 1957 1577 1984 honori
1600 1956 1658 1984 Dei.
1680 1956 1733 1989 Qui

939 2014 968 2034 se
984 2006 1041 2032 vult
1056 2013 1122 2040 ergo
1136 2004 1184 2032 Dei
1213 2004 1341 2032 dedicare
1357 2003 1455 2035 cultui,
1477 2011 1532 2030 non
1557 2002 1609 2029 erit
1629 2002 1731 2030 bonum

938 2053 1004 2080 thus
1029 2052 1084 2079 Deo
1105 2056 1310 2081 consecratum.
1334 2049 1388 2078 nisi
1410 2049 1487 2084 prius
1505 2048 1588 2076 l‘ucrit
1608 2048 1731 2084 myrrha,

939 2098 990 2126 hoc
1005 2101 1057 2131 est,
1075 2097 1130 2125 nisi
1153 2096 1361 2124 mortificaverit
1379 2095 1501 2123 membra
1522 2102 1582 2129 qua,
1600 2098 1664 2121 sunt
1686 2101 1735 2121 su-

939 2151 988 2180 pra
1012 2149 1125 2176 terram,
1153 2143 1334 2178 consepultus
1357 2149 1419 2169 cum
1445 2148 1477 2168 eo
1502 2140 1550 2174 qui
1577 2147 1626 2174 pro
1652 2139 1733 2166 nobis

939 2194 1056 2219 mortem
1075 2189 1208 2224 suscepit,
1224 2191 1251 2216 et
1266 2188 1405 2223 myrrham
1423 2186 1495 2212 illam
1515 2193 1575 2220 qua:
1590 2189 1732 2220 assumpta

940 2239 982 2263 est.
1005 2235 1038 2261 ad
1063 2233 1170 2260 Domini
1199 2232 1380 2266 sepulturam,
1408 2230 1436 2256 in
1460 2229 1570 2264 propria
1593 2235 1676 2255 carne
1698 2228 1733 2256 ad

941 2279 1132 2308 mortilicanda
1144 2286 1193 2307 sua
1208 2278 1330 2305 membra
1345 2276 1493 2312 acceperit.
1505 2275 1572 2308 Qua:
1584 2282 1646 2302 cum
1661 2275 1732 2302 facta

943 2329 1056 2361 fuerint,
1071 2335 1152 2354 onme
1173 2333 1259 2361 genus
1276 2328 1429 2352 aromatum
1445 2333 1477 2351 ex
1495 2324 1608 2355 virtute,
1625 2322 1651 2350 in
1671 2323 1733 2350 vitae

942 2373 1057 2406 circulo,
1086 2378 1217 2407 tanquam
1242 2371 1269 2398 in
1293 2370 1386 2406 aliquo
1403 2369 1537 2397 mortario
1564 2369 1592 2396 in
1617 2367 1733 2396 subtiles

943 2423 1034 2455 partes
1049 2418 1293 2450 comminutorum,
1311 2424 1421 2443 suavem
1445 2416 1520 2442 illum
1543 2415 1625 2442 ellicit
1640 2415 1734 2450 pulve-

941 2473 1009 2495 rem.
1030 2472 1110 2499 quem
1134 2463 1181 2498 qui
1204 2463 1308 2498 accepit
1324 2462 1351 2490 in
1372 2462 1505 2493 anhelitu,
1531 2461 1634 2489 odorus
1650 2460 1734 2488 elﬁci-

941 2515 996 2543 tur,
1022 2510 1119 2545 plenus
1148 2509 1246 2544 spiritu
1277 2511 1417 2544 unguenta
1443 2507 1590 2535 redolenti.
1611 2506 1677 2534 Post
1699 2506 1733 2533 de

941 2555 1149 2591 pulchritudine
1172 2556 1259 2582 latum
1283 2555 1484 2584 testimonium.
1513 2554 1594 2580 amici
1625 2552 1732 2588 sponsi,

940 2605 968 2628 et
998 2600 1044 2635 qui
1074 2603 1173 2635 parant
1202 2599 1352 2627 thalamum
1376 2599 1569 2634 impollutum,
1601 2602 1628 2625 et
1659 2605 1734 2633 purm

941 2654 1050 2680 sponsa:
1074 2645 1204 2680 pronubi,
1233 2645 1381 2672 ostendunt
1407 2644 1431 2671 ci
1461 2644 1561 2679 regalis
1587 2642 1648 2670 lecti
1672 2641 1734 2674 pul-

941 2690 1138 2722 chritudinem,
1164 2694 1194 2717 ut
1219 2697 1348 2724 sponsam
1372 2689 1468 2724 majori
1488 2687 1639 2716 accendant
1659 2685 1734 2713 desi-

941 2736 1018 2763 derio
1034 2735 1134 2763 divina:
1158 2741 1184 2763 et
1206 2735 1388 2762 immaculata:
1411 2743 1474 2762 cum
1489 2742 1521 2761 co
1537 2734 1597 2760 vita:
1615 2738 1732 2759 consuev

941 2781 1056 2809 tudinis.

90 2836 144 2864 νης
157 2827 187 2854 τὸ
201 2827 309 2859 κάλλος,
325 2827 362 2858 ὡς
378 2826 411 2854 ἂν
430 2825 530 2862 μᾶλλον
549 2826 577 2858 ἐς
592 2825 739 2860 ἐπιθυμίαν
756 2825 806 2860 τὴν
824 2825 936 2862 νύμφην
946 2829 1075 2863 ἀγάγοιεν
1099 2829 1148 2864 τῆς
1165 2829 1240 2860 Θείας
1267 2836 1296 2854 τε
1319 2827 1364 2854 καὶ
1387 2826 1521 2861 ἀχράντου
1557 2823 1616 2860 μετ’
1650 2821 1729 2848 αὐτοῦ

92 2871 282 2908 συμϐιώσεως.
