1984 3068
134 138 181 168 901

662 134 693 162 IN
713 133 861 162 CANTKZA
879 131 1014 160 (ΣΑΝΤΙΟ.
1038 132 1180 160 llOlllLlA
1203 133 1244 161 Vi.

1706 137 1758 166 903

169 193 230 222 ’Ότι
248 193 301 229 γὰρ
312 193 470 228 ἀναιρετικὴ
484 192 537 220 τῶν
551 193 680 228 ῥυπαρῶν
695 192 796 228 ἡδονῶν
813 193 886 217 ἐστιν
903 201 907 215 τ

1006 191 1083 224 Quod
1103 192 1174 219 enim
1193 185 1326 220 obscena‘s
1339 194 1490 228 voluptates
1503 195 1591 222 deleat
1602 203 1633 222 ac
1645 201 1758 230 perimat

133 243 185 270 τῶν
209 242 466 277 περιστοιχισμένων
488 241 538 277 τὴν
557 241 649 276 κλίνην
666 240 818 273 samum,
841 239 919 274 δῆλον

133 287 165 314 ἂν
185 287 288 321 γένοιτο
302 289 346 314 διὰ
363 288 411 322 τῆς
431 286 592 322 ὑπογραφῆς
613 286 660 313 τοῦ
675 286 766 320 λόγου,
783 286 811 316 ὃς
827 294 918 320 φησιν,

131 333 170 360 ὅτι
183 332 299 366 Πάντες
312 333 514 367 δεδιδαγμένοι
539 332 681 365 πόλεμον.
695 331 773 365 ἀνὴρ
788 331 919 365 ῥομφαία

131 379 221 406 αὐτοῦ
236 380 284 406 ἐπὶ
302 380 356 406 τὸν
368 379 466 414 μηρὸν
479 378 583 406 αὑτοῦ.
606 377 724 412 Ἀληθῶς
742 377 797 413 γὰρ
811 377 919 404 εἰδότων

131 426 211 457 ἐστὶν,
227 427 300 458 ὅπως
324 424 580 462 ἁντιστρατεύιισθαι
598 424 650 459 χρὴ
666 425 699 459 τῇ
719 423 800 459 σαρκί
822 431 850 449 τε
872 424 919 450 καὶ

129 471 166 506 τῷ
184 472 289 506 αἵματι,
310 473 339 498 ὲν
352 472 391 507 τῷ
404 472 453 507 τὴν
472 471 608 507 ῥομφαίαν
625 471 671 497 ἐπὶ
689 470 728 505 τῷ
754 469 832 505 μηρῴ
847 469 918 504 ἔχειν

129 517 349 552 ὲφηρμοσμένην.
365 517 430 544 Nos!
441 518 470 544 δὲ
485 517 592 547 πάντως
613 517 627 543 ὁ
644 516 698 542 τῶν
712 515 854 551 γραφικῶν
869 515 918 541 οὐκ

128 562 239 596 ἄπειρος
261 563 402 598 νοημάτων
426 563 472 589 καὶ
495 562 674 597 αἰνιγμάτων,
699 561 730 589 ἐκ
751 570 780 588 τε
802 561 852 595 τῆς
870 560 917 587 τοῦ

129 608 215 643 μηροῦ
233 609 342 644 μνήμης
355 609 386 635 τὺ
404 609 601 644 σημαινόμενον
614 629 621 638 ,
644 609 691 634 καὶ
711 609 750 634 ὅτι
768 608 888 643 ῥομφαία
904 608 917 634 ὁ

127 652 203 686 λόγος
226 653 308 681 ἐστίν.
331 654 360 680 '0
383 654 472 680 τοίνυν
497 654 526 680 τὸ
547 652 660 688 φοϐερὸν
682 653 773 684 ὁπλον,
795 653 866 686 λέγω
888 655 910 681 δ⁵

125 698 172 734 τὴν
191 699 240 733 τῆς
263 699 438 734 σωφροσύνης
457 699 603 735 ῥομφαίαν,
628 699 822 732 διεζωσμένος”
841 695 917 726 οὖτότ

125 745 196 770 ἔστιν
211 746 225 772 ὁ
237 746 269 780 τῇ
281 745 410 780 ἀφθάρτῳ
426 745 502 780 κλίνῃ
519 745 660 780 ἐράσμιος,
674 742 714 776 εἷς
728 745 782 771 τῶν
798 743 916 771 δυνατῶν

130 789 245 824 Ἰσραὴλ,
261 790 307 817 καὶ
327 785 373 817 τοῧ
388 790 537 824 καταλόγου
553 790 607 816 τῶν
622 790 753 825 ἐξήκοντα
767 789 849 822 ἄξιος.
864 790 916 817 Τὸν

122 837 149 863 δὲ
164 837 277 873 ἀριθμὸν
296 837 389 864 τοῦτον
402 837 472 872 ἔχειν
486 838 536 873 μέν
551 846 612 865 τινα
624 838 751 872 μυστικὸν
765 838 852 872 λόγον,
864 838 913 865 οὐκ

123 882 341 918 ὰμᾳιὸάλλομεψ
359 883 426 909 ἀλλὰ
444 883 532 918 μόνοις
555 883 669 914 ἐκείνοις
682 883 769 918 δῆλον,
789 882 830 915 οἷς
846 884 912 910 ἀπο-

122 927 252 953 καλύπτει.
265 928 299 954 τὰ
313 928 491 964 κεκρυμμένα
507 929 644 964 μυστήρια
662 929 678 964 ἡ
694 929 740 955 τοῦ
757 929 913 964 Πνεύματος

121 972 209 1007 χάρις.
234 973 328 1008 Ἡμεῖς
346 974 373 999 δὲ
392 974 481 1004 καλῶς
499 974 570 1009 ἔχειν
584 975 673 1009 φαμὲν
691 974 746 1001 τῶν
761 975 912 1010 προχείρων

119 1018 166 1044 τοῦ
187 1019 265 1052 λόγου
287 1020 431 1054 νοημάτων
451 1019 664 1055 ἐμφορηθέντας,
692 1019 782 1051 καθὼς
803 1021 848 1046 ἐπὶ
874 1020 911 1055 τῷ

121 1063 215 1098 Πάσχα
232 1063 372 1099 νομοθετεῖ
388 1065 517 1099 Μωῦσῆς,
534 1065 588 1090 τῶν
605 1065 830 1100 προφαινομένων
847 1074 912 1100 σαρ-

119 1108 175 1135 κῶν
197 1108 379 1144 ἐμφαγόντας,
396 1109 674 1145 ἀπολυπραγμόνητον
700 1111 778 1136 ἐάσαι
799 1111 830 1137 τὸ
854 1112 911 1143 τοῖς

117 1156 221 1187 ὀστέοις
235 1156 284 1191 τῆς
297 1157 430 1191 ἀσαφείας
447 1157 677 1192 ἐγκεκρυμμένον.
695 1157 726 1183 Εἰ
740 1157 768 1184 δέ
783 1157 824 1188 τίς
838 1158 910 1184 ἐστιν

118 1201 287 1237 ἐπιθυμητὴς
301 1201 354 1228 τῶν
370 1203 492 1237 κρυφίων
505 1202 610 1237 μυελῶν
625 1203 670 1229 τοῦ
688 1203 778 1236 λόγου,
796 1203 910 1238 ζητείτω

117 1248 192 1283 παρὰ
210 1247 256 1274 τοῦ
277 1248 310 1274 τὰ
333 1249 510 1283 κεκρυμμένα
527 1249 582 1279 τοῖς
604 1247 688 1280 ἀξίοις
705 1249 910 1275 ἀποκαλύπτον-

116 1301 171 1324 τος.
189 1293 232 1325 Ὧς
243 1293 264 1320 δ’
279 1293 312 1320 ἂν
330 1294 366 1328 μὴ
381 1294 524 1328 δοκοίημεν
540 1293 712 1327 ἀγύμναστον
727 1294 909 1329 παρατρέχειν

116 1339 161 1366 τὸν
175 1339 262 1373 λόγον,
283 1339 350 1375 μηδὲ
363 1339 565 1374 καταρᾳθυμεῖν
581 1339 626 1366 τοῦ
643 1339 716 1365 θείου
733 1339 909 1374 προστάγμα-

116 1394 170 1417 τος,
188 1385 234 1412 τοῦ
251 1387 364 1421 ὲρευνᾷν
385 1385 434 1416 τὰς
455 1385 530 1416 Θείας
548 1384 769 1419 διακελευομένου
787 1385 906 1418 Γοαφὰς,

115 1432 213 1458 οὑτωσὶ
236 1432 280 1458 τδν
299 1432 362 1467 περὶ
380 1431 411 1457 τὸ
432 1431 561 1466 ἐξήκοντα
577 1430 803 1465 διασκοπήσωμεν
818 1429 907 1463 λόγον·
924 1434 927 1438 “

115 1477 223 1504 Δώδεκα
238 1477 330 1513 ῥάϐδοι
344 1477 403 1504 κατ’
419 1477 533 1512 ἀριθμὸν
549 1476 603 1503 τῶν
617 1476 707 1510 φυλῶν
720 1475 766 1502 τοῦ
788 1474 904 1511 Ἰσραὴλ,

970 244 1064 264 eorum
1085 238 1131 272 qui
1151 238 1248 265 lectum
1265 239 1388 266 ambiunt
1405 246 1542 267 armatura
1555 261 1561 272 ,
1582 243 1756 276 perspicuum

971 283 1052 310 fuerit
1070 292 1103 310 ex
1122 283 1181 318 ejus
1201 283 1274 318 quod
1293 289 1334 312 est
1354 285 1380 311 in
1401 291 1529 313 contextu
1549 287 1731 321 descriptione
1748 297 1755 314 ε

969 330 1014 364 qui
1033 330 1068 356 ita
1083 329 1183 361 habet,
1204 330 1300 360 Omnes
1315 331 1392 364 periti
1415 340 1509 366 pugnae
1522 352 1528 363 ,
1552 333 1757 369 uniuscujusque

968 375 1038 401 ensis
1054 383 1135 409 supra
1149 375 1233 409 feumr
1245 383 1331 402 suum.
1347 376 1452 404 Revera
1468 378 1540 404 enim
1556 383 1583 404 ut
1598 379 1697 406 bellum
1709 386 1757 414 ge.

970 424 1048 447 ratur
1067 421 1199 448 adversus
1219 421 1392 457 voluptates,
1412 427 1520 457 oportet
1544 424 1619 451 carni
1640 429 1666 452 et
1686 431 1755 453 san-

969 467 1045 500 guini
1054 487 1061 498 ,
1073 470 1202 502 tanquam
1217 467 1312 495 femori
1324 490 1330 500 ,
1342 477 1435 496 ensem
1449 469 1548 497 habere
1560 469 1753 497 accommoda-

969 516 1035 540 tum.
1056 513 1173 541 Omnino
1185 518 1275 542 autem
1287 514 1413 550 intelligit
1425 515 1448 543 is
1461 515 1507 550 qui
1523 509 1670 551 Scriptum
1686 516 1754 544 aani-

968 562 1088 593 gmatum
1109 567 1163 586 non
1180 565 1222 587 est
1243 560 1371 596 ignarus.
1388 570 1420 589 ex
1438 562 1575 590 mentione
1593 561 1705 590 femoris
1725 562 1754 592 id

967 603 1040 638 quod
1055 605 1235 640 significatur,
1250 611 1277 634 et
1291 607 1364 642 quod
1379 608 1485 643 gladius
1501 612 1544 636 est
1562 609 1683 636 verbum.
1701 608 1752 642 Qui

967 657 1031 684 ergo
1050 649 1101 677 fert
1118 658 1193 678 arma
1205 672 1213 685 ,
1232 652 1293 679 dico
1314 657 1406 680 autem
1426 655 1614 689 temperantia
1630 654 1752 689 gladium

967 696 1120 722 accinctum
1132 716 1138 727 .
1154 697 1177 724 is
1192 701 1233 724 est
1246 697 1371 726 amabilis
1388 699 1458 726 lecto
1474 699 1501 726 in
1514 707 1594 734 quem
1611 707 1666 726 non
1680 700 1754 728 cadit

967 743 1108 776 corruptio
1123 746 1150 769 et
1165 743 1304 775 interitus,
1321 752 1393 772 unus
1408 752 1440 772 ex
1459 745 1578 773 fortibus
1600 745 1682 773 Israel
1693 766 1700 778 .
1724 750 1752 774 et

967 785 1066 821 dignus
1077 788 1122 822 qui
1137 787 1271 815 referatur
1284 788 1310 815 in
1326 790 1481 824 catalogum
1500 791 1654 826 sexaginta.
1673 790 1752 818 llunc

967 837 1057 860 autem
1073 841 1216 860 numerum
1234 835 1352 870 aliquam
1374 836 1516 870 mysticam
1537 837 1638 864 habere
1668 838 1753 865 ratio-

964 887 1025 906 nem
1039 888 1092 906 non
1107 880 1202 907 dubito
1217 889 1222 906 :
1240 881 1286 907 sed
1302 881 1329 907 id
1347 881 1380 908 iis
1393 883 1480 908 solum
1496 886 1539 910 est
1555 883 1730 910 manifestum
1742 904 1750 915 ,

963 926 1062 960 quibus
1075 927 1180 953 occulta
1195 927 1296 954 revelat
1309 927 1438 962 mysteria
1450 929 1536 963 gratia
1553 929 1682 963 Spiritus.
1697 929 1751 957 Nos

963 977 1052 999 autem
1071 977 1144 1000 recte
1160 973 1261 1000 habere
1279 977 1423 1008 putamus,
1442 974 1465 1000 si
1482 981 1543 1001 cum
1560 974 1593 1002 iis
1610 982 1670 1009 quae
1686 980 1751 1002 sunt

962 1019 990 1046 in
1010 1023 1135 1053 promptu
1153 1019 1227 1045 verbi
1249 1019 1393 1046 sententiis
1413 1027 1462 1046 nos
1481 1019 1583 1046 affatim
1600 1021 1751 1054 expleveri-

962 1073 1032 1095 mus.
1047 1065 1117 1091 sicut
1129 1065 1156 1090 in
1170 1064 1301 1092 Pascliate
1314 1065 1435 1100 praecipit
1447 1064 1563 1100 Moyses,
1575 1073 1607 1093 ex
1619 1066 1749 1094 carnibus

960 1118 992 1138 ea
1007 1118 1067 1145 qua:
1091 1115 1221 1145 apparent
1244 1110 1460 1142 comederimus.
1483 1111 1672 1144 dimittamus.
1700 1121 1750 1142 nec

961 1156 1068 1183 curiose
1081 1161 1234 1183 scrutemur
1249 1155 1275 1182 id
1289 1156 1360 1190 quod
1378 1156 1431 1183 sub
1445 1157 1555 1184 ossibus
1568 1157 1634 1185 latet
1647 1158 1749 1186 obscu-

960 1202 1049 1229 ritatis
1068 1202 1100 1229 ”.
1128 1201 1156 1228 Si
1182 1202 1244 1236 quis
1263 1206 1352 1229 autem
1378 1202 1515 1230 desiderat
1532 1204 1655 1232 occultas
1673 1205 1748 1233 verbi

960 1247 1092 1274 medullas
1103 1267 1110 1279 ,
1127 1251 1230 1282 quierat
1244 1255 1276 1275 ex
1295 1255 1327 1274 eo
1340 1248 1385 1282 qui
1402 1248 1492 1283 dignis
1511 1249 1612 1276 revelat
1629 1250 1746 1277 Occulta.

959 1292 997 1319 Ne
1013 1296 1103 1319 tamen
1123 1292 1264 1320 videamur
1280 1293 1305 1320 id
1320 1292 1392 1328 quod
1414 1293 1516 1320 dicitur
1532 1295 1671 1329 praeterire
1692 1303 1747 1322 non

957 1345 1121 1368 excussum,
1137 1341 1164 1364 et
1177 1337 1298 1364 divinum
1318 1338 1454 1373 negligere
1473 1344 1636 1374 prieceptum
1647 1360 1654 1371 .
1674 1340 1746 1374 quod

957 1383 1064 1410 divinas
1079 1383 1157 1417 jubet
1170 1384 1287 1411 scrutari
1303 1383 1460 1419 Scripturas
1475 1385 1510 1416 ".
1533 1385 1568 1411 ita
1591 1386 1748 1414 considere-

957 1438 1018 1457 mus
1033 1429 1066 1457 de
1091 1438 1123 1457 eo
1146 1430 1219 1464 quod
1242 1430 1343 1457 dicitur
1366 1430 1399 1457 de
1423 1430 1578 1464 sexaginta:
1598 1431 1745 1459 Duodecim

956 1477 1055 1511 virgae,
1076 1483 1124 1510 pro
1142 1483 1254 1502 numero
1277 1476 1397 1503 tribuum
1424 1475 1524 1508 Israel,
1549 1484 1580 1504 ex
1610 1483 1746 1512 praecopto

115 1523 185 1549 κατὰ
199 1523 361 1558 πρόσταγμα
384 1521 454 1549 Οεῖον
480 1521 554 1556 παρὰ
577 1521 623 1548 τοῦ
643 1521 781 1553 Μωῦσέως
800 1521 904 1556 λαμϐά-

959 1521 1048 1549 divino
1061 1521 1231 1555 accipiuntur
1245 1529 1260 1547 a
1278 1520 1379 1556 Moyse,
1395 1521 1440 1548 sed
1457 1529 1511 1548 una
1527 1523 1653 1550 omnibus
1669 1526 1746 1550 ante-

113 1577 213 1600 νονται,
232 1569 299 1595 ἀλλὰ
315 1569 361 1603 μία
374 1569 427 1594 τῶν
441 1568 535 1594 πασῶν
552 1567 731 1603 προετιμήθη,
748 1567 815 1602 μόνη
832 1567 907 1602 παρὰ

113 1614 163 1645 τὰς
175 1614 256 1645 ἄλλοις
270 1614 453 1649 βλαπήσασα.
470 1614 552 1640 Πάλιν
569 1613 644 1648 παρὰ
658 1612 705 1638 τοῦ
718 1612 795 1647 Ναυὴ
808 1611 905 1646 Ἰησοῦ,

115 1660 253 1695 ισάριθμοι
268 1662 329 1692 ταῖς
342 1660 440 1693 φυλαῖς
456 1659 502 1686 τοῦ
525 1659 631 1694 Ἰσραὴλ
646 1659 713 1685 λίθοι
729 1659 760 1684 ὲκ
778 1658 825 1684 τοῦ
842 1659 907 1693 Ἰορ-

112 1704 191 1731 δάνου
206 1705 399 1739 λαμῆάνονται,
414 1703 451 1732 ὧν
471 1704 530 1730 οὐδὲ
556 1701 596 1735 εἷς
619 1703 770 1737 ἀπόὸλητος
791 1703 904 1736 γίνεται,

112 1750 222 1777 πάντων
237 1750 376 1785 ὁμοτίμως
391 1750 431 1780 είς
448 1749 600 1784 μαρτυρίαν
615 1748 662 1774 τοῦ
682 1748 752 1774 κατὰ
773 1748 818 1774 τὸν
839 1747 903 1784 Ἰορ-

111 1795 201 1830 δάνην,
211 1795 358 1830 μυστηρίου
371 1794 615 1829 παραληφθέντων.

148 1840 203 1866 Καὶ
218 1839 284 1865 πολὺ
300 1839 330 1865 τὸ
345 1838 488 1865 ἀκόλουθον
501 1839 530 1864 ἐν
544 1839 600 1869 τοῖς
621 1838 818 1873 ἱστορουμένοις
836 1838 903 1866 ἐστί.

112 1885 256 1919 Προκοπὴν
277 1885 331 1919 γάρ
351 1893 411 1910 τινα
426 1883 472 1910 τοῦ
492 1883 554 1909 λαοῦ
576 1883 645 1918 πρὸς
663 1883 692 1909 τὸ
711 1883 874 1919 τελειότερον
890 1885 905 1911 ὁ

111 1930 189 1964 λόγος
205 1930 381 1959 ἐνδείκνυται,
392 1929 429 1960 ὡς
446 1930 474 1955 ὲν
489 1929 585 1963 ἀρχαῖς
607 1929 655 1964 μὲν
672 1929 720 1963 τῆς
735 1930 901 1964 νομοθεσίας.

113 1976 179 2011 μίαν
197 1976 340 2011 εὑρεθῆναι
356 1975 451 2010 ῥάϐδον
469 1974 559 2006 ζῶσάν
572 1983 602 2000 τε
624 1974 670 2001 καὶ
684 1974 883 2009 βλαστάνουσαν
894 1983 902 1991 '

111 2023 160 2054 τὰς
171 2022 198 2048 δὲ
213 2021 309 2053 λοιπὰς
325 2022 361 2052 ὡς
377 2020 461 2056 ξηρᾶς
480 2029 508 2046 τε
523 2019 605 2051 οὔσας
622 2021 667 2046 καὶ
681 2021 822 2055 ἀκάρπους
837 2021 903 2047 ἀπο.

111 2069 250 2104 ϐληθῆναι.
271 2067 392 2098 Πλείονος
408 2067 435 2093 δὲ
454 2066 641 2101 διαγεγονότος
659 2067 766 2101 χρόνου,
785 2065 832 2093 καὶ
847 2066 902 2093 τῶν

109 2114 230 2150 νομικῶν
241 2114 331 2144 αὐτοῖς
341 2112 576 2147 παραγγελμάτων
587 2112 615 2138 ἐν
625 2111 806 2147 ἀκριϐεστέρα
819 2120 902 2138 κατα-

108 2163 201 2196 νοήσει
216 2161 415 2196 γεγενημένων,
431 2160 468 2192 ὡς
489 2159 536 2186 καὶ
559 2158 607 2192 τὴν
628 2160 660 2186 ἐκ
679 2159 804 2194 δευτέρου
823 2168 900 2195 περι-

106 2195 195 2242 τομὴν
211 2206 259 2242 τὴν
277 2205 350 2240 παρὰ
370 2205 417 2231 τοῦ
438 2203 524 2240 Ἰησοῦ
547 2204 637 2235 αὐτοῖς
658 2205 830 2240 ἐπαγομένην
853 2205 900 2231 καὶ
918 2195 938 2222 Ῑ)

107 2252 203 2287 νοῆσαι
226 2252 272 2278 καὶ
290 2251 426 2284 δέξασθαι,
443 2250 493 2285 τῆς
513 2249 642 2285 πετρίνης
662 2250 798 2285 μαχαίρας
820 2259 898 2286 περι-

107 2298 221 2333 ελούσης
240 2297 329 2324 αὐτῶν
343 2298 398 2324 πᾶν
412 2297 442 2323 τὺ
460 2295 612 2332 ἀκάθαρτον
622 2304 628 2311 ·
647 2297 702 2323 νοεῖ
717 2297 745 2323 δὲ
762 2297 870 2328 πάντως
885 2298 899 2324 ὁ

108 2343 243 2374 συνεστὼς
260 2343 397 2379 ἀκροατὴς
409 2342 458 2377 τῆς
473 2351 501 2369 τε
521 2342 624 2378 πέτρας
642 2342 749 2376 καὶτῆς
762 2343 899 2377 μαχαίρας

105 2391 139 2417 τὺ
155 2390 364 2424 σημαινόμενον·
380 2389 417 2419 ὡς
429 2388 502 2420 είκὺς
514 2385 548 2424 ἦν
562 2387 755 2423 βεϐαιωθείσης
768 2389 797 2415 ὲν
809 2389 898 2420 αὐτοῖς

106 2435 157 2470 τῆς
179 2434 293 2470 νομίμου
313 2443 343 2460 τε.
363 2435 409 2461 καὶ
429 2435 557 2469 ἐναρέτου
569 2433 652 2468 ζωῆς,
672 2433 773 2468 μηδένα
788 2434 842 2460 τῶν
860 2434 898 2460 λί-

107 2481 164 2508 θων
179 2480 232 2507 τῶν
248 2481 291 2506 ἐπ’
305 2480 416 2515 ὀνόματι
439 2480 493 2506 τῶν
510 2480 683 2516 Ἰσραηλιτῶν
701 2479 791 2514 φυλῶν
811 2489 898 2516 παρα-

106 2526 264 2562 ληφθέντων
279 2525 422 2560 εὑριϐῆναι
437 2526 597 2560 ἁπόόλητον,
619 2526 695 2552 Ἐπεὶ
716 2526 745 2552 δὲ
761 2526 814 2562 χρὴ
831 2527 898 2553 πάνυ

105 2579 169 2598 τοτε
193 2569 248 2596 τῶν
273 2569 382 2604 ἀγαθῶν
403 2570 452 2601 τὰς
479 2570 642 2606 ὲπαυξήσεις
668 2570 822 2606 ἐπιζητεῖν,
855 2573 900 2598 ὅτε

106 2615 243 2652 προῆλθεν
257 2617 271 2642 ὀ
286 2616 390 2650 χρόνος,
404 2615 451 2642 καὶ
464 2616 480 2650 ή
491 2615 603 2651 δύναμις
615 2615 661 2642 τοῦ
680 2617 787 2652 Ἰσραὴλ
800 2617 901 2651 μείζων

107 2661 227 2695 ἐγένετο.
243 2660 320 2688 Οὕτω
335 2661 388 2696 γάρ
408 2669 489 2696 φησιν
511 2662 539 2688 ὲν
557 2663 613 2692 τοῖς
628 2663 816 2697 προκειμένοις
836 2664 900 2698 ἡμῖν

108 2708 201 2743 ῥητοῖς
215 2708 230 2734 6
242 2707 329 2742 λόγος,
344 2707 384 2734 ὅτι
399 2707 453 2734 ἀπὸ
475 2707 590 2742 Ἰσραὴλ,
609 2707 669 2734 τότε
688 2708 778 2735 οὐκέτι
791 2706 831 2740 εἷς
845 2710 899 2736 ἀπὸ

107 2754 195 2789 φυλῆς
216 2753 289 2785 λίθος
309 2753 388 2788 ἢμία
406 2753 502 2788 ῥάὸδος
522 2752 704 2788 λαμδάνεται·
724 2753 791 2781 ἀλλὰ
818 2756 897 2782 πέντε

146 2838 166 2853 ¹⁵
195 2839 279 2866 Exod.
308 2846 358 2871 ιιι,
384 2839 410 2866 9.
450 2839 470 2854 ”
489 2838 585 2866 Joaun.
608 2847 633 2870 ν,
661 2839 706 2868 59.

958 1567 1010 1594 lata
1025 1571 1084 1598 est,
1098 1574 1159 1602 quae
1174 1566 1231 1594 sola
1243 1575 1298 1601 pra!
1313 1567 1420 1593 caateris
1432 1566 1577 1594 floruerat.
1587 1567 1694 1595 Rursus
1708 1569 1743 1596 ab

955 1613 1018 1640 JeSu
1033 1612 1106 1640 Nave
1118 1620 1196 1647 pares
1208 1620 1322 1639 numero
1339 1612 1467 1640 tribubus
1480 1612 1564 1639 lsrael
1582 1613 1685 1647 lapides
1699 1621 1745 1640 ac-

956 1658 1096 1692 cipiuntur
1108 1666 1138 1684 ex
1152 1656 1288 1689 Jordane.
1302 1665 1419 1692 quorum
1438 1659 1558 1684 omnium
1576 1658 1666 1685 nullus
1680 1659 1745 1693 rejic-

956 1704 1038 1736 citur,
1057 1703 1115 1738 pari
1133 1704 1236 1730 honore
1253 1704 1386 1738 assumpti
1404 1703 1438 1730 ad
1457 1703 1598 1731 ferendum
1617 1705 1744 1732 testimo-

955 1751 1030 1778 nium
1047 1751 1081 1777 de
1101 1751 1231 1785 mysterio
1246 1750 1317 1784 quod
1336 1749 1437 1776 factum
1456 1754 1497 1777 est
1515 1750 1543 1777 in
1559 1749 1686 1778 Jordane.

990 1838 1086 1873 Magna
1099 1828 1146 1866 est
1165 1841 1255 1865 autem
1276 1839 1472 1872 consequentia
1494 1838 1520 1864 in
1543 1838 1576 1866 iis
1593 1847 1653 1874 qua:
1671 1838 1742 1867 refe-

954 1889 1061 1911 runtur.
1083 1884 1231 1917 Quemdam
1251 1884 1322 1911 enim
1343 1883 1493 1919 profectum
1513 1885 1545 1911 ad
1563 1885 1588 1911 id
1608 1885 1680 1920 quod
1698 1890 1741 1913 est

954 1930 1100 1966 perfectius
1118 1929 1238 1957 ostendit
1255 1930 1360 1960 oratio.
1379 1934 1473 1964 utpote
1489 1930 1516 1957 in
1536 1930 1613 1957 inilio
1632 1931 1740 1966 quidem

954 1976 1023 2011 legis
1044 1976 1104 2002 latro
1123 1976 1262 2002 inventam
1281 1975 1367 2002 fuisse
1385 1983 1466 2002 uuam
1487 1976 1589 2011 virgam
1610 1976 1740 2003 virentem

953 2026 979 2050 et
998 2022 1217 2057 germinantem:
1237 2025 1350 2048 creterris
1371 2027 1461 2048 autem
1480 2020 1563 2048 fuisse
1579 2021 1695 2055 reiectas
1711 2016 1742 2049 ui

952 2069 1041 2097 siccas
1060 2073 1085 2095 et
1102 2067 1247 2094 infertiles.
1265 2067 1333 2094 Cum
1356 2071 1447 2094 autem
1474 2068 1536 2102 plus
1559 2068 1740 2102 processiSSet

952 2113 1101 2149 temporis,
1117 2117 1145 2140 et
1164 2113 1260 2147 legalia
1288 2113 1348 2147 ejus
1371 2117 1505 2148 praecepta
1529 2113 1690 2147 diligentius
1713 2120 1740 2142 et

952 2160 1108 2188 accuratius
1127 2159 1245 2187 fuissent
1261 2159 1435 2191 examinata,
1453 2159 1574 2185 secundo
1589 2160 1672 2186 etiam
1691 2167 1739 2187 ac-

951 2207 1058 2241 cepisse
1077 2205 1313 2232 circumcisionem
1334 2212 1349 2231 a
1367 2204 1432 2232 Jesu
1449 2205 1489 2231 eis
1505 2205 1614 2231 allatam
1626 2225 1633 2235 ,
1648 2205 1739 2240 gladio

952 2252 1059 2287 petrino
1081 2251 1121 2278 eis
1145 2249 1286 2276 auferente
1312 2249 1425 2276 omnino
1447 2249 1581 2284 quidquid
1603 2255 1663 2278 erat
1685 2251 1739 2278 im-

952 2297 1082 2324 mundum
1099 2295 1246 2331 (intelligit
1271 2299 1360 2322 autem
1381 2296 1493 2322 omnino
1515 2296 1636 2330 prudens
1657 2297 1737 2324 audi-

951 2350 993 2371 tor
1010 2347 1093 2378 petra:
1105 2346 1132 2369 et
1149 2341 1231 2376 gladii
1249 2340 1494 2376 significationem)
1516 2331 1542 2368 et
1562 2341 1647 2370 fuisse
1669 2351 1737 2370 con-o

951 2394 1111 2417 senlaneum
1128 2391 1189 2422 post
1204 2386 1439 2413 conﬁrmationem
1454 2386 1541 2420 ipsius
1559 2387 1619 2414 vita:
1633 2395 1694 2422 qua:
1710 2392 1738 2415 et

950 2443 982 2463 ex
1005 2436 1062 2469 lege
1084 2438 1111 2460 et
1134 2442 1167 2460 ex
1192 2435 1291 2470 virtute
1305 2432 1404 2468 agitur.
1420 2433 1524 2459 nullum
1540 2440 1572 2460 ex
1589 2433 1621 2460 iis
1637 2433 1736 2469 lapidi-

950 2482 1012 2511 bus.
1028 2481 1075 2516 qui
1093 2479 1226 2514 assumpti
1239 2484 1303 2507 sunt
1319 2479 1370 2506 sub
1387 2479 1497 2506 nomine
1514 2479 1633 2506 tribuum
1648 2479 1737 2506 Israe-

949 2529 1079 2558 litarum.
1108 2527 1248 2553 inventum
1272 2525 1356 2554 fuisse
1385 2524 1575 2559 rejiciendum.
1602 2525 1736 2557 Quoniam

949 2578 1039 2602 autem
1068 2565 1174 2607 (ᾖοιιοι
1203 2573 1316 2599 omnino
1341 2579 1463 2606 quazrere
1488 2571 1621 2597 bonorum
1648 2571 1736 2598 incre-

950 2624 1040 2648 menta
1053 2640 1061 2650 ,
1078 2619 1189 2654 quando
1207 2623 1315 2653 tempus
1333 2618 1488 2652 processit,
1506 2621 1532 2644 et
1552 2617 1600 2644 fuit
1619 2616 1736 2651 amplior

949 2667 1038 2693 virtus
1055 2665 1174 2692 Israclis.
1190 2665 1235 2692 Sic
1247 2665 1319 2692 enim
1334 2663 1434 2692 dicitur
1447 2665 1473 2691 in
1488 2663 1580 2690 verbis
1594 2670 1654 2698 qum
1669 2665 1735 2688 sunt

950 2711 1031 2739 nobis
1048 2711 1202 2746 proposita,
1218 2710 1290 2745 quod
1308 2714 1373 2736 tunc
1395 2710 1420 2736 in
1441 2708 1523 2736 Israel
1544 2715 1598 2734 non
1617 2705 1734 2740 amplius

951 2765 983 2786 ex
997 2757 1070 2784 tribu
1084 2757 1152 2791 lapis
1163 2760 1209 2783 aut
1223 2756 1299 2790 virga
1311 2763 1363 2782 una
1375 2752 1494 2783 sumitur
1510 2763 1516 2779 ε
1531 2752 1577 2780 sed
1589 2758 1638 2786 pro
1651 2749 1734 2786 virsiI
