1984 3068
233 137 286 166 903

859 134 886 161 S.
900 133 1063 162 GREGORII
1080 134 1226 162 NYSSENI

1808 133 1860 161 9N

234 199 280 221 aut
296 192 432 228 lapidibus
448 193 474 219 in
489 199 652 227 unaquaque
668 171 739 219 tribu
757 190 877 226 quinque
892 191 942 217 viri
962 190 1013 218 bel-

1070 191 1128 218 ἀντὶ
1145 192 1280 230 ῥάϐδωνῆ
1295 191 1376 218 λίθων
1395 191 1441 226 ἀφ’
1457 191 1574 226 ἑκάστης
1595 191 1680 226 φυλῆς
1698 190 1793 226 ἄνδρες
1809 200 1858 218 πο-

233 238 311 265 licosi
324 257 330 268 ,
346 237 384 264 rei
400 238 527 265 militaris
544 238 640 272 periti,
656 245 689 264 ex
704 237 820 264 fortibus
835 236 933 267 lsracl,
949 243 1016 271 quo-

233 289 294 308 rum
311 282 500 316 unusquisque
516 290 609 310 ensem
626 281 743 309 habebat
759 288 842 316 supra
858 281 957 312 femur,
974 281 1017 307 di-

232 329 326 355 vinam
352 329 449 355 lectum
472 329 500 355 in
526 329 621 356 orbem
646 327 866 356 circumdabunt.
895 327 1016 360 Quorum

233 379 377 410 propterea
399 376 490 402 nullus
510 374 560 401 fuit
577 375 742 409 rejiciendus
754 393 761 405 ,
775 374 906 408 quoniam
924 373 1002 407 cujus

233 422 300 449 libet
316 422 405 449 tribus
421 422 549 456 primitiae
572 427 637 449 sunt
660 421 799 456 quinque,
824 427 941 455 quorum
967 427 1018 445 uu-

233 477 326 496 merus
344 469 491 496 duodecies
508 469 707 503 multiplicatus
723 475 857 495 summam
875 466 956 494 efficit
975 474 1018 493 sc-

231 517 352 551 xaginta.
371 516 484 550 Oportet
501 523 566 550 ergo
581 523 612 542 ex
629 522 792 549 unaquaque
807 513 879 540 tribu
898 513 1017 547 quinque

230 561 368 588 terribiles
384 566 504 588 armatos
518 561 618 588 milites
631 568 693 587 esse
709 560 836 587 custodes
851 559 913 586 lecti
930 558 1015 593 regis,

230 606 300 634 adeo
316 611 345 634 ιιι
365 607 388 634 si
406 607 515 634 deficiat
533 614 663 632 numerus
678 606 799 640 quinque
811 626 818 638 ,
837 605 862 632 id
883 604 955 640 quod
977 611 1018 631 re-

230 657 283 681 stat
299 653 410 680 minime
425 653 460 679 sit
478 652 686 679 admittendum.

268 697 338 725 Num
365 702 455 724 autem
473 698 500 724 in
519 700 569 724 hoc
586 698 706 731 incmpto
733 701 775 723 est
791 695 894 731 aliquid
913 694 1018 722 auden-

230 743 307 776 dum,
340 749 369 771 ut
397 744 522 771 dicamus
544 741 778 774 Quemadmodum
806 743 832 768 in
855 747 1018 775 unaquaque

230 787 304 815 tribu
331 794 473 815 armantur
495 788 628 823 quinque,
663 794 692 814 ut
719 788 775 814 sint
803 787 931 814 custodes
955 786 1018 812 lecti

231 835 322 868 regis?
333 841 359 861 et
374 834 603 869 quemadmodum
624 834 811 868 unusquisque
825 834 920 860 horum
937 833 1018 867 quin-

231 889 286 915 que
310 878 345 907 fit
370 881 504 907 terribilis
519 881 695 912 adversariis,
709 888 800 906 ensem
817 887 896 907 sumn
913 879 1018 906 habens

231 926 388 960 itnpositmu
411 923 494 960 super
513 925 622 953 fetnnr?
645 927 684 953 An
703 934 756 952 non
773 931 814 952 est
830 926 1016 956 manifestum,

230 972 302 1005 quod
329 980 400 999 unus
425 972 506 1006 lapis,
536 980 634 1007 nempe
658 972 674 998 ii
699 972 824 1006 quinque
838 971 935 998 armati
953 975 1018 998 sunt

231 1019 423 1052 unusquisque
450 1026 558 1049 sensus,
587 1018 795 1045 convenientem
825 1025 905 1044 suum
924 1017 1017 1044 etlsem

229 1061 348 1088 edocens
374 1062 406 1088 ad
437 1066 571 1089 terrorem
594 1061 788 1088 inimicorum?
809 1060 887 1088 Oculi
906 1061 1016 1096 quidem

228 1111 271 1134 est
286 1107 361 1134 ensis
389 1112 520 1141 perpetuo
536 1107 660 1141 aspicere
676 1107 709 1133 ad
724 1107 881 1138 Dominum,
898 1111 925 1134 et
944 1111 1017 1134 recta

230 1151 340 1184 intueri,
371 1156 398 1179 ct
422 1152 497 1178 nullo
522 1152 594 1186 turpi
615 1153 774 1186 spectaculo
797 1152 945 1188 inquinari.
962 1152 1015 1178 Au.

228 1198 302 1225 ditus
330 1205 405 1225 arma
430 1203 493 1225 sunt
523 1199 660 1229 similiter.
685 1199 840 1226 divinorum
867 1198 1017 1226 documen-

228 1247 320 1271 torum
348 1245 463 1276 auditio,
476 1249 503 1272 et
515 1252 656 1279 nunquam
670 1253 771 1272 vanum
786 1245 812 1272 in
826 1253 855 1272 se
870 1245 1015 1272 admittere

228 1297 393 1317 sermonem.
423 1291 460 1317 ita
490 1291 572 1317 etiam
601 1290 665 1317 licet
697 1298 805 1317 armare
828 1295 956 1325 gustum.
987 1296 1015 1318 et

228 1341 342 1370 tactum,
368 1341 395 1364 et
421 1336 566 1364 odoratum
588 1337 677 1371 gladio
704 1338 895 1369 continentim;
917 1345 1015 1364 unum~

228 1390 364 1417 quemque
393 1390 504 1410 sensum
531 1383 648 1417 tegendo
668 1382 828 1418 congruenti
847 1383 942 1414 lorica,
968 1390 1016 1417 per

228 1434 288 1462 qua:
309 1427 463 1454 tenebrosis
478 1427 692 1462 cogitationibus
715 1433 812 1462 stupor
828 1428 856 1454 fit
871 1431 896 1454 et
913 1431 1012 1460 terror,

227 1479 344 1506 quorum
367 1472 447 1499 etiam
462 1476 571 1506 tempus
585 1476 676 1506 aptum
692 1472 725 1498 ad
741 1472 856 1499 insidias
870 1471 1014 1499 struendas

228 1517 359 1545 adversus
374 1519 480 1545 animas
499 1525 550 1544 nox
565 1521 628 1545 sunt
643 1522 669 1545 et
686 1518 817 1545 tenebrae.
837 1517 865 1544 lu
891 1525 923 1545 ea
940 1517 1012 1544 enim
1028 1534 1051 1564 ο

227 1564 296 1592 dixit
321 1565 468 1600 Propheta,
485 1565 587 1592 bestias
606 1563 662 1599 agri
681 1565 781 1591 malum
798 1565 849 1592 sibi
871 1563 1014 1599 pr0videre

226 1619 303 1639 esum
326 1619 358 1638 ex
382 1611 527 1646 pecoribus
561 1610 616 1638 Dei.
652 1610 770 1637 Posuisti
797 1611 882 1642 enim,
911 1611 1012 1645 inquit,

227 1657 357 1689 tenebras,
379 1663 404 1684 et
439 1656 511 1692 facta
537 1662 575 1684 est
597 1665 660 1685 nos.
677 1656 710 1684 In
735 1658 794 1691 ipsa
816 1657 1014 1690 pertransibunt

226 1710 315 1729 otnne:
342 1703 430 1729 bestite
453 1701 526 1729 silua’
537 1723 544 1734 ,
559 1701 642 1728 catuli
656 1702 787 1736 rugientes
804 1706 833 1728 ut
850 1702 958 1736 rapiant
980 1702 1012 1729 ¹’.

226 1748 359 1781 Quoniam
385 1752 474 1775 autem
495 1752 535 1775 est
550 1748 634 1775 Israel
661 1747 819 1782 quicunque
847 1747 876 1774 lit
900 1747 1011 1774 salvus:

225 1801 281 1821 non
301 1794 372 1822 enim
391 1794 550 1829 quicunque
568 1798 633 1822 sunt
650 1801 682 1820 ex
703 1792 797 1826 Israel,
819 1798 883 1820 sunt
904 1792 1013 1820 lsraeli-

225 1843 260 1866 tae
276 1839 314 1873 ";
340 1840 387 1866 sed
414 1840 573 1874 quicunque
598 1839 682 1880 [Icum
700 1839 809 1874 proprie
832 1839 966 1874 aspiciunt
980 1847 1012 1866 ex

224 1885 297 1914 bona
322 1885 482 1920 operatione
507 1887 577 1912 hanc
608 1885 709 1913 habent
736 1884 1010 1912 denominationem:

225 1933 366 1967 proprium
390 1936 432 1959 est
458 1936 548 1959 autem
577 1933 638 1967 ejus
656 1933 701 1968 qui
725 1933 808 1959 Deum
830 1932 913 1964 videt,
938 1934 1012 1960 nullo

221 1984 315 2006 sensu»
326 1975 451 2011 aspicere
473 1977 506 2003 ad
530 1982 684 2012 peccatum.
715 1976 800 2003 Nemo
823 1976 895 2003 enim
923 1981 1013 2011 potest

225 2022 258 2049 ad
282 2022 351 2050 duos
378 2023 506 2050 dominos
536 2023 671 2057 aspicere,
689 2023 735 2049 sed
762 2026 788 2048 et
809 2022 920 2049 omnino
940 2030 1011 2050 unus

222 2068 287 2096 odio
300 2067 452 2098 habendus.
464 2068 487 2095 si
500 2073 542 2095 est
554 2068 634 2095 aliter
644 2067 812 2102 diligendus.
832 2067 868 2093 Ea
880 2067 914 2094 de
927 2075 1011 2095 causa

225 2112 255 2140 fit
279 2120 351 2140 unus
378 2113 465 2141 lectus
484 2114 556 2148 regis
580 2112 714 2147 quidquid
733 2117 869 2140 servatur.
887 2111 916 2139 Si
939 2113 1010 2140 enim

223 2166 320 2186 omnes
338 2158 423 2187 Deum
447 2159 579 2186 videbunt
601 2159 648 2193 qui
665 2158 766 2187 fuerint
783 2158 866 2186 corde
892 2159 1009 2193 mundo;

1069 238 1096 263 λε
1101 239 1203 272 μισταὶ,
1214 238 1396 273 δεδιδαγμένοι
1410 238 1525 273 πόλεμον
1540 239 1594 265 ἀπὸ
1608 239 1725 266 δυνατῶν
1743 238 1857 275 Ἰσραὴλ,

1068 284 1189 318 αἴροντες
1210 284 1354 318 ῥομφαίαν,
1374 283 1423 319 τὴν
1440 283 1514 310 θείαν
1532 283 1625 318 κλίνην
1649 283 1858 319 περιστοιχίζον-

1068 338 1123 361 τες.
1138 327 1188 355 Ὧν
1208 329 1251 355 διὰ
1275 330 1352 356 τοῦτο
1375 330 1461 361 οὐδεὶς
1483 330 1635 364 ἀπόϐλητος
1661 330 1775 361 γίνεται,
1793 329 1859 357 διότι

1069 376 1157 410 πάσης
1177 375 1262 410 φυλῆς
1274 375 1394 410 ἀπαρχὴ.
1419 376 1444 401 οἱ
1467 375 1546 401 πέντε
1563 375 1692 409 γίνονται,
1712 371 1749 402 ὧν
1770 376 1784 402 ό
1798 375 1858 411 ἀρι-

1032 420 1044 425 ⁷
1067 420 1135 455 θμὸς
1149 421 1296 452 δωδεκάκις
1312 421 1551 456 κεφαλαιούμενος,
1571 421 1601 447 τὸ
1627 421 1764 457 πλήρωμα
1790 422 1859 448 ποιεῖ

1067 468 1120 493 τῶν
1135 468 1275 502 ἑξήκοντα.
1295 468 1354 502 Χρὴ
1375 467 1462 493 τοίνυν
1485 467 1565 494 πέντε
1580 467 1625 501 ἀφ’
1638 468 1755 500 ἑκάστης
1773 466 1859 501 φυλῆς

1068 514 1199 550 φοϐεροὺς
1213 513 1381 548 όπλομάχους
1396 513 1518 547 φύλακας
1531 514 1579 548 τῆς
1591 513 1637 539 τοῦ
1658 513 1788 548 βασιλέως
1802 511 1858 539 κλί-

1067 568 1115 595 νης
1129 559 1264 594 γενέσθαι,
1280 559 1317 590 ὠς
1333 560 1389 593 εἴγε
1404 559 1492 586 λείποι
1515 559 1554 594 τῷ
1576 559 1684 595 ἀριθμῷ
1700 559 1753 586 τῶν
1769 559 1856 593 πέντε,

1068 605 1255 640 ἁπαράδεκῑον
1270 602 1339 631 εἶναι
1352 604 1398 631 καὶ
1410 604 1440 630 τὸ
1454 604 1622 639 λειπόμενον,

1102 691 1177 729 Ἀρά
1191 694 1249 720 ἐστι
1263 693 1466 729 κατατολμῆσαι
1482 693 1574 720 λοιπὸν
1589 692 1636 719 τοῦ
1654 692 1856 729 ὲνῦυμὴματοςς

1069 736 1134 770 Πῶς
1162 737 1213 772 ἀφ’
1227 738 1346 774 ἑκάστης
1359 739 1445 774 φυλῆς
1466 739 1490 765 οἰ
1510 739 1590 765 πέντε
1621 737 1793 769 ὁπλίζονται,
1813 739 1855 764 ἵνα

1067 784 1117 818 τῆς
1132 783 1272 818 βασιλικῆς
1293 784 1386 818 κλίνης
1405 784 1525 819 φύλακες
1540 784 1686 818 γέν‹ι›νται;
1702 784 1765 815 Πῶς
1787 785 1854 811 ἕκα-

1071 838 1133 861 στος
1151 831 1206 857 τῶν
1223 830 1301 857 πέντε
1317 831 1433 862 τούτων,
1457 831 1571 867 φοϐερὸς
1584 833 1639 862 τοῖς
1661 831 1851 866 ἀντιτεταγμέ-

1071 885 1126 908 νοις
1139 877 1182 903 διὰ
1205 878 1253 911 τῆς
1276 877 1408 909 ὁπλίσεως
1428 878 1546 911 γίνεται,
1572 878 1621 912 τὴν
1647 878 1782 913 ῥομφαίαν
1807 878 1853 905 τοῦ

1071 922 1159 957 μηροῦ
1193 923 1422 958 προϐαλλόμενοςς
1445 925 1479 950 Ἢ
1504 924 1582 958 δῆλόν
1608 925 1695 956 ἐστιν,
1722 924 1762 950 ὅτι
1782 926 1796 951 ὁ
1814 922 1855 956 εἷς

1070 969 1151 1000 λίθος,
1167 970 1190 995 oi
1214 969 1293 995 πέντε
1311 969 1418 995 ὁπλῖται
1441 965 1514 996 οὗτοί
1530 971 1599 996 εἰσιν
1621 970 1740 1004 ἑκάστης
1759 970 1854 1006 αἰσθή-

1071 1024 1154 1046 σεως,
1178 1015 1227 1050 τὴν
1255 1016 1406 1050 πρόσφορον
1431 1017 1513 1051 ἑαυτῇ
1546 1017 1682 1051 ῥομφαίαν
1710 1017 1749 1048 είς
1769 1017 1853 1043 κατά-

1069 1060 1166 1095 πληξιν
1192 1060 1246 1086 τῶν
1273 1060 1401 1087 ἐναντίων
1426 1060 1662 1096 προϐαλλομένης
1699 1060 1854 1096 Ὀιρθαλμοῦ

1069 1106 1190 1141 ῥομφαία
1213 1105 1243 1132 τὸ
1267 1106 1410 1137 διαπαντὸς
1434 1107 1499 1141 ὁρᾷν
1523 1106 1589 1141 πρὸς
1608 1106 1652 1133 τὸν
1671 1105 1790 1140 Κύριον,
1807 1105 1854 1132 καὶ

1067 1151 1136 1186 ὀρθὰ
1156 1151 1281 1186 βλέπειν,
1299 1151 1345 1178 καὶ
1370 1151 1463 1187 μηδενὶ
1480 1151 1534 1178 τῶν
1561 1151 1690 1187 ῥυπαρῶν
1710 1151 1853 1186 θεαμάτων

1067 1196 1311 1231 καταμολύνεσθαι.
1344 1196 1441 1230 ’,Χκοῆς
1469 1195 1549 1223 ὅπλον
1574 1196 1703 1227 ὡσαύτως
1730 1196 1746 1231 ἡ
1775 1195 1854 1222 θείων

1067 1242 1239 1276 διδαγμάτιυν
1264 1242 1413 1276 ἀκρόασις,
1447 1241 1494 1268 καὶ
1522 1242 1552 1269 τὸ
1579 1242 1715 1276 μηδέποτε
1741 1242 1853 1276 μάταιον

1069 1288 1146 1322 λόγον
1162 1289 1191 1314 ὲν
1213 1289 1281 1324 αὑτῇ
1303 1288 1441 1322 δέξασθαι.
1463 1288 1556 1320 Οὕτως
1577 1285 1652 1313 ἔστιν
1673 1288 1781 1316 ὁπλίσαι
1808 1290 1856 1315 καὶ

1067 1335 1116 1370 τὴν
1129 1335 1233 1369 γεῦσιν,
1256 1336 1303 1361 καὶ
1320 1335 1369 1369 τὴν
1388 1336 1471 1370 ἁφὴν,
1485 1336 1533 1363 καὶ
1546 1334 1595 1370 τὴν
1610 1334 1743 1370 ὗσφρησιν
1758 1336 1789 1370 τῇ
1805 1335 1855 1370 τῆς

1066 1382 1228 1416 ἐγκρατείας
1242 1382 1373 1418 ῥομφαίᾳ,
1385 1382 1559 1417 καταλλήλως
1570 1381 1749 1417 ἑκάστηντῶν
1760 1381 1855 1416 αἰσθή-

1067 1436 1135 1454 σεων
1161 1427 1364 1464 θωρακίζοντα,
1391 1428 1425 1455 δι’
1442 1425 1480 1456 ὧν
1502 1429 1606 1463 γίνεται
1621 1428 1725 1464 θάμὸος
1744 1428 1791 1455 καὶ
1808 1427 1854 1454 ἔκ-

1066 1473 1164 1508 πληξις
1179 1474 1236 1505 τοῖς
1256 1475 1402 1505 σκοτεινοῖς
1424 1474 1574 1509 λογισμοῖς,
1591 1470 1628 1502 ὧν
1643 1473 1737 1510 καιρὸς
1752 1475 1791 1506 εἰς
1803 1474 1854 1510 τὴν

1067 1519 1136 1546 κατὰ
1148 1519 1201 1545 τῶν
1215 1518 1308 1554 ψυχῶν
1319 1519 1489 1555 ἔπιϐουλὴνὴ
1504 1520 1559 1553 νὺξ
1566 1520 1669 1554 γίνεται
1686 1520 1732 1547 καὶ
1747 1521 1776 1546 τὸ
1792 1521 1853 1547 σκό-

1066 1572 1121 1596 τος.
1140 1565 1183 1591 Ἐν
1196 1565 1282 1600 ταύτῃ
1296 1564 1351 1600 γὰρ
1367 1562 1444 1592 εἶπεν
1458 1567 1472 1592 ὁ
1490 1567 1646 1602 Προφήτης,
1658 1567 1692 1594 τὰ
1708 1567 1789 1602 θηρία
1804 1566 1850 1594 τοῦ

1065 1610 1150 1646 ἀγροῦ
1168 1611 1217 1646 τὴν
1232 1611 1353 1646 πονηρὰν
1369 1611 1470 1647 βρῶσιν
1484 1611 1589 1644 ἑαυτοῖς
1605 1613 1637 1639 ἐκ
1652 1614 1705 1639 τῶν
1720 1612 1767 1640 τοῦ
1784 1612 1852 1640 Θεοῦ

1064 1656 1198 1691 ποιμνίων
1209 1656 1546 1691 περιεργάζεσθαι.Ἔθου
1558 1657 1621 1693 γὰρ,
1636 1659 1712 1693 φησὶ,
1729 1660 1850 1691 σκότος,

1063 1702 1112 1728 καὶ
1132 1702 1250 1736 ἐγένετο
1271 1702 1339 1735 νύξ.
1362 1703 1413 1730 Ἑν
1432 1703 1510 1737 αὐτῇ
1528 1703 1732 1731 διελεύσονται
1754 1705 1853 1733 πάντα

1064 1749 1100 1776 τὰ
1119 1749 1205 1782 θηρία
1230 1749 1283 1775 τοῦ
1306 1748 1435 1784 δρυμοῦ,
1462 1750 1592 1784 σκύμνοι
1610 1751 1771 1786 ὠρυόμενοι
1797 1752 1851 1780 τοῦ

1063 1794 1206 1827 ἁρπάσαι.
1230 1794 1339 1830 Ἐπειδὴ
1352 1795 1440 1822 τοίνυν
1460 1796 1567 1831 Ἰσραὴλ
1579 1796 1683 1830 γίνεται
1703 1798 1755 1828 πᾶς
1770 1798 1783 1824 ὁ
1799 1806 1851 1824 σω-

1064 1839 1192 1875 ζόμενος·
1204 1840 1234 1867 οὐ
1244 1840 1298 1875 γὰρ
1311 1840 1412 1871 πάντες
1425 1841 1448 1866 οἱ
1461 1841 1491 1873 ἐξ
1508 1840 1625 1876 Ἰσραὴλ,
1636 1839 1707 1869 οὗτοι
1723 1843 1845 1878 Ἰσραήλ·

1063 1885 1120 1912 ἀλλ’
1142 1886 1199 1912 ὅσοι
1219 1885 1346 1920 βλέπουσι
1370 1886 1415 1912 τὸν
1432 1886 1513 1918 Θεὸν,
1529 1887 1561 1913 ὲκ
1580 1887 1630 1921 τῆς
1645 1887 1784 1922 ἐνεργείας
1800 1896 1850 1914 κυ-

1064 1930 1129 1966 ρίως
1153 1933 1185 1966 τῇ
1208 1931 1379 1967 προσηγορίᾳ
1402 1931 1489 1967 ταύτῃ
1509 1931 1748 1967 κατονομάζονται.
1771 1931 1852 1959 Ἰδιον

1062 1975 1090 2002 δὲ
1104 1975 1150 2002 τοῦ
1175 1976 1292 2011 ὁρῶντός
1306 1977 1364 2004 ἐστι
1379 1977 1424 2003 τὸν
1438 1977 1516 2005 Θεὸν.
1530 1977 1561 2004 τὸ
1579 1977 1674 2013 μηδενὶ
1686 1977 1740 2004 τῶν
1754 1977 1851 2013 αἰσθη-

1061 2022 1163 2057 τηρίων
1180 2023 1248 2058 πρὸς
1265 2022 1400 2058 ἁμαρτίαν
1416 2022 1534 2058 βλέπειν.
1551 2024 1645 2055 Οὐδεὶς
1660 2024 1715 2059 γὰρ
1737 2023 1851 2052 δύναται

1063 2069 1131 2104 πρὸς
1150 2069 1197 2096 δύο
1222 2069 1334 2104 κυρίους
1359 2070 1443 2104 ὁρᾷν’
1470 2070 1538 2096 ἀλλὰ
1560 2071 1612 2106 χρὴ
1635 2070 1681 2097 τὸν
1698 2070 1746 2097 ἕνα
1769 2079 1851 2105 μιση-

1063 2114 1161 2149 θῆναι,
1178 2115 1202 2141 εί
1218 2115 1309 2150 μέλλει
1328 2116 1485 2150 ἀγαπᾶσθαι
1499 2115 1513 2141 ὁ
1529 2115 1631 2151 ἕτερος.
1648 2116 1749 2143 Τούτου
1770 2117 1850 2152 χάριν

1064 2161 1112 2195 μία
1133 2160 1210 2196 κλίνη
1228 2161 1274 2187 τοῦ
1294 2161 1424 2196 βασιλέως
1448 2163 1550 2196 γίνεται
1565 2163 1619 2189 πᾶν
1632 2162 1664 2188 τὸ
1685 2162 1848 2197 σωζόμενον.

224 2204 270 2239 qui
295 2207 388 2232 autem
406 2204 490 2232 Deum
510 2205 650 2237 viderunt,
668 2203 750 2231 Israel
767 2205 876 2239 proprie
895 2204 963 2231 fiunt
984 2209 1010 2232 et

1066 2207 1093 2233 Et
1106 2206 1159 2241 γὰρ
1179 2207 1279 2239 πάντες
1291 2207 1400 2242 ὄψονται
1416 2207 1461 2234 τὸν
1475 2208 1541 2234 Θεὸν
1556 2208 1580 2234 οἱ
1597 2208 1713 2243 καθαροὶ
1730 2210 1762 2244 τῇ
1779 2213 1862 2243 καρ-“

224 2251 402 2277 nominantur
419 2259 426 2277 :
452 2250 479 2276 in
504 2249 648 2277 duodecim
667 2253 757 2276 autem
773 2250 862 2277 tribus
876 2245 1010 2277 dividitur

223 2295 276 2323 hoc
296 2303 396 2323 nomen
418 2303 520 2323 arcana
540 2296 658 2330 quadam
684 2295 801 2327 ratione,
826 2299 899 2323 recte
922 2297 1009 2331 pleni-

223 2341 290 2368 tudo
312 2349 405 2369 eorum
433 2343 478 2376 qui
497 2341 565 2368 salvi
592 2341 671 2374 fiunt,
688 2347 803 2369 numero
828 2343 1008 2377 sexagintain

222 2395 357 2415 summam
385 2387 534 2422 redigitur,
552 2395 614 2414 cum
641 2396 726 2415 unum
746 2388 856 2423 quidem
882 2392 1009 2416 sumatur

222 2433 250 2460 in
275 2440 439 2468 unaquaque
459 2438 548 2468 parte,
571 2434 598 2460 in
624 2434 745 2469 quinque
774 2439 863 2461 autem
889 2439 1009 2462 armatos

222 2486 271 2514 pro
289 2486 404 2506 numero
423 2486 554 2506 sensuum
571 2479 623 2506 hoc
650 2487 731 2506 unum
757 2478 904 2506 dividatur.

256 2625 356 2652 Omnes
376 2629 440 2657 ergo
461 2620 508 2656 qui
532 2621 622 2648 divina
651 2619 739 2648 induti
762 2623 827 2647 sunt
851 2621 1003 2652 armatura,

218 2676 303 2697 unum
322 2667 394 2703 regis
407 2667 506 2694 lectum
525 2666 707 2696 circumdant,
720 2664 808 2692 allecti
822 2672 917 2692 omnes
933 2672 1004 2692 unus

217 2714 312 2746 Israel.
325 2718 352 2741 et
369 2721 431 2740 cum
448 2721 496 2748 per
507 2712 651 2740 duodecim
665 2713 753 2738 tribus
765 2711 933 2746 intelligatur
944 2718 1004 2746 qua:

217 2765 259 2787 est
284 2758 385 2793 ubique
408 2757 570 2792 optimatum
605 2761 631 2784 et
658 2764 687 2783 se
718 2754 825 2783 fortiter
852 2756 1002 2791 serentium

253 2849 273 2864 "
292 2848 362 2877 Psal.
378 2856 437 2881 cut,
454 2847 496 2880 18,
511 2848 557 2882 ιο,
585 2846 628 2874 2f.
671 2846 691 2861 ¹⁸
708 2845 785 2872 llum.
810 2853 846 2879 tr,
861 2845 889 2872 6.

1061 2251 1105 2286 δίᾳ
1124 2251 1280 2286 γενόμενοι·
1301 2253 1326 2278 οἱ
1348 2252 1375 2278 δὲ
1389 2253 1436 2278 τὸν
1452 2252 1517 2278 Θεὸν
1535 2253 1651 2285 ἰδόντες,
1676 2253 1783 2289 Ἰσραὴλ
1799 2262 1850 2280 κυ-

1062 2297 1128 2332 ρίως
1148 2297 1268 2331 γίνονταί
1283 2306 1313 2324 τε
1331 2298 1378 2324 καὶ
1400 2297 1590 2333 ὀνομάζονται·
1609 2298 1712 2326 δώδεκα
1730 2299 1758 2326 δὲ
1779 2300 1850 2326 διαι-

1062 2344 1148 2378 ρεῖται
1162 2343 1258 2378 φυλαῖς
1280 2343 1351 2369 κατά
1371 2352 1431 2370 τινα
1445 2344 1523 2378 λόγον
1548 2344 1702 2380 ἀπόρρητον
1725 2345 1804 2372 τοῦτο
1819 2346 1850 2372 τὸ

1060 2388 1155 2423 ὄνομα,
1172 2389 1262 2420 καλῶς
1285 2389 1315 2415 τὸ
1333 2389 1468 2424 πλήρωμα
1482 2390 1535 2416 τῶν
1552 2391 1711 2425 σωζομένων
1730 2391 1769 2426 τῷ
1785 2392 1850 2426 ἀρι-

1060 2434 1122 2469 θμῷ
1151 2434 1204 2460 τῶν
1233 2434 1363 2470 ἑξήκοντα
1393 2435 1603 2468 κεφαλαιοῦται·
1635 2437 1694 2468 ἑνὸς
1725 2437 1773 2472 μὲν
1800 2437 1849 2472 ἀφ’

1059 2482 1174 2508 ἑκάστου
1192 2482 1291 2516 μέρους
1313 2482 1530 2516 λαμϐανομένου,
1543 2483 1582 2513 είς
1596 2482 1677 2509 πέντε
1693 2483 1720 2509 δὲ
1734 2484 1849 2516 ὁπλίτας

1059 2527 1130 2554 κατὰ
1151 2527 1333 2562 τὸν-ἀριθμὸν
1357 2527 1411 2553 τῶν
1437 2528 1589 2562 αἰσθήσεων
1606 2527 1651 2554 τοῦ
1676 2528 1734 2560 ἐνὸς
1751 2529 1847 2556 τουτου

1061 2573 1251 2607 μεριζομένου.

1094 2618 1198 2645 Οὐκοῦν
1215 2619 1313 2650 πάντες
1333 2620 1358 2645 οἱ
1379 2619 1455 2646 θείαν
1474 2620 1650 2655 ἐνδυσάμενοι
1677 2620 1846 2654 πανοπλίαν,

1060 2664 1124 2698 μίαν
1140 2664 1269 2691 κυκλοῦαι
1282 2664 1328 2691 τοῦ
1349 2665 1480 2699 βασιλέως
1499 2665 1603 2701 κλίνην,
1625 2666 1732 2701 Ἰσραὴλ
1744 2667 1844 2698 πάντες

1056 2710 1211 2744 γενόμενοι,
1233 2711 1279 2736 καὶ
1293 2710 1335 2737 διὰ
1349 2710 1403 2738 τῶν
1417 2710 1520 2738 δώδεκα
1541 2712 1632 2746 φυλῶν
1650 2712 1701 2747 τῆς
1717 2713 1843 2747 πανταχῆ

1056 2756 1203 2791 νοουμένης
1216 2756 1372 2792 ἀριστείας,
1388 2758 1428 2788 είς
1441 2757 1486 2784 τὸν
1503 2757 1617 2793 ἀριθμὸν
1638 2757 1692 2784 τῶν
1710 2757 1845 2792 ἐξήκοντα
