1984 3068
260 77 309 106 907

880 78 908 106 S.
925 77 1091 107 GRGGORII
1104 78 1252 108 NYSSENI

1832 84 1876 114 908

258 136 375 171 ἐμαυτῷ
398 136 472 170 πρὸς
499 135 530 162 τὸ
557 136 625 170 ὄρος
649 136 703 170 τῆς·
721 137 866 171 σμύριητης,
891 138 940 165 καί
966 138 1040 172 πρὸς
1059 138 1122 179 τὸν.
1144 138 1261 172 ,βουνὸν
1281 139 1333 168 τοῦ
1361 141 1499 169 Λιϐάνου.
1524 141 1597 176 Ὀλη
1615 143 1737 179 καλὴ,ή
1757 145 1876 180 πλησίον

256 190 326 215 μου,
349 180 397 207 καὶ
413 180 514 215 μῶμος
531 181 585 208 οὐκ
597 181 682 208 ἔστιν
696 181 730 208 ἐν
746 183 805 209 σοί.

294 228 322 255 In
340 229 436 255 multis
452 236 499 255 rex
521 229 651 256 Salomon
670 230 821 257 assumitur
836 230 862 257 in
877 235 970 266 typum
989 231 1045 258 veri
1062 232 1084 261 Δ

259 274 331 308 regis
347 282 354 306 ;
373 275 398 301 in
418 274 522 306 multis,
538 275 661 310 inquam,
677 283 738 311 qua:
754 283 767 303 ιι
792 280 887 304 sancta
903 277 1045 312 Scriptura

258 319 292 347 de
308 321 368 355 ipso
384 325 573 354 recensentur,
588 321 672 349 relata
692 322 724 349 ad
747 322 772 349 id
789 323 862 358 quod
879 327 922 350 est
937 323 1044 351 melius.

257 365 325 392 Nam
351 369 377 393 et
403 366 534 400 paciﬁcus
560 367 673 399 dicitur,
701 372 727 395 et
754 369 916 396 immensam
943 369 1046 397 habens

259 412 422 447 sapientiam
435 421 441 438 :
455 416 480 439 et
495 413 625 447 templqu
638 413 766 446 aedificat,
779 419 807 442 et
819 414 888 449 regit
906 415 1044 448 lsraelem,

257 463 284 485 ct
303 460 433 494 populum
459 459 566 494 judicat
586 460 612 487 in
633 460 758 493 justitia:
786 464 813 488 et
827 465 868 488 est
895 469 928 488 ex
943 461 1046 489 semine

257 504 353 532 David.
372 505 425 532 Sed
445 510 473 532 et
495 506 529 533 ad
546 506 635 541 ipsum
662 508 736 534 venit
761 507 854 542 regina
874 507 1044 543 Ethiopum.

257 550 325 577 Nam
341 550 398 578 lucc
413 551 523 586 quidem
538 552 642 583 omnia,
662 557 689 580 et
701 561 762 588 qua:
786 558 851 580 sunt
876 553 1044 587 huiusmodi,

257 596 291 622 de
307 604 340 623 eo
359 596 468 631 quidem
486 597 616 624 dicuntur
637 598 739 633 typice,
768 599 929 626 describunt
955 604 1045 627 autem

257 643 386 670 virtutem
405 643 554 679 Evangelii.
579 644 645 677 Quis
669 645 742 672 enim
767 646 836 672 adeo
854 645 987 680 paciﬁcus
1004 649 1046 674 est

256 692 339 723 atque
358 689 382 715 is
405 689 452 724 qui
478 690 618 717 interemit
644 691 825 724 inimicitias,
851 691 925 718 cruci
954 696 1044 719 autem

256 741 321 761 suos
339 734 423 762 aiiixit
451 735 590 766 inimicos,
619 744 725 772 nosque
742 757 748 769 ,
779 738 835 764 imo
862 745 926 765 vero
957 742 1044 765 totum

257 781 389 808 mundum
406 781 457 809 sibi
476 783 679 815 reconciliavit,
704 788 732 810 ct
753 785 826 819 scpis
855 784 1044 812 intermediam

256 827 337 854 solvit
352 828 509 860 maceriem,
536 832 565 854 ut
589 829 659 856 duos
688 829 714 856 in
744 830 835 864 seipso
863 830 993 858 conderet
1017 830 1044 857 in

255 881 340 899 unum
357 881 458 900 novum
485 874 634 906 hominem,
661 875 707 909 qui
737 875 800 902 facit
820 884 925 910 pacem,
951 880 978 903 et
996 877 1043 911 qui

255 919 385 954 praedicat
400 920 434 946 iis
448 920 494 955 qui
512 920 602 956 longe.
619 925 646 948 ct
663 922 697 949 iis
708 923 753 957 qui
771 931 870 958 prope,
883 930 977 958 pacem
994 930 1042 958 per

255 973 302 992 eos
326 965 372 1000 qui
399 967 565 993 annuntiant
594 967 665 995 bona
677 968 721 994 υἱ)
735 968 804 1001 Quis
816 972 857 996 est
874 973 963 996 autem
981 968 1045 996 talis

254 1011 405 1038 :ediiicator
421 1013 532 1046 templi,
549 1013 638 1048 qualis
666 1014 713 1049 qui
739 1013 917 1041 fundamenta
935 1015 1044 1050 quidem

252 1057 321 1091 jacit
339 1058 365 1084 in
379 1058 518 1085 montibus
533 1059 648 1092 sanctis,
668 1060 720 1086 hoc
733 1064 786 1091 est,
803 1060 830 1087 in
848 1060 990 1094 prophetis
1018 1064 1045 1088 et

255 1103 396 1137 apostolis,
413 1104 461 1138 qui
476 1104 607 1135 :cditicat,
620 1105 692 1131 sicut
704 1104 772 1131 dicit
789 1105 949 1140 Apostolus,
962 1113 1046 1140 super

255 1149 465 1176 fundamentum
480 1151 668 1185 apostolorum
686 1156 712 1178 et
725 1151 935 1186 prophetarum,
953 1159 1001 1186 per
1016 1159 1045 1178 se

254 1194 378 1222 viventes
392 1199 417 1222 et
435 1196 572 1224 animatos
586 1196 701 1231 lapides,
718 1196 764 1231 qui
782 1204 830 1231 per
845 1204 875 1224 se
897 1204 928 1223 ac
949 1200 1046 1231 sponte

253 1239 402 1267 volvuntur
419 1240 453 1268 ad
466 1241 682 1276 compactionem
700 1246 725 1269 et
737 1241 938 1269 connexionem
954 1241 1045 1277 parie-

256 1287 322 1317 tum,
335 1284 413 1319 juxta
430 1286 455 1313 id
471 1286 543 1321 quod
559 1284 626 1313 dicit
638 1286 778 1322 Propheta
792 1287 826 1318 ",
843 1291 873 1313 ut
888 1287 1005 1314 connexi
1018 1291 1046 1314 et

254 1331 393 1366 compecti
412 1331 440 1358 in
457 1331 559 1359 virtute
580 1332 640 1359 ﬁdei
667 1336 693 1360 et
710 1333 820 1359 vinculo
842 1332 929 1367 pacis‘,
948 1339 997 1368 per
1011 1339 1042 1359 se

255 1380 381 1403 crescant
396 1376 423 1402 in
437 1377 570 1411 templum
600 1380 737 1406 sanctum,
755 1381 785 1403 ut
812 1377 880 1403 ﬂant
904 1369 1045 1404 habitacu—

255 1422 310 1448 lum
342 1421 387 1449 Dei
413 1422 441 1449 in
470 1422 588 1457 spiritu?
606 1421 684 1455 Quod
717 1427 806 1449 autem
832 1429 882 1449 sua
910 1422 1044 1458 sapientia

240 1466 244 1471 '
256 1467 388 1494 Salomon
401 1475 492 1494 veram
506 1467 640 1501 signiﬁcet
653 1467 827 1501 sapientiam,
839 1475 921 1495 nemo
935 1471 1047 1494 contra-

254 1512 377 1545 dixerit,
411 1513 445 1539 ad
479 1513 624 1539 historiam
657 1513 797 1547 aspiciens
831 1518 858 1541 et
889 1513 1044 1541 veritatem.

255 1557 385 1585 Testatur
399 1558 473 1585 enim
487 1557 613 1590 historia,
627 1559 699 1592 quod
716 1558 760 1585 ille
774 1559 895 1586 excessit
907 1559 1041 1586 terminos

255 1602 382 1630 humanae
397 1603 550 1638 sapientiae,
565 1607 593 1630 ut
605 1604 650 1638 qui
665 1604 787 1630 omnium
799 1612 891 1632 rerum
907 1604 1041 1639 cognitio-

255 1655 317 1676 nem
331 1648 359 1675 in
381 1648 424 1676 sui
443 1649 538 1676 cordis
562 1649 708 1676 latitudine
733 1650 846 1684 ceperit,
873 1650 941 1678 adeo
965 1654 994 1677 ut
1016 1654 1043 1677 et

255 1694 362 1729 priores
374 1695 548 1729 praeterierit,
561 1699 588 1722 et
602 1695 648 1730 qui
665 1695 794 1730 deinceps
809 1699 873 1723 sunt
889 1695 1042 1727 consecuti,

254 1747 318 1767 eum
344 1748 399 1767 non
425 1741 533 1775 possint
556 1742 688 1776 assequi:
711 1741 844 1769 Dominus
876 1747 966 1769 autem
993 1749 1041 1768 sua

255 1791 366 1818 natura,
379 1786 405 1813 id
422 1787 510 1821 ipsum
529 1786 602 1822 quod
628 1791 680 1818 est,
696 1792 737 1814 est
764 1787 883 1814 essentia
905 1787 1040 1818 veritatis,

255 1833 395 1868 sapientiae
418 1837 445 1860 et
462 1834 592 1868 potentia:
616 1840 647 1860 ac
671 1834 789 1860 virtutis.
805 1833 952 1868 Propterea
977 1840 1039 1860 cum

255 1879 372 1906 dixisset
387 1878 471 1906 David
486 1888 492 1906 :
511 1878 607 1906 Omnia
626 1879 652 1905 in
668 1879 799 1914 sapientia
815 1879 901 1913 feciin
914 1879 954 1906 ηε
972 1878 1041 1905 Pro-

255 1924 364 1959 phetam
389 1924 573 1960 interpretans
595 1924 705 1952 divinus
733 1925 892 1959 Apostolus,
923 1925 950 1951 in
980 1924 1040 1959 ipso

255 1968 322 1997 dicit
337 1974 430 1997 creata
444 1979 506 1998 esse
523 1971 614 1998 omnia
627 1971 649 1986 “
663 1980 669 1997 :
690 1974 783 2004 utpote
808 1971 881 2004 quod
905 1970 1040 2004 Propheta

256 2023 318 2044 eum
335 2016 468 2052 significet
483 2025 530 2051 per
547 2017 718 2051 sapientiam.

291 2107 370 2140 Quod
383 2111 473 2134 autem
488 2114 536 2133 rex
548 2106 629 2134 lsrael
643 2106 677 2133 sit
689 2105 831 2136 Dominus,
842 2104 948 2131 inimici
959 2103 1040 2131 etiam

257 2153 317 2188 ejus
332 2152 424 2180 testati
439 2156 514 2183 sunt,
533 2152 578 2186 qui
597 2150 799 2179 coafessionem
809 2149 886 2185 regni
903 2150 963 2183 ejus
978 2149 1042 2176 suh-

257 2199 427 2234 scripserunt
441 2198 528 2229 cruci,
548 2197 596 2223 llic
611 2201 650 2223 est
672 2204 719 2223 rex
735 2195 892 2223 Juda'orum
909 2196 931 2211 ’⁸
945 2205 951 2222 :
970 2196 1043 2223 acci-

258 2246 348 2280 pimus
364 2244 435 2271 enim
451 2243 649 2274 testimonium,
667 2242 774 2269 etiamsi
800 2241 832 2268 de
857 2241 1042 2276 magnitudine

259 2291 403 2326 potestatis
419 2293 565 2317 censeatur
578 2288 733 2320 detrahere,
747 2288 812 2315 dum
833 2295 915 2322 regno
935 2287 1043 2314 Israeli—

260 2340 350 2363 tarum
362 2335 491 2363 terminat
503 2335 665 2361 dominium.
679 2333 737 2360 Non
749 2334 822 2361 enim
833 2333 870 2360 ita
882 2333 963 2361 habet
975 2342 982 2360 ι
995 2332 1042 2360 sed

262 2390 294 2408 ex
307 2385 384 2417 parte
402 2380 546 2415 imperium
562 2381 588 2407 in
602 2380 767 2414 omncsipsa
783 2379 810 2406 in
826 2386 910 2406 cruce
926 2378 1043 2412 inscrip-

259 2427 298 2454 tio
311 2426 418 2457 tribuit,
434 2426 506 2461 quod
522 2433 575 2452 non
591 2425 732 2460 adiecerit,
759 2425 831 2459 quod
856 2425 880 2452 is
896 2425 930 2451 sit
950 2424 1041 2451 solum

260 2481 307 2501 rex
322 2472 488 2500 Iudaeorum.
507 2472 573 2499 Nam
588 2480 649 2499 cum
661 2473 686 2499 ei
700 2472 789 2499 oratio
804 2471 928 2498 absolute
941 2470 1044 2497 tribue-

260 2518 296 2545 rit
321 2525 372 2546 suo
396 2518 553 2545 testimonio
582 2517 739 2544 Judmorum
768 2515 933 2551 imperium,
961 2515 1043 2542 etiam

260 2564 404 2599 imperium
415 2563 442 2590 in
453 2571 548 2591 omnes
560 2563 641 2591 tacite
649 2571 681 2590 eo
692 2570 816 2590 sermone
826 2561 1043 2607 comprehcpdit.

260 2609 319 2638 Rex
332 2610 405 2637 enim
419 2610 553 2637 universae
566 2614 646 2637 terrm
661 2609 742 2635 etiam
758 2608 785 2634 in
799 2611 903 2642 partem
919 2606 1045 2633 domina-

260 2660 318 2684 tum
332 2656 438 2683 obtinet
452 2665 459 2689 ;
476 2655 630 2682 Salomonis
649 2657 738 2680 autem
755 2652 876 2680 studium
900 2653 927 2679 in
948 2659 1044 2679 verum

258 2702 405 2738 judicium,
422 2701 558 2736 significat
578 2707 671 2727 verum
695 2699 816 2733 judicem
831 2699 914 2726 totius
936 2697 1042 2729 mundi,

262 2759 314 2810 :7“
341 2758 428 2794 Ephes
465 2766 495 2789 ιι,
526 2758 556 2784 Η
580 2765 638 2792 seq.
674 2758 695 2773 "
715 2756 788 2785 Psal.
833 2757 964 2789 πιαινηὲ
982 2764 1042 2791 sqq.

261 2797 305 2816 at,

1141 231 1184 257 ‘Ev
1209 231 1317 263 πολλοῖς
1339 233 1353 258 ὁ
1377 232 1503 267 βασιλεὺς
1521 233 1648 269 Σολομὼν
1669 235 1710 266 εις
1735 235 1818 263 τύπον
1836 236 1877 264 τοῦ

1097 276 1226 312 ἀληθινοῦ
1253 278 1386 313 βασιλέως
1416 279 1677 316 παραλαμϐάνεται·
1708 281 1814 314 πολλοῖς
1834 283 1877 318 δὴ,

1098 322 1188 356 φημὶ,
1203 323 1259 354 τοῖς
1279 323 1346 359 πρὸς
1369 324 1398 350 τὸ
1420 325 1541 359 κρεῖττον
1562 325 1723 360 περὶαύτοῦ
1750 327 1822 362 παρὰ
1835 328 1877 364 τῆς

1096 368 1178 402 ἁγίας
1196 368 1308 404 Γραφῆς
1329 370 1538 406 ἱστορουμένοις.
1566 372 1713 407 Εἰρηνικός
1727 381 1757 399 τε
1771 372 1829 408 γὰρ·
1838 374 1877 401 λέ-

1096 423 1190 448 γεται,
1209 416 1256 441 καὶ
1281 416 1375 450 σοφίαν
1400 417 1553 452 ἀμέτρητον
1572 417 1646 453 ἔχει·
1670 419 1716 445 καὶ
1735 419 1798 446 ναὸν
1814 420 1878 446 οἰκο-

1096 458 1189 493 δομεῖ,
1206 459 1342 493 βασιλεύει
1357 469 1386 487 τε
1403 461 1450 488 τοῦ
1470 462 1588 499 Ἰσραὴλ,
1603 464 1650 490 καὶ
1664 465 1752 499 κρίνει
1767 465 1811 491 τὸν
1821 465 1878 492 λαὸν

1097 503 1126 529 ἐν
1135 503 1291 540 δικαιοσύνῃ
1301 513 1307 521 ·
1323 506 1369 532 καὶ
1382 506 1414 532 ἐκ
1428 506 1474 533 τοῦ
1488 508 1538 534 σπέ
1544 509 1646 543 ρματός
1661 510 1719 536 ἐστι
1731 510 1779 537 τοῦ
1793 511 1876 538 Δαϐίδ.

1103 546 1183 574 Ἀλλὰ
1207 548 1252 574 καὶ
1273 549 1357 583 ἡτῶν
1377 550 1511 578 Αἰθιόπων
1530 551 1672 587 βασίλισσα
1690 554 1771 581 αὐτὸν
1794 557 1876 592 φοιτᾷ,

1097 592 1189 619 Ταῦτα
1205 593 1259 629 γὰρ
1276 594 1365 622 πάντα
1382 596 1431 622 καὶ
1453 596 1486 623 τὰ
1510 597 1639 631 τοιαῦτα,
1656 600 1721 635 περὶ
1735 601 1816 627 αὑτοῦ
1833 602 1878 636 μὲν

1095 637 1202 672 λέγεται
1227 640 1364 674 τυπικῶς,
1390 642 1588 679 προδιαγράφει
1608 644 1636 671 δὲ
1653 645 1699 672 τοῦ
1715 646 1877 681 Εὑαγγελίου

1095 683 1144 718 τὴν
1159 684 1281 720 δύναμιν.
1301 687 1348 719 Τίς
1371 688 1425 724 γὰρ
1443 689 1531 722 οὕτως
1550 691 1701 727 είρηνικὺς,
1722 693 1760 725 ὼς
1778 695 1792 720 ὁ
1814 695 1877 722 ἀπο-

1101 731 1265 767 κτείναςτὴν
1273 732 1382 768 ἔχθραν,
1391 735 1438 761 καὶ
1449 735 1487 770 τῷ
1506 736 1612 772 σταυρῷ
1629 738 1808 774 προσηλώσας
1821 740 1880 772 τοὺς

1095 775 1208 812 ἐχθροὺς
1227 778 1334 805 ἑαυτοῦ·
1354 780 1442 815 ἡμᾶς,
1457 781 1555 815 μᾶλλον
1571 782 1599 808 δὲ
1613 782 1658 808 τὸν
1673 783 1775 819 κόσμον
1795 785 1878 820 ἑαυτῷ

1096 822 1273 855 καταλλάξας,
1292 824 1340 850 καὶ
1362 825 1393 851 τὸ
1409 826 1564 861 μεσότοιχον
1578 826 1625 854 τοῦ
1640 822 1768 864 φραγμοῦ
1788 830 1877 864 λύσας,

1097 865 1140 892 ἵνα
1159 868 1222 899 τοὺς
1240 868 1286 895 δύο
1307 869 1388 906 κτίσῃ
1402 871 1430 897 ὲν
1446 871 1534 907 ἑαυτῷ
1552 873 1592 903 εἰς
1606 873 1655 900 ἕνα
1671 875 1762 901 καινὸν
1776 875 1878 911 ἄνθρω-

1095 921 1163 943 πον,
1182 915 1265 942 ποιῶν
1280 916 1400 951 εἰρήνην,
1417 918 1431 943 ὁ
1455 918 1576 953 κηρύξας
1592 921 1648 951 τοῖς
1663 922 1773 956 μακράν
1792 931 1820 948 τε
1834 923 1878 949 καὶ

1095 959 1152 990 τοῖς
1174 961 1258 994 ἐγγὺς
1281 961 1328 997 τὴν
1347 963 1470 999 είρήνην,
1497 964 1541 991 διὰ
1556 965 1610 992 τῶν
1632 966 1878 1001 εὐαγγελιζομένων

1096 1005 1129 1030 τὰ
1146 1006 1247 1039 ἀγαθάς
1263 1007 1312 1038 Τίς
1322 1008 1349 1034 δὲ
1362 1008 1483 1041 τοιοῦτος
1497 1010 1637 1046 οἰκοδόμος
1653 1012 1731 1044 ναοῦ;
1745 1013 1783 1045 ὡς
1793 1014 1806 1040 ὁ
1819 1016 1879 1047 τοὺς

1097 1050 1146 1084 μὲν
1163 1051 1301 1086 θεμελίους
1316 1053 1398 1080 αὑτοῦ
1412 1054 1496 1087 τιθεὶς
1509 1056 1538 1082 ἐν
1552 1057 1608 1088 τοῖς
1621 1057 1696 1092 ὄρεσι
1714 1060 1769 1090 τοῖς
1783 1059 1876 1093 ἁγίοις,

1097 1097 1242 1128 τουτέστιν,
1264 1100 1292 1125 ἐν
1309 1101 1364 1131 τοίς
1382 1101 1535 1137 προφήταις
1549 1103 1595 1129 καὶ
1612 1104 1771 1138 ἀποστόλοις
1783 1114 1790 1121 ⁸
1809 1107 1879 1134 ὲποι-

1094 1142 1216 1177 κοδομῶν
1227 1143 1267 1176 δὲ,
1283 1144 1374 1177 καθώς
1390 1154 1471 1181 φησιν
1488 1148 1501 1172 ὁ
1514 1147 1634 1180 Παῦλος,
1651 1149 1698 1176 ἐπὶ
1711 1150 1748 1186 τῷ
1766 1151 1880 1187 θεμελίῳ

1094 1188 1149 1215 τῶν
1158 1189 1314 1217 ἀποστόλων
1325 1192 1371 1218 καὶ
1390 1193 1554 1228 προφητῶν,
1565 1195 1628 1226 τοὺς
1635 1194 1740 1228 ζῶντας
1757 1198 1803 1224 καὶ
1819 1198 1880 1230 τοὺς

1097 1233 1236 1270 ἐμψύχους
1250 1236 1350 1268 λίθους,
1363 1237 1426 1269 τοὺς
1444 1238 1478 1265 δι’
1498 1239 1602 1266 ἑαυτῶν
1619 1241 1688 1276 πρὸς
1698 1242 1747 1276 τὴν
1759 1242 1813 1269 τῶν
1826 1243 1878 1270 τοί-

1096 1289 1151 1315 χων
1168 1281 1301 1316 ἁρμονίαν
1316 1283 1388 1310 κατὰ
1409 1284 1455 1311 τὸν
1471 1285 1638 1320 προφητικὸν
1655 1286 1733 1321 λόγον
1755 1289 1880 1316 κεκυλισ-

1097 1326 1193 1362 μένους
1204 1346 1211 1358 ,
1225 1327 1295 1355 ὥστε
1311 1330 1545 1364 συναρμοσθέντας
1560 1332 1589 1358 ἐν
1603 1334 1636 1367 τῇ
1653 1333 1759 1368 ἑνότητι
1773 1335 1822 1370 τῆς
1836 1335 1882 1362 πί-
1901 1335 1904 1346 ³

1097 1379 1196 1403 στεως,
1214 1373 1259 1399 καὶ
1275 1373 1314 1408 τῷ
1334 1374 1475 1411 συνδέσμῳ
1492 1375 1543 1410 τῆς
1565 1377 1693 1412 εἰρήνης,
1712 1379 1829 1413 αὐξῆσαι
1848 1380 1881 1406 δι’

1095 1416 1199 1443 ἑαυτῶν
1211 1417 1256 1444 τὸν
1271 1418 1335 1444 ναὸν
1350 1418 1394 1445 τὸν
1408 1419 1494 1453 ἆγιον,
1509 1421 1549 1452 εὶς
1561 1420 1591 1447 τὸ
1610 1421 1738 1455 γενέσθαι
1754 1432 1883 1459 κατοικη-

1095 1463 1187 1498 τήριον
1209 1463 1275 1490 Θεοῦ
1292 1465 1321 1490 ἐν
1341 1465 1489 1500 πνεύματι;
1505 1465 1565 1493 Ὅτι
1582 1466 1610 1494 δὲ
1631 1469 1679 1494 καὶ
1698 1469 1730 1503 τῇ
1752 1469 1833 1504 σοφίᾳ.
1848 1470 1881 1505 τῇ

1095 1507 1192 1534 ἑαυτοῦ
1206 1509 1219 1534 ὁ
1233 1508 1357 1543 Σολομὼν
1371 1511 1421 1545 τὴν
1442 1510 1571 1547 ἀληθινὴν
1596 1512 1692 1547 μηνύει
1708 1514 1819 1548 σοφίαν,
1836 1515 1883 1540 ού-

1095 1553 1150 1584 δεὶς
1169 1553 1201 1579 ἂν
1214 1554 1346 1586 ἀντείποι,
1361 1555 1428 1590 πρός
1441 1564 1471 1582 τε
1489 1556 1538 1592 τὴν
1554 1557 1674 1592 ἱστορίαν
1687 1558 1734 1584 καὶ
1750 1559 1819 1594 πρὸς
1834 1558 1883 1594 τὴν

1094 1598 1224 1634 ἀλήθειαν
1240 1600 1356 1634 βλέπων.
1373 1602 1559 1637 Μαρτυρεῖται
1576 1603 1627 1637 μὲν
1640 1603 1695 1639 γὰρ
1711 1605 1815 1637 ἐκεῖνος
1831 1605 1884 1631 ὑπὸ

1091 1647 1140 1681 τῆς
1162 1647 1297 1682 ἱστορίας,
1315 1648 1355 1674 ὅτι
1370 1648 1493 1683 παρῆλθε
1507 1649 1570 1681 τοὺς
1581 1650 1632 1684 τῆς
1647 1650 1821 1686 ἀνθρωπίνης
1836 1659 1883 1678 σο-

1092 1691 1155 1725 φίας
1177 1691 1273 1726 ὄρους,
1301 1692 1408 1719 πάντων
1422 1693 1470 1728 τὴν
1490 1694 1591 1727 γνῶσιν
1614 1695 1644 1721 ἑν
1663 1695 1703 1729 τῷ
1718 1695 1815 1722 πλάτει
1831 1696 1883 1731 τῆς

1091 1736 1203 1771 καρδίας
1223 1737 1368 1773 χωρήσας,
1383 1738 1421 1770 ὡς
1441 1739 1488 1764 καὶ
1505 1739 1568 1770 τοὺς
1584 1739 1769 1774 προλαϐόντας
1787 1749 1881 1776 παρα-

1090 1781 1218 1817 δραμεῖν,
1233 1783 1348 1814 καὶτοῖς
1365 1782 1462 1818 ἐφεξῆς
1485 1784 1612 1817 γενέσθαι
1632 1785 1777 1819 ἀνέφικτος
1789 1794 1795 1800 ·
1820 1787 1836 1813 ὁ
1852 1787 1883 1814 δὲ

1093 1828 1195 1864 Κύριος
1214 1829 1285 1856 κατὰ
1307 1829 1355 1865 τὴν
1379 1831 1475 1857 ἑαυτοῦ
1497 1831 1592 1865 φύσιν,
1620 1831 1686 1858 αὐτὸ
1704 1833 1772 1868 ὅπερ
1794 1834 1882 1866 ἐστὶν,

1092 1874 1222 1910 ἀληθείας
1241 1884 1270 1901 τε
1297 1876 1343 1902 καὶ¹
1365 1877 1462 1911 σοφίας
1482 1877 1529 1903 καὶ
1552 1877 1692 1913 δυνάμεως
1710 1879 1788 1905 οὐσία
1810 1880 1883 1906 ἐστι.

1092 1921 1142 1947 Διὰ
1157 1921 1234 1948 τοῦτο
1250 1921 1295 1948 τοῦ
1312 1923 1394 1949 Δαϐὶδ
1413 1923 1550 1954 εἰπόντος·
1575 1924 1613 1950 iit:
1628 1923 1729 1951 Πάντα
1741 1925 1776 1951 ἑν
1787 1926 1883 1960 σοφίᾳ

1092 1966 1257 1999 ἐποίησας,
1271 1967 1430 2002 ἑρμηνεύων
1448 1968 1494 1995 τὸν
1513 1970 1659 2005 Προφήτην
1676 1971 1691 1997 ό
1706 1971 1777 2003 θεῖος
1800 1972 1885 1999 Ἀπό-

1096 2011 1198 2043 στολος,
1214 2013 1242 2038 ὲν
1252 2012 1326 2046 αὺτῷ
1341 2012 1463 2039 ἐκτίσθαι
1478 2013 1513 2040 τὰ
1527 2014 1616 2042 πάντα
1627 2015 1716 2050 λέγει’
1734 2017 1772 2049 ὡς
1786 2018 1883 2046 τοῦτον

1093 2057 1138 2083 τοῦ
1153 2058 1296 2092 Προφήτου
1310 2058 1352 2085 διὰ
1368 2059 1416 2093 τῆς
1434 2060 1530 2094 σοφίας
1544 2056 1731 2096 σημαίνοντος.

1129 2103 1165 2128 Τὸ
1183 2103 1211 2129 δὲ
1230 2103 1340 2138 βασιλέα
1357 2103 1403 2130 τοῦ
1426 2105 1534 2140 Ἰσραὴλ
1552 2104 1620 2133 εἶναι
1634 2107 1679 2134 τὸν
1694 2108 1797 2144 Κύριον
1808 2129 1815 2140 ,
1834 2109 1884 2137 καὶ

1094 2148 1169 2183 παρὰ
1186 2148 1241 2175 τῶν
1260 2148 1364 2184 ἐχθρῶν
1380 2150 1598 2186 μεμαρτύρηται,
1616 2152 1670 2179 τῶν
1688 2154 1885 2190 ὑπογεγραφό-

1093 2201 1146 2219 των
1157 2193 1196 2228 τῷ
1209 2194 1317 2229 σταυρῷ
1335 2194 1384 2230 τὴν
1398 2195 1543 2230 ὁμολογίαν
1558 2197 1607 2232 τῆς
1623 2197 1760 2232 βασιλείας
1778 2201 1865 2227 αὑτοῦ
1877 2209 1883 2216 ·

1093 2239 1133 2265 ὅτι
1152 2236 1248 2271 Οὗτός
1262 2239 1348 2266 ἐστιν
1368 2241 1384 2266 ὀ
1397 2241 1548 2274 ,βασιλεὺς
1565 2242 1624 2269 τῶν
1652 2243 1821 2271 Ἰουδαίων·
1842 2246 1887 2272 δε-

1096 2285 1199 2320 χόμεθα
1216 2284 1270 2319 γὰρ
1287 2285 1334 2320 τὴν
1353 2288 1503 2322 μαρτυρίαν
1514 2308 1520 2320 ,
1539 2289 1565 2314 εί
1584 2289 1631 2315 καὶ
1649 2290 1888 2325 κατασμικρύνειν

1096 2330 1234 2366 νομίζεται
1242 2331 1272 2358 τὺ
1290 2331 1430 2366 μεγαλεῖον
1440 2332 1487 2359 toﬁ
1497 2333 1623 2369 κράτους,
1632 2336 1664 2370 τῇ
1678 2335 1731 2362 τῶν
1749 2335 1890 2372 Ἰσραηλι-

1095 2376 1150 2403 τῶν
1163 2376 1285 2413 βασιλείᾳ
1295 2377 1345 2412 τὴν
1352 2377 1510 2405 δεσποτείαν
1528 2379 1668 2415 ὁρίζουσα.
1677 2380 1713 2406 Οὐ
1730 2380 1784 2416 γὰρ
1795 2380 1890 2413 οὕτως

1096 2422 1153 2457 ἔχει
1164 2421 1236 2449 -ἁλλ“
1244 2422 1298 2449 ἀπὸ
1308 2423 1417 2458 μέρους,
1427 2423 1476 2458 τὴν
1484 2424 1553 2450 κατὰ
1564 2425 1674 2451 πάντων
1683 2425 1770 2460 ἀρχὴν
1785 2427 1802 2461 ἡ
1822 2427 1889 2453 ἐπι-

1095 2467 1187 2504 γραφὴ
1198 2467 1267 2503 αὕτη
1276 2468 1315 2503 τῷ
1326 2468 1434 2503 σταυρῷ
1443 2469 1594 2504 ἀνατίθησι,
1606 2469 1645 2505 τῷ
1659 2470 1696 2506 μὴ
1710 2471 1889 2505 προσθεῖναι,

1095 2513 1136 2539 ὅτι
1154 2513 1242 2548 μόνων
1262 2513 1315 2540 τῶν
1333 2513 1466 2540 Ἰουδαίων
1485 2511 1564 2546 οὗτός
1577 2516 1634 2542 ἐστι
1647 2515 1781 2550 βασιλεύς.
1801 2517 1892 2544 Ἀποο

1095 2559 1182 2590 λύτως
1198 2559 1252 2594 γὰρ
1277 2559 1350 2594 αὑτῷ
1369 2561 1618 2596 προσμαρτυρήσας
1639 2562 1653 2587 ὁ
1669 2561 1747 2596 λόγος
1759 2562 1809 2598 τὴν
1829 2562 1894 2590 τῶν

1102 2604 1233 2631 Ἰουδαίων
1259 2605 1356 2640 ἀρχὴν,
1379 2605 1426 2632 καὶ
1444 2605 1475 2632 τὸ
1490 2606 1560 2632 κατὰ
1573 2606 1682 2634 πάντων
1699 2608 1798 2643 κράτος
1812 2609 1895 2637 κατὰ

1096 2649 1127 2677 τὸ
1145 2648 1321 2684 σιωπώμενον
1341 2649 1373 2684 τῇ
1391 2649 1521 2685 ὁμολογίᾳ
1548 2650 1632 2686 ταύτῃ
1660 2651 1892 2686 συμπαρέλαϐεν.

1103 2696 1133 2722 '0
1147 2694 1201 2730 γὰρ
1211 2693 1336 2728 βασιλεὺς
1352 2693 1442 2730 πάσης
1457 2694 1507 2729 τῆς
1519 2695 1570 2730 γῆς
1584 2697 1631 2723 καὶ
1645 2696 1692 2723 τοῦ
1703 2696 1803 2732 μέρους
1816 2695 1895 2724 πᾶν·

1098 2755 1122 2770 "
1137 2753 1210 2781 Psal.
1223 2761 1281 2785 cm,
1295 2753 1341 2780 24.
1379 2753 1401 2769 ’⁵
1417 2752 1523 2780 Coloss.
1539 2753 1617 2785 ι,16.
1656 2754 1678 2769 ’⁵
1690 2752 1784 2781 Matth.
1796 2761 1896 2786 xxvii,
