1984 3068
114 72 160 102 909

114 139 164 163 ιιως
175 130 224 165 τὴν
240 130 398 157 δεσποτείαν
412 130 471 166 ’ἔχει
483 138 489 145 ·
505 130 521 165 ἡ
533 130 561 157 δὲ
578 131 642 165 περὶ
654 129 704 165 τὴν
715 128 821 156 δικαίαν
839 128 897 165 κρξδ
913 129 935 155 Δ

116 185 154 205 σιν
171 177 218 204 τοῦ
232 177 403 212 Σολομῶντος
419 175 520 211 σπουδὴ
536 176 581 202 τὸν
597 175 723 210 ἀληθινὸν
737 175 834 210 κριτὴν
851 174 897 201 τοῦ

115 222 208 255 παντὸς
227 223 330 258 κόσμου
344 223 528 258 διασημαίνει,
541 223 570 255 ὃς
587 229 669 257 φησιν
679 230 685 236 ·
705 221 736 248 '0
750 221 851 254 Hm:in
862 222 898 248 οὺ

115 269 203 303 κρίνει
221 269 342 302 οὐδένα,
362 269 443 297 ἀλλὰ
464 270 522 303 τὴν
543 269 645 303 κρίσιν
667 267 772 295 πᾶσαν
789 264 899 294 δέδωκε

116 313 150 346 τῷ
165 314 236 346 ΥΙῷ·
252 314 298 342 καὶ
311 314 362 345 ὅτι,
382 315 423 341 Οὺ
442 314 568 348 δύναμαι
584 313 680 340 ποιεῖν
704 313 754 340 ἀπ’
770 313 899 347 ἐμαυτοῦ

115 360 218 387 οὐδέν·
235 360 315 388 ἀλλὰ
341 359 437 393 καθὼς
452 360 564 391 ἀκούω,
582 361 682 394 κρίνω,
703 360 751 387 καὶ
767 361 787 394 -ἠ
802 359 900 394 κρίσις

116 407 132 439 ἡ
147 406 202 440 ἐμὴ
213 406 313 433 δικαία
335 406 431 432 ἐστίν.
447 402 531 437 Οὗτος
548 405 602 441 γὰρ
612 406 626 431 ὁ
637 405 786 440 ἀκρότατος
797 404 847 438 τῆς
863 403 901 431 δι-

116 452 191 483 καίας
217 452 333 487 κρίσεως
361 452 433 487 ὅρος,
461 452 491 479 τὸ
509 452 547 487 μὴ
575 452 621 486 ἀφ’
638 451 735 478 ἑαυτοῦ
758 451 827 478 κατὰ
840 459 902 478 τινα

117 497 299 532 προσπάθειαν
328 497 474 532 ἀπόκρισιν
499 498 554 528 τοῖς
581 497 753 532 κρινομένοις
789 497 899 532 νέμειν·

116 543 180 570 ἀλλά
195 542 302 577 πρῶτον
322 542 431 569 ἀκούειν
455 541 509 569 τῶν
528 542 663 569 ὑποδίκων
683 543 717 577 τῇ
733 540 832 576 κρίσει,
851 538 900 567 εἶθ’

116 587 199 619 οὕτως
217 587 265 623 τὴν
279 587 323 614 ἐπ’
337 588 429 618 αὐτοῖς
443 588 531 622 ψῆφον
556 586 721 614 ἐκτίθεσθαι.
739 585 776 614 Οὒ
790 586 870 623 χάριν
885 588 901 622 ή

116 633 159 660 τοῦ
172 633 240 660 Θεοῦ
257 632 371 669 δύναμίς
384 642 444 660 τινα
460 633 586 668 ὁμολογεῖ
596 633 632 668 μὴ
642 632 782 660 δύνασθαι.
799 633 835 659 Τὸ
847 631 902 667 γὰρ

116 679 166 711 ἔξω
184 676 229 704 τοῦ
257 677 361 704 δικαίου
393 678 565 714 παρατρέψαι
589 678 638 714 τὴν
663 677 754 713 κρίσιν
778 677 904 705 ἀδυνατεῖ

116 722 237 758 ἀλήθεια.
261 722 339 749 Ἀλλά
353 722 384 748 τὸ
398 722 447 757 μὲν
459 723 491 749 ἐκ
505 723 552 750 τοῦ
567 722 723 758 σπέρματος
739 722 820 748 Δαὸὶδ
833 719 903 748 εῖναι

117 767 184 794 κατά
200 767 288 803 σάρκα
304 767 348 794 τὸν
361 766 473 803 Κύριον,
490 768 537 795 καὶ
563 767 638 802 παρά
653 767 700 793 τοῦ
717 767 858 801 γεγονότος
870 767 902 793 ὲκ

599 70 632 97 ΙΝ
651 67 798 97 CANTICA
814 66 949 96 CANTIC.
969 67 1108 95 llOMlLIA
1132 66 1187 94 VII.

1685 56 1750 95 9m

950 125 995 161 qui
1019 125 1103 153 dicit:
1136 124 1217 151 Pater
1244 123 1371 150 nentinem
1391 123 1509 157 judicut,
1536 123 1581 151 sed
1602 123 1737 158 judicium

948 180 1023 199 omne
1037 172 1110 198 dedit
1128 170 1200 197 Filio
1212 170 1236 185 “
1251 178 1257 201 ;
1279 173 1317 200 et,
1333 169 1392 195 Non
1416 177 1523 203 possunt
1546 176 1579 196 ea:
1591 177 1631 196 me
1651 168 1738 203 facere

948 218 1111 253 quidquam:
1135 217 1180 243 sed
1212 215 1398 254 sicutVaudio,
1425 215 1535 249 judico:
1560 217 1584 242 et
1605 215 1738 249 judicium

949 271 1036 291 meum
1058 263 1162 298 justum
1186 266 1224 289 est
1246 261 1278 288 *⁷.
1304 260 1366 288 lltec
1388 264 1429 287 est
1452 260 1524 287 enim
1547 259 1615 293 justi
1641 259 1738 294 judicii

950 309 1126 336 exactissima
1143 307 1278 337 deﬁnitio,
1305 314 1358 335 non
1371 314 1402 334 es
1421 314 1450 334 se
1480 307 1571 342 aliqua
1596 306 1739 334 aﬂ'ectione

950 353 1015 381 dare
1028 360 1192 388 responsum
1209 353 1242 380 iis
1255 352 1301 387 qui
1318 353 1344 379 in
1357 351 1463 385 judicio
1485 352 1674 385 contendunt;
1690 351 1738 379 sed

950 399 1068 433 primum
1081 398 1175 426 audire
1191 406 1238 425 eos
1254 398 1301 433 qui
1314 397 1433 426 subeunt
1444 397 1590 432 judicium,
1603 401 1630 424 et
1642 396 1740 424 deinde

950 446 977 472 in
994 452 1042 472 eos
1059 444 1130 472 ferre
1153 444 1329 471 sententiam.
1356 443 1540 476 Quamobrem
1562 450 1591 470 se
1613 443 1738 477 quaedam

950 497 1005 521 non
1024 497 1105 524 posse
1118 489 1167 517 Dei
1181 489 1284 516 fatetur
1298 489 1428 524 potentia.
1445 487 1513 515 Nam
1537 493 1622 515 extra
1634 487 1739 522 justum

950 540 1106 571 pervertere
1115 535 1250 570 judicium
1275 535 1388 562 minime
1413 538 1504 570 potest
1526 534 1638 562 veritas.
1662 533 1741 566 Quod

951 586 1042 609 autem
1053 582 1090 609 sit
1101 589 1132 608 ex
1145 582 1252 609 semine
1263 581 1347 608 David
1359 581 1510 608 secundum
1523 587 1646 612 carnem,
1661 580 1742 613 idque

952 627 1122 662 signiﬁcetur
1135 635 1182 661 per
1195 635 1257 654 cum
1270 626 1316 661 qui
1333 631 1415 655 natus
1429 631 1470 655 est
1482 635 1515 654 ex
1530 626 1642 659 Doride,
1665 625 1698 654 de
1709 634 1743 653 eo

953 674 1192 709 praetermittemus
1207 674 1349 709 prolixiori
1369 675 1409 701 uti
1425 675 1561 706 oratione,
1583 680 1610 702 ut
1634 674 1668 702 de
1687 683 1742 710 quo

953 720 1021 747 satis
1035 723 1153 747 constet.
1167 719 1345 755 Etliiopissaa
1361 724 1451 748 autem
1464 721 1634 756 mysterium,
1647 728 1744 755 quem-

954 765 1100 792 admodum
1118 765 1214 793 relicto
1244 773 1328 801 regno
1353 765 1524 801 Etliiopum.
1540 771 1566 794 et
1579 767 1744 794 transmisso

117 814 161 841 τοῦ
174 800 255 841 tiam-6
273 800 487 850 πρρμηνύεσοαι,
503 813 540 845 ὡς
555 800 769 848 ὁμολογούμενον
782 812 821 847 τῷ
832 812 903 846 λόγῳ

960 813 1031 836 tanto
1046 809 1119 844 quod
1137 800 1323 837 intercedebat
1338 810 1438 845 spatio,
1450 800 1581 845 properat
1606 810 1638 838 ad
1663 811 1743 837 Salo-

118 862 284 896 παρήσομεν.
298 861 335 890 Τὸ
348 861 384 887 δὲ
391 861 462 888 κατά
480 860 530 895 τὴν
545 859 724 887 Αίθιόπισσαν
740 859 903 894 μυστήριον,

117 906 174 938 πῶς
184 906 370 933 καταλιποῦσα
394 906 449 932 τῶν
474 905 611 932 Αἰθιόπων
631 905 680 940 τὴν
697 904 845 939 βασιλείαν,
859 903 906 930 καὶ

117 952 239 979 τοσοῦτον
251 951 366 979 διαϐᾶσα
377 952 422 978 τὸν
436 952 465 978 ὲν
473 950 511 986 τῷ
524 950 597 986 μέσῳ
612 950 701 981 τόπον,
720 950 788 985 πρὸς
801 949 846 976 τὸν
863 949 906 975 Σο-

118 997 240 1033 λομῶν-ια
267 997 310 1024 Eii
335 997 365 1024 τὸ
378 997 455 1029 κλέος
476 997 525 1031 τῆς
541 996 636 1031 σοφίας
656 995 806 1029 ἐπείγεται,
824 994 906 1026 λίθοις

118 1042 216 1076 τιμίοις
232 1042 278 1068 καὶ
292 1041 399 1076 χρυσῷ,
409 1041 522 1072 καὶτοῖς
538 1040 591 1067 τῶν
604 1040 757 1075 ἀρωμάτων
771 1039 907 1074 ἡδύσμασι

117 1088 273 1123 δεξιουμένη
290 1087 335 1114 τὸν
347 1086 467 1122 βασιλέα,
486 1086 563 1122 δῆλον
576 1086 609 1112 ἂν
622 1086 727 1119 γένοιτο
742 1085 781 1120 τῷ
796 1085 908 1119 ἐπιστή-

119 1143 195 1161 σαντι
214 1134 282 1169 πρὸς
299 1134 312 1160 ὅ
330 1141 358 1159 τι
373 1132 427 1159 τῶν
442 1131 625 1165 εὐαγγελικῶν
640 1130 731 1165 βλέπει
751 1130 906 1164 θαυμάτων.

120 1180 166 1211 Τίς
180 1179 234 1215 γὰρ
248 1179 297 1206 οὐκ
310 1176 379 1205 οἶδεν
390 1178 431 1205 ὅτι
454 1177 568 1213 μέλαινα
585 1175 618 1212 ἦν
644 1176 674 1210 ἐξ
688 1175 909 1210 εἰδωλολατρείας

118 1225 147 1251 τὸ
161 1223 298 1259 καταρχὰς
316 1224 332 1258 ἡ
347 1222 377 1256 ἐξ
389 1222 473 1250 ἐθνῶν
490 1222 648 1257 Ἐκκλησία,
662 1221 727 1256 πρὶν
747 1220 911 1256 Ἐκκλησίαν

118 1269 253 1303 γενέσθαι,
271 1267 361 1303 πολλῷ
375 1267 476 1304 μεταξὺ
486 1267 525 1302 τῷ
540 1267 591 1302 τῆς
613 1266 723 1301 ἀγνοίας
734 1266 909 1301 διαστήματι,

118 1315 167 1350 τῆς
183 1315 252 1351 πρὸς
274 1314 319 1342 τδν
339 1313 465 1349 ἀληθινὸν
484 1313 551 1340 Θεὸν
570 1313 697 1347 γνώσεως
711 1311 908 1348 ἀπῳκισμένη;

125 1360 195 1386 Ἀλλ’
212 1360 256 1386 ὅτε
281 1359 404 1394 ἐπεφάνη
428 1360 445 1393 ἡ
466 1359 546 1394 χάρις
569 1357 616 1384 τοῦ
639 1356 718 1389 Θεοῦ,
734 1357 781 1384 καὶ
796 1358 812 1392 ὴ
830 1357 911 1391 σοφία

119 1405 264 1441 διέλαμψε,
279 1405 326 1432 καὶ
339 1405 368 1431 τὸ
387 1405 445 1439 φῶς
463 1404 493 1431 τὸ
510 1403 635 1439 ἀληθινὸν
647 1403 715 1439 πρὸς
730 1403 792 1434 τοὺς
807 1403 835 1429 έν
850 1402 911 1429 σκό-

119 1460 159 1478 τει
185 1452 232 1478 καὶ
257 1451 320 1486 σκιᾷ
345 1450 462 1481 θανάτου
488 1450 659 1485 καθημένους
679 1449 728 1485 τὴν
743 1450 839 1476 ἀκτῖνα
857 1448 911 1476 διέ-

120 1497 291 1533 πεμψε,τότε
307 1496 354 1523 τοῦ
374 1495 481 1531 Ἰσραὴλ
497 1496 565 1531 πρὸς
580 1496 637 1530 φῶς
655 1495 848 1530 ἐπιμύσαντος,
866 1495 912 1522 καὶ

119 1543 169 1577 τῆς
192 1541 245 1568 τῶν
266 1540 374 1575 ἀγαθῶν
401 1541 547 1576 μετουσίας
573 1541 669 1567 ἑαυτὸν
697 1541 910 1575 ἀποστήσαντος,

121 1588 244 1624 ἔρχονται
262 1589 286 1614 οἱ
308 1588 447 1619 Αἰθίοπες,
471 1588 495 1614 οἱ
512 1586 595 1614 ἐθνῶν
616 1587 650 1622 τῇ
674 1586 764 1613 πίστει
780 1586 913 1622 προστρέ-

121 1642 224 1669 χοντες,
241 1633 288 1660 καὶ
313 1634 341 1660 οῖ
361 1642 426 1660 ποτε
453 1633 528 1664 ὅντες
547 1632 666 1668 μακρὰν,
687 1632 771 1666 ἐγγὺς
783 1632 913 1666 γίνονται,

120 1678 161 1714 τῷ
174 1677 296 1713 μυστικῴ
309 1678 384 1705 ὕδατι
396 1678 445 1712 τὴν
455 1678 584 1713 μελανίαν
593 1678 811 1713 ἀποκλυσάμενοι
821 1685 827 1692 '
844 1677 914 1704 ὥστε

956 862 1063 882 monem
1080 859 1192 890 propter
1204 855 1313 883 laudem
1330 856 1481 890 sapientite,
1496 857 1611 890 gemmis
1625 860 1652 884 et
1663 863 1744 887 auro,

957 901 1159 935 unguentisque
1189 901 1317 936 pretiosis
1351 909 1441 937 regem
1470 902 1619 929 honoriﬁce
1646 909 1743 936 prose-

957 954 1055 980 quens,
1082 946 1261 974 manifestum
1289 947 1372 974 fuerit
1396 948 1518 974 animum
1543 947 1693 975 advertenti
1711 947 1745 974 ad

957 991 1095 1026 quodnam
1123 991 1318 1026 Evangelicum
1349 993 1446 1027 aspicit
1476 993 1652 1020 miraculum.
1679 993 1746 1025 Quis

958 1037 1030 1064 enim
1045 1038 1219 1072 nescit,quod
1232 1045 1292 1073 quae
1301 1046 1334 1065 ex
1346 1038 1501 1075 idololatria
1517 1039 1551 1065 ab
1566 1039 1645 1065 initio
1657 1043 1699 1066 est
1713 1047 1746 1066 cx

959 1082 1086 1115 gentibus
1099 1082 1234 1114 Ecclesia,
1250 1082 1329 1118 nigra
1346 1087 1414 1114 erat,
1432 1082 1591 1118 priusquam
1610 1083 1682 1111 ﬁeret
1694 1083 1746 1111 Ec-

959 1128 1040 1156 clesia
1054 1147 1060 1159 ,
1081 1128 1217 1164 longoque
1241 1129 1385 1163 inter-jecto
1398 1129 1746 1163 ignorationisintervallo.

960 1173 1058 1208 procul
1075 1174 1219 1201 habitabat
1231 1181 1245 1200 a
1257 1175 1313 1202 veri
1325 1174 1373 1201 Dei
1384 1174 1559 1209 cognitione?
1574 1173 1627 1202 Sed
1637 1175 1748 1209 quando

961 1219 1089 1257 apparuit
1106 1219 1195 1254 gratia
1211 1219 1269 1252 Dei,
1286 1224 1313 1247 et
1329 1220 1419 1247 illuxit
1430 1220 1612 1255 sapientia,et
1623 1221 1669 1248 lux
1684 1228 1748 1248 vera

961 1264 995 1294 ad
1013 1271 1061 1301 eos
1075 1264 1122 1299 qui
1138 1264 1272 1292 sedebant
1286 1265 1315 1292 in
1337 1265 1459 1296 tenebris
1475 1269 1502 1293 et
1526 1266 1623 1293 umbra
1640 1266 1748 1300 mortis,

962 1310 1037 1337 niisit
1063 1310 1187 1342 radium,
1213 1315 1279 1337 tunc
1308 1310 1407 1338 lsraele
1434 1311 1467 1339 ad
1489 1311 1578 1339 lucem
1604 1312 1750 1340 claudente

962 1356 1070 1388 oculos,
1091 1361 1119 1384 et
1132 1357 1253 1391 seipsum
1279 1357 1433 1385 abducenlc
1448 1366 1462 1385 a
1480 1358 1613 1386 bonorum
1637 1359 1749 1396 partici-

963 1402 1086 1437 patione,
1096 1403 1210 1430 veniunt
1224 1402 1369 1438 Elliiopes
1384 1404 1401 1430 ii
1415 1405 1462 1438 qui
1474 1404 1507 1432 ad
1523 1404 1602 1432 ﬁdem
1616 1405 1750 1434 accedunt

963 1455 996 1476 ex
1016 1448 1154 1483 gentibus,
1171 1452 1198 1475 ct
1213 1449 1260 1483 qni
1279 1449 1426 1484 aliquando
1456 1450 1536 1485 longe
1551 1454 1642 1483 erant,
1667 1459 1751 1487 prope

964 1494 1111 1526 accedunt,
1138 1494 1249 1529 nigrore
1277 1494 1371 1521 abluto
1390 1502 1459 1529 aqua
1484 1496 1609 1531 mystica,
1628 1496 1696 1524 adeo
1723 1502 1751 1524 ut

964 1538 1136 1575 Ethiopia”
1149 1533 1303 1575 porrexerit
1312 1548 1411 1569 manus
1421 1541 1486 1574 Deo,
1495 1549 1528 1569 eo
1539 1541 1611 1576 quod
1621 1542 1752 1570 obtulerit

965 1586 1036 1613 dona
1066 1586 1132 1620 regi,
1149 1586 1262 1620 pietatis
1276 1592 1409 1619 aromata,
1424 1591 1452 1614 et
1471 1594 1568 1614 aurum
1589 1587 1636 1615 Dei
1655 1589 1752 1623 cogni-

965 1632 1060 1663 tionis,
1072 1636 1098 1659 et
1116 1640 1239 1667 gemmas
1256 1637 1467 1668 praeceptorum,
1487 1637 1514 1661 et
1530 1633 1662 1661 virtutum
1686 1642 1752 1670 ope-

964 1678 1093 1710 rationis.

121 1723 170 1759 τὴν
186 1723 326 1750 Αἰθιοπίαν
353 1721 508 1757 προφθάσαι
526 1724 606 1759 χεῖρα
626 1723 710 1758 αὐτῆς
721 1722 760 1758 τῷ
777 1723 846 1758 Θεῷ,
884 1723 932 1750 καὶ
950 1723 1098 1759 προσάγειν
1108 1723 1182 1758 δῶρα
1194 1723 1233 1758 τῷ
1249 1723 1363 1758 βασιλεῖ,
1376 1723 1411 1750 τά
1418 1725 1505 1768 τελτῆς
1514 1724 1653 1756 εὐσεϐείας
1680 1725 1752 1761 ἀρώ-

124 1777 207 1805 ματα,
216 1769 299 1795 καὶτὸ
310 1769 359 1803 τῆς
371 1768 537 1802 θεογνωσίας
547 1769 724 1804 χρυσίον,καὶ
750 1770 813 1801 τοὺς
840 1769 948 1804 τιμίους
966 1769 1056 1801 λίθους
1080 1770 1129 1805 τῆς
1151 1769 1205 1796 τῶν
1232 1770 1346 1797 ἐντολῶν
1358 1778 1388 1796 τε
1409 1770 1455 1797 καὶ
1475 1771 1528 1797 τῶν
1543 1771 1648 1806 ἀρετῶν
1668 1772 1752 1807 ἐργα-

123 1816 193 1847 σίας.

166 1863 245 1889 Ἀλλά
256 1862 324 1898 πρὸς
335 1862 349 1888 ὂ
363 1870 390 1888 τι
403 1862 509 1897 βλέπων
519 1862 644 1889 ἐντεῦθεν
651 1862 769 1898 ἄρχομαι
784 1863 833 1895 τῆς
845 1872 910 1898 προ-

123 1908 255 1944 κειμένης
279 1908 344 1942 ήμῖν
363 1907 417 1934 τῶν
435 1907 524 1943 ῥητῶν
546 1908 673 1943 θεωρίας,
692 1908 743 1944 ήδη
752 1908 912 1944 διασαφήσω

123 1954 163 1990 τῷ
186 1954 257 1988 λόγῳ
281 1953 366 1988 αὐτὴν
392 1953 590 1990 προεκθέμενος
609 1954 658 1989 τὴν
671 1954 743 1987 λέξιν
761 1954 815 1981 τῶν
833 1954 911 1986 θείῳν

123 1999 222 2033 λογίων
237 1998 350 2033 ἔχουσαν
372 1998 459 2030 οὕτως
468 2007 474 2014 ·
488 1998 610 2034 Φορεῖον
624 1999 771 2034 ἐποίησεν
787 1999 883 2032 ἑαυτῷ
895 2001 912 2027 ὁ

122 2043 272 2077 βασιλεὺς
287 2043 492 2078 Σολομὼνάπό
502 2044 603 2076 ξύλων
611 2044 665 2072 τοῦ
681 2044 822 2076 Λιϐάνου,
841 2045 914 2071 στύ-

123 2092 200 2122 λους
209 2089 302 2117 αὑτοῦ
313 2090 455 2123 ἐποίησεν
474 2090 624 2125 ἀργύριον,
644 2089 694 2117 καὶ
706 2090 739 2117 τὸ
752 2090 916 2117 ἀνάκλιτον

125 2135 219 2162 αὐτοῦ
240 2135 379 2170 χρυσίον,
392 2135 532 2163 ἐπίϐασιν
545 2135 639 2163 αὑτοῦ
661 2136 829 2170 πορφύραν.
850 2136 915 2162 Ἐν-

126 2182 178 2214 τὸς
202 2181 295 2208 αὐτοῦ
316 2182 520 2214 λιθόστρωτον
538 2181 660 2216 ἀγάπην
673 2181 732 2208 ἀπὸ
748 2181 917 2217 θυγατέρων

1002 1861 1055 1889 Sed
1078 1867 1210 1895 quorsum
1238 1859 1389 1893 aspiciens.
1407 1859 1472 1886 hinc
1501 1859 1604 1895 incipio
1629 1869 1645 1888 a
1673 1862 1753 1891 nobis

965 1907 1108 1942 proposita
1117 1905 1264 1934 verborum
1275 1905 1579 1941 contemplatione,jam
1593 1907 1751 1940 declarabo,
1798 1904 1805 1911 ’

966 1954 988 1981 si
1005 1953 1083 1988 prius
1099 1959 1219 1987 posuero
1235 1951 1385 1980 dictionem
1397 1951 1552 1980 divinorum
1568 1954 1751 1988 eloquiorum,

964 2007 1026 2034 quae
1047 1998 1088 2026 sic
1111 1998 1208 2025 habet:
1229 1996 1372 2024 Ferculum
1395 1998 1445 2026 sibi
1465 1998 1527 2032 fecit
1553 2007 1599 2026 rm:
1626 2000 1753 2029 Salomon

963 2053 996 2073 ex
1015 2044 1094 2078 lignis
1113 2043 1221 2073 Libani.
1238 2043 1376 2070 columnas
1400 2045 1451 2071 sibi
1472 2044 1535 2079 fecit
1561 2051 1709 2081 argenteas,
1729 2052 1755 2074 et

964 2089 1163 2116 reclinatort'um
1172 2097 1248 2116 suum
1258 2097 1379 2116 aureum.
1389 2089 1520 2117 Ascensus
1529 2091 1586 2125 ejus
1595 2099 1752 2126 purpureus.

966 2134 1044 2162 Intra
1059 2135 1144 2170 ipsum
1166 2139 1205 2162 est
1227 2133 1405 2168 pavimentum
1429 2135 1560 2163 charitate
1584 2141 1699 2164 stratum
1723 2145 1755 2165 ea:

966 2181 1073 2216 ﬁliabus
1104 2180 1267 2208 Jerusalem.
1303 2181 1446 2213 Quomodo
1473 2182 1499 2209 in
1523 2183 1559 2210 iis
1588 2191 1649 2218 quae
1679 2185 1755 2218 prius

134 2226 340 2261 Ἰερουσαλήμ.
363 2227 468 2262 Ὥσπερ
482 2227 572 2254 τοίνυν
588 2228 617 2254 ὲν
640 2229 696 2259 τοῖς
712 2227 909 2263 τιροεξηταιιμέ¹

969 2230 1032 2254 sunt
1044 2224 1210 2257 examinata,
1228 2224 1262 2251 de
1278 2224 1426 2252 Salomone
1439 2226 1543 2253 dictum
1557 2231 1610 2258 est,
1630 2236 1678 2262 per
1694 2237 1755 2263 qua:

127 2280 182 2304 νοις
198 2273 260 2308 περὶ
288 2273 334 2299 τοῦ
360 2273 530 2309 Σολομῶντος
545 2269 624 2309 εὗρεν
644 2274 658 2300 ὀ
679 2274 768 2308 λόγος,
784 2274 817 2300 δι’
832 2270 869 2301 ὧν
884 2274 916 2300 τὸ

131 2317 192 2351 περὶ
216 2317 263 2343 τοῦ
282 2316 346 2344 ναοῦ
372 2318 520 2353 μυστήριον
548 2319 578 2346 ὲν
603 2318 700 2354 ἐκείνῳ
723 2318 762 2353 τῷ
777 2317 915 2354 προσώπῳ

128 2361 306 2396 διαγράφεται
318 2370 324 2376 ·
347 2362 418 2389 οὓτω
435 2363 481 2389 καὶ
505 2362 549 2389 διὰ
563 2363 612 2398 τῆς
632 2362 680 2389 τοῦ
703 2362 811 2397 φορείου
830 2371 915 2389 κατα-

130 2407 230 2442 σκευῆς
242 2409 259 2442 ἡ
277 2409 340 2442 περὶ
351 2408 429 2443 ἡμῶν
442 2408 581 2444 οἰκονομία
597 2408 816 2443 διασημαίνεται.
833 2408 917 2435 Πολυ-

130 2453 236 2486 τρόπως
263 2452 316 2488 γὰρ
333 2453 423 2486 ὁΘεὸς
444 2455 473 2480 ὲν
489 2456 545 2487 τοῖς
569 2454 654 2487 ἀξίοις
673 2454 769 2481 ἑαυτοῦ
793 2454 915 2488 γίνεται,

129 2498 220 2530 καθὼς
231 2498 344 2530 ἕκαστος
358 2499 390 2525 ἃν
400 2498 447 2535 έχῃ
466 2500 606 2536 δυνάμεώς
615 2509 644 2527 τε
659 2501 706 2528 καὶ
723 2499 811 2532 ἀξίας,
831 2499 917 2531 οὕτως

128 2543 158 2569 ἐν
185 2543 291 2578 ἑκάστῳ
310 2543 458 2578 γινόμενος.
479 2544 507 2570 '0
530 2545 578 2579 μὲν
591 2545 645 2580 γάρ
659 2554 702 2576 τις
717 2545 822 2580 γίνεται
848 2544 916 2572 Θεοῦ

128 2588 222 2620 τόπος,
245 2589 259 2614 ὁ
283 2588 310 2614 δὲ
333 2586 417 2621 οἶκος,
430 2588 508 2620 ἄλλος
522 2589 551 2616 δὲ
564 2590 667 2626 θρόνος,
685 2590 731 2617 καὶ
742 2590 836 2626 ἕτερος
852 2589 917 2616 ὑπο-

128 2633 231 2660 πόδιον.
253 2634 329 2660 Ἐστι
352 2634 380 2660 δέ
401 2643 443 2666 τις
468 2635 515 2661 καὶ
542 2635 618 2670 ἅρμα
635 2635 785 2671 γινόμενος,
801 2635 817 2671 ἢ
835 2636 918 2667 ἵππος

128 2678 247 2714 εὐήνιος,
261 2678 404 2715 δεχόμενος
418 2680 461 2714 ἐφ’
479 2680 575 2707 ἑαυτοῦ
598 2681 642 2707 τὸν
660 2681 761 2716 ἀγαθὸν
775 2681 918 2716 ἐπιϐάτην,

170 2767 192 2784 ⁸⁸
219 2766 298 2794 Joan.
330 2776 356 2800 v,
379 2768 423 2795 22.
462 2769 483 2785 ’⁷
508 2768 573 2798 ibid.
600 2769 644 2796 50.
682 2769 705 2785 ’⁸
739 2769 809 2796 Psal.
834 2777 918 2803 stu,

965 2270 1034 2298 illud
1050 2271 1083 2298 de
1104 2271 1206 2305 templo
1221 2271 1380 2305 mysterium
1400 2273 1426 2298 in
1448 2272 1494 2298 tali
1515 2280 1632 2307 persona
1650 2274 1751 2301 descri-

965 2317 1056 2346 bitur:
1081 2316 1121 2344 sic
1136 2317 1217 2344 etiam
1240 2324 1273 2344 ex
1292 2317 1387 2344 lerculi
1408 2319 1615 2346 constructione
1647 2320 1755 2355 signiti—

965 2367 1045 2390 catur
1055 2361 1089 2389 de
1105 2363 1185 2390 nobis
1201 2362 1385 2398 dispensatio.
1411 2363 1504 2392 Multis
1519 2365 1592 2392 enim
1609 2366 1698 2393 modis
1714 2371 1756 2394 est

967 2408 1041 2436 Deus
1061 2408 1090 2435 in
1110 2409 1144 2436 iis
1161 2409 1207 2443 qui
1223 2413 1288 2436 sunt
1303 2417 1333 2437 se
1347 2409 1435 2444 digni,
1451 2415 1532 2445 prout
1554 2410 1608 2438 fert
1624 2412 1757 2439 uniuscu-

968 2454 1069 2490 jusque
1087 2454 1220 2487 facultas,
1234 2460 1261 2482 et
1275 2455 1316 2483 sic
1339 2463 1506 2491 unoquoque
1530 2461 1572 2485 est
1589 2457 1697 2491 dignus.
1716 2457 1757 2484 Fit

969 2499 1044 2527 enim
1072 2500 1172 2535 aliquis
1196 2500 1274 2528 locus
1297 2501 1354 2532 Dei.
1376 2501 1447 2528 alius
1474 2509 1539 2529 vero
1555 2501 1673 2534 ~domus,
1688 2502 1757 2529 alius

971 2550 1061 2573 autem
1075 2545 1165 2578 sedes,
1179 2550 1206 2574 et
1219 2546 1289 2574 alius
1305 2546 1467 2574 scabellum.
1482 2545 1531 2574 Est
1546 2548 1628 2574 etiam
1646 2547 1756 2582 aliquis,

971 2591 1018 2626 qui
1034 2591 1149 2620 effectus
1172 2599 1283 2624 currus,
1299 2596 1329 2620 et
1349 2600 1439 2627 equus
1468 2592 1516 2627 qui
1543 2593 1658 2620 habenis
1679 2591 1758 2619 facile

971 2638 1088 2673 regitur,
1098 2639 1254 2674 suscipiens
1264 2639 1367 2666 bonum
1381 2646 1462 2666 Suum
1476 2645 1623 2669 sessorem.
1638 2642 1664 2665 et
1676 2641 1758 2672 prout

974 2682 1084 2711 videtur
1103 2685 1130 2712 ei
1152 2685 1200 2719 qui
1217 2684 1322 2720 dirigit,
1337 2691 1449 2713 cursum
1472 2691 1553 2712 suum
1580 2683 1701 2711 coniicit.
1723 2681 1760 2708 lit.

946 2769 992 2796 52.
