1984 3068
262 85 315 114 ριι

882 81 910 109 S.
924 81 1089 110 GREGORII
1101 80 1142 109 N\
1150 78 1247 110 SSE'NI

1839 80 1868 113 ῦῖ
1875 87 1892 114 2

266 145 357 169 autem
384 146 458 166 nunc
482 137 626 170 docemur,
657 138 686 165 fit
713 137 795 165 etiam
824 137 960 172 quispiam
993 136 1043 170 ejus

1105 137 1226 172 καὶπρὸς
1238 137 1267 164 τὸ
1282 136 1376 163 δοκοῦν
1387 136 1426 172 τῷ
1440 136 1577 164 εὐθύνοντι
1594 137 1709 164 διανύων
1723 138 1768 165 τὸν
1780 139 1888 175 δρόμον.

267 186 412 216 ferculum,
430 184 478 219 qui
497 191 530 211 ex
545 183 620 210 illius
646 183 781 218 sapientia
796 190 850 209 non
874 183 965 210 solum
983 189 1052 209 con-

265 232 382 260 struitur
394 238 428 258 ex
445 229 528 265 lignis
542 228 649 261 Libani.
666 228 714 256 sed
727 228 810 256 etiam
824 234 893 255 auro
904 230 1053 262 etargento

263 282 292 306 et
315 283 437 312 purpura
462 279 488 302 et
514 274 631 311 gemmis
658 273 856 302 convenienter
883 277 1001 300 ornatur
1024 273 1052 299 in

265 329 432 357 unaquaque
445 325 533 356 parte,
554 328 603 355 per
618 328 680 356 quae
695 320 817 347 charitas
831 319 892 354 ejus
904 318 999 346 cllicax
1012 318 1051 351 ﬁt,

263 376 318 396 non
335 368 466 396 omnibus
481 366 656 402 capientibus
681 365 825 393 charitatis
853 365 1050 401 operationem,

262 415 310 442 sed
323 414 345 442 si
357 422 411 449 qua
425 413 479 440 ﬁlia
491 420 619 448 superna:
631 411 785 440 Jerusalem
797 419 858 446 quae
871 415 914 439 est
924 411 1050 442 libera",

262 461 440 494 cognoscitur
456 467 505 495 per
518 459 615 486 vitam.
636 457 725 493 Atque
741 457 815 493 quod
833 458 856 485 is
873 457 984 493 quidem
1005 457 1050 492 qui

262 508 335 534 in-se
351 506 405 534 fert
432 505 530 537 Deum,
555 505 593 532 sit
620 503 753 532 ferculum
784 504 845 539 ejus
871 503 917 538 qui
946 504 974 530 in
991 503 1051 537 ipso

261 552 379 583 insidet.
407 550 586 578 manifestum
615 549 699 577 fuerit
724 549 807 577 etiam
832 549 995 584 priusquam
1017 548 1051 575 de

260 605 293 626 eo
311 598 466 633 loquamur.
485 596 537 630 Qui
562 596 652 628 enim,
676 595 755 630 juxta
778 595 1048 625 sanctunl‘Paulum,

261 651 317 670 non
334 642 454 678 amplius
468 641 538 669 vivit
551 642 621 676 ipse,
641 640 690 668 sed
714 641 742 668 in
765 647 794 668 se
814 641 951 668 viventem
969 640 1050 668 habet

254 687 400 714 Christum
416 687 449 719 ³⁸,
467 690 494 714 et
517 686 566 713 dat
589 685 807 720 experimentum
823 684 927 712 Christi
953 685 1000 719 qui
1018 685 1048 712 vin

260 735 320 768 ipso
338 734 471 768 loquitur,
489 733 511 759 is
531 731 634 759 dicitur
648 735 676 759 et
690 731 718 758 ﬁt
734 731 867 759 ferculum
881 730 942 765 ejus
955 731 1002 766 qui
1016 731 1050 758 ab

260 780 321 816 ipso
350 780 439 807 fertur
459 783 486 807 et
512 782 648 814 portatur.
672 777 725 805 Sed
749 785 805 805 non
829 781 872 804 est
900 777 951 804 hoc
974 777 1048 812 quod

260 826 402 860 qumritur.
418 825 484 852 Illud
498 825 590 860 potius
604 827 714 858 oportet
729 823 878 859 diligenter
893 823 1047 856 attendere,

260 872 325 906 quid
341 872 393 900 sibi
410 871 469 898 vult
485 870 559 897 varia
572 874 599 897 et
614 869 756 904 multiplex
772 870 897 897 materia.

287 1012 440 1046 Quomodo
455 1020 521 1048 ergo
536 1016 635 1048 praeter
647 1020 758 1044 aurum,
774 1017 931 1048 argentum,
943 1017 971 1040 et
983 1020 1048 1048 pur-

255 1064 366 1092 puram,
391 1054 418 1085 ét
447 1065 569 1092 gemmas
598 1058 751 1086 assumitur
783 1058 850 1093 ligni
885 1063 982 1085 natura
1015 1059 1048 1085 ad

260 1104 497 1131 constructionem
514 1104 610 1132 ferculi
624 1103 729 1139 ?Atqui
753 1103 864 1138 sapiens
879 1103 1048 1131 architectus

261 1147 360 1177 Paulus
385 1149 585 1184 repudiandum
611 1154 706 1177 censet
730 1150 832 1185 lignum
856 1157 918 1176 cum
946 1149 1009 1177 fcno
1022 1153 1048 1176 et

261 1195 361 1230 stipula
377 1194 410 1222 ad
426 1194 525 1222 domus
549 1194 771 1228 aediﬁcationem,
803 1199 833 1221 ut
849 1193 922 1229 quod
945 1201 1045 1221 consu-

259 1245 352 1267 matur
367 1247 382 1266 a
397 1240 421 1266 vi
441 1240 512 1275 ignis
529 1245 720 1271 consumente,
742 1248 803 1275 quae
819 1247 889 1275 opus
905 1240 1002 1275 probat
1014 1239 1046 1266 ³¹.

259 1285 313 1313 Scd
328 1286 434 1314 scimus
449 1293 511 1313 esse
527 1286 648 1320 aliquam
667 1285 733 1321 ligni
751 1289 890 1318 naturam,
904 1292 964 1320 qua:
975 1285 1002 1312 in
1015 1292 1048 1312 eo

252 1333 331 1367 quod
364 1336 418 1364 est,
454 1338 509 1359 non
544 1336 709 1366 permanet,
744 1331 791 1359 sed
831 1331 948 1365 scipsam
985 1339 1046 1358 mu-

258 1382 297 1405 tat
316 1377 343 1405 in
368 1385 478 1409 aurum,
508 1380 554 1403 aut
582 1380 737 1411 argentm,
770 1379 818 1403 aut
846 1376 950 1411 aliquid
973 1376 1046 1403 aliud

257 1424 420 1458 pretiosum.
435 1423 465 1450 In
483 1430 582 1458 magna
594 1423 666 1449 cnim
681 1422 729 1449 Dei
743 1421 826 1449 domo
845 1424 882 1449 ait
896 1422 1045 1456 Apostolus

1064 805 1086 834 Β

1109 183 1154 214 Ὠς
1165 183 1194 209 δὲ
1205 183 1253 210 νῦν
1269 183 1460 217 διδασκόμεθα,
1479 183 1525 210 καὶ
1540 185 1648 219 φορεῖον
1663 184 1745 212 αὑτοῦ
1762 194 1803 217 τις
1819 186 1892 220 γίνε-

1103 236 1158 260 ται,
1171 229 1185 252 ὁ
1197 227 1268 254 κατὰ
1284 227 1332 263 τὴν
1345 228 1450 255 ἐκείνου
1473 228 1569 263 σοφίαν
1582 229 1612 255 ού
1632 230 1710 265 μόνον
1723 232 1778 262 τοῖς
1795 231 1826 258 ἐκ
1843 231 1890 258 τοῦ

1103 273 1219 300 Λιϐάνου
1242 273 1513 309 κατασκευαζόμενος
1532 273 1629 308 ξύλοις,
1644 275 1712 302 ἀλλὰ
1733 276 1780 303 καὶ
1797 277 1890 312 χρυσῷ

1103 320 1154 346 καὶ
1168 319 1292 355 ἀργυρίῳ
1308 319 1356 347 καὶ
1374 320 1502 356 πορφύρᾳ
1517 320 1563 347 καὶ
1576 320 1659 352 λίθοις
1674 322 1848 357 καταλλήλως
1860 324 1889 349 ὲν

1103 364 1209 400 ἑκάστῳ
1229 366 1317 402 μέρει,
1327 366 1359 392 δι’
1372 363 1436 402 ὧνὴ
1454 367 1548 401 ἀγάπη
1560 366 1642 394 αὑτοῦ
1651 368 1762 404 ἐνεργὸς
1772 369 1887 402 γίνεται,

1101 412 1132 438 οὐ
1148 411 1256 439 πάντων
1279 412 1439 447 χωρούντων
1455 413 1505 447 τὴν
1524 414 1575 448 τῆς
1592 412 1704 448 ἀγάπης
1727 414 1865 450 ἐνέργειαν
1879 424 1886 431 ι

1101 457 1159 484 ἀλλ’
1174 459 1200 484 εἴ
1214 466 1254 490 τις
1271 458 1393 494 θυγάτηρ
1405 459 1454 494 τῆς
1475 458 1531 486 ἄνω
1553 459 1729 495 Ἰερουσαλὴμ
1745 461 1796 495 τῆς
1812 461 1887 488 ἐλευ-

1101 502 1182 538 Θέρας
1209 503 1253 530 διὰ
1274 504 1320 531 τοῦ
1336 505 1392 540 βίου
1416 503 1583 540 γνωρίζοιτο.
1597 505 1658 531 Ὅτι
1675 505 1724 540 μὲν
1740 503 1786 532 οὖν
1809 507 1823 533 ὁ
1842 507 1887 534 τὸν

1100 548 1166 576 Θεὸν
1179 550 1208 576 ὲν
1222 549 1310 585 ἐαυτῷ
1324 551 1425 586 φέρων,
1440 551 1547 586 φορείόν
1560 551 1618 578 ἐστι
1628 551 1677 578 τοῦ
1689 552 1718 578 ὲν
1734 552 1809 587 αὐτῷ
1822 559 1887 579 κατ-

1100 594 1237 626 οικοῦντος
1249 595 1295 621 καὶ
1312 595 1519 630 καθεδουμένου,
1535 595 1612 630 δῆλον
1630 596 1678 622 καὶ
1693 596 1745 632 πρὸ
1755 597 1808 623 τῶν
1823 599 1889 632 ἡμε-

1100 641 1187 676 τέρων
1201 641 1288 676 λόγων
1303 641 1336 669 ἂν
1357 642 1410 677 εἴη.
1429 641 1458 668 ⁸0
1474 642 1527 677 γὰρ
1540 641 1611 669 κατὰ
1620 642 1665 669 τὸν
1680 642 1756 676 ἅγιον
1771 643 1886 675 Παῦλον,

1102 687 1200 722 μηκέτι
1224 687 1306 718 αὐτὸς
1327 687 1391 719 ζῶν,
1411 686 1479 714 ἀλλὰ
1497 687 1586 719 ζῶντα
1611 687 1681 722 ἔχων
1698 689 1726 714 ἐν
1744 688 1832 723 ἐαυτῷ
1844 689 1887 715 τὸν

1100 733 1226 768 Χριστὸν,
1241 734 1288 760 καὶ
1304 733 1420 768 δοκιμὴν
1436 733 1522 765 διδοὺς
1546 733 1592 759 τοῦ
1615 733 1644 760 ἐν
1661 733 1735 769 αὐτῷ
1746 734 1888 766 λαλοῦντος

1099 779 1228 815 Χριστοῦ,
1249 776 1326 811 οὗτος
1346 780 1447 815 κυρίως
1467 781 1575 815 φορεῖον
1595 779 1702 814 λέγεται
1723 780 1770 806 καὶ
1783 781 1887 814 γίνεται

1099 825 1146 852 τοῦ
1162 825 1191 852 ἐν
1204 824 1279 859 αὐτῷ
1291 824 1440 860 φερομένου
1453 825 1500 851 καὶ
1513 824 1557 850 ὑπ’
1574 823 1656 851 αὐτοῦ
1674 824 1884 859 βασταζομένου.

1107 870 1176 896 Ἀλλ’
1188 870 1218 896 οὐ
1233 869 1312 897 τοῦτὸ
1332 871 1390 896 ἐστι
1414 869 1444 896 τὸ
1468 869 1642 905 ζητούμενον.
1665 869 1800 896 Ἑκεῖνοδὲ
1816 870 1884 904 μᾶλ-

1100 917 1144 943 λον
1154 917 1288 952 προσήκει
1304 916 1337 943 δι’
1352 916 1510 951 ἐπιμελείας
1528 917 1705 951 κατανοῆσαι,
1721 915 1748 941 τί
1764 915 1886 950 βούλεται

1099 962 1129 988 τὺ
1142 963 1192 997 τῆς
1206 962 1270 998 ὕλης
1281 962 1401 989 ποικίλον
1415 970 1444 988 τε
1457 963 1504 989 καὶ
1518 962 1665 993 πολυειδές,

1134 1002 1198 1038 ΙἹῶς
1211 1005 1259 1034 οὖν
1272 1007 1571 1042 συμπαραλαμϐάνεται
1582 1007 1685 1042 χρυσίῳ
1698 1007 1740 1033 καὶ
1753 1007 1886 1042 ἀργυρίῳ,

1098 1053 1146 1080 καὶ
1161 1053 1298 1088 πορφύρᾳ,
1318 1053 1365 1079 καὶ
1389 1052 1472 1084 λίθοις
1494 1054 1510 1088 ὴ
1534 1053 1580 1079 τοῦ
1598 1052 1676 1084 ξύλου
1690 1052 1770 1086 φύσις
1783 1054 1821 1084 εἰς
1838 1054 1887 1088 τὴν

1099 1099 1270 1133 κατασκευὴν
1280 1098 1327 1124 τοῦ
1341 1098 1450 1134 φορείου
1462 1107 1468 1130 ;
1485 1098 1538 1125 Καί
1551 1099 1591 1124 τοί
1603 1106 1634 1132 γε
1649 1097 1680 1124 τὸ
1689 1098 1767 1130 ξύλον
1779 1100 1793 1124 ὁ
1807 1099 1887 1132 σοφὸς

1098 1145 1264 1180 ἀρχιτέκτων
1282 1144 1399 1177 Παῦλος,
1418 1144 1487 1179 μετά
1503 1144 1549 1170 τοῦ
1564 1144 1659 1179 χόρτον
1674 1145 1721 1170 καὶ
1736 1143 1785 1179 τῆς
1802 1144 1887 1170 καλά-

1100 1200 1153 1227 μης
1177 1193 1218 1223 είς
1243 1191 1292 1227 τὴν
1306 1191 1449 1226 οίκοδομὴν
1461 1190 1507 1217 τοῦ
1520 1192 1594 1217 οἴκου
1610 1191 1697 1226 κρίνει
1720 1190 1883 1226 ἀπόϐλητον,

1097 1237 1134 1268 ὡς
1142 1234 1174 1272 τῇ
1185 1237 1337 1272 ἀναλωτικῇ
1353 1236 1400 1263 τοῦ
1419 1237 1503 1272 πυρὸς
1520 1237 1631 1272 δυνάμει
1645 1238 1677 1272 τῇ
1697 1235 1881 1272 δοκιμαζούσῃ

1097 1283 1126 1308 τὸ
1147 1282 1226 1318 ἔργον
1249 1282 1482 1316 ὲνδαπανὼμενον.
1511 1282 1580 1308 Ἀλλ’
1597 1282 1707 1315 οἴδαμέν
1731 1290 1790 1308 τινα
1807 1282 1900 1323 ξύλουΙ

1098 1328 1178 1363 φύσιν
1195 1329 1231 1363 μὴ
1247 1328 1425 1363 διαμένουσαν
1441 1329 1470 1354 ὲν
1517 1328 1600 1360 ἐστιν,
1614 1327 1680 1353 ἀλλὰ
1695 1327 1762 1362 πρὸς
1775 1327 1884 1362 χρυσὸν,
1897 1330 1902 1358 t

1096 1374 1112 1409 ἢ
1124 1374 1254 1409 ἄργυρον,
1267 1374 1283 1408 ἦ
1298 1373 1362 1401 ἄλλο
1374 1382 1399 1400 τι
1417 1373 1470 1404 τῶν
1483 1373 1580 1408 τιμίων
1587 1373 1686 1408 ἑαυτὴν
1699 1373 1884 1408 μεταϐάλλου-
1899 1363 1901 1385 ³

1097 1427 1156 1446 σαν.
1194 1419 1238 1446 Ἐν
1267 1419 1321 1454 γὰρ
1351 1420 1384 1454 τῇ
1411 1419 1516 1454 μεγάλῃ
1544 1419 1590 1444 τοῦ
1608 1418 1675 1444 Θεοῦ
1688 1418 1761 1453 οἰκίᾳ
1779 1418 1888 1453 φησὶνό

257 1477 319 1498 esse
334 1476 399 1496 vasa
413 1473 511 1496 natura
528 1475 610 1496 aurea
625 1471 652 1495 et
667 1472 795 1502 argentea
805 1468 827 1483 ῃ
837 1489 844 1500 ,
860 1475 957 1502 nempe
968 1475 1043 1494 crea-

1102 1465 1262 1496 Ἀπόστολος
1273 1465 1306 1492 τὰ
1320 1465 1370 1500 μὲν
1383 1463 1451 1492 εἶναι
1460 1465 1549 1501 χρυσᾶ
1562 1466 1593 1500 τῇ
1611 1464 1700 1499 φύσει,
1716 1465 1763 1491 καὶ
1778 1465 1887 1499 ἀργυρᾶ

258 1518 346 1542 turam
360 1514 548 1548 incorpoream
567 1517 594 1540 et
610 1513 809 1547 intelligentem
831 1520 878 1547 per
888 1512 944 1539 [nec
959 1512 1043 1539 tacito

257 1559 416 1595 signiﬁcans
432 1558 568 1590 fortasse;
585 1566 632 1593 per
648 1558 706 1585 haec
722 1558 810 1593 lignea
825 1560 890 1585 vcro’
903 1562 929 1585 et
953 1557 1043 1585 fictilia

257 1613 307 1633 nos
317 1604 434 1632 fortasse
445 1604 634 1635 subindicans,
657 1611 726 1638 quos
740 1607 862 1630 terrenos
873 1602 936 1630 fecit
950 1603 1043 1630 inobo-

256 1650 359 1678 dientia
395 1653 421 1678 et
445 1649 542 1677 fictiles
562 1653 725 1684 :pcccatum
754 1652 844 1675 autem
871 1655 920 1683 per
941 1648 1042 1683 lignum

250 1697 438 1725 commissum
460 1704 511 1724 nos
530 1695 595 1724 fecit
619 1703 683 1724 vasa
708 1695 797 1730 lignea
819 1703 853 1722 ex
874 1694 976 1722 aureis.
991 1694 1043 1722 Pro

255 1742 386 1778 dignitate
399 1746 489 1769 autem
503 1741 624 1768 materiae
633 1740 740 1768 divisus
757 1744 799 1767 est
813 1740 895 1767 etiam
911 1746 980 1767 usus
994 1746 1042 1766 va-

255 1796 357 1816 sorum.
370 1786 438 1815 Nam
457 1779 518 1822 quae
531 1790 642 1814 suntex
659 1785 815 1822 pretiosiori
829 1785 954 1817 materia,
971 1784 1044 1812 ordi-

255 1837 317 1860 nata
335 1836 399 1860 sunt
414 1837 440 1860 et.
451 1832 580 1867 deputata
595 1831 627 1858 ad
639 1831 789 1862 honorem;
806 1830 858 1856 alia
873 1833 964 1857 autem
979 1834 1043 1856 sunt

246 1879 362 1913 abiecta
377 1878 506 1912 ad'turpe
521 1882 548 1905 et
563 1877 774 1912 ignominiosum
787 1875 979 1903 ministerium.
989 1874 1040 1902 Sed

254 1922 320 1958 quid
332 1922 366 1950 de
382 1922 482 1950 talibus
493 1921 560 1948 dicit
573 1920 692 1948 Paulus?
707 1920 756 1948 Est
772 1920 799 1947 in
810 1920 883 1948 vasis
906 1923 1042 1954 potestate

255 1976 288 1995 ex
295 1975 344 1996 sua
353 1967 432 1995 liberi
442 1967 548 1994 arbitrii
557 1966 699 1998 electione,
710 1966 751 1994 vel
764 1973 877 1993 aureum
891 1973 924 1992 ex
938 1965 1039 2000 ligneo,

254 2014 297 2041 vel
311 2011 468 2048 argenteum
482 2012 540 2040 fieri
553 2019 585 2040 ex
601 2012 687 2039 ﬁctili.
709 2012 739 2038 Si
753 2011 811 2046 quis
834 2011 912 2042 enim,
943 2011 1040 2046 inquit,

246 2059 369 2094 “ipsum
388 2057 579 2089 emundareril,
597 2058 649 2084 erit
664 2065 709 2084 vas
733 2056 844 2083 Domino
860 2058 886 2083 in
903 2056 1040 2090 honorent,

255 2105 290 2132 ad
304 2112 380 2132 omne
392 2111 456 2138 opus
469 2103 567 2130 bonum
581 2107 706 2137 paratum
715 2102 746 2129 ³³.
763 2101 844 2129 Forte
860 2109 926 2138 ergo
938 2110 987 2137 per
1005 2110 1039 2130 ea

1099 1511 1194 1546 σκεύη,
1210 1512 1259 1546 τὴν
1273 1511 1428 1547 ἀσώματον,
1449 1508 1536 1546 οἴμαι,
1557 1511 1603 1537 καὶ
1626 1508 1722 1546 νοερέιν
1737 1510 1826 1536 κτίσιν
1843 1510 1886 1536 διὰ

1097 1558 1198 1585 τούτων
1218 1558 1458 1592 ὑπαινισσόμενος’
1478 1557 1511 1584 τὰ
1527 1557 1554 1583 δὲ
1567 1557 1658 1590 ξύλινά
1678 1565 1707 1582 τε
1722 1557 1768 1582 καὶ
1785 1556 1885 1591 ὀστράο

1097 1611 1168 1635 κινα,
1182 1603 1258 1638 ἡμᾶς
1273 1602 1343 1638 τάχα
1357 1603 1400 1629 διὰ
1413 1602 1514 1629 τούτων
1528 1600 1732 1637 ἀποσημαίνων,
1753 1601 1799 1634 οὓς
1815 1603 1885 1628 ἀπε-

1096 1649 1197 1682 γαίωσε
1222 1648 1301 1683 μὲνὴ
1321 1648 1446 1684 παρακοὴ
1466 1648 1513 1674 καὶ
1527 1648 1704 1683 όστρακίνους
1737 1648 1882 1683 ἐποίησεν·

1096 1697 1112 1731 ἡ
1130 1696 1157 1722 δὲ
1166 1695 1208 1722 διὰ
1221 1695 1268 1722 τοῦ
1289 1695 1367 1728 ξύλου
1385 1695 1520 1731 ἁμαρτὰς,
1537 1694 1630 1727 ξύλινα
1646 1695 1720 1730 ἡμᾶς
1734 1695 1885 1729 σκεύηάντὶ

1095 1742 1204 1777 χρυσῶν
1221 1742 1416 1777 ἀπειργάσατο.
1432 1742 1604 1777 Μεμέρισται
1621 1741 1648 1767 δὲ
1661 1741 1728 1776 πρὸς
1741 1741 1791 1776 τὴν
1805 1741 1884 1774 ἀξίαν

1095 1788 1144 1823 τῆς
1153 1787 1218 1822 ὕλης
1228 1788 1274 1815 καὶ
1286 1789 1303 1823 ἡ
1314 1788 1368 1815 τῶν
1379 1787 1483 1814 σκευῶν
1495 1787 1602 1823 χρῆσις.
1614 1787 1653 1814 Τά
1666 1787 1714 1822 μὲν
1724 1787 1777 1822 γὰρ
1787 1795 1884 1822 τιμιω-

1095 1833 1176 1868 τέρας
1192 1832 1268 1868 ὖλης,
1294 1833 1334 1864 είς
1360 1832 1443 1868 τιμὴν
1458 1832 1643 1858 ἀποτέτακται
1657 1840 1664 1847 '
1682 1833 1716 1858 τά
1730 1833 1758 1858 δὲ
1780 1834 1820 1864 είς
1833 1833 1884 1869 ’τὴν

1095 1879 1191 1914 ἄτιμον
1213 1878 1364 1913 ὑπηρεσίαν
1391 1878 1567 1914 ἀπέρριπται.
1589 1878 1667 1905 Ἀλλὰ
1690 1878 1716 1904 τί
1729 1886 1795 1913 φησι
1819 1880 1884 1915 περὶ

1094 1921 1148 1947 τῶν
1158 1920 1285 1947 τοιούτων
1296 1922 1310 1947 ὁ
1319 1921 1422 1952 Παῦλος
1436 1929 1443 1953 ;
1462 1922 1524 1947 ’Ὁτι
1537 1921 1660 1954 ἐξουσίαν
1675 1922 1732 1956 ἔχει
1747 1921 1777 1948 τὸ
1786 1923 1883 1956 σκεῦος

1095 1967 1127 1993 ἐκ
1142 1967 1192 2001 τῆς
1219 1966 1287 1998 ἰδίας
1310 1967 1505 2002 προαιρέσεως,
1521 1967 1537 2001 ἢ
1554 1966 1667 2001 χρύσεον
1691 1967 1744 1994 ἀπὺ
1764 1966 1882 2001 ξυλίνου,

1094 2013 1110 2047 ἢ
1124 2011 1258 2048 ἀργύρεον
1270 2012 1317 2038 ἀπ’
1328 2011 1488 2047 ὀοτρακίνου
1512 2011 1647 2045 γενέσθαι.
1670 2013 1739 2039 Ἐὰν
1755 2013 1811 2046 γάρ
1823 2021 1880 2046 τις.

1094 2058 1186 2094 φησὶν,
1198 2057 1347 2093 ἐκκαθάρῃ
1355 2057 1473 2088 ἑαυτὸν,
1482 2057 1567 2084 ἔσται
1575 2057 1685 2090 σκεῦος
1692 2059 1735 2091 είς
1743 2059 1832 2093 τιμὴν
1840 2059 1881 2092 τῷ

1094 2104 1241 2138 Δεσπότῃ,
1259 2103 1334 2138 πρὸς
1353 2103 1414 2131 πᾶν
1424 2103 1513 2138 ἔργον
1523 2103 1636 2138 ἀγαθὸν
1647 2104 1877 2138 ἡτοιμασμένον.

246 2158 316 2186 quae
326 2150 399 2178 dicta
410 2153 484 2182 sunt.
501 2148 663 2177 adducimur
674 2147 708 2175 ad
719 2147 884 2183 propositam
896 2148 956 2182 ejus
966 2148 1039 2183 quod

1097 2151 1170 2187 Τάχα
1181 2150 1270 2177 τοίνυν
1285 2149 1328 2176 διὰ
1338 2150 1391 2176 τῶν
1402 2150 1554 2186 εἰρημένων
1568 2151 1761 2186 προσαγόμεοά
1773 2160 1832 2183 πως
1843 2153 1877 2186 τῇ

255 2197 354 2224 lectum
369 2199 411 2224 est
427 2194 694 2229 contemplationem.
713 2192 790 2221 Mons
801 2193 958 2221 Libaausin
970 2194 1040 2221 mul-

254 2242 289 2269 tis
305 2241 373 2269 locis
387 2245 488 2269 sanctae
508 2239 656 2274 Scriptum
677 2242 916 2271 commemoratur,
939 2239 972 2266 ad
999 2239 1040 2266 in-

254 2286 398 2314 dicandum
412 2286 594 2313 adversariam
608 2288 778 2320 potestatem,
805 2288 834 2311 ut
846 2284 956 2319 quando
972 2284 1039 2311 dicit

254 2339 303 2366 per
325 2331 488 2365 Prophetam
505 2339 512 2356 :
529 2329 651 2357 Conleret
669 2328 797 2356 Dominus
817 2329 910 2355 cedro:
931 2328 1037 2361 Libani,

253 2382 278 2404 et
294 2377 453 2404 comminuet
467 2384 511 2402 eos
533 2381 558 2402 et
584 2375 713 2402 Libanum
732 2380 761 2401 ut
785 2375 894 2401 vitulum
917 2375 1037 2406 illum“,

253 2423 300 2459 qui
313 2423 417 2450 scilicet
433 2421 483 2448 fuit
497 2429 512 2448 a
531 2421 603 2449 blose
619 2421 803 2449 comminutos
820 2422 847 2448 in
867 2421 986 2453 deserto,
1012 2425 1037 2447 et

252 2473 365 2505 propter
389 2468 565 2496 subtilitatem
584 2467 672 2495 factus
685 2467 736 2495 fuit
749 2468 876 2503 potabilis
894 2467 1036 2494 lsraelitis.

252 2516 302 2543 llic
324 2515 396 2542 enim
414 2514 584 2550 significatur
609 2522 656 2549 per
680 2514 861 2549 prophetiam,
891 2513 963 2547 quod
981 2520 1036 2540 non

251 2563 340 2591 solum
356 2562 427 2588 mala
442 2569 501 2596 quae
515 2565 575 2588 orta
595 2565 659 2588 sunt
674 2568 706 2588 ex
720 2559 875 2587 adversaria
890 2563 1034 2593 potestate,

251 2607 299 2636 sed
316 2608 398 2635 etiam
414 2608 472 2642 ipse
485 2614 565 2634 mons
575 2606 662 2640 prima
676 2605 740 2631 mali
755 2604 832 2631 radix
845 2603 977 2635 Libanus,
989 2605 1034 2639 qui

251 2655 321 2681 clam
337 2653 410 2681 fovet
431 2651 564 2687 ejusmodi
590 2651 718 2678 arborum
745 2649 853 2681 silvam.
872 2649 904 2677 ad
920 2650 1034 2677 nihilum

251 2700 398 2735 redigetur.
414 2698 469 2726 Nos
486 2705 551 2733 ergo
568 2697 670 2724 fuimus
684 2695 792 2731 quidem
808 2696 1035 2732 aliquandoligna

287 2757 309 2773 ”
336 2757 425 2784 Galat.
458 2763 476 2786 ι,
503 2755 548 2782 20.
609 2755 632 2770 ³ο
661 2754 681 2781 ll
706 2752 768 2782 Cor.
799 2763 837 2787 ιιι,
856 2755 898 2782 12.

253 2792 276 2808 ⁸⁸
292 2792 362 2819 Psal.
381 2798 478 2821 uvnl,
499 2790 515 2817 5
531 2798 590 2825 sqq.

961 2756 982 2772 "
1002 2756 1083 2784 lCor.
1109 2762 1155 2787 in,
1173 2753 1213 2780 PZ.

1092 2195 1259 2231 προκειμένῃ
1273 2195 1373 2230 θεωρίᾳ
1388 2194 1435 2221 τοῦ
1453 2195 1542 2229 λόγου.
1563 2195 1598 2221 Τὸ
1613 2195 1676 2230 ὅρος
1692 2196 1706 2221 ὁ
1720 2195 1834 2227 Λίϐανος
1848 2196 1877 2222 ἒν

1090 2241 1197 2272 πολλοῖς
1210 2241 1259 2276 τῆς
1272 2240 1351 2274 ἁγίας
1363 2240 1472 2275 Γραφῆς
1483 2241 1522 2272 είς
1535 2240 1644 2272 ἔνδειξιν
1656 2242 1705 2275 τῆς
1721 2241 1877 2276 ἀντικειμέ-

1090 2295 1139 2322 νης
1165 2286 1305 2321 δυνάμεως
1331 2285 1527 2321 μνημονεύεται
1537 2295 1543 2301 ·
1560 2286 1598 2317 ὡς
1611 2286 1674 2313 ὅταν
1687 2286 1760 2320 λέγει
1773 2286 1816 2313 διὰ
1829 2287 1876 2313 eo?)

1090 2333 1230 2368 Προφήτου
1241 2341 1248 2347 ⁸
1262 2332 1303 2358 ὅτι
1321 2332 1478 2365 Σιιντρίψει
1494 2333 1600 2365 Κύριος
1612 2333 1666 2365 τὰς
1685 2332 1718 2358 κέ
1725 2331 1810 2366 Σροινς
1822 2333 1876 2359 τοῦ

1092 2379 1112 2404 Λ
1118 2376 1230 2408 ιϐάνου,
1241 2375 1289 2402 καὶ
1297 2375 1439 2403 ,λεπτυνεῖ
1445 2375 1537 2408 αὐτάς
1543 2384 1575 2402 τε
1583 2376 1630 2402 καί
1641 2376 1694 2403 τὸν
1702 2377 1876 2410 Λίόιινονὼς

1091 2422 1144 2449 τὸν
1155 2423 1274 2456 μόσχον
1287 2421 1414 2453 ἐκεῖνον,
1433 2421 1532 2456 δηλαδὴ
1549 2422 1594 2448 τὸν
1606 2423 1634 2448 ἐν
1641 2423 1674 2457 τῇ
1687 2422 1781 2457 ἐρήμῳ
1792 2431 1874 2448 κατα-

1091 2467 1235 2494 λεανθέντα
1251 2467 1302 2493 ὑπὸ
1315 2467 1361 2493 τοῦ
1374 2467 1520 2498 Μωῡσέως,
1538 2468 1585 2494 κα)⁵
1597 2467 1709 2502 πότιμον
1722 2468 1764 2494 διὰ
1779 2468 1876 2494 λεπτό-

1089 2521 1159 2548 τητα
1177 2514 1231 2544 τοῖς
1252 2513 1430 2548 Ἰσραηλίταις
1447 2513 1601 2548 γενόμενον.
1613 2513 1743 2548 Δηλοῦται
1755 2514 1808 2548 γὰρ
1823 2508 1876 2540 ὦδε

1088 2559 1133 2586 διὰ
1157 2559 1207 2594 τῆς
1228 2558 1393 2594 προφητείας
1419 2559 1460 2585 ὅτι
1473 2559 1502 2585 σὺ
1517 2559 1596 2594 μόνον
1608 2559 1641 2585 τὰ
1652 2559 1788 2593 ἐκφυέντα
1801 2559 1877 2594 παρά

1088 2605 1138 2641 τῆς
1153 2604 1342 2640 ἀντικειμένης
1365 2604 1506 2640 δυνάμεως
1526 2605 1608 2636 κακὰ,
1624 2604 1692 2632 ἀλλά
1706 2605 1753 2631 καὶ
1768 2605 1833 2631 αὐτὸ
1846 2605 1877 2630 τὸ

1089 2651 1150 2686 ὅρος
1161 2651 1177 2686 ή
1189 2650 1281 2685 πρώτη
1294 2650 1341 2676 τοῦ
1352 2649 1438 2676 κακοῦ
1452 2650 1524 2686 ῥίζα,
1536 2651 1550 2676 ὁ
1558 2650 1682 2682 Λίσανος,
1690 2651 1704 2677 ὁ
1714 2651 1877 2686 ὑποτρέφων

1089 2695 1143 2722 τῶν
1154 2695 1282 2722 τοιούτων
1293 2695 1409 2730 δένδρων
1418 2695 1467 2731 τὴν
1479 2695 1554 2730 ὓλην,
1569 2696 1608 2727 είς
1617 2695 1646 2722 τὺ
1656 2695 1694 2731 μὴ
1704 2695 1734 2722 ὃν
1745 2697 1876 2732 περιστή-

1269 2757 1290 2772 ³²
1311 2756 1331 2782 lf
1361 2755 1478 2783 'l‘imotli.
1517 2763 1546 2787 ιι,
1577 2754 1622 2782 20.
1681 2756 1703 2771 ³³
1730 2756 1796 2785 ibid.
1829 2757 1877 2784 21.
