1984 3068
90 173 140 203 9ίὸ

605 179 636 206 ΙΝ
654 178 801 206 CANTICA
816 177 951 207 CANTIC.
973 179 1117 207 HuiiiLiA
1137 179 1192 208 VII.

1662 179 1716 206 9H

91 243 172 261 σεται.
185 235 290 262 Οὐκοῦν
305 236 385 271 ἡμεῖς
401 235 473 273 ἦμέν
489 247 554 264 ποτε
568 238 614 265 τοῦ
625 238 741 265 Λιϐάνου
754 238 787 265 τὰ
799 238 876 271 ξύλα,

942 238 1034 270 .ibani,
1050 243 1079 265 ut
1092 239 1137 274 qui
1152 239 1179 265 in
1195 239 1242 266 illo
1260 238 1365 267 radices
1377 239 1539 274 egissemus,
1555 245 1601 273 per
1616 238 1715 266 malam

91 281 140 312 ἕως
154 281 182 307 ἐν
195 281 291 316 ἐκείνῳ
307 280 378 317 ἦμεν
392 283 581 319 ἐρριζωμένοι,
592 283 636 310 διά
653 292 682 310 τε
697 284 743 310 τοῦ
757 283 874 319 πονηροῦ

92 326 160 361 βίου,
177 327 281 363 καὶτῆς
292 327 345 354 τῶν
358 328 473 355 εἰδώλων
488 329 596 364 ἀπάτης
607 338 612 344 ·
625 329 681 356 ἀλλ’
697 329 791 364 ἐπειδὴ
807 331 876 356 ἐκεῖ·

92 371 135 396 θεν
155 372 207 398 ὑπὸ
232 373 280 408 τῆς
301 373 413 409 λογικῆς
436 374 530 409 ἁξίνης
551 374 750 410 ὲξετμήθημεν.
776 375 822 401 καὶ
849 376 877 401 ἐν

93 418 149 448 ταῖς
168 418 247 452 χερσὶ
265 419 311 445 τοῦ
332 419 452 454 τεχνίτου
478 420 637 455 ἐγενόμεθα,
657 422 764 455 φορεῖον
780 421 876 448 ἑαυτοῦ

93 463 164 497 ἡμᾶς
181 463 302 498 ἐποίησε,
320 464 563 500 μεταποιχειὼσας
578 465 624 491 τοῦ
642 465 720 498 ξύλου
736 465 784 500 τὴν
799 466 878 500 φύσιν

93 507 134 534 διὰ
150 509 199 544 τῆς
225 510 431 544 παλιγγενεσίας
450 511 489 542 εἰς
507 510 638 546 ἀργύριόν
654 520 683 537 τε
698 512 743 538 καὶ
758 512 879 547 χρυσίον,

93 553 138 580 καὶ
153 554 192 584 εἰς
207 554 305 590 εὐανθῆ
321 555 474 590 πορφύραν,
491 556 539 582 καὶ
555 557 653 587 εἰςτὰς
666 556 719 582 τῶν
736 556 816 583 λίθων
832 557 880 583 αὺ-

93 597 142 631 γὰς
154 607 160 612 -
176 598 221 624 καὶ
234 597 327 634 ὥσπερ
342 600 422 633 φησὶν
444 601 458 626 ὁ
482 600 650 633 ’Λπόστολος,
669 601 710 628 ὅτι
725 602 880 635 Καταλλὴ-

94 644 154 674 λως
167 643 304 677 ἐμέρισεν
314 644 454 677 ἑκάστῳό
469 645 540 678 Θεὸς
551 645 605 678 τὰς
618 647 670 673 τοῦ
686 647 772 681 ἁγίου
787 647 880 674 [Iw-:15-

95 696 186 722 ματος
202 688 325 723 δωρεάς·
357 690 404 716 καὶ
456 691 507 726 μὲν
523 691 614 719 δίδωσι
630 693 798 728 προφητείαν
811 694 882 721 κατὰ

95 733 143 769 τὴν
153 734 296 769 ἀναλογίαν
322 735 371 771 τῆς
392 736 524 769 πίστεως-
551 737 622 773 ἄλλῳ
646 738 673 764 δὲ
700 738 763 765 ἄλλο
776 748 802 766 τι
828 739 882 766 τῶν

97 780 300 816 ἐνεργημάτων,
327 782 394 817 πρὸς
409 782 422 808 ὃ
439 783 559 817 πέφυκέν
582 793 611 810 τε
628 785 675 811 καὶ
692 784 805 812 δύναται
819 785 883 812 ’ἐκα-

98 833 158 857 στος
173 826 222 862 τὴν
235 827 315 862 χάριν
341 827 478 860 δέξασθαι,
499 830 667 865 ῆὸᾳθαλμὺς
687 830 735 857 τοῦ
759 831 884 867 σώματος

96 872 145 907 τῆς
164 873 325 908 Ἐκκλησὶας
345 874 497 910 γινόμενος,
522 875 538 910 ἤ
558 876 598 907 εἰς
614 877 690 912 χεῖρα
707 877 882 909 τασσόμενος,

931 284 1022 316 vitam,
1038 289 1065 312 et
1087 292 1135 319 per
1163 284 1285 312 fraudem
1305 284 1458 312 dzemonum
1477 293 1484 311 :
1501 283 1548 311 sei
1568 286 1715 318 postquam

930 330 1004 356 illine
1021 338 1035 356 a
1053 330 1168 358 rationis
1191 330 1323 365 participe
1343 330 1433 357 securi
1454 329 1540 356 excisi
1562 336 1668 362 sumus,
1689 332 1719 356 et-

932 375 1031 403 fuimus
1043 376 1070 402 in
1086 375 1214 404 inanibus
1229 376 1354 408 artiticis,
1384 375 1407 403 is
1422 383 1472 403 nos
1485 383 1566 402 suum
1581 375 1645 403 fecit
1664 374 1719 402 fer-

931 421 1034 453 culum,
1058 427 1239 448 transmutata
1258 421 1324 456 ligni
1345 425 1441 448 natura
1470 428 1518 456 per
1535 421 1719 456 regeneratio-

932 475 993 494 nem
1010 467 1036 494 in
1057 471 1199 503 argentum
1228 472 1255 495 et
1276 475 1384 500 aurum,
1410 471 1438 494 et
1460 467 1600 496 ﬂorentem
1620 475 1719 502 purpu.

932 521 1001 544 ram,
1019 517 1046 541 et
1071 514 1099 540 in
1118 513 1292 548 splendorem
1313 520 1502 549 gemmarum;
1522 519 1549 542 et
1567 514 1638 542 sicut
1654 513 1721 542 dicit

935 558 1082 593 Apostolus
1103 559 1136 590 ³⁸,
1161 557 1348 585 Convenit-nter
1374 558 1514 593 unicuique
1537 557 1630 584 divisit
1647 557 1718 584 Dem

936 604 1010 630 dona
1031 603 1117 629 sancti
1139 602 1254 638 Spiritus
1274 606 1325 630 :et
1341 602 1386 628 alii
1402 602 1512 637 quidem
1535 602 1582 629 dat
1601 602 1720 637 prophe-

935 649 1000 676 tiam
1025 651 1221 678 convenienter
1238 649 1407 684 proportioni
1427 649 1504 681 lidei;
1527 648 1572 675 alii
1586 655 1651 675 vero
1671 647 1723 674 ali-

935 702 1016 730 quam
1037 696 1117 722 aliam
1133 695 1330 729 operationem,
1355 699 1438 729 prout
1462 698 1505 721 est
1534 693 1723 728 unusquisque

936 745 1017 775 aptus
1033 744 1139 772 natura,
1157 746 1183 767 et
1200 744 1290 775 potest
1315 740 1457 774 suscipere
1471 739 1597 775 gratiam,
1621 743 1650 766 ut
1675 738 1722 774 qui

937 787 985 814 vel.
1002 787 1143 814 ordinetur
1163 787 1264 813 oculus
1291 785 1430 818 Ecclesize,
1461 785 1502 812 vel
1525 784 1612 812 locum
1634 788 1724 812 teneat

938 840 1080 862 manuum,
1102 832 1143 859 vel
1172 832 1233 858 loco
1266 831 1341 866 pedis
1365 830 1459 857 t'ulciat
1476 838 1508 858 ac
1527 830 1648 858 stabiliat
1663 838 1670 857 :
1687 830 1724 857 ita

938 879 1020 906 etiam
1041 879 1067 905 in
1095 878 1191 905 fercuti
1216 878 1423 904 constructione
1446 876 1520 903 a‘iud
1549 876 1657 911 quidem
1683 879 1725 903 est

97 918 122 954 ﬂ
137 919 196 945 ἀντὶ
225 920 303 951 ποόὸς
332 921 538 957 ὑποστηρίζων·
569 922 640 948 οὕτω
660 923 708 949 καὶ
732 923 761 950 ἐν
781 925 814 959 τῇ
839 923 885 950 τοῦ

942 924 1075 955 columna,
1099 924 1174 950 aliud
1198 931 1262 951 γυνθ
1283 930 1426 954 ascensus,
1450 922 1523 949 aliud
1543 929 1606 949 vero
1628 924 1671 948 est
1694 927 1725 948 ca

99 965 206 1001 φορείου
222 969 388 1002 κατασκευῇ,
408 969 422 994 ὁ
443 967 491 1003 μέν
509 977 550 1000 τις
568 969 672 1001 στύλος,
689 970 703 996 ὁ
717 969 745 996 δὲ
761 969 886 1002 ἐπίϐασις

98 1011 217 1045 γίνεται·
233 1012 325 1048 ἔτερος
345 1013 373 1039 δὲ
388 1014 418 1040 τὸ
439 1014 506 1049 πρὸς
522 1016 555 1049 τῇ
572 1015 676 1050 κεφαλῇ
696 1015 777 1051 μέρος
793 1016 807 1041 ὅ
824 1016 888 1042 ἀνά-

99 1057 189 1084 κλιτον
216 1058 435 1093 προσηγόρευσεν
448 1067 452 1072 ·
466 1060 519 1085 εἰσὶ
541 1059 569 1086 δέ
586 1069 656 1092 τινες
676 1061 700 1087 οἱ
718 1062 757 1093 είς
771 1061 801 1088 τὸ
814 1062 888 1093 ἐντος

99 1103 269 1138 τεταγμένοι.
283 1101 331 1130 Ὧν
347 1104 473 1132 ἁπάντων
484 1105 555 1132 κατά
568 1114 627 1132 τινα
642 1106 720 1140 λόγον
734 1107 748 1132 ὀ
763 1107 888 1143 τεχνίτης

99 1149 129 1175 οὐ
144 1150 267 1186 μονοειδῆ
280 1151 348 1186 πρὸς
360 1152 405 1178 τὸν
418 1152 611 1188 καλλωπισμον
625 1154 727 1180 ἐπινοεῖ
738 1154 787 1188 τὴν
798 1154 864 1189 ὓλην
880 1163 886 1169 ’

99 1194 167 1221 ἀλλὰ
183 1195 272 1222 πάντα
292 1196 341 1231 μὲν
357 1198 570 1232 χατακοσμεῖται
583 1198 622 1233 τῷ
638 1198 730 1225 κάλλει
743 1207 749 1213 ·
761 1199 888 1235 διάφορος

99 1240 127 1267 δὲ
145 1242 191 1267 καὶ
202 1241 368 1278 κατάλληλος
384 1243 492 1278 ἑκάστῳ
508 1244 610 1270 τούτων
624 1245 772 1272 ἐπινοεῖται
786 1247 801 1281 ἡ
819 1246 886 1281 ὥρα.

102 1284 162 1312 Εἰσὶ
183 1287 273 1314 τοίνυν
292 1289 422 1324 ἀργύριον
444 1289 493 1324 μὲν
505 1290 527 1316 oi
545 1289 636 1316 στύλοι
653 1290 700 1316 τοῦ
718 1291 826 1326 φορείου
838 1299 844 1305 “
861 1293 888 1318 αἱ

101 1332 129 1359 δὲ
139 1333 240 1360 τούτων
256 1334 395 1366 ἐπιϐάσεις
412 1335 538 1370 πορφύρα
550 1343 555 1350 ·
571 1336 603 1361 ὲκ
617 1336 728 1371 χρυσίου
742 1336 770 1362 δὲ
785 1337 814 1363 τὸ
825 1338 890 1364 ἀνά-

102 1377 192 1404 κλιτον
202 1377 232 1403 τὸ
246 1380 278 1413 τῇ
292 1379 394 1414 κεφαλῇ
409 1380 564 1411 ὑποϐαῑνον,
581 1380 609 1406 ἐν
622 1377 644 1413 ᾧ
661 1381 745 1407 κλίνει
767 1382 816 1417 τὴν
825 1383 888 1409 ἑαυ-

102 1422 149 1448 τοΰ
163 1425 281 1460 κεφαλὴν
290 1425 304 1450 ὁ
317 1425 446 1460 νυμφίος*
457 1427 513 1457 τοῖς
522 1426 550 1452 δὲ
564 1427 664 1462 τιμίοις
678 1427 764 1459 λίθοις
771 1428 802 1454 τὸ
816 1429 890 1456 ἔνδον

103 1469 176 1496 ἅπαν
192 1470 441 1498 καταποικίλλεται.
454 1471 559 1499 Οὐκοῦν
575 1473 687 1504 στύλους
702 1473 751 1508 μὲν
768 1474 889 1509 νοητέον,

103 1515 165 1546 τοὺς
185 1515 296 1547 στύλους
312 1516 361 1551 τῆς
383 1517 554 1552 Ἐκκλησίας,
570 1515 610 1550 οἷς
625 1519 747 1554 ἀκριϐῶς
761 1519 791 1546 τὸ
807 1520 891 1555 ἀργύ-

106 1567 161 1594 ριον
175 1560 294 1596 καθαρόν
317 1570 346 1588 τε
359 1562 406 1589 καὶ
424 1563 621 1599 πεπυρωμένον
633 1566 647 1591 ὁ
661 1565 738 1600 λόγος
753 1566 837 1593 ἐστίν.
859 1567 891 1593 Ἡ

104 1606 132 1632 δὲ
149 1607 276 1643 πορφύρα
296 1608 364 1634 εἰσὶν
378 1608 402 1634 οἳ
414 1609 462 1644 τῆς
479 1609 615 1644 βασιλείας
629 1610 658 1636 ὲν
675 1611 713 1646 τῷ
731 1610 825 1646 ὑψηλῷ
838 1611 888 1647 τῆς
905 1600 926 1629 C

105 1653 242 1685 πολιτείας
263 1653 469 1689 ἐπιῦεὸἠκασιν.
501 1654 654 1690 Ἐξαίρέτον
676 1657 730 1692 γὰρ
749 1657 893 1694 γνώρισμα

105 1699 153 1732 τῆς
174 1699 310 1734 βασιλείας
326 1701 343 1734 ἡ
359 1700 484 1736 πορῳύρα
500 1701 649 1736 νομίζεται.
671 1703 707 1729 Τὸ
722 1703 750 1730 δὲ
764 1704 892 1740 ἡγεμονι-

106 1745 153 1773 κδν
163 1746 256 1779 αὑτοῦ,
265 1743 323 1780 ὲνῷ
332 1747 380 1781 τὴν
400 1747 518 1783 κεφαλὴν
528 1748 610 1775 αὑτοῦ
623 1749 707 1776 κλίνει
721 1750 735 1776 ό
745 1750 775 1776 τὸ
789 1752 895 1786 φορεῖον

106 1792 325 1823 κατασκευάσας,
345 1793 376 1818 τὸ
398 1793 451 1819 τῶν
479 1794 608 1829 καθαρῶν
623 1795 765 1830 δογμάτων
785 1797 895 1832 χρυσίον

107 1838 191 1866 ἐστίν.
207 1839 278 1865 Ὅσα.
292 1839 321 1864 δὲ
337 1839 426 1874 ἀφανῆ
438 1848 467 1865 τε
481 1841 528 1866 καὶ
542 1840 645 1876 κρύφια
661 1843 692 1876 τῇ
707 1843 813 1879 καθαρᾷ
832 1853 895 1870 συν-

108 1884 210 1919 ειδήσει
224 1884 276 1910 τῶν
294 1884 390 1918 τιμίων
414 1885 495 1912 λίθων
515 1886 702 1922 ἐνωραῖζεται,
716 1888 749 1914 δι’
760 1885 796 1915 ὧν
812 1890 896 1916 ἁπάν-

109 1938 163 1955 των
179 1929 233 1955 ἀπὸ
253 1929 307 1956 τῶν
324 1929 481 1965 θυγατέρων
499 1931 676 1968 Ἰερουσαλὴμ
691 1934 707 1969 ὴ
725 1934 819 1970 ἀγάπη
837 1944 897 1962 συν-

110 1975 224 2002 ίσταται.
242 1975 273 2002 Et
284 1976 312 2002 δὲ
328 1975 448 2010 βούλοιτό
464 1986 505 2009 τις
517 1980 623 2012 φορεῖον
639 1979 688 2014 μὲν
707 1981 796 2008 πᾶσαν
807 1982 896 2016 λέγειν

109 2019 159 2055 τὴν
180 2019 341 2054 Ἐκκλησίαν
351 2029 358 2035 ·
372 2021 548 2056 καταμερίζοι
561 2022 589 2048 δὲ
602 2023 672 2050 κατὰ
688 2024 735 2056 τὰς
751 2025 804 2052 τῶν
820 2027 896 2062 ὲνερ‹

109 2065 192 2100 γειῶν
213 2065 341 2101 διαφορὰς
368 2068 408 2098 είς
431 2067 565 2102 πρόσωπά
588 2077 647 2095 τινα
669 2069 715 2096 τοῦ
735 2071 842 2106 φορείου
864 2072 897 2098 τὰ

111 2111 193 2146 μέρη,
204 2111 241 2142 ὡς
254 2110 285 2146 δὴ
299 2111 363 2146 περὶ
379 2111 474 2138 τούτου
492 2113 663 2148 προείρηται,
679 2115 778 2150 πολλὴν
791 2117 837 2142 καὶ
850 2116 897 2143 οὖ-

108 2166 164 2189 τως
176 2157 299 2184 εὐκολίαν
310 2158 324 2184 ὁ
336 2157 413 2192 λόγος
428 2157 494 2192 ἔχει,
510 2158 618 2194 ἑκάστῳ
628 2159 748 2194 τάγματι
763 2160 817 2187 τῶν
828 2162 897 2189 κατὰ

109 2203 159 2239 τὴν
184 2203 346 2239 Ἐκκλησίαν
366 2204 540 2239 τεταγμένων
554 2205 708 2240 ἐφαρμόσαι
724 2205 770 2232 τοῦ
788 2207 896 2241 φορείου

109 2250 143 2276 τὰ
156 2250 226 2286 μέρη
236 2257 244 2265 ο
270 2249 361 2281 καθώς
387 2258 469 2285 φησιν
487 2251 501 2276 ό
522 2251 692 2283 Ἀπόστολος,
708 2251 749 2278 ὁτι
763 2253 867 2280 Ἕθετο
882 2256 898 2281 ό

111 2296 184 2328 Θεὸς
197 2297 231 2322 ἐν
242 2295 279 2330 τῇ
298 2296 470 2330 Ἐκκλησία,
481 2295 599 2330 πρῶτον
613 2297 814 2331 ἀποστόλους,
832 2299 899 2326 δεύ-

111 2348 197 2373 tepor
210 2342 374 2375 προφήτας,
386 2343 485 2376 τρίτον
497 2341 711 2374 διδασκάλους,
727 2342 822 2369 ἔπειτα
836 2344 897 2370 καθ’

111 2386 227 2413 ἕκαστον
250 2387 339 2414 πάντα
362 2388 430 2423 πρὸς
451 2388 498 2415 τὸν
521 2388 706 2424 καταρτισμὸν
726 2389 780 2416 τῶν
801 2390 896 2425 ἁγίων·

111 2432 150 2463 ὡς
161 2431 205 2458 διὰ
216 2432 270 2458 τῶν
286 2433 422 2467 ὀνομάτων
436 2433 490 2460 τῶν
503 2434 571 2469 πρὸς
579 2434 628 2469 τὴν
636 2433 682 2460 τοῦ
693 2434 802 2469 φορείου
815 2444 898 2463 κατα-

113 2477 214 2512 σκευὴν
221 2477 416 2510 συντελούντων
425 2479 514 2514 ἱερέας
521 2478 640 2506 νοεῖσθαι
651 2480 698 2508 καὶ
711 2480 896 2514 διδασκᾲλους,

113 2523 162 2550 καὶ
190 2522 239 2558 τὴν
265 2522 366 2558 σεμνὴν
393 2523 539 2558 παρθενίαν
559 2524 608 2560 τὴν
632 2525 707 2556 ἐντὸς
724 2525 772 2552 τοῦ
789 2525 898 2561 φορείου

114 2567 280 2603 καθαρότητι
294 2567 348 2595 τῶν
371 2567 486 2603 ἀρετῶν,
502 2567 558 2596 οἷόν
572 2578 626 2596 τισι
640 2569 721 2596 λίθων
740 2570 840 2605 αὐγαῖς
858 2572 900 2598 ὲνε

113 2614 270 2650 αστράπτου
274 2621 334 2641 σαν.

157 2659 237 2686 Ἀλλὰ
256 2660 321 2695 περὶ
351 2659 400 2694 μὲν
429 2658 532 2686 τούτων
552 2661 679 2689 τοσαῦτα.
704 2662 732 2688 ’0
754 2663 782 2690 δὲ
801 2662 899 2699 ἐφεξῆς

114 2707 194 2741 λόγος
207 2706 364 2742 προτροπὴν
373 2706 494 2741 περιέχει
503 2705 570 2741 πρὸς
582 2706 630 2738 τὰς
641 2707 791 2744 θυγατέρας
807 2708 902 2744 Ἰερου-

114 2752 208 2789 σαλὴμ
221 2751 297 2787 παρὰ
312 2751 361 2787 τῆς
378 2751 487 2786 νύμφης
497 2751 646 2786 γινόμενος.
662 2752 706 2783 Ὡς
719 2752 772 2788 γὰρ
786 2753 800 2779 ὀ
814 2753 900 2788 μέγας

115 2799 222 2830 Παῦλος
235 2798 336 2834 ζημίαν
352 2798 453 2833 ἡγεῖτο,
466 2799 490 2824 εί
505 2797 543 2832 μὴ
558 2797 625 2824 πᾶσι
635 2796 688 2824 τῶν
702 2797 773 2824 ίδίων
792 2799 899 2833 ἀγαθῶν

939 978 1002 1005 pars
1017 978 1077 1005 qua:
1091 975 1133 997 est
1148 969 1181 996 ad
1196 973 1287 1003 caput,
1300 976 1381 1003 quam
1395 967 1726 997 vocavitreciinatorium.

938 1015 983 1042 alii
1008 1021 1098 1043 autem
1121 1020 1185 1042 sunt
1204 1014 1332 1042 collocati
1353 1014 1437 1041 intus.
1456 1014 1579 1047 Quorum
1603 1013 1726 1041 omnium

938 1060 1055 1095 quadam
1072 1060 1178 1087 ratione
1190 1061 1418 1094 compositionem
1435 1058 1533 1086 artifex
1553 1066 1606 1086 non
1622 1058 1726 1086 unifor-

943 1106 1022 1132 miter
1038 1106 1174 1140 excogitat
1193 1106 1366 1133 soitttnmodo
1380 1105 1412 1132 ad
1428 1108 1568 1135 ornatum,
1591 1104 1637 1132 sed
1648 1111 1726 1131 exor-

938 1155 1039 1177 nantur
1055 1151 1164 1185 quidem
1174 1151 1265 1177 omnia
1279 1150 1499 1184 pulchritudine;
1517 1149 1626 1176 diversa
1635 1153 1726 1176 autem
1756 1142 1763 1149 ’

938 1200 965 1223 ut
983 1196 1128 1231 unicuique
1140 1204 1234 1223 eorum
1248 1197 1413 1223 convenit-us
1429 1196 1601 1230 excogitatur
1620 1195 1727 1230 elegan-

941 1243 977 1268 tia
997 1245 1025 1270 et
1049 1242 1142 1269 decor.
1163 1242 1233 1269 Sunt
1255 1249 1320 1277 ergo
1348 1246 1483 1277 argentea:
1506 1241 1615 1276 quidem
1632 1240 1727 1267 ferenti

940 1289 1082 1321 colunmm,
1100 1296 1193 1316 earum
1203 1293 1294 1316 autem
1305 1288 1434 1323 purpurei
1450 1295 1602 1315 ascensus:
1616 1293 1728 1314 aureum

940 1338 1031 1361 autem
1047 1338 1089 1361 cst
1107 1334 1312 1362 reciinatorium
1335 1333 1407 1369 quod
1425 1337 1562 1360 sustentat
1586 1336 1680 1368 caput,
1701 1332 1729 1359 in

941 1386 996 1414 quo
1015 1383 1099 1414 caput
1117 1387 1197 1407 suum
1221 1380 1335 1407 reclinat
1357 1387 1488 1414 sponsus;
1502 1379 1616 1413 gemmis
1639 1381 1730 1404 autem

941 1428 968 1452 ct
981 1425 1118 1459 lapidibus
1139 1425 1265 1458 pretiosis
1285 1425 1408 1452 variatur
1427 1424 1561 1460 quidquid
1582 1428 1625 1451 est
1646 1424 1729 1450 intus.

943 1469 1013 1496 Sunt
1025 1478 1089 1505 ergo
1096 1468 1378 1503 columnae,E(:eiesia3
1387 1471 1530 1501 columnae,
1543 1469 1641 1504 quibus
1653 1469 1731 1504 plane

943 1524 1040 1551 purum
1053 1520 1077 1544 et
1096 1517 1157 1552 igne
1171 1518 1355 1544 examinatum
1370 1522 1512 1551 argentum
1527 1521 1568 1543 est
1581 1515 1729 1550 eloquium.

942 1562 1068 1598 Purpura
1092 1568 1182 1590 autem
1208 1568 1284 1595 sunt,
1319 1563 1365 1598 qui
1391 1562 1423 1589 ad
1446 1562 1545 1596 regalis
1575 1561 1733 1596 reipublic;

945 1617 1080 1636 summum
1109 1610 1221 1645 gradum
1244 1609 1437 1637 ascenderunt.
1472 1607 1641 1643 Prazcipuum
1659 1608 1734 1635 enim

946 1657 1020 1690 regni
1037 1658 1144 1690 signum
1156 1661 1285 1683 censetur
1305 1663 1366 1682 esse
1388 1654 1731 1689 pitrpura.aPrineipatum

945 1703 1034 1727 autem
1055 1699 1181 1728 obtinens
1200 1700 1327 1730 inanitas,
1345 1699 1373 1725 in
1388 1706 1442 1733 qua
1454 1701 1537 1733 caput
1552 1705 1632 1725 suum
1652 1697 1733 1724 recli-

946 1751 991 1774 net
1005 1746 1028 1773 is
1044 1746 1086 1780 qui
1097 1746 1252 1773 construxit
1267 1745 1462 1776 ferculum,est
1477 1751 1608 1778 purorum
1623 1742 1733 1777 dogma-
1759 1737 1761 1739 ξ

946 1795 1003 1818 tum
1020 1799 1127 1818 aurum.
1145 1791 1321 1826 Qumcunque
1337 1794 1428 1816 autem
1455 1790 1549 1822 latent,
1571 1792 1598 1816 et.
1613 1796 1667 1815 non
1683 1796 1733 1823 ap-

947 1841 1054 1871 parent,
1077 1836 1242 1863 dccorantur
1270 1843 1337 1870 pura
1361 1843 1528 1870 gemmarum
1549 1833 1732 1864 conscientia,

948 1890 996 1917 per
1008 1890 1067 1917 qua:
1083 1882 1175 1910 omnia
1193 1881 1321 1910 consistit
1339 1882 1460 1909 cltaritas
1474 1890 1506 1909 ex
1520 1881 1626 1908 iiiiabus
1639 1879 1733 1908 lsrael.

949 1927 977 1955 Si
994 1929 1056 1963 quis
1073 1932 1163 1956 autem
1188 1929 1254 1955 velit
1272 1928 1405 1955 ferculum
1425 1927 1534 1962 quidem
1557 1927 1650 1954 dicere
1670 1925 1733 1952 uni-

947 1982 1053 2002 versam
1077 1975 1239 2006 Ecclesium,
1267 1974 1371 2001 dividat
1398 1978 1488 2001 autem
1520 1981 1554 2001 ex
1575 1971 1736 2000 ditferentiis

949 2021 1140 2056 operationum
1166 2020 1194 2047 in
1215 2028 1348 2055 personas
1373 2020 1490 2055 aliquas,
1516 2022 1607 2054 partes
1626 2018 1734 2050 fercuii,

949 2071 977 2094 ut
993 2067 1051 2101 jam
1063 2067 1097 2094 de
1111 2074 1144 2094 eo
1159 2067 1264 2094 dictum
1280 2071 1323 2094 est
1338 2071 1430 2098 antea,
1454 2066 1495 2094 sic
1511 2072 1621 2100 quoque
1636 2069 1679 2092 est
1694 2064 1736 2091 i‘a-

947 2112 1081 2139 cillimum
1100 2112 1248 2147 unicuique
1262 2112 1352 2139 ordini
1375 2119 1468 2140 eorum
1484 2112 1530 2146 qui
1545 2115 1610 2138 sunt
1634 2110 1662 2137 in
1684 2109 1736 2137 Ec-

948 2157 1029 2185 clesia
1044 2158 1173 2192 adaptare
1187 2163 1278 2193 partes
1294 2156 1390 2184 ferculi
1407 2155 1565 2192 :quomodo
1580 2155 1647 2182 dicit
1662 2155 1736 2189 Apo-

948 2203 1036 2231 stolus
1049 2213 1056 2230 :
1071 2203 1176 2234 Puauit,
1200 2203 1300 2238 inquit,
1328 2202 1399 2229 Deus
1417 2202 1446 2228 in
1467 2200 1598 2232 Ecclesia,
1619 2200 1735 2234 primum

950 2246 1093 2279 apostolos,
1110 2245 1224 2274 secundo
1247 2245 1398 2279 prop/tatas,
1425 2245 1503 2272 tertio
1523 2244 1643 2271 doctores
1652 2244 1686 2277 “,
1708 2247 1736 2271 et

950 2291 1108 2326 singulatim
1125 2291 1217 2318 omnia
1229 2291 1262 2318 ad
1278 2291 1471 2326 perfectionem
1491 2295 1663 2324 sanctorum,
1697 2292 1735 2319 ita

948 2341 977 2364 ut
993 2344 1041 2371 per
1055 2337 1106 2364 has
1121 2343 1213 2368 voces,
1239 2344 1409 2372 quaecunque
1423 2336 1457 2364 ad
1476 2337 1614 2372 opiﬁcium
1640 2337 1735 2365 ferculi

946 2382 1267 2417 pertinent,sacerdotes
1293 2390 1325 2410 ac
1349 2382 1477 2411 doctores
1497 2383 1695 2419 intelligantur,
1709 2388 1737 2411 et

945 2427 1130 2454 venerandam
1149 2427 1332 2462 virginitatem
1349 2435 1413 2456 esse
1436 2431 1601 2460 statuamus,
1626 2436 1687 2463 qua:
1707 2428 1735 2455 in

946 2473 1061 2505 ferculo,
1083 2473 1213 2501 virtutum
1228 2474 1357 2509 puritate,
1371 2477 1501 2509 tanquam
1517 2474 1603 2502 radiis
1619 2474 1736 2508 quibuss

950 2519 1012 2547 dam
1029 2519 1221 2565 pretiosiorum
1239 2519 1360 2555 lapidum
1376 2519 1491 2555 fulgeat.

987 2663 1027 2690 Ac
1033 2662 1066 2689 dc
1077 2661 1119 2689 Itis
1130 2661 1239 2696 quidem
1249 2661 1392 2689 hactenus.
1408 2661 1475 2694 Quae
1482 2664 1633 2695 sequuntur
1642 2659 1735 2691 verba,

952 2707 1059 2742 prolata
1074 2708 1108 2734 ab
1124 2707 1182 2742 ipsa
1202 2714 1315 2742 sponsa,
1327 2707 1544 2734 exhortationem
1558 2705 1592 2732 ad
1607 2705 1677 2732 ﬁlias
1691 2702 1735 2732 Ιο-

951 2753 1070 2780 rusalem
1094 2753 1246 2779 continent.
1277 2751 1344 2779 Nam
1369 2751 1597 2787 quemadmodum
1621 2756 1736 2784 magnul

951 2798 997 2825 ille
1011 2797 1141 2825 Paulus"
1161 2805 1210 2833 pro
1223 2797 1460 2830 damnoducebat,
1482 2797 1507 2825 si
1524 2803 1580 2824 non
1591 2801 1656 2823 cum
1672 2794 1736 2823 uni-

152 2889 174 2907 ⁸³
206 2889 283 2916 Itoni.
315 2895 364 2922 xu,
387 2889 404 2917 Jt
421 2896 481 2924 sqq.
508 2889 530 2904 '°
549 2887 570 2915 ll
611 2888 676 2917 Cor.
695 2896 714 2922 ι,
741 2888 783 2924 l2,
800 2889 845 2918 ‘28.
884 2890 905 2907 ³⁷
933 2889 1029 2918 lCor.
1059 2896 1108 2924 vn,
1133 2888 1171 2919 7.,
