1984 3068
244 183 294 210 ill?)

845 182 873 209 S.
894 182 1058 210 GllEGORll
1071 183 1217 212 NYSSENI

1819 188 1872 216 ε’ίὸ

241 240 329 267 versis
349 239 419 266 b0na
445 246 493 265 sua
511 238 754 271 communicasset,
776 247 863 275 eaque
886 241 920 268 de
943 248 1024 268 causa

1088 242 1252 278 onwzbv'qoe,
1281 244 1321 270 διὸ
1351 244 1385 270 τὰ
1414 244 1524 270 τοιαῦτα
1544 244 1612 278 πρὸς
1636 244 1698 276 τοὺς
1725 244 1872 278 ἀκούοντας

242 285 332 313 verbis
349 285 423 312 hisce
436 285 470 311 ad
480 285 621 312 audientes
638 286 784 313 utebatur:
806 285 890 313 Velim
904 295 947 313 vos
962 287 1028 314 tales

242 332 301 364 ﬁeri
313 331 400 366 qualis
416 339 461 365 ego
477 339 546 364 sum,
574 338 637 358 cum
658 335 685 358 et
713 327 772 367 ipse
797 332 947 366 aliquando
965 326 1030 361 talis

243 377 351 409 fuerim,
365 377 460 413 quales
477 385 524 405 vos
540 377 616 405 estis.
634 377 699 405 Item
714 386 720 404 :
739 377 821 404 Velim
835 386 879 405 vos
895 378 953 412 ﬁeri
966 378 1029 404 imi-

243 428 341 450 tatores
359 423 420 456 mei,
434 423 656 458 quemadmodum
675 431 721 458 ego
737 423 838 450 Christi
859 431 919 451 sum
940 424 1030 450 imita-

243 474 287 496 tor
299 471 321 489 ³*
340 478 347 496 :
361 470 401 497 sic
415 474 442 496 ct
464 469 661 504 benignissima
683 469 741 496 lucc
760 477 861 504 sponsa
876 470 1029 496 divinorum

243 515 337 549 sponsi
357 516 549 550 mysteriorum
568 516 706 550 particeps
735 515 817 547 facta,
853 520 1029 550 posteaquam

244 561 335 588 cubile
346 562 542 596 conspexit,ac
558 562 630 596 regis
653 561 785 588 ferculum
809 561 905 588 cll'ecia
921 565 973 594 cst,
997 561 1031 588 ad

243 607 404 641 iuvenculos
419 608 519 634 clamat
540 608 577 642 (et
595 608 698 634 fuerint
724 608 839 636 forsitan
860 609 901 635 hae
923 609 1031 635 illorum

245 651 342 678 animae
357 651 403 686 qui
421 652 536 679 salutem
560 654 794 688 consequuntur),
813 658 840 680 et
859 662 866 680 ι
883 653 1032 688 Quousque

245 697 422 731 tandcm,ait,
443 698 514 726 intra
543 699 604 726 vitae
625 699 783 735 speluncam
804 699 902 726 abdita:
924 699 1033 726 latetis?

244 742 443 778 Progredimini
472 748 548 773 extra
577 750 681 772 naturae
704 738 865 777 velamenta,
899 745 1033 780 factaeque

248 789 310 816 tiliae
324 788 402 822 Sion,
417 790 606 818 admirandum
625 791 678 818 hoc
699 791 884 825 spectaculum
907 791 1031 826 aspicite.

247 835 391 862 Intuemini
404 835 626 863 deccntissimam
648 836 674 862 in
691 836 780 871 capite
797 837 869 871 regis
888 843 1031 868 coronam,

246 887 328 914 qnam
345 885 432 908 mater
444 882 529 915 ipsius
539 882 562 909 ei
579 882 788 916 circumposuit,
804 882 1031 916 quemadmodum

246 931 323 954 vates
341 927 387 954 ille
403 914 525 962 loquitur
542 935 549 955 :
568 914 731 955 Posuisti—in
747 914 826 962 caput
851 928 934 962 ipsius
956 936 1032 955 coro-
1048 914 1072 944 ⁸

247 981 310 1000 nam
328 973 360 1000 de
374 973 460 1008 lapids
480 974 595 1008 pretioso
615 973 714 1001 factam
729 974 763 1001 ³³.
773 973 866 1009 Neque
886 974 1032 1009 quisquam

247 1027 341 1047 eorum
360 1019 407 1054 qui
420 1020 512 1055 aliquo
528 1020 555 1046 in
571 1020 691 1048 oraculis
704 1019 918 1054 divinisjudicio
931 1020 1033 1053 valent,

246 1065 281 1091 de
297 1065 422 1092 vocabuli
441 1065 467 1092 vi
484 1064 668 1100 argutabitur,
687 1064 761 1099 quod
780 1071 828 1099 pro
846 1067 922 1099 patre
938 1064 1035 1091 matris

249 1111 292 1137 hic
310 1110 356 1138 fiat
377 1110 491 1142 mentio,
513 1117 575 1138 cum
591 1110 735 1145 utriusque
753 1109 828 1137 vocis
846 1117 944 1137 sensus
964 1110 1035 1137 idem

248 1157 294 1184 sit.
309 1155 377 1183 Nam
393 1163 455 1184 cum
480 1155 508 1182 in
523 1159 621 1183 natura
647 1155 738 1182 divina
767 1162 858 1189 neque
884 1154 1034 1187 masculus,

248 1209 336 1237 neque
353 1201 486 1230 femineus
498 1209 581 1229 sexus
595 1200 721 1233 exsistat,
737 1199 802 1235 (quo
821 1200 893 1226 enim
909 1203 989 1235 pacto
1007 1199 1035 1226 in

248 1248 350 1275 deitate
366 1242 446 1276 nobis
459 1246 590 1284 quiddam
603 1246 740 1281 ejusmodi
761 1246 854 1274 venire
873 1246 900 1273 in
917 1249 1035 1273 mentem

249 1294 347 1329 possit,
364 1301 427 1321 eum
442 1299 525 1321 sexus
541 1292 692 1319 discrimen
714 1299 749 1319 ne
772 1291 882 1327 quidem
907 1292 934 1318 in
956 1291 1036 1319 nobis

249 1339 408 1368 hominibus
420 1344 554 1375 perpetuo
569 1338 733 1366 duraturum
748 1338 796 1370 sit,
825 1337 925 1373 quippe
941 1337 988 1375 qui
1009 1337 1037 1363 id

249 1385 394 1421 temporis,
409 1392 472 1412 cum
492 1392 589 1412 omnes
601 1391 687 1412 unum
702 1383 730 1410 in
745 1382 858 1410 Christo
874 1382 1035 1415 elliciemur,

250 1431 329 1466 signa
349 1429 519 1458 discriminis
544 1429 627 1464 hujus
650 1436 704 1457 una
723 1436 784 1456 cum
800 1432 858 1457 toto
879 1429 964 1457 veteri
987 1429 1038 1456 ho-

251 1477 324 1504 mine
336 1475 447 1505 exuturi
460 1475 584 1510 sumus?)
600 1475 704 1503 idcirco
715 1474 742 1504 in
757 1480 863 1504 natura:
876 1475 951 1503 illius
967 1474 1039 1505 inef-

251 1520 343 1549 fabilis
354 1520 520 1549 indicatione
544 1528 596 1547 vox
618 1521 722 1555 quasvis
733 1528 828 1557 parem
840 1521 894 1548 vim
908 1521 1015 1548 obtinet
1029 1528 1036 1553 ;

251 1573 341 1602 neque
355 1567 450 1599 maris,
472 1574 560 1602 neque
577 1566 684 1593 feminae
705 1567 840 1594 vocabulo
859 1566 1038 1601 significatio-

252 1620 314 1641 nem
327 1613 402 1641 illius
413 1613 569 1648 purissima:
591 1617 696 1640 naturae
717 1613 865 1648 polluente.
890 1613 1039 1648 Propterea

253 1660 281 1686 in
292 1659 440 1694 Evangelio
460 1659 571 1695 quidam
589 1663 667 1695 pater
686 1659 740 1687 tilio
758 1660 868 1695 nuptias
888 1660 979 1688 facere
998 1661 1039 1687 di-

253 1705 328 1732 citur
339 1705 360 1722 ¹⁰
379 1715 385 1732 :
401 1705 539 1741 Propheta
553 1713 615 1732 vero
627 1705 672 1732 ille
684 1705 767 1732 Deum
777 1706 945 1740 compellans
960 1715 967 1733 :
987 1706 1039 1733 Po-

253 1752 345 1784 suisti,
362 1751 411 1784 ait,
427 1753 455 1778 in
469 1756 546 1786 caput
560 1752 642 1786 ipsius
662 1759 788 1778 coronam
804 1751 835 1778 de
855 1752 972 1786 pretioso
999 1753 1040 1780 Ια-

253 1798 313 1832 pide
327 1797 427 1825 factam
444 1805 450 1824 :
468 1797 526 1825 haec
539 1797 655 1832 denique
671 1804 773 1825 corona
791 1805 895 1832 sponso
917 1805 932 1825 a
955 1802 1041 1824 matre

255 1845 384 1878 imposita
402 1843 513 1870 dicitur.
538 1843 608 1876 Quia
627 1843 710 1878 igitur
728 1850 788 1871 unae
806 1846 913 1870 tantum
936 1844 1040 1878 nuptiae

256 1894 331 1922 sunt,
344 1894 371 1917 et
386 1897 440 1918 una
457 1898 568 1925 sponsa,
584 1895 612 1918 et
628 1891 661 1918 ab
677 1898 730 1918 uno
744 1898 846 1918 corona
872 1899 974 1925 sponso
987 1891 1040 1917 im—

256 1934 511 1968 ponitur:omnino
541 1935 607 1972 nihil
639 1935 807 1962 discriminis
820 1939 871 1967 est,
902 1936 959 1962 sive
979 1936 1041 1970 quis

256 1977 304 2005 Dei
319 1977 418 2008 Filium
437 1979 581 2015 unigenam
598 1978 682 2007 Deum
699 1983 788 2012 vocet,
813 1980 871 2007 sive
885 1978 983 2006 Filium
999 1979 1042 2007 di-

257 2025 384 2053 lectionis
404 2026 476 2060 ejus,
508 2025 738 2061 quemadmodum
772 2025 876 2053 Paulus
907 2026 1039 2060 loquitur,

256 2078 319 2098 cum
340 2071 436 2099 eadem
468 2064 589 2106 potestas
614 2075 730 2106 utroque
756 2071 891 2098 vocabulo
919 2071 1040 2099 indicata

257 2120 373 2144 exornet
400 2117 490 2151 ipsum
523 2121 553 2144 ut
579 2124 722 2151 sponsum,
748 2116 780 2143 ad
811 2116 1041 2144 cohabitationem

257 2166 391 2190 nostram.
422 2161 589 2197 Egredimini
612 2168 688 2196 ergo,
713 2161 803 2196 inquit
824 2161 858 2188 ad
880 2162 1043 2196 juvenculas

257 2216 370 2244 sponsa,
387 2212 414 2236 et
432 2209 492 2236 lilia:
504 2207 569 2235 Sion
587 2207 752 2241 eﬂiciamim,
770 2211 798 2235 ut
810 2207 844 2236 de
859 2207 968 2236 sublimi
982 2215 1042 2243 spe-

257 2255 319 2281 cula
337 2254 401 2288 (hoc
423 2254 496 2280 enim
520 2260 572 2280 vox
594 2253 659 2280 Sion
679 2253 826 2290 signiﬁcat)
855 2255 1041 2290 spectaculum

257 2299 451 2326 admirandum
480 2297 573 2327 videre
604 2298 727 2333 possitis,
745 2298 873 2326 videlicet
909 2306 1042 2334 sponsum

258 2351 360 2371 corona
377 2343 546 2370 redimitum.
566 2342 614 2371 Est
625 2348 715 2371 autem
728 2352 829 2372 corona
847 2345 930 2380 hujus
949 2344 1044 2373 Eccle-

258 2391 310 2422 sia,
323 2397 384 2424 qum
396 2389 491 2424 sponsi
509 2393 590 2425 caput
613 2390 683 2417 vivis
704 2394 732 2418 et
755 2391 882 2418 animatis
905 2390 1042 2426 lapidibus

259 2435 380 2470 undique
395 2435 558 2462 circumdat.
578 2436 666 2470 Atque
683 2436 753 2466 hanc
773 2444 904 2465 coronam
921 2437 1042 2466 cliaritas

258 2481 417 2510 connexuit.
431 2480 498 2508 Nam
515 2481 573 2509 sive
583 2482 645 2517 quis
661 2482 712 2510 hoc
727 2483 820 2516 matri,
837 2483 895 2510 sive
912 2483 1041 2511 charitati

259 2528 371 2560 tribuat,
386 2535 439 2555 non
455 2528 604 2556 aberrabit.
633 2528 738 2556 Etenim
751 2528 823 2556 Deus
841 2532 883 2557 est
909 2529 1041 2562 charitas,

259 2574 487 2609 quemadmodum
501 2574 622 2602 Joannes
640 2576 676 2602 ait
686 2575 719 2601 δι.
730 2575 812 2610 Atqui
828 2575 879 2602 hac
893 2582 924 2603 ex
939 2582 1043 2602 corona

260 2621 424 2655 voluptatem
442 2628 504 2648 eum
521 2628 618 2656 capere
631 2621 669 2647 ait
680 2620 913 2656 sponsa,mirilice
922 2621 1044 2656 gauden-

260 2674 315 2695 tem
332 2667 492 2695 oruatuillo
516 2667 690 2701 sponsalitio.
715 2665 820 2694 Revera
847 2666 920 2694 enim
950 2667 1043 2694 laetitia

260 2713 378 2741 allicitur
393 2714 415 2741 is
434 2713 481 2748 qui
501 2712 652 2740 Ecclesiam
671 2713 815 2748 conjugem
831 2713 883 2740 sibi
902 2713 978 2746 fecit,
1000 2722 1044 2742 rc-

261 2759 373 2788 dimitus
389 2760 497 2786 illorum
519 2759 677 2787 virtutibus.
701 2759 746 2793 qui
764 2760 790 2786 in
806 2766 837 2786 ea
854 2763 918 2786 sunt
937 2760 1041 2787 eximii.

260 2805 353 2835 Fuerit
371 2809 461 2833 autem
483 2804 602 2832 fortasse
617 2803 715 2832 melius
732 2805 788 2832 tunc
813 2804 871 2840 ipsa
888 2806 971 2833 verba
991 2807 1044 2833 col-

310 2881 334 2898 ο

296 2907 320 2925 ³³
344 2908 356 2936 ι
383 2908 446 2936 Cor.
478 2915 515 2942 XI,
539 2908 563 2935 Ι.
585 2907 607 2924 ³⁹
633 2906 693 2935 Psal
734 2915 779 2942 xx,

820 2909 845 2936 4.
887 2909 908 2924 ⁸ο
939 2907 1030 2936 Matth.
1064 2915 1130 2941 nu,
1160 2906 1177 2934 2
1205 2913 1264 2941 sqq.

1081 289 1190 322 ἔλεγεν·
1219 290 1259 316 ὅτι
1286 291 1412 316 Γίνεσθε
1433 290 1473 322 ὡς
1488 289 1554 324 ἐγὼ,
1577 290 1618 316 ὅτι
1640 290 1688 316 καὶ
1702 290 1782 321 αὑτὸς
1797 291 1872 326 ήμην

1081 333 1146 359 ποτὲ
1168 332 1228 360 καθ’
1251 333 1335 368 ὑμᾶς·
1368 334 1414 360 καὶ
1438 334 1478 360 ὅτι
1504 334 1634 368 Mummi
1653 343 1713 368 μου
1739 335 1870 369 γίνεσθε.

1082 380 1179 413 καθὼς
1205 380 1262 414 ἐγὼ
1292 381 1436 414 Χριστοῦ·
1463 380 1535 407 οὕτω
1564 381 1649 415 καὶὴ
1679 381 1871 417 φιλάνθρωπος

1082 427 1174 462 νύμφη
1203 427 1272 461 αὕτη
1299 426 1353 453 τῶν
1385 427 1464 454 θείων
1491 427 1537 454 τοῦ
1560 427 1693 454 Δεσπότου
1716 429 1872 463 μυστηρίων

1082 473 1293 505 άξιωθεῖσα,ἅτε
1310 472 1359 508 τὴν
1377 473 1471 508 κλίνην
1488 473 1536 504 ἴδε,
1552 472 1600 499 καὶ
1614 474 1721 508 φορεῖον
1737 473 1871 508 βασιλέως

1082 518 1200 551 ἐγένετο,
1217 517 1266 552 βοᾷ
1286 517 1354 553 πρὸς
1371 517 1420 549 τὰς
1432 518 1573 549 νεάνιδας·
1591 515 1671 544 αὗται
1688 518 1711 544 δ’
1726 518 1758 545 ἂν
1777 517 1832 545 εἷεν
1840 521 1871 556 αι

1082 563 1136 590 τῶν
1156 563 1317 598 σωζομένων
1341 563 1438 598 ψυχή’
1464 564 1537 595 Ἕως
1565 563 1640 595 πότε,
1671 565 1799 598 λέγουσα,
1833 565 1872 600 τῷ

1058 641 1063 645 _
1084 609 1208 645 σπηλαίῳ
1219 609 1265 636 τοῦ
1282 609 1339 645 βίου
1355 609 1580 640 ἐναποκλείεσοες
1599 610 1720 642 ἐξέλοετε
1738 611 1792 637 τῶν
1807 620 1872 646 προ-

1083 655 1267 691 καλυμμάτων
1295 655 1344 690 τῆς
1370 656 1487 690 φύσεως,
1510 656 1557 682 καὶ
1571 656 1640 683 ἴδετε
1659 657 1689 683 τὺ
1714 657 1871 692 θαυμαστδν

1084 702 1187 737 θέαμα*
1202 701 1270 728 Σιὼν
1295 702 1443 738 θυγατέρες
1469 702 1624 737 γενόμεναι,
1640 703 1774 729 θεάσασθε
1794 712 1872 739 περι-

1083 746 1216 782 τρέποντα
1227 749 1261 782 τῇ
1282 747 1385 782 κεφαλῇ
1397 746 1443 774 τοῦ
1460 747 1589 782 βασιλέως
1599 748 1643 774 τὸν
1657 748 1798 783 στέφανον,
1813 749 1842 775 ὃν
1854 749 1870 782 ἡ

1086 795 1178 829 μήτηρ
1190 793 1264 829 αὐτῷ
1278 793 1424 829 περιέθηκε
1448 794 1518 820 κατὰ
1532 794 1581 829 τὴν
1597 794 1642 821 τοῦ
1659 795 1801 830 Προφήτου
1817 803 1872 828 φω-

1084 841 1142 876 νὴν,
1167 841 1196 871 ὅς
1224 849 1305 875 φησιν
1315 847 1322 854 ·
1339 841 1470 874 Ἔθηκας
1485 840 1534 867 ἐπὶ
1555 839 1612 874 τὴν
1627 840 1765 874 κεφαλὴν
1779 840 1871 867 αὐτοῦ

1085 885 1238 920 στέφανον
1263 886 1297 912 ἐκ
1319 885 1406 912 λίθου
1419 886 1525 919 τιμίου.
1538 885 1650 917 Πάντως
1665 885 1692 911 δὲ
1709 885 1797 917 οὐδεὶς
1817 885 1872 911 τῶν

1085 933 1187 967 κρίνειν
1198 932 1259 963 τοὺς
1269 931 1332 967 περὶ
1344 931 1410 957 Θεὸν
1424 931 1518 965 λόγους
1529 931 1743 966 ἐπεσκεμμὲνων
1761 930 1874 966 ἀκριϐο-

1085 978 1204 1011 λογεῖται
1225 977 1287 1012 περὶ
1304 977 1352 1012 τὴν
1364 977 1411 1003 τοῦ
1427 976 1557 1012 ὀνόματος
1578 977 1706 1012 ἔμφασιν,
1722 977 1762 1004 ὅτι
1781 978 1874 1012 μήτηρ

1085 1023 1146 1049 ἀντὶ
1171 1022 1216 1048 τοῦ
1239 1022 1342 1057 πατρὸς
1358 1022 1567 1057 μνημονεύεται,
1593 1023 1655 1058 μίαν
1676 1023 1721 1056 ἀφ’
1740 1022 1874 1057 ἑκατέρας

1087 1069 1177 1104 φωνῆς
1191 1068 1389 1103 ἀναλαμϐάνων
1408 1068 1536 1095 διάνοιαν.
1559 1068 1667 1104 Ἐπειδὴ
1681 1068 1736 1104 γὰρ
1749 1068 1810 1094 οὔτε
1825 1068 1874 1103 ἄῤ-

1087 1117 1147 1152 ρην,
1162 1115 1225 1142 οὔτε
1240 1115 1305 1150 θῆλυ
1327 1114 1358 1141 τὸ
1377 1115 1455 1142 Θεῖόν
1474 1115 1532 1141 ἐστι
1543 1124 1549 1130 ·
1575 1113 1633 1146 πῶς
1647 1114 1701 1150 γὰρ
1719 1114 1751 1141 ἂν
1764 1114 1811 1140 ἐπὶ
1824 1113 1874 1148 τῆς

1086 1162 1209 1197 θεότητὸς
1234 1171 1260 1188 τι
1275 1161 1383 1197 νοηθείη
1415 1161 1544 1192 τοιοῦτον,
1561 1160 1641 1187 ὁπότε
1661 1159 1720 1186 οὐδὲ
1740 1160 1804 1195 ἡμῖν
1819 1160 1875 1190 τοῖς

1086 1207 1238 1244 ἀνθρώποις
1252 1207 1329 1234 τοῦτο
1346 1207 1385 1238 είς
1397 1207 1427 1233 τὺ
1434 1207 1555 1241 διηνεκὲς
1564 1205 1726 1240 παραμένει,
1742 1205 1799 1232 ἀλλ’
1813 1205 1875 1231 ὅταν

1086 1254 1115 1281 ὲν
1128 1252 1238 1289 Χριστῷ
1251 1252 1280 1279 ἐν
1296 1252 1395 1284 πάντες
1418 1251 1571 1287 γενώμεθα,
1591 1251 1625 1278 τὰ
1639 1252 1740 1285 σημεῖα
1757 1252 1805 1286 τῆς
1817 1250 1875 1276 δια-

1087 1299 1173 1333 φορᾶς
1187 1297 1288 1333 ταύτης
1305 1297 1373 1333 μετά
1385 1297 1446 1324 ὅλου
1461 1296 1508 1323 τοῦ
1520 1295 1634 1323 παλαιοῦ
1651 1295 1795 1331 ἀνθρώπου
1811 1303 1876 1322 συν-

1087 1343 1253 1378 εκδυόμεθα;
1287 1343 1381 1368 τούτου
1401 1341 1481 1376 χάριν
1512 1341 1668 1376 ἰσοδυναμεϊ
1685 1340 1753 1375 πρὸς
1765 1340 1814 1374 τὴν
1831 1339 1875 1366 ἐν-

1087 1388 1169 1422 δειξιν
1194 1388 1246 1423 τῆς
1267 1387 1406 1422 ἀφθάρτου
1438 1386 1545 1421 φύσεως
1569 1387 1622 1413 πᾶν
1637 1386 1668 1412 τὸ
1681 1386 1876 1421 εὑρισκόμενον

1087 1434 1173 1470 δνομα
1185 1442 1192 1449 ο
1208 1433 1269 1461 οὕτε
1286 1433 1390 1469 θήλεος,
1409 1432 1470 1459 οὔτε
1485 1432 1597 1469 ἄρρενος
1613 1432 1662 1467 τὴν
1675 1431 1812 1467 σημασίαν
1826 1432 1877 1465 τῆς

1089 1480 1228 1516 ἀκηράτου
1247 1478 1480 1514 καταμολύνοντος
1501 1478 1619 1512 φύσεως.
1635 1477 1683 1504 Διὰ
1691 1477 1771 1503 τοῦτο
1781 1477 1810 1502 ἓν
1827 1476 1877 1510 μὲν

1089 1526 1128 1561 τῷ
1142 1524 1301 1560 Εὑαγγελίῳ
1313 1524 1327 1550 ὁ
1341 1523 1432 1559 πατὴρ
1447 1523 1555 1558 λέγεται
1573 1524 1660 1549 ποιεῖν
1672 1523 1735 1553 τοὺς
1749 1522 1857 1556 γάμους
1869 1529 1876 1535 ·

1091 1572 1105 1597 ὁ
1121 1571 1149 1597 δὲ
1162 1571 1309 1605 Προφήτης
1334 1569 1401 1604 πρὸς
1430 1569 1477 1595 τὸν
1500 1569 1566 1595 Θεὸν
1581 1568 1655 1604 λέγει
1671 1577 1677 1583 ·
1692 1568 1733 1594 ὅτι
1746 1568 1878 1600 Ἔθηκας

1092 1616 1141 1643 ἐπὶ
1155 1616 1212 1650 τὴν
1222 1612 1453 1649 κεφαλὴν-αὑτοῦ
1462 1613 1614 1648 στέφανον
1621 1613 1654 1639 ἐκ
1665 1613 1751 1640 λίθου
1761 1611 1859 1646 τιμίου
1869 1619 1876 1626 δ

1092 1660 1208 1688 ἐνταῦθα
1226 1660 1253 1686 δὲ
1271 1660 1346 1694 παρὰ
1365 1659 1413 1694 τῆς
1439 1659 1540 1694 μητρός
1563 1666 1644 1694 φησιν
1657 1656 1824 1684 ἐπιτίθεσθαι
1839 1654 1879 1690 τῷ

1092 1707 1200 1743 νυμφίῳ
1224 1706 1269 1733 τὸν
1289 1706 1428 1740 στέφανον.
1456 1705 1531 1731 Ἐπεὶ
1551 1703 1596 1731 οὖν
1613 1705 1685 1731 ἐστιν
1700 1702 1740 1735 εἷς
1759 1704 1773 1729 ὁ
1789 1702 1879 1736 γάμος

1092 1754 1138 1780 καὶ
1149 1752 1198 1788 μία
1207 1752 1311 1788 νύμφη,
1321 1751 1368 1777 καὶ
1383 1750 1457 1785 παρὰ
1472 1747 1530 1782 ἑνὸς
1539 1749 1712 1776 ἐπιϐάλλεται
1721 1748 1758 1783 τῷ
1769 1747 1881 1782 νυμφίῳ

1092 1800 1106 1826 ὁ
1121 1798 1251 1832 στέφανος
1261 1806 1268 1812 ι
1285 1796 1360 1823 οὐδὲν
1371 1796 1493 1831 διαφέρει
1510 1794 1630 1825 πάντως,
1646 1791 1734 1829 ἢΥἱὸν
1751 1791 1797 1818 τοῦ
1809 1790 1879 1818 Θεοῦ

1093 1845 1138 1873 τὸν
1157 1843 1287 1879 μονογενῆ
1299 1842 1388 1876 λέγειν
1407 1841 1483 1874 Θεὸν,
1499 1838 1584 1877 quem
1592 1839 1642 1874 τῆς
1656 1839 1765 1873 ἀγάπης
1784 1836 1879 1867 αὐτοῦ,

1093 1889 1164 1917 κατὰ
1174 1889 1223 1924 τὴν
1233 1887 1338 1915 Παύλου
1356 1887 1458 1923 φωνὴν,
1472 1887 1510 1917 ὼς
1527 1885 1591 1921 μιᾶς
1605 1883 1688 1919 οὔσης
1707 1883 1767 1910 καθ’
1781 1883 1880 1909 ἑκάτε-

1094 1944 1140 1972 ρον
1155 1935 1240 1969 ὄνομα.
1268 1934 1317 1969 τῆς
1332 1932 1568 1968 νυμφοστολούσης
1588 1930 1668 1959 αὐτὸν
1682 1930 1728 1956 ἐπὶ
1749 1929 1798 1964 τῆς
1813 1929 1882 1963 ήμε-
1896 1940 1898 1943 ·

1092 1980 1361 2017 τέραςσυνοικήσεως
1370 1978 1521 2013 δυνάμεως.
1541 1975 1678 2009 Ἐξέλθετε
1689 1972 1747 2006 οὖν,
1762 1975 1846 2009 φησὶν
1862 1974 1880 2009 ἠ

1093 2026 1185 2062 νύμφη
1203 2025 1270 2060 πρὸς
1284 2025 1332 2056 τὰς
1348 2023 1481 2055 νεάνιδας,
1493 2023 1539 2050 καὶ
1555 2021 1702 2057 θυγατέρες
1722 2020 1790 2047 Σιὼν
1803 2020 1882 2054 γένε-

1094 2072 1140 2099 σθε
1153 2080 1160 2087 ”
1174 2071 1244 2098 ὥστε
1259 2070 1312 2097 ἀπὸ
1326 2070 1443 2101 σκοπιᾶς
1462 2068 1567 2106 ὑψηλῆς
1583 2067 1665 2102 (οὕτω
1685 2067 1738 2102 γὰρ
1754 2066 1823 2092 Σιὼν
1836 2066 1882 2100 ἑρ-

1095 2117 1250 2154 μηνεύεται)
1263 2115 1408 2151 δυνηθῆναι
1416 2115 1446 2142 τὺ
1461 2114 1616 2151 θαυμαστὸν
1627 2114 1691 2141 ἰδεῖν
1708 2112 1809 2147 θέαμα,
1825 2119 1882 2137 στε-

1093 2163 1301 2200 φανηφοροῦντα
1327 2161 1372 2190 τὸν
1403 2161 1530 2196 νυμφίον.
1557 2160 1692 2194 Στέφανος
1720 2158 1747 2185 δὲ
1772 2157 1846 2192 αὐτῷ
1861 2158 1879 2192 ἡ

1101 2209 1365 2245 Ἐκκλησίαγίνεται,
1375 2207 1420 2237 διὰ
1434 2207 1488 2234 τῶν
1501 2206 1630 2244 ἐμψύχων
1643 2205 1724 2232 λίθων
1738 2204 1787 2239 τὴν
1797 2211 1882 2237 κεφα·

1093 2257 1142 2292 λὴν
1152 2257 1181 2283 ὲν
1194 2255 1287 2290 κύκλῳ
1305 2253 1534 2289 διαλαμϐάνουσα.
1549 2251 1772 2288 Στεφανηπλοκος
1788 2249 1817 2276 δὲ
1833 2248 1881 2274 τοῦ

1096 2301 1217 2330 τοιούτου
1232 2300 1404 2336 στεφάνου,ὴ
1426 2299 1520 2334 ἀγάπη
1533 2298 1615 2329 ἐστὶν,
1629 2297 1671 2332 ἣν,
1690 2295 1746 2322 εἴτε
1764 2293 1880 2330 μητέρα,

1096 2348 1150 2375 εἴτε
1174 2347 1283 2382 ἀγάπην
1300 2354 1342 2377 τις
1360 2345 1444 2379 λέγει,
1461 2345 1510 2379 οὐχ
1532 2343 1727 2378 ἁμαρτήσεται.
1742 2340 1808 2370 Θεὸς
1827 2339 1883 2373 γάρ

1096 2394 1169 2421 ἐστιν
1185 2392 1290 2428 ἀγάπη,
1316 2390 1388 2419 κατὰ
1414 2390 1464 2425 τὴν
1487 2389 1608 2417 Ἰωάννου
1630 2387 1732 2422 φωνήν.
1747 2384 1882 2419 Τούτῳδὲ

1094 2440 1133 2475 τῷ
1158 2438 1282 2474 στεφάνῳ
1312 2435 1536 2472 ἐνευφραίνεσθαι
1557 2435 1630 2468 λέγει
1652 2433 1761 2467 αύτὺνὴ
1775 2431 1880 2466 νύμφη,

1093 2486 1138 2523 τῷ.
1146 2485 1274 2521 νυμφικῷ
1299 2484 1394 2519 κόσμῳ
1413 2481 1635 2517 ὲναγαλλόμενον.
1657 2479 1754 2514 Χαίρει
1773 2478 1828 2512 γὰρ
1844 2477 1884 2508 ὡς

1091 2533 1198 2568 άληθῶς
1216 2533 1231 2559 ὁ
1244 2531 1367 2558 σύνοικον
1381 2530 1430 2565 τὴν
1453 2527 1614 2564 Ἐκκλησίαν
1629 2525 1718 2561 ἑαυτῷ
1731 2523 1871 2559 ποιησάμε

1091 2587 1147 2611 νος,
1163 2579 1222 2609 ταῖς
1237 2577 1346 2613 ἀρεταῖς
1359 2575 1415 2602 τῶν
1439 2573 1643 2610 διαπρεπόντων
1657 2572 1685 2598 ὲν
1697 2570 1765 2605 αὐτῇ
1782 2576 1883 2602 στεφα-

1092 2624 1230 2660 νούμενος.
1246 2623 1375 2658 Κρεῖττον
1393 2621 1415 2648 δ’
1430 2620 1463 2647 ἂν
1483 2619 1526 2655 εἴη
1547 2618 1632 2650 αὐτὰς
1649 2615 1819 2652 παραθέσθαι
1832 2613 1884 2646 τὰς

1095 2670 1170 2702 θείας
1185 2668 1276 2705 φωνὰς
1295 2668 1340 2694 ἐπὶ
1359 2666 1457 2700 λέξεως
1478 2665 1590 2700 ἐχούσας
1609 2663 1694 2695 οὕτως
1731 2661 1884 2694 Ἑξέλθετε

1096 2716 1146 2743 καὶ
1171 2712 1257 2746 ἴδετε,
1288 2711 1446 2747 θυγατέρες
1470 2710 1555 2741 Σιὼν,
1573 2706 1776 2740 τὸνβασιλέα
1792 2706 1885 2732 Σολυ-

1094 2760 1196 2795 μῶντα
1221 2759 1255 2786 ἐν
1281 2757 1320 2790 τῷ
1335 2756 1482 2790 στεφάνῳ,
1494 2751 1518 2787 ᾦ
1531 2752 1744 2787 ἐστεφάνωσεν
1755 2749 1849 2777 αὑτὸν

1095 2793 1192 2841 μήτηρ
1215 2803 1317 2837 αὑτοῦ,
1345 2803 1379 2830 ἐν
1392 2801 1485 2836 ἡμέρᾳ
1506 2800 1701 2835 νυμφεύσεως
1714 2795 1820 2829 αὐτοῦ,
1834 2793 1883 2822 καί

1305 2904 1326 2919 λι
1355 2902 1456 2931 lJoan.
1488 2907 1526 2934 Iv,
1556 2899 1584 2928 8.
