1984 3068
104 154 153 182 917

630 160 663 187 IN
677 140 825 188 CAETICA
840 160 976 188 CANTIC.
998 160 1138 190 IIOMILIA
1158 163 1213 191 Vll.

1675 167 1727 196 918

104 212 136 239 ἐν
152 212 247 247 ἡμέρᾳ
272 215 462 249 εὐφροσύνης
493 217 615 251 καρδίας
637 218 739 245 αὑτοῦ.
768 218 823 254 Τὴν
845 216 889 245 οὖν

944 218 1038 250 locari,
1074 228 1135 255 qua}
1164 221 1274 256 quidem
1308 222 1466 257 hujusmodi
1506 227 1580 252 sunt:
1622 223 1730 260 Egredi-

105 258 229 294 τοιαύτην
247 260 451 296 φιλανθρωπίαν
469 263 517 297 τῆς
536 262 645 299 νύμφης
663 265 677 290 6
695 264 780 298 Λόγος
795 265 891 291 ἀποδε-

105 303 227 338 ξάμενος,
251 307 292 332 ὃτι
311 307 382 334 κατὰ
405 309 520 344 μίμησιν
538 310 585 336 τοῦ
611 310 746 337 Δεσπότου
765 312 812 338 καὶ
823 311 892 346 αὑτὴ

104 350 205 382 πάντας
217 351 287 378 θέλει
297 352 425 388 σωθῆναι,
435 355 482 381 καὶ
493 356 532 387 είς
547 355 692 390 ἐπίγνωσιν
700 358 749 392 τῆς
765 357 892 391 ἀληθείας

104 396 203 424 ἐλθεῖν·
218 398 383 433 σεμνοτέραν
407 400 491 435 αὐτὴν
513 401 697 436 ἀπεργάζεται
712 403 725 428 6
740 402 826 436 κήρυξ
845 402 891 428 τοῦ

104 441 215 473 κάλλους
248 443 332 478 αὐτῆς
352 444 397 470 καὶ
425 443 568 480 ζωγράφος
594 447 744 482 γινόμενος.
773 447 810 473 Οὐ
838 447 893 482 γὰρ

104 486 195 519 ἁπλῶς
213 489 226 514 6
241 488 289 523 τῆς
303 489 377 525 ὥρας
403 491 512 525 ἔπαινος
526 490 648 527 λέγεται,
672 493 819 529 καθολικὴν
833 503 893 520 τινα

104 532 240 568 εὐφημίαν
260 536 393 571 περιέχων
421 538 468 564 τοῦ
492 538 621 570 κάλλους·
640 539 697 566 ἀλλ’
711 539 894 576 ἐμφιλοχωρεῖ

103 580 142 615 τῷ
167 572 238 616 λόγῴ
258 584 313 614 τοῖς
326 584 386 610 καθ’
407 585 521 612 ἕκαστον
550 586 672 621 μέρεσιν,
695 586 760 613 ἴδιον
784 587 892 622 ἑκάστῳ

105 625 178 660 μέλει
193 627 236 653 διὰ
251 629 419 665 συγκρίσεώς
436 639 464 657 τε
480 631 527 658 καὶ
539 631 700 666 ’ὁμοιώσεως
715 632 892 668 χαριζόμενος

104 671 134 698 τὸ
152 672 297 708 ἐγκώμιον.

138 805 220 840 Λέγει
241 806 268 833 δὲ
290 807 391 840 οὕτως·
414 809 489 836 Ἰδοὺ
503 808 533 836 οἵ
541 810 631 845 καλὴ,
648 811 666 845 ἡ
681 812 890 845 πλησίον-μου,

104 851 167 878 ἰδοὺ
181 849 210 878 εἴ
223 852 312 887 καλιῇ.
336 853 367 879 'll
385 854 437 890 γὰρ
450 857 627 892 μιμησαμένη
647 858 694 884 τοῦ
710 859 844 884 Δεσπότου
863 858 892 884 τὸ

919 283 930 289 -
944 265 1041 292 minicl
1058 265 1152 298 ridete,
1167 267 1233 301 lilia?
1246 266 1322 299 Sion,
1351 268 1519 296 Sulamonem
1535 278 1619 305 regem
1640 271 1667 297 in
1683 280 1727 298 εο-

943 318 1018 343 rona,
1037 319 1088 345 qua
1109 313 1244 339 coronari:
1264 321 1321 340 eum
1339 319 1424 340 malcr
1449 315 1531 349 ipsius
1550 315 1598 343 illo
1611 315 1653 343 (lie
1678 323 1728 351 quo

943 355 1166 391 dcspondcbatur,
1194 363 1218 385 et
1234 358 1276 386 die
1295 359 1398 386 latitia:
1422 360 1509 388 cordis
1536 362 1629 395 ipsius.
1652 361 1727 389 lianc
1764 383 1767 386 .

943 402 1024 437 igitur
1040 411 1146 438 sponsa:
1156 404 1351 440 benignitatem
1361 405 1478 433 Verbum
1494 408 1644 442 excipiens,
1654 408 1726 442 quod

942 456 973 475 ca
989 449 1095 477 Domini
1113 451 1146 477 ad
1164 451 1343 479 imitationem
1358 453 1422 480 velit
1437 461 1533 481 omnes
1550 454 1640 482 salvos
1658 455 1726 488 fieri,

943 500 968 521 ct
987 494 1019 522 ad
1039 495 1222 530 cognitionem
1242 498 1366 526 veritatis
1389 500 1531 534 pervenire
1541 501 1573 533 δ’,
1590 501 1728 535 pulchrio-

943 549 997 567 rem
1012 541 1096 568 ‘illam
1116 542 1210 575 efﬁcit,
1233 543 1320 572 factus
1344 549 1371 572 et
1392 553 1482 580 praeco
1499 552 1527 574 et
1541 547 1629 582 pictor
1650 548 1728 583 quasi

943 587 1051 622 quidam
1066 589 1362 624 vcnustatiscjus.N0n
1378 592 1450 619 enim
1471 592 1730 628 simpliciteripsius

944 631 1030 664 fprma
1056 632 1198 666 laudatur,
1224 636 1373 668 generatim
1398 637 1545 671 prasdicala
1561 647 1566 664 :
1583 639 1630 666 sed
1655 639 1730 674 sigil-

943 677 1017 705 latim
1036 679 1158 706 membra
1171 680 1391 714 considerantur,
1400 690 1431 709 ac
1444 681 1581 718 peculiare
1592 684 1728 719 quoddam

944 723 1065 751 membro
1077 725 1177 760 cuique
1190 733 1237 760 per
1259 729 1490 762 comparationem
1516 737 1548 756 ac
1570 730 1729 758 similitudi-

944 775 1004 794 nem
1027 769 1181 796 encomium
1203 770 1340 798 tribuitur.

980 812 1048 840 Sunt
1059 818 1150 842 autem
1165 815 1221 843 lucc
1237 816 1323 851 ipsius
1337 818 1419 845 verba
1436 828 1446 860 ί
1457 819 1543 851 Quam
1563 820 1674 855 pulchra
1691 829 1728 851 es.

945 860 1030 886 amica
1044 868 1111 892 mea,
1127 869 1205 896 quam
1217 862 1326 895 pulchra
1338 871 1375 890 es.
1393 863 1460 891 Nam
1478 869 1656 900 posteaquam
1668 867 1730 893 imi-

104 896 292 932 φιλάνθρωπον
309 898 442 934 βούλημα,
459 902 504 928 καὶ
523 903 640 935 ἐξελθεῖν
669 904 889 940 ὲγκελευσσιμένη

943 909 998 932 tata
1019 906 1162 942 benignam
1183 909 1244 936 llcri
1269 909 1311 940 sui
1337 896 1504 938 voluntatein
1534 896 1625 947 egredi
1644 912 1728 947 jussit

103 942 163 968 καθ’
181 943 328 979 ὁμοιότητα
344 946 390 971 τοῦ
414 947 537 984 ’Λεραὰμ
553 949 601 981 τὰς
623 950 756 983 νεάνιδας,
772 952 890 987 ἑκάστην

102 988 155 1015 ἀπὸ
168 989 218 1024 τῆς
229 990 279 1026 γῆς
291 991 400 1026 ἑαυτῆς,
419 994 466 1019 καὶ
474 994 528 1021 ἀπὸ
543 995 593 1030 τῆς
604 997 669 1031 περὶ
683 997 716 1023 τὰ
727 997 892 1035 αἰσθητῄρια

104 1035 262 1068 συγγενείας
280 1036 375 1071 αὐτῆς,
390 1037 461 1064 ὥστε
493 1040 555 1066 ἰδεῖν
575 1041 620 1067 τὸν
637 1041 756 1078 καθαρὸν
775 1044 892 1078 νυμφίον

104 1081 358 1116 στεψανηφοροῦντα
385 1084 434 1119 τὴν
454 1084 618 1120 Ἐκκλησίαν
630 1096 637 1102 ·
656 1088 763 1123 ἀληθῶς
779 1089 892 1123 πλησίον

102 1125 205 1159 γίνεται
219 1128 267 1162 τῆς
278 1128 438 1164 δεσποτικῆς
450 1131 627 1167 ἀγαθότητος,
641 1133 685 1159 διὰ
698 1133 748 1169 τῆς
765 1134 834 1169 πρὸς
846 1135 892 1161 τὸν

102 1170 215 1206 πλησίον
228 1173 338 1209 ἀγάπης
360 1174 399 1210 τῷ
421 1175 480 1210 Θεῴ
501 1177 714 1213 προσεγγίσασα.
737 1179 820 1212 Καλὴ
846 1177 892 1206 οὖν

100 1214 137 1247 εἷ,
149 1217 215 1253 φησὶ
230 1219 297 1254 πρὸς
313 1220 397 1256 αὐτὴν
410 1221 423 1247 6
440 1222 535 1256 Λόγος,
549 1225 581 1258 τῇ
598 1224 665 1260 καλῇ
682 1226 840 1260 προαιρέσει
854 1226 893 1261 τῷ

101 1262 196 1298 ἀγαθῷ
214 1264 396 1299 πλησιάσασα.
415 1267 448 1293 ῚΙ
474 1267 502 1294 δὲ
525 1268 693 1305 ἐπανάληψις
713 1271 759 1297 τοῦ
781 1271 891 1298 ἐπαίνου

101 1308 130 1334 τδ
146 1308 280 1344 ἄψευστον
295 1311 345 1346 τῆς
362 1314 516 1348 μαρτυρίας
531 1315 707 1343 ἐνδείκνυται.
730 1317 773 1343 Ἐν
790 1317 843 1353 γὰρ
859 1320 891 1354 τῇ

101 1354 179 1390 διπλῇ
197 1358 336 1394 μαρτυρίᾳ
367 1359 540 1393 βεϐαιοῦσθαι
566 1362 614 1397 τὴν
641 1362 767 1397 ἀλήθειαν
786 1365 800 1390 6
821 1364 892 1396 θεῖος

101 1401 280 1436 ἀποφαίνεται
298 1404 388 1439 νόμος.
401 1406 450 1434 Διά
461 1406 540 1433 τοῦτό
556 1416 652 1444 φησιν·
676 1409 749 1437 Ἰδοὺ
762 1408 791 1436 εἴ
800 1410 889 1444 καλὴ,

101 1447 120 1480 ἡ
137 1448 271 1480 πλησίον
282 1458 353 1483 μου,
368 1450 432 1477 ὶδοὺ
444 1450 473 1478 εἴ
483 1453 571 1485 καλή.
589 1453 657 1480 Ἀλλ’
671 1455 763 1490 ἐπειδὴ
776 1455 804 1482 ἓν
814 1456 892 1491 σῶμα

100 1490 146 1518 τοῦ
175 1493 295 1528 Χριστοῦ
311 1495 328 1530 ἡ
353 1495 500 1530 Ἐκκλησία
529 1498 614 1530 πᾶσα,
633 1499 660 1525 ἐν
686 1499 714 1525 δὲ
728 1500 767 1535 τῷ
787 1501 827 1527 ἑνὶ
839 1490 891 1526 σώ-

102 1546 178 1571 ματι,
194 1538 285 1571 καθώς
299 1548 380 1575 φησιν
401 1542 415 1568 6
442 1541 611 1575 Ἀπόστολος,
628 1544 695 1580 μέλη
714 1546 771 1572 ἐστὶ
785 1545 886 1573 πολλά·

101 1582 190 1609 πάντα
203 1583 232 1610 δὲ
246 1584 280 1611 τὰ
305 1584 372 1620 μέλη
388 1586 417 1612 οὐ
445 1587 494 1622 τὴν
513 1588 597 1624 αὐτὴν
614 1589 670 1624 ἔχει
690 1591 789 1626 πρᾶξιν
800 1600 807 1607 ·
821 1592 888 1619 ἀλλὰ

99 1627 145 1653 τὸν
158 1628 208 1673 μὲν
224 1629 361 1673 ὀφθαλμὸν
369 1630 474 1660 ἔκτισεν
492 1635 506 1660 6
521 1634 587 1666 Θεὸς
603 1636 633 1662 ὲν
643 1636 683 1671 τῷ
699 1637 887 1673 σώμτιιὲτεσ

101 1679 148 1707 ρος
161 1672 189 1698 δέ
203 1682 244 1705 τις
258 1671 303 1706 οὖς
318 1676 451 1713 ἐφυτεύθη
465 1686 474 1711 ζ
487 1679 540 1705 alat
561 1679 589 1706 δέ
603 1689 674 1713 τινες
689 1671 800 1717 διὰήτῆς
813 1684 888 1719 ἐνερ-

99 1717 176 1750 γείας
188 1719 241 1745 τῶν
252 1719 393 1756 δυνάμεων
419 1725 513 1759 χεῖρες,
523 1725 670 1760 γινόμενοι,
692 1728 738 1754 καὶ
752 1728 830 1759 πόδες
844 1717 889 1755 λε-

100 1764 193 1797 γονταί
206 1774 278 1798 τινες
303 1768 326 1793 οἱ
346 1768 379 1794 τὰ
409 1768 478 1804 βάρη
495 1770 675 1804 βαστάζοντες
687 1781 694 1788 ·
716 1773 758 1807 εἴη
775 1774 797 1800 δ’
813 1775 844 1801 ἄν
862 1784 888 1802 τι

101 1809 147 1835 καὶ
161 1810 282 1843 γεύσεως
298 1812 377 1848 ἔργον
392 1814 438 1841 καὶ
453 1814 624 1850 ὀσφρήσεως,
642 1818 688 1844 καὶ
703 1818 736 1844 τὰ
748 1819 808 1845 καθ’
824 1819 889 1846 ἔκα-

101 1863 163 1881 στον
180 1856 278 1889 πάντα,
308 1858 340 1884 δι’
367 1855 405 1885 ὧν
424 1859 591 1895 ἀνθρώπινον
616 1862 772 1890 συνίσταται
791 1864 888 1900 σῶμα·

101 1900 148 1926 καὶ
167 1901 277 1929 δυνατόν
303 1903 377 1929 ἐστιν
393 1905 482 1940 εὑρεῖν
504 1907 533 1933 ὲν
549 1906 588 1941 τῷ
606 1907 688 1943 κοινῷ
702 1909 753 1943 τῆς
776 1910 888 1947 Ἐκκλη-

102 1945 163 1977 σίας
180 1945 285 1981 σώματι
302 1948 377 1984 χείλη
391 1958 420 1976 τε
436 1951 483 1976 καὶ
493 1950 613 1986 ὀδόντας,
625 1953 672 1979 καὶ
683 1953 818 1988 γλῶσσαν,
836 1945 888 1991 μαξ-

101 1990 165 2024 ζούς
179 2001 220 2025 τε,
241 1994 288 2020 καὶ
302 1994 414 2029 κοιλίαν,
429 1996 476 2023 καὶ
497 1998 631 2034 τράχηλον
642 2008 648 2015 ·
665 1999 702 2031 ὡς
715 2000 743 2027 δὲ
758 2002 772 2027 6
784 1990 889 2035 Παῧλός

101 2046 182 2073 φησι·
198 2038 253 2065 Kal
265 2040 341 2067 αὐτὰ
357 2041 392 2068 τὰ
409 2041 557 2070 δοκοῦντα
572 2042 649 2072 εἶναι
662 2045 823 2081 ἀσχήμονα
835 2049 889 2076 τοῦ

100 2083 238 2118 σώματος
249 2093 256 2100 ·
270 2085 365 2112 τούτου
379 2088 458 2123 χάριν
473 2089 487 2115 6
503 2088 621 2125 ἀκριϐὴς
637 2091 683 2118 τοῦ
696 2092 811 2125 κάλλους
821 2094 889 2121 δοκι-

103 2130 217 2165 μαστὴς,
247 2131 302 2158 τῶν
329 2132 484 2168 ἀρεσάντων
506 2135 580 2171 αὐτῷ
601 2136 690 2168 μελῶν
715 2138 745 2171 ἐξ
763 2139 825 2166 ὅλου
842 2141 888 2167 τοῦ

101 2175 236 2210 σώματος,
253 2177 317 2205 ἴδιόν
325 2187 353 2205 τε
369 2179 416 2206 καὶ
431 2180 584 2216 πρόσφορον
592 2182 700 2219 ἑκάστῳ
712 2186 829 2212 ποιεῖται
844 2186 888 2213 τὸν

99 2219 218 2248 ἔπαινον.

136 2266 265 2302 Ἀρχεται
287 2268 315 2295 δὲ
330 2269 382 2296 τῶν
400 2269 546 2307 ἐγκωμίων
570 2273 624 2300 ἀπὸ
644 2274 697 2301 τῶν
714 2276 887 2312 κυριωτέρων

100 2312 199 2347 μελῶν.
213 2313 246 2339 Τί
261 2314 314 2350 γὰρ
330 2315 476 2352 ὀφθαλμῶν
497 2319 526 2345 ἐν
545 2320 603 2350 τοῖς
617 2321 726 2355 μέλεσιν
740 2322 817 2357 ἡμῶν
830 2324 887 2350 ἐστι

98 2357 259 2403 τιμιώτερον
272 2369 279 2393 ;
296 2362 335 2387 Δι’
354 2360 390 2389 ὧν
411 2363 427 2398 ἡ
442 2363 489 2390 τοῦ
505 2365 593 2399 φωτὸς
613 2366 756 2403 ἀντίληψις
772 2369 887 2402 γίνεται,

98 2405 165 2439 παρ’
181 2401 219 2431 ὧν
234 2406 307 2432 ἐστιν
321 2407 338 2441 ἡ
353 2407 406 2434 τῶν
418 2409 502 2443 gaika
517 2411 564 2437 καὶ
578 2411 715 2447 πολεμίων
730 2413 886 2448 ἐπίγνωσις,

98 2447 140 2482 οἷς
153 2449 184 2476 τὸ
200 2450 264 2477 ίδιον
280 2451 327 2478 καὶ
341 2453 372 2478 τὺ
386 2454 524 2489 ἀλλότριον
536 2456 720 2493 δ.ακρί“.ιομεν,
740 2447 830 2495 πάσης
839 2461 885 2495 ἐρ-

98 2496 196 2530 γασίας
212 2497 349 2532 ὑφηγηταὶ
370 2499 416 2526 καὶ
439 2501 592 2529 διδάσκαλοι
615 2503 752 2537 γίνονται,
771 2505 818 2532 καὶ
837 2506 886 2541 τῆς

101 2539 236 2585 ξιπλανοῦς
249 2541 403 2577 ὁδοιπορίας
415 2545 506 2580 ὁδηγοὶ
523 2550 656 2582 συμςευεῖς
671 2549 717 2576 καὶ
728 2539 886 2585 ἀχώριστοι,

98 2581 137 2612 ὧν
153 2586 169 2620 ἡ
183 2586 256 2618 θέσις
268 2587 320 2614 τῶν
336 2588 424 2616 ἄλλων
437 2591 625 2627 αἱσθητηρίωη
636 2581 819 2632 ὑπερκειμένη
833 2616 840 2626 ,
857 2581 888 2622 το

99 2631 296 2667 προτιμότερον
318 2633 368 2669 τῆς
385 2635 431 2661 ἀπ’
454 2636 542 2663 αὐτῶν
565 2640 709 2676 γινομένης
731 2642 797 2676 ἡμῖν
814 2642 886 2677 ὠφε-

98 2675 174 2708 λείας
201 2677 376 2705 ὲνδείκνυται.
399 2681 511 2714 Πάντως
537 2683 565 2710 δὲ
593 2685 722 2721 πρόδηλόν
742 2675 807 2714 ἐστι
831 2675 887 2720 τοῖς

98 2722 260 2756 ἁκούουσιν,
286 2726 326 2757 εἰς
352 2727 414 2753 ποῖα
441 2728 508 2763 μέλη
536 2729 586 2763 τῆς
613 2730 772 2767 Ἑκκλησίας
795 2734 808 2760 6
833 2734 886 2760 τῶν

97 2767 246 2804 ὀφθαλμῶν
262 2769 372 2803 ἔπαινος
387 2772 489 2807 βλέπει.
514 2774 666 2808 Ὀφθαλμὸς
681 2775 712 2812 ἧν
732 2778 856 2815 Σαμουὴλ.
872 2781 886 2807 6

135 2859 157 2875 “’
185 2860 332 2889 l'l'imotb.
364 2870 393 2896 ιι,
418 2863 444 2890 4.
484 2863 506 2880 ⁵³
536 2862 544 2890 1
581 2864 644 2892 Cor.
674 2873 721 2899 xu,
739 2865 780 2894 Η.

944 953 1060 986 puellas,
1071 953 1102 979 ad
1119 953 1272 988 exemplum
1284 955 1598 992 Abrahami,quamlibet
1610 958 1643 986 de
1657 962 1728 985 terra

943 1002 1032 1025 sua‘et
1050 999 1211 1034 cognatione
1226 1008 1285 1031 sua,
1301 1008 1382 1035 quam
1397 1009 1458 1029 cum
1479 1010 1608 1030 sensuum
1620 1006 1729 1039 organis

943 1043 1033 1075 habet,
1044 1047 1074 1070 ut
1090 1052 1187 1079 purum
1206 1045 1281 1072 illum
1297 1054 1429 1080 sponsum
1446 1047 1556 1075 videant
1572 1048 1728 1076 redimitum

943 1097 1054 1122 Corona,
1062 1098 1122 1124 qua:
1135 1095 1175 1118 est
1185 1089 1315 1125 Ecclesia;
1322 1093 1411 1127 reipsa
1420 1094 1530 1128 propius
1539 1095 1571 1121 ad
1581 1095 1727 1123 bonitatem

943 1135 1053 1163 herilem
1061 1136 1175 1169 accedit,
1186 1136 1254 1164 facta
1261 1137 1316 1172 jam
1325 1137 1377 1165 Deo
1385 1139 1494 1173 propior
1502 1147 1549 1174 per
1556 1140 1727 1168 dilectionem

944 1179 1070 1213 proximi.
1081 1180 1253 1215 Quapropter
1269 1181 1302 1207 ad
1313 1188 1372 1208 eam
1384 1182 1471 1216 inquit
1485 1182 1603 1210 Verbum
1619 1192 1625 1209 :
1643 1185 1729 1216 Quam

942 1224 1053 1259 pulchra
1076 1234 1118 1258 ex,
1140 1230 1318 1262 posteaquam
1338 1227 1410 1255 bono
1438 1229 1520 1256 animi
1548 1229 1675 1257 instituto
1695 1230 1728 1256 ad

942 1270 1172 1305 pulchritudinem
1193 1272 1345 1300 acccssisti.
1363 1273 1465 1302 Laudis
1482 1278 1571 1302 autem
1591 1275 1727 1310 repetitio.

941 1317 1055 1344 minime
1080 1317 1177 1345 falsum
1202 1318 1253 1346 hoc
1272 1319 1457 1347 testimonium
1474 1328 1534 1348 esse
1547 1321 1727 1349 demonstrat.

941 1362 1009 1390 Nam
1033 1364 1192 1392 testimonio
1222 1365 1323 1400 duplici
1346 1367 1490 1395 veritatem
1508 1367 1663 1395 conﬁrmari
1687 1369 1730 1395 di-

941 1409 1004 1437 vina
1019 1409 1061 1437 lex
1077 1411 1247 1444 pronuntiat.
1272 1411 1338 1438 Eam
1363 1412 1399 1439 ob
1429 1419 1540 1440 causam
1565 1414 1622 1441 ait:
1640 1414 1728 1447 Quam

940 1455 1052 1490 pulchra
1078 1464 1120 1490 es,
1145 1457 1232 1484 amica
1260 1466 1334 1488 mea.
1357 1466 1436 1493 quant
1462 1459 1573 1493 pulchra
1596 1468 1633 1487 es.
1659 1460 1728 1493 Quia

941 1496 1006 1528 vero
1025 1500 1153 1529 universa
1177 1501 1298 1530 Ecclesia
1318 1511 1401 1530 unum
1419 1503 1521 1532 Christi
1551 1513 1652 1540 corpus
1675 1510 1727 1540 est,

941 1544 1033 1572 ethoc
1048 1552 1102 1572 uno
1121 1545 1149 1572 in
1177 1553 1302 1582 corpore,
1328 1547 1559 1582 quemadmodum
1580 1548 1727 1584 Apostolus

941 1586 1071 1622 inquit“,
1091 1589 1213 1617 membra
1236 1590 1320 1617 multa
1342 1594 1417 1623 sunt.
1436 1599 1497 1626 quae
1509 1592 1619 1627 quidem
1633 1593 1726 1620 omnia

941 1640 996 1660 non
1015 1633 1142 1662 eumdem
1165 1639 1256 1662 actum
1286 1636 1385 1664 habent
1405 1637 1516 1672 (quippe
1540 1638 1611 1673 quod
1643 1639 1726 1667 alium

943 1677 1014 1705 Deus
1039 1679 1067 1705 in
1091 1679 1145 1706 hoc
1159 1687 1278 1715 corpore.
1302 1685 1430 1716 tanquam
1445 1682 1554 1710 oculum
1584 1684 1728 1718 creaverit,

942 1723 1024 1751 alium
1044 1728 1173 1759 tanquam
1188 1733 1293 1758 aurem,
1317 1727 1378 1755 aliis
1400 1727 1559 1756 facultatum
1585 1729 1728 1758 eﬂ‘ectione

942 1778 1073 1798 manuum
1087 1772 1177 1799 locum
1195 1772 1394 1806 obtinentibus,
1413 1774 1475 1801 aliis
1491 1774 1600 1808 pedum,
1616 1775 1663 1810 qui
1687 1776 1727 1803 vi-

942 1816 1040 1844 delicet
1052 1824 1135 1844 onera
1147 1817 1304 1851 sustinent,
1314 1826 1367 1851 non
1375 1819 1488 1846 omissis
1501 1827 1590 1854 neque
1601 1824 1725 1854 gustatu,

942 1872 1030 1899 neque
1044 1865 1170 1898 odoratu,
1183 1872 1270 1899 neque
1286 1873 1451 1900 unoquoque
1471 1866 1606 1899 omnium,
1616 1873 1648 1893 ex
1664 1867 1726 1901 qui-

943 1910 994 1938 bus
1007 1910 1156 1937 humanum
1177 1918 1278 1946 corpus
1293 1915 1401 1939 constat
1417 1915 1464 1939 :et
1479 1915 1595 1946 possunt
1610 1918 1684 1941 certe
1699 1913 1726 1940 in

943 1956 1082 1983 communi
1101 1956 1230 1984 Ecclesiae
1254 1964 1369 1993 corpore
1385 1957 1472 1990 labra,
1494 1957 1600 1989 dentes,
1622 1958 1725 1990 lingua.

943 2001 1038 2033 ubera,
1056 2005 1160 2034 venter,
1182 2002 1282 2029 collum
1300 2003 1424 2037 reperiri,
1450 2007 1541 2038 atque,
1566 2003 1606 2031 uti
1626 2003 1727 2032 Paulus

938 2041 989 2075 ait,
1009 2043 1089 2069 etiam
1112 2048 1201 2077 partes
1226 2045 1343 2078 corporis
1363 2053 1408 2073 eas
1429 2055 1487 2080 qua:
1511 2056 1570 2074 esse
1593 2048 1724 2078 indecem:

940 2088 1068 2122 uidentur)
1091 2098 1097 2116 :
1118 2090 1220 2117 ideirco
1235 2091 1345 2123 elegans
1364 2092 1409 2119 ille
1429 2092 1522 2120 forma.-
1535 2099 1674 2124 sueclator
1695 2102 1723 2124 et

941 2135 1098 2170 explorator
1112 2135 1242 2162 membris
1257 2136 1383 2170 singulis,
1406 2144 1468 2170 qua:
1487 2140 1544 2163 toto
1563 2135 1590 2162 iu
1611 2143 1727 2170 corpore

942 2181 993 2217 ipsi
1010 2183 1182 2217 placuerunt,
1193 2182 1357 2217 peculiarem
1367 2183 1511 2217 quamdam
1525 2185 1552 2209 ct
1561 2181 1725 2209 convenien-

943 2233 996 2256 tem
1014 2227 1121 2255 laudem
1139 2228 1244 2255 tribuit.

976 2272 1089 2299 Orditur
1103 2277 1193 2299 autem
1218 2272 1277 2298 haec
1295 2278 1418 2298 cncomta
1445 2270 1478 2298 de
1502 2271 1632 2298 membris
1656 2278 1725 2306 pra:-

939 2319 1038 2354 cipuis.
1057 2318 1128 2351 Quid
1153 2318 1225 2345 enim
1244 2318 1315 2344 inter
1338 2318 1459 2345 membra
1484 2322 1576 2345 nostra
1592 2322 1726 2352 praestant-

939 2366 994 2392 tius
1010 2368 1052 2392 est
1069 2364 1177 2391 oculis?
1204 2371 1252 2399 per
1271 2372 1340 2400 quos
1357 2364 1487 2391 nimirum
1505 2364 1576 2392 lucis
1591 2364 1619 2391 lit
1632 2372 1725 2400 perce-

939 2412 1007 2446 ptio,
1029 2410 1128 2445 quibus
1150 2416 1177 2437 et
1198 2411 1285 2437 amica
1302 2413 1328 2438 el
1345 2410 1454 2438 hostilia
1477 2409 1661 2445 agnoscimus,
1677 2418 1726 2445 per

939 2465 1008 2492 quos
1035 2457 1069 2483 ab
1095 2456 1191 2484 alienis
1227 2460 1321 2484 nostra
1349 2456 1522 2484 sccernimus
1539 2476 1545 2488 ,
1575 2455 1622 2490 qui
1646 2455 1725 2483 nobis

940 2502 1062 2530 omnium
1079 2510 1191 2538 operum
1221 2503 1344 2538 magistri
1361 2505 1424 2530 sunt
1437 2505 1463 2529 et
1479 2502 1616 2534 doctores,
1632 2501 1723 2529 nobis-

941 2557 1058 2584 cumque
1074 2549 1129 2576 nati
1148 2556 1179 2576 ac
1200 2548 1399 2584 inseparabilcs
1412 2547 1532 2582 expertis
1547 2547 1668 2574 omnium
1683 2554 1725 2573 er-

941 2603 1033 2623 rorum
1057 2594 1163 2622 itineris
1179 2594 1274 2626 duces,
1298 2601 1414 2628 quorum
1439 2593 1557 2628 denique
1571 2593 1640 2620 situs
1655 2593 1724 2627 ipse.

941 2640 1137 2668 collocatorum
1153 2640 1280 2668 videlicet
1300 2647 1382 2675 supra
1407 2639 1575 2674 reliquorum
1594 2646 1724 2665 sensuum

941 2692 1054 2721 organa,
1071 2686 1287 2721 praestantiorem
1307 2686 1333 2712 in
1358 2686 1411 2712 vita
1438 2685 1518 2712 nobis
1536 2690 1614 2712 usum
1627 2683 1723 2731 horum

940 2739 1001 2760 esse
1016 2732 1196 2761 demonstrat.
1223 2732 1312 2767 Atque
1334 2732 1391 2759 haec
1407 2731 1453 2766 qui
1472 2730 1594 2760 audiunt,
1612 2730 1724 2754 omnino

940 2780 1096 2816 perspicere
1118 2781 1194 2808 nullo
1214 2779 1324 2816 negotio
1344 2781 1459 2814 possunt
1481 2776 1514 2804 ad
1532 2781 1656 2810 quamam
1673 2772 1723 2801 Ec-
