1984 3068
239 170 291 198 9η

853 170 881 197 S.
898 169 1062 198 GREGORH
1075 170 1219 199 NYSSENI

1815 168 1869 196 9&0

238 234 330 255 ett-sm.-
345 228 465 254 membra
479 228 535 254 lucc
552 229 694 255 oculorum
712 229 773 255 laus
789 229 935 263 pertineat.
962 230 1027 256 Erat

1087 231 1198 258 Ξλέπωψ
1211 232 1282 258 οὕτω
1297 232 1352 267 γὰρ
1364 232 1535 267 ὠνομάζετο·
1551 229 1688 265 ὀφθαλμὸς
1701 229 1715 255 ὁ
1730 227 1869 263 Ὶεζεκιὴλ,

241 273 350 300 Samuel
369 273 413 299 ille
434 274 530 301 videns
549 275 600 307 (sic
615 275 688 301 enim
704 275 914 310 appellabatur),
931 284 1025 304 revera

239 319 336 346 oculus
353 327 359 345 :
376 324 434 346 crat
447 320 544 347 oculus
561 319 695 352 Ezechiel,
713 321 758 355 qui
775 330 789 347 ιι
806 321 859 347 Deo
875 322 902 348 in
916 323 1026 356 specula

239 364 391 390 collocatus
414 369 473 391 erat
498 365 534 392 ob
559 366 674 392 salutem
698 367 819 398 illorum,
839 367 885 402 qui
911 368 945 394 ab
968 368 1028 402 ipso

239 409 466 436 custodiebantur
483 419 489 436 :
505 415 563 437 erat
587 412 684 439 oculus
700 411 827 439 Miclmas
851 413 897 439 ille
918 413 1025 443 videns.

239 462 265 481 et
290 454 379 482 Moses
407 456 450 482 ille
474 461 615 490 spectans.
639 458 684 491 qui
709 458 820 492 quidem
846 458 968 485 eamdem
993 461 1028 486 ob

194 510 201 512 ‘
240 510 350 527 rausam
367 503 449 528 etiam
470 502 539 530 deus
554 503 706 537 appellatus
725 503 776 530 luit
792 512 798 529 :
822 508 887 531 sunt
908 504 1028 539 denique

240 547 323 575 oculi.
341 555 436 574 omnes
457 547 495 573 illi
509 548 555 582 qui
577 549 610 574 ad
632 549 760 583 populum
784 549 939 576 ducendum
956 550 1028 576 ordi-

242 593 297 618 nati
315 597 388 621 sunt.
408 601 477 626 quos
490 594 572 620 etiam
589 594 713 621 homines
737 595 775 621 illi
799 595 880 630 prisci
900 595 1030 622 Videntcs

242 638 430 665 umninahant.
457 638 550 666 Itidem
576 639 626 666 hoc
649 643 772 675 tempore
784 645 918 675 quotquot
934 641 961 667 in
978 640 1029 668 Ec-

241 684 332 710 clesia:
347 691 463 718 corpore
477 684 564 711 locum
585 685 693 712 illorqu
711 687 832 720 explent,
848 691 875 714 et
889 687 922 713 ad
940 687 1030 721 inspe-

242 730 362 756 ctionem
379 730 521 756 constituti
538 735 614 761 sunt,
635 731 744 766 proprie
760 732 904 758 oculorum
922 732 1031 758 nomine

242 780 389 802 censentur
404 785 410 803 :
427 777 449 803 si
465 777 575 811 quidem
599 783 728 804 accurate
743 778 833 805 Solem
856 778 971 812 justitize
989 778 1030 804 in-

242 825 364 851 tuentur.
389 829 420 848 ac
445 829 617 859 nequaquam
640 823 668 849 in
695 823 824 857 operibus
851 823 1031 850 tenebricosis

243 866 400 898 czecutiunt,
432 866 455 893 si
484 867 518 893 ab
541 867 633 893 alieno
658 871 732 894 recte
757 871 848 894 nostra
872 873 1029 900 secernunt,

243 912 308 937 dum
326 916 480 946 agnus-cunt
506 912 530 938 id
546 921 627 939 oume
646 920 660 938 a
680 917 776 940 natura
800 917 894 940 nostra
911 913 1029 940 alienum
1048 910 1068 937 Β

243 963 304 984 esse
326 957 397 992 quod
421 959 472 985 sub
491 962 633 992 aspectum
652 958 734 990 cadit,
761 962 788 985 ct
810 963 1031 985 momentaneum

244 1006 296 1034 est,
326 1003 434 1037 proprie
454 1011 518 1030 vero
540 1009 665 1030 nostrum
683 1004 814 1038 quidquid
830 1012 878 1039 per
893 1012 968 1039 spem
985 1013 1034 1032 no-

245 1049 287 1076 bis
302 1053 344 1076 est
367 1049 555 1083 propositum,
582 1049 659 1083 cujus
684 1051 823 1083 possessio
848 1051 928 1078 nobis
951 1051 1033 1078 adimi

243 1101 383 1129 nunquam
401 1099 499 1129 potest.
519 1094 605 1121 Etiam
623 1095 654 1122 ad
668 1089 773 1123 'oculos
793 1096 911 1131 pertinet
931 1096 1034 1131 agnitio

244 1141 323 1167 amici
339 1141 458 1169 hominis
474 1145 500 1169 et
515 1141 617 1172 infesti.
635 1145 665 1168 ut
680 1149 772 1169 verum
789 1143 898 1177 quidem
916 1143 1032 1169 amicum

244 1190 302 1213 toto
316 1187 397 1213 corde
412 1191 493 1222 atque
513 1188 596 1214 animi
611 1187 739 1216 facultate
762 1189 919 1223 diligamus,
941 1188 1033 1215 odium

245 1240 308 1259 vero
343 1232 493 1267 perfectum
529 1233 662 1260 adversus
695 1234 800 1261 hostem
835 1234 897 1261 vita:
934 1237 1034 1262 nostra:

244 1286 431 1307 exerceamus.
450 1279 552 1307 Practer
568 1280 625 1306 haec
640 1280 766 1315 quisquis
781 1287 824 1307 res
836 1280 955 1315 agendas
968 1288 1035 1315 pra:-

245 1325 350 1355 scrihit,
372 1329 399 1352 et
424 1333 454 1352 ea
479 1325 570 1356 docet.
598 1332 658 1360 qua:
681 1325 840 1360 expediunt,
865 1331 892 1353 et
915 1326 968 1353 dux
993 1332 1035 1353 est

245 1372 350 1399 itineris
367 1371 399 1397 ad
428 1371 511 1398 lleum
528 1381 534 1398 ;
551 1372 573 1399 is
598 1372 658 1406 puri
682 1379 713 1397 ac
739 1373 798 1398 sani
826 1373 898 1399 oeuli
922 1380 1035 1400 munere

247 1417 374 1452 praeclare
394 1417 527 1452 fungitur.
547 1417 611 1444 dum
628 1418 716 1444 instar
731 1425 924 1452 corporcorum
941 1419 1035 1445 oculo-

249 1472 306 1490 uun
324 1464 435 1490 sublimi
454 1464 572 1498 quadam
589 1464 697 1490 vivendi
715 1463 822 1490 ratione
842 1464 950 1491 caeteris
967 1472 1035 1498 prte-

247 1511 329 1536 lucet.
355 1509 410 1535 llas
430 1509 465 1536 0L-
481 1516 579 1536 causas
596 1517 703 1543 sponsae
720 1510 950 1544 pulchritudinem
970 1509 1035 1536 Ver-

247 1557 310 1581 bum
324 1554 358 1581 ab
373 1557 423 1581 hac
436 1558 514 1589 parte
528 1555 676 1590 praedicare
689 1551 794 1590 incipit,
809 1563 870 1582 cum
885 1556 921 1582 ait
935 1565 941 1582 :
958 1556 1035 1583 Oculi

248 1601 286 1627 tui
300 1601 438 1628 columbm.
463 1601 530 1628 Cum
544 1602 617 1629 enim
634 1602 725 1628 videat
745 1610 802 1633 eos,
821 1602 867 1636 qui
891 1603 1032 1629 oculorum

248 1654 361 1674 munere
386 1646 547 1682 funguntur,
573 1648 708 1674 innocuos
734 1648 761 1674 in
787 1649 860 1675 bono
874 1655 946 1678 esse.
976 1656 1033 1675 am-

247 1694 344 1727 plexus
361 1693 469 1719 illorum
493 1698 519 1720 et
533 1693 736 1734 simplicitatem
760 1698 787 1721 et
805 1694 990 1721 innocentiam
1008 1695 1034 1721 in

249 1736 372 1764 moribus
388 1737 530 1764 columbas
547 1731 675 1772 appellat.
694 1737 798 1764 Etenim
815 1738 946 1765 innocens
960 1746 1035 1772 qua:-

247 1784 310 1810 dam
327 1784 488 1819 simplicitas
504 1784 638 1811 columbis
656 1784 801 1819 peculiaris
814 1793 845 1812 ac
862 1785 971 1819 propria
983 1789 1033 1811 est.

250 1830 296 1857 Vel
315 1829 443 1857 fortassis
456 1830 538 1857 etiam
554 1830 710 1865 hujusmodi
729 1830 852 1865 quaedam
872 1831 931 1857 laus
948 1830 1036 1857 oculis

248 1877 388 1903 tribuitur.
413 1875 547 1903 Nimirum
564 1884 625 1903 cum
644 1876 776 1911 imagines
794 1884 884 1903 rerum
901 1877 1035 1908 omnium,

248 1929 308 1955 qui!
328 1921 379 1948 sub
395 1925 535 1956 aspectum
550 1921 663 1952 cadunt,
686 1929 781 1956 puram
799 1921 825 1947 in
847 1921 977 1956 pupillam
994 1922 1036 1948 in-

248 1965 391 1998 cidentes,
414 1966 524 1992 videndi
544 1970 635 1993 actum
661 1967 807 1993 absolvunt
829 1975 835 1993 :
860 1974 973 1994 necesse
995 1971 1037 1994 est.

250 2019 362 2046 prorsus
376 2011 509 2046 quidquid
534 2012 632 2047 aliquis
657 2013 811 2043 intueatur,
837 2012 896 2046 ejus
922 2012 1036 2040 formam

250 2065 340 2092 ipsum
356 2057 477 2092 recipere
495 2065 542 2092 per
556 2058 665 2084 oculum
677 2078 684 2090 ,
705 2058 902 2092 exprimentem
920 2058 984 2085 visae
999 2059 1038 2085 rei

251 2103 380 2138 speciem,
395 2103 466 2131 sicut
480 2104 507 2130 in
523 2104 636 2138 speculo
651 2104 774 2131 videmus
793 2103 928 2131 accidere.
948 2103 1038 2136 Quare

249 2157 312 2177 eum
336 2149 359 2177 is
375 2150 420 2184 qui
437 2158 537 2177 munus
555 2150 606 2177 hoc
628 2149 736 2176 videndi
758 2153 923 2177 consecutus
946 2154 987 2177 est
1010 2151 1036 2177 in

250 2196 383 2228 Ecclesia,
402 2196 505 2222 nullam
523 2195 556 2223 ad
577 2203 632 2222 rem
648 2202 769 2222 crassam
784 2199 810 2222 et
820 2202 978 2230 corpoream
996 2204 1040 2223 ru-

1080 278 1094 304 ὁ
1111 279 1220 305 σκοπεῖν
1243 278 1295 303 ὑπὸ
1312 277 1359 304 τοῦ
1384 277 1451 304 Θεοῦ
1481 276 1668 311 τεταγμένος,
1693 275 1740 300 ἐπὶ
1764 274 1796 309 τῇ
1816 273 1870 299 τῶν

1081 323 1289 358 φυλασσομένων
1311 323 1373 359 παρ’
1391 323 1472 349 αὐτοῦ
1491 322 1613 357 σωτηρίᾳ
1625 330 1631 336 ·
1659 320 1799 355 ὀφθαλμὸς
1817 319 1871 346 Μιε

1081 371 1159 405 χαίας
1170 371 1183 396 ὁ
1198 370 1278 406 ὀρῶν,
1299 370 1346 396 καὶ
1368 370 1487 405 Μωῡσῆς
1503 370 1517 395 ὁ
1533 368 1669 403 θεώμενος
1682 388 1689 399 ,
1706 367 1720 393 ὁ
1736 366 1779 393 διὰ
1792 365 1872 392 τοῦτο

1082 416 1128 442 καί
1143 416 1204 448 θεὸς
1219 416 1410 451 ὠνομασμένος
1423 425 1429 430 ·
1451 414 1584 449 ὀφθαλμοὶ
1603 414 1702 444 πάντες
1715 414 1813 439 ἐκεῖνοι
1824 432 1830 443 ,
1847 412 1872 438 οἱ

1082 463 1121 493 εἰς
1143 462 1254 496 ὁδηγίαν
1270 462 1316 488 τοῦ
1336 462 1399 488 λαοῦ
1414 460 1595 496 τεταγμένοι,
1618 459 1665 490 οὒς
1689 458 1737 485 καὶ
1752 457 1871 493 ὁρῶντας

1082 507 1222 542 ὠνόμαζον
1242 509 1266 534 οἱ
1279 507 1339 533 τότε
1362 507 1499 542 ἄνθρωποι
1512 516 1518 521 ·
1535 506 1582 532 καὶ
1600 505 1647 532 νῦν
1671 505 1695 530 οἱ
1710 504 1756 531 τὸν
1770 504 1872 530 ἐκεῖνον

1082 555 1162 580 τόπον
1188 554 1406 589 ἀναπληροῦντες
1426 553 1464 588 τῷ
1491 552 1596 587 σώματι
1620 552 1670 586 τῆς
1690 550 1870 585 Ἐκκλησίας,

1083 601 1129 626 καὶ
1142 601 1300 626 ἐπισκοπεῖν
1312 599 1484 633 τεταγμένοι,
1499 598 1633 633 ὀφθαλμοὶ
1647 597 1748 632 κυρίως
1762 604 1873 622 κατονο-

1085 645 1234 680 μαζονται,
1260 645 1307 671 ἐὰν
1330 644 1451 679 ἀκριϐῶς
1469 645 1537 680 προς
1560 643 1605 669 τὸν
1628 643 1677 676 τῆς
1700 640 1873 675 δικαιοσύνης

1083 691 1157 726 ἣλιον
1183 691 1320 725 βλέπωσι,
1348 689 1472 725 μηδαμοῦ
1501 691 1556 720 τοῖς
1574 689 1664 724 ἔργοις
1690 686 1736 713 τοῦ
1762 686 1873 716 σκότους

1084 737 1343 772 ὲναμϐλυωποῦντες
1356 746 1361 752 ·
1376 737 1422 763 καὶ
1443 738 1467 763 εὶ
1484 736 1647 771 διακρίνοιεν
1665 734 1712 760 τοῦ
1731 734 1872 768 ἀλλοτρίου

1084 782 1114 809 τὸ
1134 783 1198 809 ἴδιον
1210 802 1218 814 ,
1234 783 1263 808 ὲν
1279 782 1317 816 τῷ
1336 782 1480 816 γινώσκειν
1493 802 1500 812 ,
1524 782 1565 808 ὅτι
1586 781 1639 807 πᾶν
1659 780 1799 815 ἀλλότριόν
1815 780 1874 806 ἐστι

1083 829 1134 863 τῆς
1146 828 1253 862 φύσεως
1267 828 1356 863 ἡμῶν,
1368 828 1398 853 τὺ
1412 826 1574 862 φαινόμενόν
1587 835 1616 852 τε
1633 826 1680 853 καὶ
1694 825 1871 861 πρόσκαιρον

1085 875 1149 901 ἴδιον
1160 875 1188 901 δὲ
1201 874 1230 900 τὺ
1243 874 1276 900 δι’
1293 874 1399 905 ἐλπίδος
1414 873 1592 909 προκείμενον
1607 893 1614 903 ,
1629 869 1659 898 οὗ
1675 872 1691 906 ἡ
1709 871 1804 905 κτῆσις
1823 869 1871 904 μέ-

1085 929 1124 947 νει
1146 920 1214 955 πρὸς
1227 919 1257 945 τὸ
1270 919 1391 955 διηνεκὲς
1405 918 1596 953 ἀναφαίρετος.
1620 915 1779 950 Ὀφθαλμῶν
1794 915 1874 950 ἔργον

1084 967 1129 994 καὶ
1144 967 1174 993 τὸ
1190 966 1378 1000 διαγινώσκειν
1393 965 1439 991 τὸν
1458 964 1546 998 φίλιόν
1561 972 1589 990 τε
1607 963 1653 989 καὶ
1670 962 1714 989 τὸν
1734 961 1873 997 πολέμιον,

1083 1012 1153 1038 ὥστε
1171 1012 1279 1046 ἀγαπᾷν
1306 1011 1355 1046 μὲν
1380 1010 1425 1037 τὸν
1448 1009 1573 1044 ἀληθινὸν
1590 1008 1664 1043 φίλον
1686 1007 1716 1039 ἐξ
1729 1007 1793 1041 ὅλης
1808 1015 1875 1042 καρ-

1084 1058 1142 1090 δίας
1161 1067 1190 1083 τε
1211 1057 1258 1083 καὶ
1282 1057 1371 1092 ψυχῆς
1394 1056 1440 1082 καὶ
1457 1056 1614 1090 δυνάμεως,
1629 1054 1731 1080 τέλειον
1748 1053 1775 1079 δὲ
1798 1050 1876 1087 μῖσος

1085 1104 1154 1132 κατὰ
1166 1104 1212 1130 τοῦ
1227 1103 1322 1138 ἐχθροῦ
1336 1103 1383 1137 τῆς
1396 1102 1468 1137 ζωῆς
1477 1101 1556 1137 ἡμῶν
1580 1099 1875 1126 ἐπ;δείκνυσΟαι.“Αλλὰ

1085 1150 1131 1176 καὶ
1145 1150 1159 1176 ὁ
1176 1149 1229 1175 τῶν
1245 1148 1390 1183 πρακτέων
1407 1146 1567 1182 ὑφηγητὴς,
1592 1146 1638 1172 καὶ
1653 1145 1706 1171 τῶν
1722 1144 1875 1180 συμφερόν-

1084 1205 1138 1222 των
1149 1195 1305 1225 διδάσκαλος
1317 1215 1323 1223 ,
1343 1194 1388 1219 καὶ
1407 1193 1456 1228 τῆς
1471 1193 1517 1218 ἐπὶ
1534 1192 1578 1218 τὸν
1595 1191 1660 1218 Θεὸν
1688 1191 1799 1226 πορείας
1819 1199 1875 1224 χει-

1088 1242 1209 1277 ραγωγὸς
1222 1263 1228 1273 ,
1245 1240 1291 1267 τοῦ
1307 1238 1427 1274 καθαροῦ
1444 1247 1472 1264 τε
1488 1238 1535 1264 καὶ
1551 1237 1716 1271 ὑγιαίνοντος
1733 1235 1872 1270 ὀφθαλμοῦ

1086 1289 1115 1315 τὸ
1140 1288 1219 1323 ἔργον
1244 1287 1276 1312 δι’
1292 1285 1435 1320 ἀκριϐείας
1461 1285 1551 1315 ποιεῖ,
1569 1283 1629 1310 καθ’
1649 1282 1795 1318 ὁμοιότητα
1820 1281 1874 1308 τῶν

1087 1333 1250 1370 σωματικῶν
1266 1331 1395 1367 ὀμμάτων
1409 1330 1459 1365 τῆς
1478 1329 1582 1364 ὑψηλῆς
1599 1328 1736 1359 πολιτείας
1751 1327 1804 1353 τῶν
1818 1326 1875 1353 λοι-

1086 1380 1144 1406 πῶν
1160 1378 1384 1414 προφαινόμενος.
1400 1375 1449 1402 Διὰ
1468 1375 1547 1401 τοῦτο
1572 1373 1696 1400 ἐντεῦθεν
1720 1373 1841 1398 ἐπαινεῖν
1862 1373 1877 1398 ὁ

1086 1425 1171 1457 Λόγος
1185 1423 1215 1449 τὺ
1237 1423 1283 1457 τῆς
1312 1422 1419 1456 νύμφης
1433 1421 1546 1457 ἄρχεται
1567 1419 1682 1450 κάλλος,
1703 1418 1749 1444 καί
1770 1426 1853 1452 φησιν
1868 1427 1875 1433 ·

1092 1468 1251 1504 Ὀρθαείμοί
1273 1474 1330 1494 σου
1346 1465 1532 1500 περιστερίιρ
1555 1463 1701 1499 ἀκεραίους
1715 1463 1768 1498 γὰρ
1787 1464 1827 1494 εἰς
1847 1463 1878 1489 τὸ

1087 1515 1172 1542 κακὸν
1184 1515 1245 1544 τοὺς
1256 1514 1284 1538 ἐν
1298 1511 1444 1547 ὀφθαλμῶν
1457 1510 1531 1544 τάξει
1543 1508 1782 1544 προϐεϐλημένους
1793 1508 1875 1543 ὁρῶν,

1087 1562 1135 1596 τὴν
1156 1559 1295 1594 ἁπλότητά
1316 1567 1344 1584 τε
1360 1558 1407 1583 καὶ
1426 1557 1456 1583 τὸ
1477 1557 1605 1591 ἀκέραιον
1622 1554 1668 1581 τοῦ
1685 1554 1767 1589 ἤθους
1788 1553 1878 1580 αὐτῶν

1089 1605 1287 1639 ἀποδεξάμενος
1307 1623 1314 1635 ,
1348 1602 1511 1637 περιστερὰς
1542 1600 1734 1635 κατωνόμασεν
1767 1598 1875 1630 αὐτοὺς.

1090 1652 1170 1678 ’Ὶὸιον
1193 1651 1246 1685 γαρ
1274 1651 1332 1688 ἐστι
1348 1647 1517 1684 περιστερῶν
1533 1647 1562 1673 τὸ
1591 1646 1729 1681 ἀκέραιον.
1747 1646 1781 1671 Ἢ
1806 1645 1877 1680 τάχα

1089 1694 1207 1722 τοιοῦτον
1219 1702 1278 1720 τινα
1289 1695 1302 1719 ὀ
1313 1693 1390 1726 λόγος
1406 1693 1539 1727 μαρτυρεῖ
1551 1692 1606 1722 τοῖς
1619 1691 1740 1725 ὄμμασιν
1755 1690 1877 1716 ἔπαινον.

1096 1741 1202 1776 Ἐπειδὴ
1216 1740 1269 1775 γὰρ
1285 1739 1393 1765 πάντων
1407 1738 1462 1764 τῶν
1476 1737 1580 1772 ὁρατῶν
1606 1738 1633 1763 αἱ
1649 1737 1751 1768 εἰκόνες
1771 1735 1810 1770 τῷ
1827 1744 1862 1761 κα
1872 1751 1878 1754 -

1090 1786 1164 1821 Οαρῷ
1186 1786 1234 1820 τῆς
1251 1785 1335 1820 κόρης
1354 1784 1538 1819 ἐμπίπτουσαι
1552 1803 1559 1814 ,
1585 1784 1633 1818 τὴν
1653 1783 1782 1818 ὁρατικὴν
1800 1782 1879 1818 ἐνέρ-

1089 1841 1165 1866 γειαν
1193 1830 1385 1858 ἀποτελοῦσιν·
1409 1831 1514 1865 ἀνάγκη
1537 1830 1611 1856 nis:
1626 1830 1694 1865 πρὸς
1710 1830 1724 1856 ὅ
1747 1837 1788 1860 τις
1815 1829 1876 1864 ὁρᾷ.

1089 1878 1183 1905 τούτου
1198 1876 1246 1912 τὴν
1259 1876 1365 1912 μορφὴν
1382 1876 1583 1910 ἀναλαμϐάνειν
1605 1875 1648 1901 διὰ
1665 1875 1710 1901 τοῦ
1726 1873 1878 1909 ὀφθαλμοῦ,

1090 1923 1242 1957 κατόπτρου
1256 1922 1333 1957 δίκην
1350 1921 1397 1948 τοῦ
1415 1921 1577 1956 φαινομένου
1595 1921 1624 1947 τὺ
1639 1919 1707 1952 εἶδος
1724 1919 1880 1954 ἀναμασσό-

1092 1978 1180 2004 μενος.
1196 1969 1280 1995 Ὅταν
1302 1967 1392 1994 τοίνυν
1413 1968 1427 1993 ὁ
1444 1967 1491 2002 τὴν
1509 1967 1625 2002 ὀπτικὴν
1641 1967 1743 2001 ταύτην
1757 1964 1880 1998 ἐξουσίαν

1089 2016 1137 2041 ἐπὶ
1151 2016 1200 2050 τῆς
1220 2013 1380 2048 Ἐκκλησίας
1405 2013 1512 2046 λαϐὼν,
1536 2013 1602 2048 πρὸς
1622 2013 1703 2048 μηδὲν
1717 2011 1815 2042 ὑλῶδες
1833 2010 1880 2037 καὶ

1091 2059 1245 2096 σωματικὸν
1271 2052 1373 2095 βλέπη·
1390 2059 1404 2084 ὁ
1427 2059 1619 2093 πνευματικός
1635 2067 1664 2083 τε
1690 2058 1735 2084 καὶ
1756 2056 1836 2086 ἄῡλος
1851 2056 1881 2082 ἐν

1091 2106 1164 2141 αὐτῷ
1187 2105 1366 2142 κατορθοῦται
1382 2104 1448 2139 βίος.
1471 2104 1503 2130 Ἡ
1525 2104 1553 2130 δὲ
1575 2102 1687 2138 τοιαύτη
1709 2102 1765 2136 ζωὴ
1832 2101 1881 2128 τοῦ

1092 2152 1170 2186 ἀγίου
1186 2151 1343 2186 Πνεὺματος
1365 2150 1456 2185 χάριτι
1476 2149 1708 2185 καταμοριξοῦται.
1734 2148 1839 2175 Οὐκοῦν
1867 2149 1882 2174 ὁ

1090 2198 1256 2229 τελειότατος
1271 2197 1324 2223 τῶν
1341 2196 1490 2232 ὀφῢαλμῶν
1515 2197 1589 2222 ἐστιν
1617 2195 1744 2226 ἔπαινος,
1762 2194 1792 2220 τὸ
1813 2194 1882 2230 πρὸς

249 2242 333 2276 spicit
348 2251 354 2268 :
374 2242 513 2277 perﬁcitur
528 2241 554 2268 in
566 2248 599 2268 eo
615 2241 668 2268 vita
678 2241 838 2276 spiritualis,
850 2245 877 2268 et
892 2242 925 2269 ab
939 2243 1034 2270 exteri:

1091 2245 1140 2279 τὴν
1157 2243 1203 2269 τοῦ
1220 2243 1376 2277 Πνεύματος
1395 2242 1442 2268 τοῦ
1470 2242 1548 2275 ἁγίου
1576 2241 1656 2276 χάριν
1685 2240 1882 2277 μεμορφῶσθαι.

249 2289 407 2323 crassisque
423 2289 505 2316 rebus
522 2289 623 2315 aliena.
645 2288 682 2314 Ea
706 2295 771 2314 vero
785 2288 836 2315 vita
856 2297 903 2323 per
921 2289 1041 2323 Spiritus

250 2335 338 2361 sancti
354 2334 469 2369 gratiam
488 2334 685 2361 conformatur.
704 2334 886 2367 Quamobrem
903 2336 962 2363 laus
977 2344 1042 2363 ocu-

251 2381 337 2407 lorum
365 2379 564 2414 perfectissima
593 2385 656 2413 est,
685 2389 746 2409 esse
774 2382 871 2409 horum
901 2383 1040 2409 hominum

250 2426 313 2452 vita:
328 2426 445 2460 speciem
467 2425 666 2453 conformatam
685 2427 718 2454 ad
744 2428 832 2455 sancti
849 2427 966 2463 Spiritus
981 2436 1042 2461 gra-

251 2472 327 2498 tiam.
345 2471 484 2506 Siquidem
501 2472 627 2499 columba
637 2477 678 2500 est
692 2472 810 2508 Spiritus
827 2478 950 2502 sanctus.
967 2474 1039 2501 Prte-

250 2515 360 2544 dicatur
380 2522 470 2545 autem
489 2522 603 2554 uterque
621 2519 728 2552 oculus,
745 2523 773 2546 ut
793 2523 866 2548 totus
882 2522 962 2547 homo
980 2521 1040 2548 latt-

253 2563 297 2590 dis
315 2563 360 2589 liat
377 2564 524 2598 particeps,
548 2569 604 2591 tum
622 2565 644 2592 is
662 2565 708 2599 qui
725 2570 837 2599 apparet
855 2566 1039 2599 extrinsecus,

251 2615 308 2635 tum
331 2617 411 2643 quem
438 2613 528 2636 mente
552 2609 741 2644 intelligimus.
775 2609 880 2636 Etenim
907 2609 982 2636 illam
1006 2611 1042 2637 ob

251 2663 363 2683 causam
383 2656 409 2681 in
435 2655 485 2682 hac
507 2656 664 2682 laudatione
687 2655 852 2683 mentionem
878 2655 940 2683 facit
960 2657 1041 2683 etiam

253 2702 366 2730 alterius
378 2701 527 2735 'cujusdam
542 2701 721 2731 excellentiae.
739 2708 800 2728 cum
818 2701 855 2728 ait
871 2711 877 2728 ι
901 2701 1003 2729 Prmter
1015 2703 1042 2729 id

252 2750 321 2777 quod
336 2749 362 2773 in
377 2752 400 2774 lc
410 2748 542 2774 reticctur.
558 2746 625 2773 Nam
640 2747 692 2773 vita
705 2747 776 2774 bona
791 2748 888 2782 partim
903 2749 1041 2776 hominum

253 2792 341 2819 oculis
358 2793 479 2826 exposita
496 2796 537 2818 est
560 2796 586 2818 et
610 2797 684 2822 uota.
710 2792 807 2826 partim
824 2794 933 2820 occulta
953 2799 979 2821 ct
997 2803 1043 2822 nc-

255 2837 320 2863 mini
339 2837 464 2864 oratione
479 2837 660 2871 explicabilis,
678 2837 731 2864 Dco
751 2838 879 2864 nimirum
902 2839 961 2866 solo
981 2847 1039 2866 eam

255 2883 389 2911 intuente.
407 2881 578 2917 Quapropter
592 2883 625 2915 is,
643 2883 689 2918 qui
708 2883 780 2918 quod
803 2883 918 2911 necdum
939 2884 1039 2912 factum

1091 2290 1180 2316 αὐτῶν
1196 2289 1245 2323 τῆς
1259 2289 1331 2322 ζωῆς
1345 2288 1375 2314 τὸ
1392 2285 1471 2319 εἶδος.
1489 2287 1641 2323 Περιστερὰ
1655 2288 1708 2321 γὰρ
1722 2286 1751 2313 τὸ
1769 2286 1882 2321 Πνεῦμα

1090 2336 1119 2362 τὸ
1134 2334 1221 2368 ἅγιον.
1244 2332 1276 2359 Ἥ
1291 2333 1319 2359 δὲ
1335 2333 1399 2365 δυὰς
1421 2332 1475 2359 τῶν
1487 2332 1634 2368 ὀφθαλμῶν
1654 2333 1805 2358 ἐπαινεῖται
1818 2351 1825 2363 ,
1843 2331 1882 2363 ὡς

1091 2381 1123 2407 ἂν
1135 2380 1194 2411 ὅλος
1207 2379 1310 2412 γένοιτο
1323 2379 1351 2405 ἐν
1367 2379 1470 2413 ἐπαίνῳ
1481 2379 1495 2404 ὁ
1510 2378 1652 2413 ἄνθρωπος
1663 2398 1669 2409 ,
1687 2378 1701 2403 ὁ
1719 2376 1883 2411 φαινόμενος

1090 2435 1120 2452 τε
1130 2425 1177 2452 καὶ
1191 2415 1345 2459 νοούμενος.
1361 2423 1409 2450 Διά
1424 2424 1503 2450 τοῦτο
1515 2423 1569 2458 γὰρ
1585 2423 1738 2458 προσέθηκε
1752 2422 1791 2457 τῷ
1804 2422 1883 2449 ἐπα(-

1091 2471 1128 2507 νῴ
1139 2472 1185 2498 καὶ
1198 2470 1280 2505 ἄλλην
1292 2469 1454 2505 ὑπερϐολὴν,
1466 2470 1560 2495 εἰπών·
1577 2470 1617 2495 ὅτι
1637 2469 1737 2501 suac
1750 2467 1804 2501 τῆς
1816 2476 1884 2494 σιω-

1092 2517 1211 2551 πήσεώς
1222 2525 1289 2543 σου·
1298 2516 1343 2542 τοῦ
1354 2515 1408 2550 γὰρ
1416 2515 1518 2548 ἀγαθοῦ
1531 2515 1599 2550 βίου,
1612 2515 1640 2541 τὸ
1651 2514 1700 2550 μέν
1712 2523 1738 2540 τι
1751 2514 1884 2549 πρόδηλῇ

1092 2565 1175 2594 ἐστιν,
1193 2563 1229 2594 ὡς
1243 2562 1289 2588 καὶ
1303 2561 1456 2597 ἀνθρώποις
1471 2561 1609 2597 γνώριμον
1622 2558 1708 2587 εἶναι·
1725 2559 1754 2586 τὺ
1773 2560 1800 2586 δὲ
1815 2560 1884 2595 κρύ-

1093 2609 1152 2643 φιόν
1169 2616 1198 2634 τε
1215 2607 1263 2634 καὶ
1274 2606 1429 2642 ἀπόρρητον
1442 2626 1448 2638 ,
1467 2606 1539 2641 μόνῳ
1552 2606 1611 2639 Θεῷ
1629 2605 1830 2640 καθορώμενον,
1854 2605 1884 2631 '0

1095 2654 1181 2681 τοίνυν
1195 2653 1225 2679 τὸ
1239 2652 1442 2687 ἁκατέργαστον
1462 2651 1567 2687 βλέπων
1577 2672 1584 2682 ,
1612 2653 1658 2678 καὶ
1673 2653 1712 2683 εἰς
1725 2651 1758 2677 τὰ
1780 2650 1885 2687 κρύφια

1096 2698 1220 2735 καθορῶν
1240 2701 1374 2734 μαρτυρεῖ
1395 2700 1440 2726 ἐπὶ
1458 2698 1504 2725 τοῦ
1526 2697 1722 2732 ἐπαινουμένου
1738 2697 1884 2732 προσώπου

1096 2745 1175 2770 πλέον
1191 2741 1259 2770 εἶναι
1283 2744 1329 2769 τοῦ
1348 2745 1510 2778 φαινομένου
1530 2743 1559 2770 τὸ
1584 2743 1777 2779 σιωπώμενον,
1791 2743 1825 2769 δι’
1847 2739 1886 2769 ὧν

1097 2799 1178 2826 φησιν
1190 2799 1197 2804 ·
1213 2791 1253 2816 ὅτι
1277 2790 1440 2825 ὀφθαλμοί
1454 2798 1512 2816 σου
1537 2789 1709 2824 περιστεραὶ
1725 2788 1812 2820 ἐκτὸς
1829 2788 1882 2823 τῆς

1092 2835 1269 2868 σιωπήσεώς
1285 2843 1353 2862 σου.
1372 2835 1490 2868 Ἕξωοεν
1511 2836 1565 2871 γάρ
1583 2835 1641 2862 ἐστι
1660 2834 1708 2861 τοῦ
1725 2833 1886 2868 ὲπαινηθέν-

1092 2893 1135 2916 τος
1159 2882 1218 2917 ἥδε.
1235 2881 1263 2908 τὸ
1277 2882 1320 2909 διὰ
1337 2882 1387 2918 τῆς
1407 2882 1512 2918 σιωπῆς
1536 2881 1751 2917 Θαυμαζὸμενον,
1775 2879 1844 2915 ’0δῴ
1856 2878 1887 2906 δὲ
