1984 3068
100 165 147 193 521

607 163 640 191 IN
658 163 806 192 CANTICA
824 160 962 194 CANTIC.
988 165 1128 193 HOMILIA
1147 166 1202 193 VII.

1672 166 1725 194 922

98 221 211 256 προάγει
227 219 341 255 καθεξῆς
355 219 384 245 τὸ
407 219 454 246 τοῦ
471 219 585 253 κάλλους
601 220 737 256 ἐγκώμιον
748 241 756 252 ,
778 222 823 248 ἐπὶ
835 221 884 252 τὰς

937 227 988 255 est,
1007 223 1089 255 videt,
1112 226 1139 251 et
1157 223 1248 250 abdita
1271 223 1411 257 perspicit,
1429 222 1616 250 testimonium
1633 223 1725 257 periti-

95 266 190 301 τρίχας
205 265 329 300 μετάγων
341 266 386 292 τὸν
397 266 476 300 λόγον
487 287 492 298 ,
505 266 551 293 καί
566 275 647 302 φησιν
658 277 663 283 ·
680 268 729 301 Τρί
730 268 812 302 χωμὰ
824 276 882 295 σου

94 312 134 344 ὠς
146 312 250 346 ἀγέλαι
264 311 324 338 τῶν
337 311 437 346 αἰγῶν,
449 312 480 339 αἳ
490 313 746 347 ἀνεκαλύερθησαν
756 314 814 341 ἀπὸ
829 315 882 342 τοῦ

95 357 228 384 Γαλαὰδ.

938 269 983 296 bet
999 276 1121 303 persona:
1133 269 1183 301 illi,
1197 275 1257 303 qua:
1271 268 1488 299 commendatur,
1501 268 1618 302 amplius
1634 268 1725 295 inesse

938 314 964 341 id
979 313 1051 348 quod
1077 315 1235 346 reticeatur,
1255 321 1336 349 quam
1359 313 1431 348 quod
1447 314 1619 341 extrinsecus
1639 321 1723 348 appa—

933 364 1002 392 reat,
1018 367 1078 387 cum
1100 360 1138 386 ait
1160 369 1166 387 :
1188 359 1265 386 Oculi
1277 360 1316 386 lui
1337 359 1474 391 columbw,
1494 364 1590 394 prwler
1606 358 1633 385 id
1652 361 1723 393 quod

95 404 155 431 inte
170 405 303 432 retiretur.
330 404 463 432 Nimirum
483 405 509 432 id
526 405 599 440 quod
615 406 697 433 tacite
713 407 741 434 in
761 407 968 435 admirationem
987 408 1070 438 venit.
1106 415 1161 433 non
1178 407 1355 433 continuctur
1378 407 1436 438 illo,
1471 406 1544 441 quod
1580 406 1716 434 hactenus

95 452 262 479 celebratum
277 457 329 479 est.
342 452 476 480 Caeterum
491 454 621 487 paulatim
636 455 751 481 ulterius
764 455 977 489 pulchritudinis
990 455 1146 482 encomium
1158 455 1272 489 profert,
1285 453 1318 480 ad
1347 461 1442 481 comas
1472 461 1601 481 sermone
1632 458 1723 481 trans-

95 499 158 531 lato,
171 506 232 526 cum
248 500 337 534 inquit
354 509 359 527 :
377 499 466 527 Caune
481 506 532 527 tua:
545 501 613 527 sicut
626 510 713 536 greges
727 510 880 536 caprarum,
899 510 957 538 qure
969 507 1030 529 sunt
1045 502 1166 529 revelata,
1180 488 1211 529 de
1230 506 1317 529 monte
1327 501 1441 529 Galaad.

128 545 234 579 Νοῆσαι
248 545 277 572 δὲ
293 547 427 581 προσήκει
440 547 546 582 πρῶτον
559 549 608 582 τῆς
622 547 715 583 τριχὺς
729 549 777 584 τὴν
791 548 879 583 φύσιν·

94 588 143 615 εἷθ’
154 590 240 622 οὕτως
255 591 402 625 ἐπιγνῶναι
413 592 458 618 τὸν
474 591 592 625 ἔπαινον,
608 593 637 619 ὃν
653 593 696 619 διὰ
713 593 767 620 τῶν
781 594 882 629 τριχῶν

93 636 108 661 ὁ
122 635 199 670 λόγος
215 637 246 671 τῇ
272 637 364 672 νύμφῃ
386 637 536 672 χαρεζεται.
563 638 666 664 Οὐκοῦν
683 638 745 672 δόξα
770 639 818 674 μὲν
833 648 882 674 γυ-

94 682 185 713 ναικὸς
198 682 317 717 κεφαλῆς
332 683 348 717 ἡ
370 683 430 718 θρὶξ
447 684 521 718 παρὰ
535 683 581 710 τοῦ
596 684 701 710 Παύλου
716 685 879 720 ὠνόμασται,

94 727 140 753 καὶ
154 727 215 753 ἀντὶ
232 727 405 762 περιϐολαίου
422 727 543 754 δεδόσθαι
557 729 589 763 τῇ
609 729 718 762 γυναικὶ
733 729 782 764 τὴν
792 730 880 764 κόμην

94 771 175 805 λέγει.
192 772 263 798 Αἱδὼ
273 772 301 799 δὲ
316 773 363 799 καὶ
379 773 555 808 σωφροσύνην
567 773 597 800 τὸ
612 774 716 809 πρέπον
733 773 802 801 εἷναί
815 783 880 809 φησι

94 819 152 848 ταῖς
169 818 276 851 γυναιξὶ
291 818 462 853 περιϐόλαιον
472 838 478 850 ,
498 819 568 845 οὕτω
583 819 691 854 γράψας
704 820 747 855 τῷ,
759 821 859 855 ῥήματι
873 829 879 836 ·

99 865 145 896 Ὡς
156 864 261 898 πρέπει
275 864 414 899 γυναιξὶν
429 864 701 899 ἐπαγγελλομέναις
717 854 879 898 θεοσεϐεῖν,
898 854 917 880 Β

91 909 164 943 μετὰ
173 909 277 942 αἰδοῦς
286 910 335 937 καὶ
349 910 549 943 σωφροσύνης
560 909 685 944 κοσμεῖν
695 910 814 944 ἑαυτάς.
832 910 881 937 Διὰ

93 956 194 982 τούτων
205 955 254 986 τὰς
268 956 314 981 ἐπὶ
323 955 372 989 τῆς
382 955 502 990 κεφαλῆς
513 955 619 990 τρίχας,
631 953 675 986 αἷς
686 957 757 991 κομᾷ
768 956 784 990 ἡ
800 956 879 991 γυνὴ,

92 1001 140 1036 τὴν
153 1001 219 1027 αίδὼ
233 1001 280 1027 καὶ
294 1000 470 1036 σωφροσύνην
485 1000 529 1026 διὰ
541 1001 589 1035 τῆς
600 1001 648 1026 τοῦ
661 1001 767 1026 Παύλου
786 1001 881 1034 σοφίας

93 1046 358 1081 καταλαμϐάνεσθαι.
372 1046 438 1072 Οὐδὲ
452 1046 506 1080 γὰρ
519 1045 602 1080 ἄλλην
615 1046 715 1081 πρέπει
726 1046 787 1073 τινὰ
801 1047 880 1078 δόξαν

93 1092 249 1127 νομίζεσθαι
270 1091 316 1118 ἐπὶ
337 1092 387 1124 τῆς
409 1091 645 1126 ὲπαγγελλομένης
661 1091 816 1118 θεοσέϐειαν
831 1091 882 1126 ψυ-

93 1139 156 1173 χῆς,
171 1139 195 1164 εἰ
213 1137 250 1172 μὴ
266 1138 315 1172 τὴν
328 1136 394 1164 αἰδῶ
412 1145 441 1162 τε
455 1137 502 1163 καὶ
515 1137 563 1172 τὴν
579 1136 773 1172 σίιιφροσύνην,
789 1137 822 1172 ἢν
835 1137 882 1164 κό-

95 1192 147 1218 μην
159 1183 308 1218 ὠνόμασεν,
324 1182 356 1217 ἢν
367 1174 429 1208 ὅταν
448 1182 483 1217 μὴ
497 1182 546 1218 ἔχῃ
558 1203 565 1214 ,
581 1182 755 1216 καταισχύνει
770 1182 819 1218 τὴν
834 1191 881 1209 κε-

92 1228 179 1263 φαλὴν
208 1229 310 1263 αὐτῆς,
336 1227 428 1259 καθώς
453 1236 535 1263 φησιν
562 1228 576 1254 ό
607 1227 775 1260 Ἀπὸστολος.
792 1228 823 1254 Εἰ
849 1228 881 1263 δὴ

91 1274 176 1301 ταῦτα
193 1275 255 1310 περὶ
272 1274 326 1300 τῶν
339 1274 439 1310 τριχῶν
453 1275 467 1300 ό
479 1274 584 1306 Παῦλος
595 1273 785 1308 ἐφιλοσόφησε,
801 1282 882 1309 προσ-

92 1321 187 1347 ακτέον
200 1321 231 1347 iv
255 1320 297 1356 εἴη
317 1320 352 1346 τὰ
364 1320 408 1346 τοῦ
416 1319 578 1346 ’Λποστόλου
593 1320 703 1355 ῥήματα
725 1320 763 1354 τῷ
778 1320 882 1354 ἐπαίνῳ

92 1367 141 1401 τῆς
159 1366 337 1400 Ἐκκλησίας,
352 1366 380 1392 ἐν
401 1365 439 1400 τῷ
453 1366 517 1400 περὶ
542 1365 589 1391 τοῦ
603 1366 776 1401 τριχώματος
799 1366 879 1401 λόγῳ,

93 1411 164 1437 κατὰ
173 1411 222 1446 τὴν
233 1411 416 1446 προκειμένην
430 1411 532 1445 φωνὴν,
548 1412 565 1446 ἥ
584 1419 665 1445 φησιν
677 1420 684 1427 ·
696 1412 739 1438 ὅτι
750 1411 882 1446 Τρίχωμά

92 1466 150 1484 σου
163 1477 170 1489 ,
190 1457 230 1489 ὡς
243 1457 348 1491 ἀγέλαι
368 1457 428 1483 τῶν
453 1456 544 1490 αἰγῶν
558 1476 566 1489 ,
581 1458 610 1484 αἳ
626 1457 882 1491 ἁνεκιιλύφθησιιν

966 548 1086 575 Primum
1110 552 1201 574 autem
1223 547 1452 575 considerandum
1478 550 1531 580 est,
1556 554 1616 582 qua:
1640 553 1725 574 comae

932 598 1030 621 natura
1047 594 1083 620 sit
1101 603 1106 620 :
1126 597 1208 628 atque
1223 593 1259 620 ita
1276 592 1376 620 deinde
1389 593 1449 619 laus
1467 592 1525 619 ha'c
1543 592 1722 628 intelligetur.

932 648 992 675 qua:
1009 648 1057 674 per
1069 647 1162 667 comas
1179 647 1287 674 sponsa:
1303 638 1443 666 tribuitur.
1468 638 1602 672 Capillum
1618 631 1722 664 Paulus

933 685 1031 720 capitis
1054 684 1197 711 muliebris
1220 684 1336 719 gloriam
1353 683 1480 718 appellat,
1503 686 1530 709 et
1554 689 1660 709 comam
1674 690 1724 717 pro

935 731 1085 758 velamento
1101 730 1208 757 mulieri
1225 730 1315 756 datam
1331 729 1409 756 ait“.
1440 729 1511 757 Idem
1526 728 1722 756 verecundiam

934 775 1144 811 et'pudicitiam
1171 777 1353 803 velamentum
1379 775 1502 802 mulieris
1530 774 1631 802 decens
1661 781 1724 802 esse

934 822 1026 855 tradit,
1049 822 1093 862 his
1115 822 1206 849 verbis
1230 830 1297 849 tusus
1318 831 1324 848 :
1343 821 1571 854 Quemadmodum
1592 821 1664 847 decet
1685 820 1724 854 {e-

933 868 1030 900 minas,
1053 876 1111 903 quae
1136 868 1288 902 religiosam
1315 875 1377 901 erga
1406 867 1488 894 Deum
1514 868 1636 901 pietatem
1660 875 1724 900 pro-

933 914 1053 948 fitentur,
1079 918 1107 939 ut
1133 921 1192 939 cum
1217 913 1371 939 verecundia
1396 916 1421 939 et
1447 912 1577 946 pudicitia
1601 919 1656 938 sese
1678 919 1724 938 ar-

933 964 993 986 neut
1007 959 1040 985 ⁸⁸.
1066 958 1171 992 Quibus
1185 959 1212 985 in
1228 959 1319 985 verbis
1337 965 1385 992 per
1399 958 1513 993 capillos
1531 957 1639 992 capitis,
1654 964 1723 992 quos

933 1005 979 1031 alit
997 1004 1109 1035 femina,
1125 1004 1318 1031 verecundiam
1333 1008 1360 1029 et
1381 1003 1541 1038 pudicitiam
1565 1002 1723 1037 accipienda

932 1057 1004 1082 esse,
1030 1050 1131 1076 Paulus
1152 1057 1202 1084 pro
1219 1049 1353 1084 sapientia
1380 1055 1429 1076 sua
1454 1047 1610 1083 signiﬁcare
1626 1047 1722 1075 voluit.

932 1094 987 1121 Nec
1002 1095 1075 1121 enim
1099 1094 1227 1121 convenit
1251 1094 1332 1120 aliam
1356 1093 1503 1127 quamdam
1527 1093 1642 1127 gloriam
1666 1096 1724 1119 sta-

932 1142 1008 1166 tuere
1024 1140 1051 1166 in
1065 1140 1167 1171 anima,
1182 1147 1241 1174 qua:
1254 1138 1408 1173 religiosam
1420 1145 1484 1173 erga
1496 1137 1580 1165 Deum
1595 1138 1722 1172 pietatem

933 1187 1102 1222 proﬁteatur,
1115 1193 1197 1220 quam
1210 1185 1402 1212 verecundiam
1415 1189 1442 1212 et
1456 1184 1625 1219 pudicitiam,
1637 1191 1724 1211 comae

932 1232 1115 1267 appellatione
1133 1231 1278 1258 indicatam
1298 1239 1304 1257 :
1320 1237 1372 1265 qua
1387 1230 1409 1257 si
1437 1233 1540 1261 careat,
1556 1229 1719 1257 dehonestat

933 1282 1017 1312 caput
1032 1285 1124 1309 suum,
1144 1282 1173 1304 ut
1193 1277 1264 1304 idem
1291 1276 1437 1310 Apostolus
1460 1276 1591 1310 loquitur.
1616 1275 1672 1302 Hac
1690 1275 1724 1302 de

932 1324 1038 1358 capillis
1056 1323 1240 1358 disputatione
1257 1322 1331 1349 Pauli
1355 1322 1537 1354 considerata,
1555 1321 1722 1348 conferenda

931 1371 983 1397 erit
999 1370 1112 1397 omnino
1128 1369 1250 1403 Apostoli
1268 1369 1403 1396 sententia
1427 1376 1489 1395 cum
1518 1368 1568 1394 hac
1593 1367 1723 1394 Ecclesia:

933 1416 1022 1448 laude,
1041 1423 1102 1450 qua:
1115 1415 1168 1442 illis
1186 1415 1277 1442 verbis
1297 1414 1372 1441 hisce
1385 1421 1491 1441 comam
1507 1413 1720 1448 praedicantibus

932 1462 1074 1491 tribuitur:
1095 1461 1185 1488 Comm
1203 1466 1255 1488 tute
1284 1460 1354 1487 velut
1378 1469 1465 1495 greges
1492 1468 1646 1494 caprarum,
1666 1467 1724 1494 qme

91 1504 151 1529 ἀπὸ
168 1503 221 1530 τοῦ
233 1505 258 1529 Γ
260 1503 366 1530 αλίιάδ.
380 1502 428 1529 Διὰ
447 1503 549 1529 τούτων
562 1504 615 1538 γὰρ
627 1503 675 1539 τὴν
692 1503 817 1539 ἐνάρετον
834 1512 882 1529 πο-

936 1508 1056 1534 revelant
1080 1512 1141 1534 sunt
1158 1509 1189 1534 de
1204 1512 1290 1534 monte
1311 1506 1425 1533 Gulaad.
1449 1505 1516 1532 Nam
1534 1513 1581 1539 per
1598 1505 1655 1532 haec
1670 1506 1725 1531 vir-

92 1547 194 1574 λιτείαν
216 1548 245 1574 ἐν
258 1548 361 1583 ἐπαίνῳ
377 1549 492 1575 ποιεῖται
518 1549 531 1574 ὁ
550 1548 646 1581 Λόγος.
671 1548 750 1574 Ἀλλὰ
773 1548 883 1574 κάκεῖνο

94 1594 226 1629 προσήκει
240 1594 419 1629 προστεθῆναι
438 1594 475 1629 τῷ
488 1594 560 1629 λόγῳ
571 1594 609 1629 τῷ
627 1594 692 1630 περὶ
705 1594 758 1620 τῶν
771 1594 881 1629 τριχῶν,

92 1640 132 1666 ὅτι
145 1639 235 1674 πάσης
249 1640 403 1674 αἰσθήσεως
426 1639 544 1674 ζωτικῆς
564 1640 723 1674 ἀμοιροῦσιν
739 1641 766 1666 αἱ
787 1640 881 1674 κόμαι.

93 1686 130 1712 Οὐ
149 1685 244 1721 μικρὸν
268 1685 321 1720 γὰρ
340 1686 380 1716 εἰς
394 1685 545 1720 ἐπαύξησιν
562 1685 707 1719 ἐγκωμίων
732 1684 882 1715 καὶτοῦτο,

92 1731 123 1758 τὸ
141 1732 208 1767 μήτε
220 1731 300 1758 πόνου
311 1751 318 1762 ,
336 1732 403 1765 μήτε
416 1730 512 1765 ἡδονῆς
527 1730 651 1764 αἴσθησιν
675 1730 703 1756 ἐν
720 1731 780 1761 ταῖς
797 1729 883 1765 θριξὶν

84 1775 173 1808 αἴναι.
187 1777 223 1804 Τὸ
237 1778 286 1812 μὲν
302 1776 356 1812 γὰρ
373 1776 452 1811 σῶμα
465 1796 472 1807 ,
492 1776 553 1802 ὅθεν
576 1775 722 1809 ἐκφύονται
735 1795 742 1806 ,
759 1775 884 1802 ὀδυνᾶται

94 1823 323 1859 παρατιλλόμενον
337 1830 343 1837 ·
361 1822 430 1857 αὐτὴ
446 1821 474 1848 δὲ
493 1823 508 1856 ή
536 1821 613 1857 θρὶξ,
633 1820 695 1847 οὔτε
710 1821 734 1847 ει
748 1821 886 1856 τέμνοιτο,

92 1870 155 1897 οὔτε
171 1872 195 1897 εἰ
210 1870 346 1904 φλέγοιτο,
365 1869 427 1895 οὕτε
440 1870 464 1896 ει
482 1869 526 1895 διά
541 1877 612 1900 τινος
628 1868 816 1903 κωμμωτικῆς
829 1869 886 1895 επι-

96 1915 205 1950 μελείας
225 1914 427 1941 καταλεαίνοιτο
438 1934 445 1945 ,
459 1914 498 1949 τῷ
513 1914 648 1949 γινομένῳ
664 1913 790 1948 αἴσθησιν
813 1914 885 1949 δέχε-

94 1970 150 1988 ται.
165 1961 202 1987 Τὸ
218 1961 246 1986 δέ
261 1961 386 1996 ἀμοιρεῖν
399 1961 448 1996 τῆς
462 1960 615 1995 αἰσθήσεως
627 1960 681 1986 τῶν
695 1959 800 1995 νεκρῶν
811 1950 885 1986 ἐστιν

98 2007 173 2033 ἴδιον.
195 2006 298 2033 Οὐκοῦν
314 2007 328 2033 ό
355 2006 488 2041 μηδεμίαν
508 2005 560 2032 τῶν
585 2007 614 2032 ὲν
635 2006 674 2041 τῷ
691 2006 786 2041 κόσμῳ
798 2005 885 2040 τούτῳ

97 2052 321 2088 σπουδαζομένων
345 2052 564 2088 παραδεχόμενος
581 2052 706 2087 αἴσθησιν
719 2072 726 2084 ,
751 2052 819 2087 μήτε
834 2051 899 2087 {me

94 2099 174 2133 δόξης
192 2107 222 2124 τε
238 2099 284 2124 καὶ
297 2098 380 2133 τιμῆς
405 2097 616 2133 ἐξογκούμενος,
632 2099 700 2133 μήτε
724 2098 757 2125 δι’
780 2097 885 2133 ὕϐρεώς

94 2151 125 2169 τε
140 2143 186 2170 καὶ
203 2143 315 2178 ἀτιμίας
327 2142 461 2177 ἀλγεινῶς
474 2142 675 2177 διατιθέμενος·
689 2143 747 2169 ἀλλ’
760 2143 788 2170 ἐν
800 2143 885 2177 ὁμοίῳ

93 2189 157 2216 καθ’
169 2189 299 2224 ἑκάτερον
311 2188 365 2215 τῶν
380 2189 510 2215 ἐναντίων
524 2189 618 2215 ἑαυτὸν
632 2189 775 2223 φυλάσσων
786 2197 792 2204 ·
808 2186 885 2222 οὗτός
901 2187 922 2213 D

95 2235 168 2260 ἐστιν
183 2235 200 2269 ἡ
220 2235 401 2270 ἐπαινουμένη
424 2234 474 2269 τῆς
488 2234 598 2269 νύμφης
615 2235 685 2269 κόμη
695 2255 703 2266 ,
727 2235 824 2270 νεκρός
837 2235 884 2261 ἄν·

94 2288 190 2316 τικρυς
207 2281 255 2306 καὶ
271 2281 398 2316 ἀκίνητος
416 2280 486 2315 πρὸς
502 2280 536 2307 τὰ
551 2280 598 2306 τοῦ
621 2281 725 2316 κόσμου
741 2281 884 2315 γενόμενος

96 2325 258 2361 πράγματα,
271 2326 326 2353 εἴτε
338 2326 424 2358 οὕτως
436 2347 444 2359 ,
460 2326 514 2353 εἴτε
526 2327 564 2358 ὠς
579 2326 680 2362 ἑτέρως
693 2326 759 2361 ἔχοι.

134 2465 166 2491 Εἰ
180 2464 207 2490 δὲ
220 2464 250 2490 τὺ
263 2464 452 2499 πλεονέκτημα
475 2464 529 2490 τῶν
553 2464 655 2500 τριχῶν
679 2463 789 2497 ἀγέλαις
801 2464 887 2498 αίγῶν

99 2509 300 2545 παραϐάλλεται
313 2529 319 2539 ,
338 2511 397 2540 ταῖς
422 2510 475 2536 ἀπδ
494 2509 540 2536 τοῦ
557 2509 664 2536 Γαλαὰδ
685 2510 887 2544 ἀνακαλυφθεί-

100 2565 161 2587 σαις
171 2564 177 2570 ·
192 2555 209 2582 ἂ
226 2555 275 2591 μὲν
287 2555 339 2590 χρὴ
352 2555 386 2581 δι’
397 2555 539 2591 ἀκριϐείας
553 2556 616 2592 περὶ
628 2556 730 2582 τούτων
744 2555 889 2590 γινώσκειν

98 2600 176 2627 οὔπω
193 2600 355 2627 καταλαϐεῖν
373 2601 545 2636 ἠδυνήθημεν
558 2609 566 2616 ·
581 2601 768 2636 στοχαζόμεθα
785 2601 824 2632 δὲ,
837 2602 887 2628 ηὸτι

99 2645 194 2680 ὥσπερ
206 2645 240 2672 τὰ
254 2645 320 2679 ξύλα
333 2645 380 2672 τοῦ
393 2645 509 2672 λιϐάνου
529 2647 568 2677 εἰς
579 2647 680 2682 χρυσόν
693 2655 723 2673 τε
745 2647 791 2673 καὶ
802 2646 887 2683 ἄργυ-

100 2701 148 2728 ρον
160 2692 206 2718 καὶ
224 2691 366 2727 πορφύραν
384 2692 581 2727 μεταποιήσας,
602 2694 709 2727 φορεῖον
727 2694 741 2719 ὀ
762 2692 888 2727 βασιλεὺς

100 2739 302 2767 κατεσκεύασεν
316 2740 405 2775 ἐαυτῷ
420 2748 426 2754 “
441 2739 528 2771 οὕτως
544 2737 614 2767 οἵδεν
632 2741 646 2767 ὀ
663 2741 764 2777 ποιμὴν
776 2742 791 2768 ὁ
808 2741 888 2774 καλὸς

100 2786 186 2821 αἰγῶν
199 2786 299 2821 ἀγέλας
313 2787 478 2821 παραλαϐεῖν
490 2787 537 2813 καὶ
550 2788 589 2818 εἰς
602 2786 713 2822 ποίμνια
728 2788 888 2822 μεταϐαλεῖν

138 2877 182 2906 "ﬁ
203 2877 265 2906 Cor.
291 2885 330 2911 ll,
350 2877 393 2904 15.
431 2878 453 2894 ⁸⁸
471 2876 610 2905 lTimoth.
635 2885 664 2912 ιι,
685 2877 711 2904 9.

936 1553 984 1580 tuti
1015 1556 1198 1579 consentanea
1229 1551 1335 1579 vivendi
1363 1551 1433 1577 ratio
1460 1550 1596 1577 laudatur.
1630 1549 1726 1582 Quan-

934 1606 1016 1634 quam
1036 1602 1062 1625 et
1083 1598 1136 1624 hoc
1159 1598 1220 1624 addi
1247 1598 1280 1624 ad
1302 1598 1359 1624 haec
1383 1596 1416 1624 de
1440 1596 1546 1631 capillis
1565 1595 1645 1622 verba
1663 1602 1727 1621 con-

934 1645 1017 1676 verrit,
1048 1644 1179 1670 nimirum
1208 1650 1302 1670 comas
1328 1642 1418 1675 omnis
1438 1642 1530 1668 vitalis
1555 1648 1654 1668 sensus
1675 1648 1720 1667 ex-
1764 1644 1767 1647 ‘

935 1693 1024 1725 pertes
1039 1696 1109 1716 esse.
1137 1688 1192 1716 Nec
1206 1688 1279 1715 enim
1296 1695 1392 1722 parum
1413 1687 1464 1714 hoc
1488 1689 1569 1720 auget
1589 1685 1723 1716 cncomia,

935 1735 1006 1771 quod
1025 1735 1052 1761 in
1069 1735 1177 1770 capillis
1197 1741 1285 1768 neque
1306 1734 1446 1764 molestiae,
1470 1739 1559 1766 neque
1575 1732 1724 1766 voluptatis

937 1781 1006 1810 ullus
1021 1788 1119 1808 sensus
1134 1781 1258 1808 exsistat.
1278 1779 1383 1814 Corpus
1400 1778 1510 1813 quidem
1532 1777 1632 1811 ipsum,
1653 1777 1725 1803 unde

935 1831 1098 1858 nascuntur.
1125 1826 1147 1853 si
1172 1826 1313 1853 vellicetur
1329 1825 1450 1851 dolorem
1473 1823 1589 1858 percipit
1605 1831 1612 1849 :
1629 1829 1722 1849 verum

934 1873 1049 1908 capillus
1067 1873 1125 1907 ipse
1139 1879 1227 1906 neque
1243 1872 1266 1899 si
1283 1874 1434 1902 resecetur,
1447 1876 1536 1904 neque
1548 1868 1570 1895 si
1582 1871 1724 1900 exuratur,

935 1927 1023 1954 neque
1038 1919 1061 1946 si
1079 1926 1126 1953 per
1142 1918 1260 1952 aliquant
1277 1916 1392 1944 ornandi
1410 1915 1535 1950 corporis
1549 1921 1644 1941 curam
1663 1913 1726 1940 levi-

936 1970 1023 2000 gctur,
1046 1965 1194 1999 quidquam
1209 1971 1315 1995 eorum,
1334 1969 1394 1997 qua:
1418 1961 1486 1988 ﬁunt
1509 1960 1602 1988 sentit.
1626 1959 1726 1986 Carere

935 2015 1024 2038 autem
1043 2018 1136 2041 sensu,
1160 2009 1277 2036 mortuis
1299 2012 1341 2036 est
1368 2007 1517 2042 peculiare.
1544 2005 1725 2038 Quamobrem

935 2058 1092 2092 quicunque
1106 2056 1174 2083 nihil
1190 2063 1295 2086 eorum,
1318 2062 1379 2090 quae
1395 2054 1422 2080 in
1449 2053 1500 2080 hoc
1515 2052 1619 2080 mundo
1635 2050 1726 2086 magni
1753 2076 1758 2080 ,,

936 2104 1118 2135 aestimantur,
1132 2102 1228 2135 sentit;
1244 2109 1332 2136 neque
1346 2105 1458 2136 propter
1469 2099 1583 2135 gloriam
1596 2102 1622 2125 et
1640 2097 1726 2124 hono—

937 2158 993 2178 rem
1017 2150 1090 2177 fastu
1117 2148 1234 2184 quodam
1262 2149 1363 2180 elatus,
1389 2155 1477 2182 neque
1501 2146 1537 2173 ob
1563 2144 1679 2179 injurias
1700 2147 1727 2170 et

937 2195 1113 2229 ignominiam
1128 2195 1234 2226 dolens,
1251 2194 1298 2222 sed
1323 2194 1350 2220 in
1368 2197 1485 2227 utroque
1508 2192 1606 2218 horum
1630 2190 1727 2216 adver-

937 2241 1055 2268 santium
1077 2241 1128 2268 sibi
1153 2241 1209 2275 pati
1233 2239 1350 2274 quadam
1373 2238 1481 2265 ratione
1502 2239 1588 2264 semet
1611 2242 1727 2262 conser-

937 2294 1022 2319 vans;
1040 2287 1063 2313 is
1079 2293 1144 2313 vero
1160 2289 1201 2312 est
1216 2285 1274 2312 lucc
1290 2291 1397 2319 spcusre
1415 2289 1493 2309 coma
1512 2284 1656 2315 tantopere
1668 2279 1729 2306 lau-

938 2333 1011 2363 data,
1029 2332 1107 2366 plane
1121 2331 1221 2358 mortui
1239 2330 1359 2357 hominis
1372 2333 1399 2356 et
1421 2327 1570 2355 immohilis
1585 2325 1618 2352 ad
1633 2325 1728 2352 mundi

938 2379 1046 2414 negotia
1060 2378 1180 2413 speciem
1201 2384 1256 2412 pra)
1271 2384 1300 2404 se
1317 2375 1418 2406 ferens,
1433 2380 1598 2410 quocunque
1619 2372 1727 2399 tandem

937 2429 1019 2461 pacto
1033 2433 1076 2452 res
1091 2424 1179 2459 ipsius
1196 2426 1364 2457 comparatae
1379 2421 1445 2449 sint.

972 2472 1048 2505 Quod
1071 2474 1161 2498 autem
1182 2469 1342 2504 capillorum
1365 2467 1466 2495 eximia
1484 2464 1658 2500 pulchritudo
1680 2470 1728 2491 ca-

938 2522 1048 2550 prarum
1064 2515 1096 2541 ad
1115 2521 1210 2549 greges
1224 2513 1259 2540 de
1272 2511 1374 2539 Galaad
1389 2511 1522 2538 revelatos
1542 2513 1726 2544 comparetur,

939 2561 972 2589 de
997 2562 1048 2588 hoc
1073 2561 1138 2596 quid
1165 2565 1292 2587 accurate
1318 2557 1493 2586 statuendum
1520 2557 1577 2588 sit,
1601 2555 1726 2590 equidem

940 2607 1028 2634 adhuc
1045 2607 1186 2641 percipere
1200 2612 1254 2632 non
1269 2604 1361 2640 potui:
1379 2602 1482 2630 utimur
1499 2605 1590 2628 tamen
1602 2600 1653 2626 hac
1664 2605 1730 2626 con-

939 2653 1056 2688 jectura,
1078 2653 1149 2687 quod
1166 2649 1397 2687 quemadmodum
1420 2648 1453 2676 de
1475 2647 1571 2674 Libani
1597 2644 1678 2680 lignis
1701 2643 1728 2669 in

941 2707 1050 2731 aurum,
1066 2701 1378 2732 argentum,purpuram
1402 2692 1580 2722 commutatis
1595 2688 1728 2717 ferculum

941 2744 992 2771 sibi
1009 2752 1055 2771 rex
1078 2743 1228 2771 confecerit
1242 2751 1250 2769 :
1267 2742 1306 2770 sic
1330 2741 1478 2777 praeclarus
1501 2739 1547 2766 ille
1564 2738 1668 2771 pastor,
1682 2740 1729 2760 ac—

943 2789 1028 2824 ccptis
1043 2796 1186 2824 caprarum
1208 2787 1347 2824 gregibus,
1364 2785 1471 2814 noverit
1488 2781 1603 2817 caprilia
1626 2777 1726 2806 montis
