1984 3068
247 157 302 184 925

851 158 879 184 S.
898 153 1062 184 GREGORII
1079 152 1227 181 NYSSENI

1832 159 1891 185 net-

247 213 348 242 Galaad
361 213 390 241 in
401 214 482 241 ovilia
497 218 676 242 commutare.
696 214 785 248 Atque
798 213 850 240 hoc
864 214 949 240 exteri
964 206 1038 239 mou:

1096 211 1124 238 τὰ
1137 211 1247 238 αἰπόλια
1270 212 1316 237 τοὺ
1331 210 1436 237 Γαλαὰδ
1449 211 1539 246 ὅρους.
1563 212 1725 247 Ἀλλοφὺλου
1748 215 1776 241 δὲ
1799 216 1881 251 ὅρους

247 259 283 287 tis
298 266 396 286 nomen
413 262 466 288 cst,
481 259 527 292 qui
543 259 658 293 gratiam
684 259 764 285 talem
785 259 896 290 revelat,
913 262 942 284 ut
957 258 974 283 ii
990 257 1034 291 qui

246 313 279 331 ex
293 304 419 339 gentibus
435 304 596 339 praeclarum
615 304 689 331 illum
707 309 843 339 pastorem
857 304 943 331 secuti
959 306 1034 333 sunt,

247 351 274 377 in
290 353 388 377 ornatu
405 357 512 385 sponsae
534 349 696 384 capillorum
722 350 832 377 nomine
859 353 1035 376 censeantur.

246 396 278 422 Et
297 403 346 430 per
368 396 483 430 capillos
505 395 674 430 pudicitiam,
694 401 721 422 et
739 395 882 430 pudorem,
905 401 932 422 et
950 394 1036 421 conti~

247 442 380 473 nentiam,
398 446 426 469 et
444 442 681 468 mortificationem
697 441 821 476 corporis
842 440 968 475 intelligi,
981 441 1037 474 jam

247 493 310 515 ante
325 488 493 515 declaratum
512 492 564 515 est.
584 487 724 514 Fortassis
737 492 764 514 et
782 484 855 514 Elias
871 487 974 522 aliquid
990 494 1040 514 no-

249 534 291 561 bis
312 533 345 560 ad
370 534 439 560 hanc
460 541 603 568 caprarum
630 533 878 561 considerationem
904 533 1038 565 conferet,

247 579 293 614 qui
309 579 390 614 longo
405 583 527 614 tempore
542 584 666 606 versatus
690 580 716 606 in
734 584 824 606 monte
839 578 954 611 Galaad,
973 579 1040 606 insi-

251 625 314 659 gnia
339 625 401 651 vitre
423 625 590 652 continentis
621 625 745 660 exentpla
771 625 886 659 praebuit
918 635 923 652 :
952 624 1041 652 forma

248 671 401 705 squalidus,
418 671 525 706 capillis
549 671 688 703 hirsutus.
718 679 766 706 pro
785 676 860 698 veste
876 671 950 698 molli
973 671 1043 705 pelle

251 723 341 750 capra:
362 720 460 743 tcclus.
488 715 580 751 Itaque
603 724 709 748 onmes,
731 719 865 751 quotquot
893 716 926 743 ad
951 722 1044 742 exem-

249 763 322 796 plum
341 763 480 797 propheta:
496 763 570 790 illius
582 762 666 789 vitam
682 770 759 790 suam
778 763 936 794 instituunt,
958 769 1043 788 orna~

250 814 370 836 mentum
396 802 525 836 Ecclesia:
552 809 630 840 fiunt,
656 808 788 844 gregatim
820 808 888 843 (qui
921 808 1044 842 philoso-

250 854 352 889 phandi
367 862 428 882 mos
445 855 496 881 hoc
511 858 634 889 tempore
649 855 676 881 in
693 863 744 881 usu
758 862 819 881 esse
832 853 933 888 erepit)
959 853 1044 880 virtu-

249 905 303 927 tem
318 900 345 927 in
360 900 570 927 conversatione
585 904 679 927 mutua
697 900 829 927 colentes.
844 899 904 927 Jam
921 899 994 934 quod
1009 899 1042 926 de
1060 885 1079 911 Β

249 947 350 974 Galaad
366 947 524 981 hujusmodi
544 955 639 983 greges
654 948 820 978 revelantur,
836 946 862 973 id
876 954 940 973 vero
956 946 1041 972 mira-

251 993 345 1020 culum
373 993 462 1028 ipsum
490 996 593 1028 auget:
620 993 750 1020 nimirum
775 992 846 1027 quod
873 1000 906 1020 ex
933 991 1041 1019 etlmica

249 1038 306 1065 vita
320 1038 353 1065 ad
370 1039 628 1066 commentationem
642 1046 712 1065 vene
727 1038 760 1066 de
783 1038 836 1065 Deo
851 1037 984 1064 doctrina:
998 1045 1043 1063 ac-

251 1083 426 1110 cesserimus.
454 1082 509 1110 Nec
529 1083 602 1110 enim
623 1091 637 1110 a
663 1083 729 1110 Sion
755 1086 848 1110 monte
871 1086 967 1110 sancto
983 1082 1042 1116 ejus

251 1128 353 1154 factum
369 1132 411 1155 est
428 1128 586 1162 hujusmodi
602 1129 664 1156 vitae
679 1128 799 1162 initium,
816 1128 862 1155 sed
882 1127 990 1154 addicta
1006 1127 1042 1154 si-

252 1173 379 1201 mulacris
394 1175 470 1200 natio
482 1178 626 1209 tantopere
641 1174 724 1201 vitam
742 1182 818 1201 suam
833 1173 998 1205 immutavit,
1013 1178 1044 1201 ut

250 1219 390 1254 praeclaris
404 1219 552 1248 virtutibus
570 1227 679 1255 sporiszc
694 1225 775 1254 caput
793 1225 917 1247 exornet.
937 1219 1043 1246 Secun-

251 1264 315 1291 dum
337 1264 394 1292 haec
420 1265 448 1292 in
467 1265 604 1292 laudando
619 1273 782 1300 progressus
806 1265 839 1292 ad
860 1266 954 1292 dentes
983 1273 1044 1293 sese

251 1309 369 1342 confert,
395 1310 452 1337 oris
477 1318 510 1338 ac
535 1311 671 1338 labiorum
697 1311 832 1338 encomiis
857 1311 969 1338 omissis
990 1320 996 1337 :
1016 1311 1043 1338 id

252 1356 326 1390 quod
341 1356 452 1384 minime
464 1357 673 1392 relinquendum
687 1358 767 1385 nobis
783 1362 825 1384 cst
840 1365 894 1384 non
910 1357 1044 1392 pervesti-

254 1406 358 1436 gatum.
384 1401 438 1429 Cur
455 1403 564 1430 tandem
587 1403 614 1430 in
637 1403 688 1431 hac
702 1404 933 1431 commentatione
947 1403 1044 1431 dentes

253 1446 334 1474 labiis
351 1448 576 1482 anteponuntur?
600 1448 728 1476 Fortasse
742 1449 805 1483 quis
827 1449 939 1482 dixerit,
954 1449 981 1475 in
997 1448 1044 1476 de-

253 1493 452 1520 monstratione
467 1493 681 1528 pulchritudinis
696 1494 875 1529 elegantioris
889 1495 971 1522 etiam
986 1494 1043 1523 oris

253 1539 339 1565 risum
362 1545 409 1572 per
431 1538 552 1566 dentium
575 1539 787 1574 descriptionem
807 1540 889 1568 tacite
915 1540 1040 1567 indicari.
1056 1554 1077 1583 ε

254 1583 312 1618 Ego
330 1591 393 1610 vero
415 1584 566 1618 respiciens
581 1585 646 1618 alio,
668 1585 790 1612 dentium
808 1586 1042 1621 pulchritudinem

255 1630 307 1656 alia
331 1629 365 1656 de
390 1632 474 1658 causa
500 1630 604 1670 laudari
627 1632 702 1666 prius
718 1640 800 1667 quam
827 1640 876 1663 os,
903 1633 1041 1660 existimo.

255 1674 322 1701 Nam
339 1675 456 1703 laudatis
468 1676 521 1707 his,
535 1685 569 1704 ne
582 1677 688 1704 labrum
704 1677 814 1712 quidem
831 1678 890 1705 sine
903 1685 1044 1705 commen-

255 1719 366 1747 datione
379 1721 512 1755 praeterit,
528 1729 589 1748 cum
613 1723 651 1748 ait
672 1723 758 1757 ipsius
775 1723 850 1750 lahra
873 1731 934 1750 esse
956 1724 1044 1750 instar

257 1765 373 1793 funiculi
396 1767 540 1797 coccinei.
571 1771 598 1794 et
625 1767 760 1802 loquelam
793 1768 853 1802 ejus
879 1769 1042 1803 elegantem.

255 1810 385 1843 Quaenam
400 1815 443 1838 est
460 1811 543 1845 igitur
560 1812 612 1839 hac
633 1813 660 1840 in
681 1818 757 1848 parte
781 1814 940 1847 conjectura
964 1814 1045 1840 mea?

255 1857 329 1884 Ordo
344 1856 371 1884 in
389 1857 542 1892 disciplinis
557 1859 677 1893 optimus
693 1863 744 1890 est,
762 1859 879 1894 primum
895 1859 998 1891 doceri,
1011 1866 1045 1886 ac

257 1902 354 1929 deinde
374 1903 459 1937 loqui.
484 1903 647 1938 Disciplinas
670 1908 762 1931 autem
790 1904 836 1938 qui
861 1904 938 1930 cibos
961 1904 1044 1930 animi

257 1954 320 1974 esse
332 1946 445 1978 dixerit,
464 1954 479 1973 a
499 1955 563 1974 vero
578 1955 632 1974 non
648 1947 796 1974 abcrrabit.
824 1946 857 1974 Ut
876 1951 965 1974 autem
981 1954 1045 1974 cor—

257 1999 369 2026 poreum
394 1992 554 2019 alimentum
583 1993 711 2020 dentibus
735 1992 945 2019 cormninuendo
965 1999 1046 2027 para-

257 2045 331 2069 mus,
343 2038 377 2064 ita
395 2043 424 2064 ut
439 2038 592 2066 visceribus
606 2039 708 2066 nostris
725 2038 853 2065 idoneum
868 2038 913 2064 fiat
927 2045 934 2064 :
950 2037 1045 2065 eodem

259 2082 342 2110 modo
354 2082 470 2110 facultas
484 2084 607 2118 qumdam
624 2085 702 2111 estin
718 2083 818 2114 animo,
833 2091 893 2118 quae
906 2082 1046 2110 doctrinas

259 2129 431 2161 comminuit,
447 2133 474 2157 et
492 2138 540 2164 per
554 2138 636 2164 quam
653 2130 727 2156 utilis
744 2129 781 2156 illi
799 2129 827 2156 lit
848 2129 984 2161 doctrina,
1000 2129 1046 2164 qui

258 2181 318 2200 eam
335 2174 444 2210 recipit.
467 2174 639 2210 Quapropter
653 2182 700 2202 eos
722 2175 860 2208 doctores,
882 2176 928 2210 qui
946 2176 1048 2203 doctri-

1087 258 1173 292 ὄνομα
1186 257 1265 284 τοῦτο
1277 257 1324 283 τοῦ
1336 257 1386 292 τὴν
1399 257 1525 292 τοιαύτην
1539 258 1619 293 χάριν
1631 259 1881 294 ἀνακαλύπτοντος,

1087 303 1157 330 ὥστε
1173 303 1235 334 τοὺς
1251 303 1280 334 ἐξ
1294 303 1379 329 ἐθνῶν
1400 303 1438 338 τῷ
1457 303 1532 339 καλῷ
1557 305 1665 339 ποιμένι
1679 305 1882 342 ἀκολουθήσαν-

1088 358 1136 380 τας
1155 350 1194 379 εἰς
1209 349 1238 375 τὸ
1253 349 1378 385 τρίχωμα
1394 349 1554 384 συντελῆσαι
1571 351 1616 377 τοῦ
1631 352 1681 386 τῆς
1695 351 1805 387 νύμφης
1821 354 1883 380 κάλ-

1088 394 1168 426 λους·
1194 395 1228 421 δι’
1242 391 1280 422 ὧν
1300 396 1461 431 σωφροσύνη
1483 404 1513 422 τε
1532 396 1579 422 καὶ
1600 396 1695 429 αἰδὼς,
1713 399 1760 424 καὶ
1782 399 1883 434 ἐγκρά-

1089 450 1158 473 τεια,
1175 441 1222 468 καὶ
1235 443 1252 476 ἡ
1267 441 1314 468 τοῦ
1331 443 1457 476 σώματος
1472 442 1605 478 νέκρωσις
1620 443 1690 469 κατὰ
1703 443 1747 470 τον
1761 444 1883 479 προθεω-

1091 486 1207 522 ρηοὲντα
1219 486 1298 521 λόγον
1316 487 1535 522 διασημαίνεται.
1556 488 1592 514 Ἢ
1613 489 1683 523 τάχα
1701 490 1884 524 συμϐάλλεται

1090 542 1120 559 τε
1150 533 1217 568 πρὸς
1238 533 1287 569 τὴν
1313 533 1366 560 τῶν
1387 533 1472 566 αἰγῶν
1489 534 1606 569 θεωρίαν
1623 536 1670 561 καὶ
1686 536 1700 561 ὸ
1719 535 1826 567 Ἠλίας,
1844 536 1882 571 τῷ

1091 579 1148 613 ὖρει
1161 577 1200 613 τῷ
1217 578 1323 604 Γαλαὰδ
1336 578 1556 613 ὲμφιλοσοφήσας
1571 580 1667 615 χρόνον
1683 581 1776 611 πολὺν,
1789 581 1818 613 ὃς
1833 582 1884 616 μά-

1091 624 1169 650 λιοτα
1180 623 1226 650 τοῦ
1245 625 1304 650 κατ’
1319 625 1481 660 ἐγκράτειαν
1495 625 1670 660 καθηγήσατο
1684 626 1741 661 βίου
1753 647 1761 659 ,
1777 627 1883 662 αὐχμη-

1093 670 1138 705 ρὸς
1154 670 1184 696 τὺ
1196 667 1264 701 εἶδος
1275 690 1282 702 ,
1302 670 1386 702 suo;
1400 671 1449 706 τὴν
1463 671 1545 706 τρίχα
1555 691 1562 702 ,
1584 672 1644 698 ἀντὶ
1670 672 1795 707 μαλακῆς
1811 681 1883 704 τινος

1093 716 1206 750 ἐσθῆτος
1230 716 1345 751 δέρματι
1365 717 1442 750 αἰγὸς
1470 717 1684 751 σκεπαζόμενος.
1706 718 1810 750 Πάντες
1836 717 1884 746 οὖν

1093 763 1118 788 οἱ
1129 762 1198 788 κατὰ
1214 762 1259 788 τὸν
1279 763 1422 797 προφήτην
1442 763 1544 789 ἐκεῖνον
1558 763 1603 789 τὸν
1618 765 1706 790 αὐτῶν
1721 765 1883 800 κατορθοῦν-

1095 817 1138 840 τες
1157 808 1223 843 βίον,
1238 808 1340 843 κόσμος
1353 808 1473 841 γίνονται
1487 809 1535 844 τῆς
1550 809 1713 843 Ἐκκλησίας
1723 831 1729 841 ,
1743 810 1882 845 ἀγεληδὸν,

1096 853 1165 880 κατά
1179 853 1224 880 τὸν
1238 853 1285 880 νῦν
1311 853 1510 888 ἐπικρατοῦντα
1532 855 1581 889 τῆς
1599 855 1756 890 φιλοσοφίας
1772 856 1882 891 τρόπον,

1096 899 1154 934 μετ⁴
1165 899 1287 934 ἀλλήλων
1300 898 1349 934 τὴν
1364 898 1463 934 ἀρετὴν
1489 900 1677 932 ἐκπονοῦντες.
1686 901 1722 927 Τὸ
1735 901 1762 927 δὲ
1778 902 1885 929 Γαλαὰδ

1092 945 1141 976 τὰς
1165 944 1291 975 τοιαύτας
1316 944 1541 978 ἀποκαλυφθῆναι
1571 945 1689 978 ἀγέλας.
1710 945 1820 980 μείζονα
1837 947 1884 973 τοῦ

1093 989 1230 1025 θαύματος
1244 989 1293 1024 τὴν
1307 988 1459 1024 ὑπερϐολὴν
1474 988 1587 1024 Exegi?“
1603 990 1635 1016 ὲκ
1645 989 1691 1016 τοῦ
1705 990 1811 1018 ὲονικοῦ
1826 991 1884 1026 βίου

1093 1036 1204 1070 γέγονεν
1227 1036 1322 1070 ἡμῐνὴ
1338 1035 1406 1070 πρὸς
1421 1035 1470 1070 τὴν
1487 1034 1560 1062 κατὰ
1580 1035 1645 1062 Θεὸν
1663 1035 1822 1070 φιλοσοφίαν
1837 1026 1885 1072 με·

1092 1081 1232 1112 τᾱιστασις.
1251 1080 1288 1106 Οὐ
1313 1081 1367 1116 γὰρ
1384 1079 1452 1106 Σιὼν
1478 1081 1541 1116 ὅρος
1570 1081 1600 1107 τὸ
1624 1081 1701 1115 ἅγιον
1726 1081 1808 1109 αὑτοῦ
1833 1082 1885 1116 τῆς

1092 1127 1221 1162 τοιαύτης
1238 1126 1414 1161 καθηγήσατο
1430 1126 1566 1158 πολιτείας
1576 1135 1582 1141 ”
1601 1126 1668 1153 ἀλλά
1686 1127 1716 1154 τὸ
1732 1129 1788 1158 τοῖς
1802 1127 1884 1154 εἰδὼ-

1092 1173 1147 1205 λοις
1172 1172 1352 1208 ἀνακείμενον
1378 1171 1454 1203 ἔθνος
1469 1173 1508 1203 είς
1522 1172 1656 1207 τοσαύτην
1683 1170 1748 1208 ἦλθε
1761 1173 1808 1199 τοῦ
1826 1173 1883 1208 βίον

1094 1218 1276 1253 μετάστασιν,
1294 1217 1365 1243 ὥστε
1383 1217 1432 1252 τὴν
1450 1216 1570 1252 κεφαλὴν
1593 1218 1731 1253 κοσμῆσαι
1750 1219 1800 1254 τῆς
1815 1219 1885 1254 νύμ-

1093 1272 1146 1299 φης
1161 1264 1218 1295 τοῖς
1231 1264 1291 1290 κατ’
1311 1263 1415 1298 ἀρετὴν
1428 1264 1643 1298 προτερήμασιν.
1659 1261 1724 1290 Εἶτα
1739 1266 1801 1295 τοὺς
1814 1264 1886 1290 όδόν-

1092 1315 1142 1338 τας
1160 1308 1192 1342 τῇ
1207 1306 1352 1342 ἀκολουθίᾳ
1380 1307 1433 1333 τῶν
1452 1307 1571 1334 ἐπαίνων
1593 1309 1606 1334 ὁ
1619 1309 1704 1342 Λόγος
1731 1309 1884 1344 προτίθησι,

1094 1351 1282 1387 παραδραμὼν
1295 1351 1341 1378 τοῦ
1367 1352 1500 1388 στόματός
1523 1362 1553 1380 τε
1580 1355 1628 1381 καὶ
1642 1353 1697 1380 τῶν
1721 1354 1831 1389 χειλέων
1851 1355 1885 1380 τὰ

1093 1397 1229 1432 ἐγκώμια.
1257 1397 1347 1433 Ὅπερ
1367 1398 1441 1431 ἄξιον
1456 1399 1493 1434 μὴ
1513 1399 1635 1435 παριδεῖν
1651 1399 1837 1432 ἀνεξέταστον.
1853 1399 1886 1427 Τί

1092 1443 1124 1479 δή
1137 1452 1203 1470 ποτε
1217 1442 1272 1471 τῶν
1286 1443 1398 1479 χειλέων
1412 1445 1437 1471 oi
1450 1445 1555 1476 ὀδόντες
1572 1447 1601 1472 ὲν
1615 1447 1672 1476 τοῖς
1689 1447 1809 1478 ἐπαίνοις
1822 1455 1888 1481 προ-

1092 1489 1229 1522 τίθενται;
1243 1489 1320 1525 Τάχα
1339 1489 1390 1524 μὲν
1403 1487 1449 1517 οὖν
1474 1490 1546 1517 είποι
1570 1499 1612 1522 τις
1627 1490 1661 1517 ἂν
1677 1491 1888 1527 γλαφυρώτερον

1094 1535 1124 1562 τὺ
1138 1534 1236 1567 κάλλος
1251 1534 1337 1568 δεῖξαι
1352 1535 1512 1571 βουλόμενος
1522 1558 1529 1569 ,
1545 1537 1677 1572 μειδίαμα
1694 1537 1826 1571 στόματος
1842 1538 1886 1565 διὰ

1095 1581 1145 1617 τῆς
1158 1582 1212 1608 τῶν
1226 1581 1338 1609 ὀδόντων
1351 1582 1514 1618 ὑπογραφῆς
1528 1583 1599 1610 κατὰ
1617 1583 1648 1609 τὸ
1665 1583 1777 1619 λεληθὸς
1791 1592 1886 1610 συνεν-

1096 1628 1265 1655 δείκνυσθαι·
1279 1628 1335 1663 ἐγὼ
1348 1628 1377 1656 δὲ
1391 1629 1459 1665 πρὸς
1473 1623 1567 1664 ἕτερον
1579 1630 1695 1664 βλέπων,
1712 1639 1793 1666 προτε
1799 1631 1888 1666 ρεύειν

1097 1674 1126 1699 ὲν
1138 1674 1194 1705 τοῖς
1216 1673 1337 1706 ἐπαίνοις
1352 1674 1383 1700 τὸ
1397 1674 1450 1701 τῶν
1464 1674 1577 1702 ὀδόντων
1593 1675 1690 1707 κάλλος
1707 1676 1760 1711 πρὸ
1775 1676 1829 1703 τῶν
1841 1677 1887 1703 τοῦ

1098 1720 1231 1754 στόματος
1257 1720 1404 1755 ἐγκωμίων
1427 1720 1581 1755 λογίζομαι.
1603 1721 1682 1748 Μετὰ
1708 1721 1787 1748 τοῦτο
1812 1722 1867 1757 γὰρ
1881 1742 1888 1752 .

1097 1764 1158 1791 οὐδὲ
1172 1765 1202 1791 τὸ
1221 1765 1308 1800 χεῖλος
1325 1765 1431 1800 ἀφῆκεν
1445 1761 1669 1801 ἀνεγκωμίαστον
1681 1787 1688 1799 ,
1708 1769 1838 1804 σπαρτίον
1851 1769 1890 1794 εἰ-

1098 1809 1156 1836 πὼν
1170 1810 1295 1837 κόκκινον
1309 1807 1380 1837 εἶναι
1394 1810 1428 1837 τὰ
1443 1811 1519 1847 χείλη
1531 1811 1618 1845 αὐτῆς
1630 1832 1637 1843 ,
1660 1813 1708 1838 καὶ
1725 1812 1774 1848 τὴν
1793 1813 1889 1839 λαλιὰν

1099 1856 1214 1892 ὡραίαν.
1230 1856 1262 1882 Τί
1279 1853 1324 1882 οὗν
1345 1856 1359 1882 ὃ
1375 1856 1440 1892 περὶ
1459 1857 1552 1883 τούτου
1577 1857 1756 1892 στοχάζομαι;
1777 1859 1888 1893 Ἀρία-τη

1098 1900 1174 1933 τάξις
1191 1901 1220 1927 ὲν
1236 1901 1292 1932 τοῖς
1323 1900 1480 1938 μαθήμασιν
1503 1901 1561 1926 ἐστι
1586 1900 1693 1936 πρῶτον
1716 1901 1889 1928 διδάσκεσθαι

1099 1947 1147 1972 καὶ
1169 1947 1231 1972 τότε
1259 1945 1446 1980 φθέγγεσθαι·
1470 1945 1504 1972 τὰ
1522 1945 1550 1972 δὲ
1566 1945 1716 1981 μαθήματα
1737 1947 1785 1981 τῆς
1800 1946 1889 1982 ψυχῆς

1101 1991 1234 2027 βρώματά
1250 2000 1291 2023 τις
1308 1990 1392 2018 είπὼν
1409 1989 1493 2023 εἶναι,
1510 1991 1557 2018 τοῦ
1570 1992 1674 2024 εἰκότος
1697 1993 1745 2028 οὺχ
1761 1994 1890 2029 ἁμαρτή-

1100 2045 1186 2064 σεται.
1203 2037 1311 2072 Ὥσπερ
1335 2036 1389 2071 γὰρ
1412 2036 1444 2072 δὴ
1471 2036 1520 2071 τὴν
1542 2036 1700 2071 σωματικὴν
1716 2037 1818 2073 τροφὴν
1834 2039 1890 2069 τοῖς

1100 2084 1188 2110 ὀδοῦσι
1201 2083 1427 2116 καταλεάναντες,
1440 2082 1608 2118 κατάλληλον
1621 2083 1706 2119 αὐτὴν
1720 2085 1775 2116 τοῖς
1790 2083 1892 2117 σπλάγ-

1101 2139 1173 2166 χνοις
1201 2129 1328 2164 γενέσθαι
1353 2129 1619 2164 παρασκευάζομεν·
1640 2129 1711 2156 κατὰ
1737 2129 1782 2156 τὸν
1808 2130 1890 2156 αὐτὸν

1100 2176 1200 2212 τρόπον
1216 2175 1274 2201 ἐστί
1289 2184 1329 2206 τις
1353 2174 1567 2210 λεπτοποιητικὴ
1581 2175 1634 2201 τῶν
1655 2175 1826 2210 διδαγμάτων
1842 2175 1891 2201 δύ-

259 2226 309 2246 nas
326 2226 387 2246 cum
403 2219 508 2253 judicio
522 2219 633 2246 tradunt
645 2223 673 2246 et
692 2220 860 2254 partiuntur,
877 2227 1043 2255 quorumqur

1101 2229 1183 2256 ναμις
1197 2221 1225 2247 ἐν
1238 2222 1271 2255 τῇ
1284 2220 1356 2255 ψυχῇ
1366 2241 1373 2253 ,
1388 2220 1421 2246 δι’
1445 2218 1479 2256 ἧς
1493 2220 1621 2255 όφέλιμον
1636 2221 1739 2255 γίνεται
1761 2221 1801 2256 τῷ
1814 2221 1890 2255 δεχο-

258 2273 342 2300 opera
360 2266 463 2301 percipi
490 2266 635 2293 commode
658 2266 784 2293 doctrina
806 2271 907 2302 potest,
925 2272 953 2294 ct
973 2268 1048 2296 utilis

259 2314 312 2342 est,
332 2310 446 2346 figurate
467 2310 565 2338 dentes
589 2311 634 2338 hic
655 2312 786 2347 appellari
810 2313 881 2340 diro.
908 2313 999 2347 anue
1016 2314 1050 2341 de

260 2364 345 2384 causa
375 2357 451 2392 prius
479 2357 560 2384 etiam
587 2357 682 2385 dentes
709 2358 877 2391 laudantur,
904 2364 985 2394 atque
1013 2360 1049 2386 ita

260 2402 359 2430 deinde
386 2403 520 2430 labiorum
550 2404 704 2431 encomium
731 2404 855 2431 infertur.
891 2405 946 2432 Nec
976 2406 1048 2432 enim

261 2447 332 2474 labia
349 2448 401 2475 sita
420 2447 447 2474 in
468 2447 605 2483 loquendo
627 2449 830 2483 pulchritudine
852 2449 980 2477 florerent
1003 2458 1049 2477 or-

262 2497 336 2526 nata,
352 2493 405 2520 nisi
418 2493 514 2520 dentes
527 2502 575 2529 per
589 2494 740 2522 studiosam
758 2494 965 2529 disciplinarum
982 2502 1048 2522 con-

261 2538 465 2574 templationem
482 2540 562 2567 labiis
585 2540 655 2568 hanc
673 2541 759 2575 ipsam
779 2540 805 2567 iu
830 2541 966 2575 loquendo
987 2549 1049 2576 gra-

262 2583 328 2610 tiam
341 2584 507 2612 conferrent.
531 2585 606 2613 llanc
623 2594 674 2614 nos
689 2594 800 2613 causam
817 2585 985 2620 proferimus
1002 2587 1050 2614 0i)-

263 2631 365 2658 servari
382 2631 410 2659 in
426 2631 470 2660 his
485 2632 686 2660 laudationibus
699 2632 816 2660 ordinis.

298 2767 376 2796 Nunc
390 2772 496 2803 tempus
511 2768 603 2801 fuerit,
621 2773 650 2796 ut
664 2768 691 2795 in
707 2769 892 2796 laudationem
907 2769 993 2804 ipsam
1009 2771 1051 2796 in-

263 2813 415 2848 quiranius,
433 2814 480 2848 qui
498 2813 554 2846 fiat,
567 2818 596 2841 ut
608 2813 731 2841 dentium
744 2814 977 2848 pulchritudinem
990 2823 1051 2842 cum

264 2858 352 2886 tonsis
376 2858 504 2894 gregibus
518 2859 650 2893 conferat,
675 2867 736 2895 qua:
758 2867 854 2888 rcCcns
880 2861 914 2889 de
943 2861 1052 2889 lavacro

1103 2267 1174 2303 μένῳ
1187 2267 1217 2294 τὺ
1235 2263 1359 2302 μάθημα.
1379 2267 1449 2298 Τοὺς
1459 2266 1550 2293 τοίνυν
1565 2267 1705 2303 κριτικούς
1718 2276 1748 2294 τε
1763 2268 1810 2294 καὶ
1823 2268 1892 2295 διαι-

1102 2313 1224 2348 ρετικοὺς
1236 2311 1289 2338 τῶν
1299 2311 1470 2347 διδαγμάτων
1483 2311 1643 2347 καθηγητὰς
1651 2333 1657 2345 ,
1669 2311 1702 2338 δι’
1710 2308 1747 2338 ὧν
1759 2311 1892 2347 εὖληπτος

1100 2359 1166 2393 ἡμῖν
1189 2357 1295 2392 γίνεται
1324 2357 1371 2384 καὶ
1393 2356 1537 2392 ὲπωφελὴς
1557 2357 1573 2392 ἡ
1590 2356 1766 2389 διδασκαλία,
1782 2357 1893 2389 ὀδόντας

1101 2403 1153 2430 ὑπὸ
1165 2402 1212 2429 τοῦ
1225 2402 1303 2437 λόγου
1319 2403 1391 2438 φημὶ
1405 2401 1543 2438 τροπικῶς
1558 2401 1748 2437 ὀνομάζεσθαι.
1761 2399 1799 2428 Οὗ
1811 2402 1894 2437 χάριν

1102 2449 1290 2485 προλαμϐάνει
1304 2448 1359 2474 τῶν
1373 2448 1486 2474 ὀδόντων
1501 2448 1514 2474 ὁ
1527 2447 1652 2479 ἔπαινος,
1666 2445 1715 2474 εἶθ’
1728 2445 1814 2479 οὕτως
1828 2448 1895 2474 Emi-

1103 2503 1180 2529 γεται
1208 2494 1262 2521 τῶν
1279 2493 1390 2528 χειλέων
1406 2493 1436 2519 τὸ
1451 2492 1598 2528 ἐγκώμιον.
1614 2493 1652 2520 Ut)
1674 2493 1728 2529 γὰρ
1750 2493 1783 2519 ἂν
1807 2494 1893 2528 ἐπήν-

1103 2540 1179 2567 θιστο
1195 2539 1233 2575 τῷ
1257 2539 1358 2574 λογικῷ
1375 2538 1468 2565 κάλλει
1483 2538 1514 2565 τὸ
1530 2538 1617 2574 χεῖλος
1631 2558 1638 2569 ,
1657 2538 1694 2574 μὴ
1707 2538 1760 2564 τῶν
1779 2538 1894 2566 ὀδόντων

1104 2585 1216 2612 ἐκείνων
1232 2584 1276 2611 διὰ
1292 2585 1341 2620 τῆς
1356 2584 1575 2620 φιλοπονωτέρας
1589 2585 1642 2610 τῶν
1661 2584 1829 2620 μαθημάτων
1842 2593 1894 2611 κα-

1104 2632 1256 2667 τανοήσεως
1270 2631 1319 2667 τὴν
1346 2631 1374 2657 ὲν
1400 2632 1455 2662 τοῖς
1479 2631 1569 2665 λόγοις
1588 2631 1667 2666 χάριν
1694 2630 1902 2658 ὲπιὸαλλόντων-

1102 2679 1158 2710 τοῖς
1181 2678 1310 2713 χείλεσιν.
1328 2677 1422 2704 Δίτίαν
1439 2677 1488 2712 μὲν
1505 2675 1550 2704 οὗν
1575 2677 1603 2703 ὲν
1619 2678 1675 2708 τοῖς
1689 2677 1811 2709 ἐπαίνοις
1827 2678 1893 2704 ἁκο-

1102 2724 1212 2756 λουθίας
1223 2723 1325 2759 ταύτην
1340 2724 1386 2750 ἐπὶ
1397 2723 1451 2750 τῶν
1464 2723 1576 2750 ὀδόντων
1591 2724 1812 2759 κατενοήσαμεν.

1139 2770 1241 2806 Καιρὸς
1257 2770 1278 2796 δ’
1293 2769 1326 2797 ἂν
1342 2770 1384 2805 εἴη
1408 2769 1454 2796 καὶ
1468 2769 1549 2796 αὑτὸν
1568 2769 1693 2801 ἐξετάσαι
1711 2769 1757 2796 τὸν
1772 2769 1894 2798 ἔπαινον,

1105 2816 1164 2848 πῶς
1178 2816 1346 2850 παραϐάλλει
1356 2816 1387 2842 τὸ
1401 2817 1429 2842 ὲν
1443 2817 1499 2846 τοῖς
1511 2815 1601 2842 ὀδοῦσι
1615 2815 1712 2846 κάλλος
1723 2816 1782 2846 ταῖς
1795 2823 1895 2851 κεκαρ-

1108 2862 1200 2896 μέναις
1217 2861 1327 2896 ἀγέλαις
1338 2881 1344 2893 ,
1357 2862 1384 2887 αἳ
1402 2861 1448 2888 νῦν
1464 2860 1511 2887 τοῦ
1526 2860 1637 2896 λουτροῦ
1653 2860 1810 2888 ἀναδυείται
1825 2860 1895 2887 διδύ-
