1984 3068
109 160 159 188 9'35

619 166 652 193 IN
665 167 813 195 CANTICA
826 167 961 196 CANTIC,
983 169 1124 197 llOMlLlA
1146 170 1200 197 νη.

1680 173 1732 202 925

107 227 166 254 μοις
182 218 378 253 ὲπαγάλλονται
403 219 493 252 τόκοις
519 221 589 248 κατὰ
606 222 637 248 τὸ
653 222 710 249 ἴσον
733 224 760 250 αἱ
784 224 870 251 πᾶσαι
882 233 888 240 “

947 232 1058 260 egressae
1077 225 1200 261 gemellis
1218 225 1318 252 fetibus
1337 225 1440 260 pariter
1465 233 1560 255 omnes
1582 229 1730 258 exsultant.

107 265 159 299 ἔχει
180 263 208 290 δὲ
226 263 297 290 κατὰ
311 264 359 299 τὴν
379 264 453 297 λέξιν
468 266 482 292 ὀ
498 266 609 298 ἔπαινος
628 267 714 300 οὕτως
728 277 736 284 ·
757 269 893 302 Ὀδόντες

107 317 162 335 σου
181 309 221 342 ὡς
247 309 351 344 ἀγέλαι
370 310 430 337 τῶν
450 313 640 347 κεκηρμένων
652 333 659 344 ,
685 314 717 340 αἳ
738 315 893 348 ἀνέϐησαν

107 355 162 381 ἀπὸ
185 354 238 382 τοῦ
251 356 382 390 λουτροῦ
395 376 402 386 .
419 357 449 383 al
473 357 568 385 πᾶσαι
587 358 802 393 ὄιδυμεύουσαι
815 381 822 391 ,
842 361 891 387 καὶ

106 400 274 428 ἁτεκνοῦσα
288 403 343 429 οὐκ
360 402 447 429 ἔστιν
465 403 512 430 ἐπ’
528 404 641 437 αὐταῖς.
659 405 745 431 Τοῦτο
763 406 853 432 τοίνυν
868 407 892 432 εἰ

107 446 173 481 πρὸς
185 447 215 473 τὸ
228 448 382 482 σωματικὸν
398 449 446 475 τοῦ
466 449 663 485 ὑποδείγματος
678 450 814 486 βλέπομεν
823 472 830 485 ,
843 453 892 479 οὐκ

106 490 162 519 οἶδα
179 493 237 525 πῶς
250 493 282 521 ἄν
302 503 343 526 τις
355 495 525 522 ἐπαινεῖσθαι
538 497 600 528 τοὺς
616 497 724 530 ὀδόντας
737 499 824 530 εἴποι,
849 499 894 527 διὰ

106 538 154 572 τῆς
183 539 251 574 πρὸς
275 540 322 572 τὰς
352 541 552 575 πολυγονούσας
580 543 682 576 ἀγέλας
713 545 891 580 συγκρίσεως.

114 583 240 611 Ὀδόντων
256 585 305 620 μὲν
322 585 376 622 γὰρ
389 586 514 620 ἔπαινος,
530 589 547 623 ἡ
564 589 711 624 στερρότης
726 590 784 616 ἐστὶ
807 591 854 617 καὶ
876 591 892 626 ὴ

107 629 263 664 ἐναρμόνιος
277 631 352 662 Θέσις
363 651 371 663 ,
390 633 438 659 καὶ
451 633 481 658 τὸ
498 633 605 668 παγίως
621 634 655 660 δι’
674 635 778 669 ὁμαλῆς
800 643 829 661 τε
847 636 894 662 καὶ

106 676 251 702 ἀκολούθου
276 677 325 711 τῆς
349 678 483 713 ἁρμονίας
507 679 694 715 ὲμπεφυκέναι
717 682 775 712 τοῖς
792 681 892 713 οὕλοις.

107 721 137 747 Δί
150 721 178 747 δὲ
195 721 387 750 ἀναϐαίνουσαι
400 723 453 750 ἀπὸ
465 723 511 750 τοῦ
526 725 638 760 λουτροῦ
651 725 747 760 ἀγέλαί
763 726 832 761 μετὰ
845 727 894 762 τῆς

106 767 214 802 διδύμου
234 769 315 804 γονῆς
336 769 571 798 ἐπισκεδασθεῖσαι
594 772 654 803 ταῖς
677 772 794 804 νάπαις,
816 773 894 800 ποίαν

106 811 218 838 ὀδόντων
234 812 438 848 ὑπογράφουσιν
462 813 537 848 ὤραν
562 814 602 849 τῷ
623 814 685 841 καθ’
710 814 809 846 ἑαυτὰς
827 815 893 842 ὑπο-

106 857 229 892 δείγματι
241 876 249 890 ,
268 858 318 885 οὐκ
332 858 405 885 ἔστιν
419 860 452 885 ἐκ
465 859 512 886 τοῦ
537 860 683 895 προχείρου
707 861 872 896 κατανοῆσαι
885 868 892 875 ·

106 898 177 929 οὗτοι
204 903 344 938 στοιχηδὸν
365 904 561 940 συνεστήκασιν
587 905 755 941 ὲναρμονίως
774 906 894 942 ἀλλήλων

107 948 248 983 ἐχόμενοι·
271 950 372 976 ἐκεῖναι
397 950 427 976 δὲ
448 950 495 977 ἀπ’
508 951 630 986 ἀλλήλων
654 951 893 979 διασκεδάννυνται

107 993 174 1028 πρὸς
189 993 237 1029 τὴν
254 994 346 1030 χρείαν
366 995 416 1030 τῆς
437 996 523 1031 νομῆς
544 996 730 1032 ἀραιούμεναι.
750 997 830 1024 Ἀλλὰ
848 998 895 1024 καὶ

107 1040 202 1075 γυμνῷ
217 1040 256 1076 τῷ
279 1041 364 1068 ὀδόντι
381 1041 452 1068 κατὰ
467 1042 548 1076 φύσιν
570 1043 628 1069 ὄντι
648 1045 688 1075 εἰς
704 1043 848 1079 σύγκρισιν
863 1044 894 1071 τὸ

106 1085 279 1122 ἐρειοφοροῦν
299 1087 349 1114 οὐκ
367 1088 545 1123 εὐάρμοστον.
565 1088 669 1115 Οὐκοῦν
686 1088 845 1124 ἐρευνητέον
861 1088 893 1115 ἂν

107 1132 148 1167 εἴη
159 1152 166 1164 ,
180 1131 240 1164 πῶς
257 1133 272 1158 ὁ
297 1133 408 1168 κοσμῶν
422 1134 455 1161 δι’
470 1134 615 1169 ἐγκωμίων
634 1134 684 1170 τὴν
703 1134 757 1161 τῶν
781 1135 894 1161 ὀδόντων

109 1179 287 1214 εὐαρμοστίαν
297 1200 304 1212 ,
321 1181 381 1211 ταῖς
399 1180 585 1216 διδυμοτόκοις
601 1181 713 1215 ἀγέλαις
727 1181 894 1216 παραϐάλλει

111 1224 136 1252 τὸ
148 1224 260 1258 κάλλος,
275 1227 333 1258 ταῖς
347 1226 581 1261 ἀποκειραμέναις
592 1227 624 1254 τὸ
634 1227 717 1262 ἔριον,
729 1227 776 1253 καὶ
790 1227 895 1263 λουτρῷ

108 1269 151 1296 τὸν
164 1270 248 1306 ῥύπον
264 1271 503 1307 ἀποκλυσαμὲναις
514 1271 562 1298 τοῦ
576 1271 711 1308 σώματος.
725 1273 757 1298 Τί
773 1271 820 1299 οὖν
830 1273 894 1307 περὶ

110 1316 208 1342 τούτων
225 1317 430 1352 ἀπονοήσομενς
449 1319 480 1344 0i.
501 1317 536 1344 τὰ
559 1317 619 1344 θεῖα
633 1319 770 1354 μυστήρια
787 1318 831 1345 διὰ
845 1327 894 1345 σα-

108 1361 242 1397 φεστέρας
264 1362 420 1398 ἐξηγήσεως
435 1363 657 1396 λεπτοποιοῦντες
669 1385 676 1397 ,
692 1364 730 1396 ὡς
745 1364 895 1399 εὐπαράδε-

108 1416 172 1435 κτον
194 1407 244 1442 τὴν
259 1409 447 1445 πνευματικὴν
468 1409 572 1446 τροφὴν
586 1410 692 1446 ταύτην
707 1410 835 1445 γενέσθαι
857 1410 896 1445 τῷ

107 1454 216 1489 σώματι
231 1454 281 1490 τῆς
299 1455 462 1491 Ἐκκλησίας
472 1477 480 1489 ,
495 1454 567 1484 οὗτοι
581 1458 612 1484 τὸ
621 1457 675 1484 τῶν
688 1457 800 1484 ὀδόντων
815 1457 896 1493 ἔργον

111 1500 288 1533 ἀποτελοῦσι,
302 1501 391 1536 παχύν
412 1510 441 1528 τε
460 1504 507 1530 καὶ
523 1502 679 1530 συνεστῶτα
692 1503 739 1530 τοῦ
759 1503 838 1538 λόγου
850 1503 895 1530 τὸν

110 1546 190 1582 ἄρτον
201 1546 240 1582 τῷ
252 1547 357 1574 ἑαυτῶν
380 1548 562 1583 λαμϐάνοντες
577 1549 709 1584 στόματι,
725 1549 772 1576 καὶ
790 1549 834 1576 διὰ
847 1549 896 1584 τῆς
910 1563 931 1590 G

111 1593 361 1629 λεπτομερεστέρας
374 1593 512 1629 εὖϐρωτον
523 1595 583 1626 ταῖς
598 1594 697 1630 ψυχαῖς
714 1594 769 1621 τῶν
785 1595 898 1630 δεχομέ-

111 1647 161 1665 νων
177 1639 451 1674 παρασκευάζοντες,
468 1637 524 1666 οἷον
544 1640 684 1676 (κρεῖττον
697 1640 751 1676 γὰρ
773 1641 818 1668 ἐπὶ
834 1641 899 1668 ὕπο-

109 1684 262 1720 δειγμάτων
275 1686 451 1721 παραστῆσαι
467 1685 497 1712 τὺ
513 1686 612 1721 νόημα)
648 1688 662 1713 ὀ
676 1687 810 1722 μακάριος
825 1687 898 1714 Παῦ-

110 1730 154 1762 λος
167 1728 214 1757 νῦν
233 1730 282 1765 μὲν
291 1730 385 1762 ἁπλῶς
397 1739 427 1757 τε
441 1731 488 1758 καὶ
499 1731 695 1763 ἀκατασκεύως
705 1751 712 1763 ,
729 1731 824 1768 ὥσπερ
838 1731 901 1758 τινὰ

109 1775 204 1811 ψωμδν
214 1775 419 1811 ἀκατέργαστον
436 1775 596 1811 προτίθησιν
613 1777 680 1812 ἡμῖν
699 1776 730 1802 τὸ
751 1775 798 1802 τοῦ
815 1776 898 1811 νόμου

109 1819 293 1855 παράγγελμα
305 1840 313 1852 ,
333 1820 421 1854 λέγων
431 1828 438 1835 ·
451 1820 492 1847 οὐ
503 1820 647 1855 φιμώσεις
660 1821 740 1852 ,βοῦν
753 1820 898 1848 ἀλοῶντα.

111 1866 195 1893 Πάλιν
208 1866 253 1893 διὰ
265 1866 315 1900 τῆς
329 1866 524 1901 ἐπεξηγήσεως
535 1867 686 1899 ἁπαλύνας,
698 1867 899 1902 εὑπαράδεκτον

111 1914 183 1939 ποιεῖ
194 1911 225 1938 τὸ
241 1911 287 1938 τοῦ
305 1912 388 1948 νόμου
401 1912 533 1948 βούλημα,
549 1912 653 1947 λέγων’
673 1911 722 1946 Μὴ
735 1912 795 1939 τῶν
816 1912 900 1944 ,ϐοῶν

110 1956 194 1992 μέλει
207 1955 248 1989 τῷ
261 1955 321 1989 Θεῷ
331 1976 340 1989 ,
354 1956 373 1990 ἢ
386 1956 423 1983 δι’
436 1956 515 1991 ἡμᾶς
535 1956 654 1990 πάντως
666 1956 838 1991 ἑτεγράφεη
852 1956 899 1983 καὶ

111 2002 180 2029 ἄλλα
192 2001 302 2028 τοιαῦτα
312 2002 398 2029 πολλά
406 2010 413 2017 ’
425 2000 491 2034 οἷον,
507 2002 629 2037 Ἀϐραὰμ
638 2002 692 2030 δύο
702 2002 786 2035 υἱοὺς
795 2001 897 2036 ἔσχεν,

111 2048 167 2075 ἕνα
176 2048 211 2074 ὲκ
225 2047 281 2081 τῆς
292 2047 469 2081 παιδίσκης,
483 2048 533 2074 καὶ
543 2048 646 2077 ἓνα,ὲκ
661 2047 715 2081 τῆς
727 2048 898 2082 ἐλευθέρας.

111 2093 222 2121 Τοῦτοό
238 2093 442 2129 ἀκατέργαστος
456 2093 547 2129 ἄρτος.
567 2093 647 2120 Ἀλλὰ
666 2094 725 2126 πῶς
739 2094 822 2121 αὑτὸν
840 2094 900 2120 δια-

112 2138 250 2165 λεπτύνων
272 2137 399 2173 ἐδώδιμον
423 2139 494 2164 ποιεῖ
515 2139 570 2170 τοῖς
587 2139 764 2174 τρεφομένοις
777 2158 784 2171 ,
798 2139 838 2170 εἰς
853 2138 900 2165 δύο

113 2182 249 2219 Διαθήκας
262 2183 462 2218 μεταλαμϐάνει
485 2184 534 2218 τὴν
561 2184 682 2220 ἱστορίαν
695 2204 701 2214 ,
721 2183 770 2219 τὴν
797 2185 846 2219 μὲν
859 2185 899 2215 εἰς

945 269 1031 297 Verba
1047 271 1164 298 eucomii
1189 271 1246 297 haec
1269 274 1352 297 sunt:
1372 271 1467 298 Dentes
1492 273 1531 298 tui
1555 273 1622 300 sicut
1643 282 1731 310 grege;

944 320 1092 347 tonsarum,
1117 323 1175 350 qua:
1198 315 1230 342 de
1249 314 1354 342 lavacro
1379 316 1564 348 ascenderunt,
1593 323 1618 344 ct
1644 327 1732 345 omnes

942 361 1058 395 geminos
1086 361 1215 394 pariunt,
1251 367 1331 395 neque
1364 361 1465 387 sterilis
1498 362 1567 388 inter
1594 370 1638 389 eas
1664 363 1730 390 ulla.

942 405 1001 433 Jam
1021 406 1043 433 si
1059 407 1092 433 ad
1113 413 1272 440 corpoream
1291 405 1374 440 hujus
1388 407 1504 440 exempli
1530 407 1664 435 rationem
1689 415 1732 436 rc-

944 452 1103 486 spiciamus,
1125 452 1196 478 haud
1212 452 1269 478 scio
1282 452 1327 486 qui
1344 452 1431 486 possit
1447 452 1547 487 aliquis
1566 453 1658 480 dicere
1673 453 1733 480 lau-

943 498 1002 524 dari
1019 498 1115 525 dentes
1138 505 1185 532 per
1204 498 1438 532 comparationem
1463 499 1616 526 institutam
1640 499 1673 527 ad
1691 499 1732 526 fc-

944 544 1049 571 cundas
1065 551 1170 578 greges.
1191 544 1296 571 Etenim
1314 545 1436 572 dentium
1459 546 1547 580 posita
1569 545 1629 573 laus
1647 550 1689 573 est
1705 546 1732 572 in

944 590 1092 621 soliditate,
1111 593 1137 617 et
1160 590 1185 616 iu
1205 591 1258 618 situ
1275 594 1338 625 apto
1359 595 1441 625 atque
1454 591 1595 626 elegante;
1613 591 1733 626 itemque

944 636 971 663 in
987 644 1030 668 eo,
1048 641 1077 663 ut
1093 636 1207 664 firmiter
1224 644 1238 663 a
1255 641 1352 663 natura
1373 637 1499 671 aequabili
1515 637 1632 671 quadam
1650 638 1733 665 serici

944 681 1129 708 concinnitate
1146 681 1262 716 gingivis
1280 681 1354 708 intlxi
1372 682 1437 708 sint.
1455 682 1489 708 At
1500 689 1564 709 vero
1579 689 1674 717 greges
1700 683 1734 709 de

944 726 1054 754 lavacro
1067 734 1129 754 cum
1152 726 1253 754 fetibus
1269 727 1392 762 gemellis
1413 728 1605 759 ascendentes,
1631 735 1734 763 perque

946 772 1033 799 saltus
1060 772 1188 806 dispersi,
1219 773 1328 807 qualem
1350 772 1472 800 dentium
1502 773 1732 807 pulchritudinem

946 817 1025 845 nobis
1042 817 1201 852 depinganl,
1229 826 1281 844 non
1306 821 1349 845 est
1373 818 1400 845 in
1421 818 1534 852 proclivi
1562 818 1732 853 perspicere.

945 864 1013 891 Nam
1032 865 1127 891 dentes
1143 867 1217 891 certa
1238 865 1309 891 serie
1322 864 1490 895 consistunt,
1517 864 1650 891 concinna
1664 871 1734 898 qua-

910 900 931 928 Β
946 910 1008 936 dam
1025 909 1131 936 ratione
1149 909 1201 936 sibi
1218 909 1334 936 invicem
1353 909 1490 944 contigui:
1507 916 1569 935 cum
1586 916 1681 944 greges
1695 909 1734 936 illi

946 954 1062 989 sparsim
1076 961 1090 981 a
1102 961 1131 981 se
1143 953 1260 981 invicem
1272 952 1427 984 discedant,
1437 953 1540 987 passim
1552 958 1733 985 rarescentes,

945 1005 976 1028 ut
988 1000 1173 1027 necessarium
1192 999 1243 1026 sibi
1258 1003 1366 1034 pastum
1382 1004 1515 1034 quaerant.
1533 999 1667 1026 Praeterea
1680 1006 1734 1026 non

946 1045 1073 1072 convenit
1083 1045 1191 1072 dentem
1207 1052 1221 1071 a
1235 1049 1333 1071 natura
1350 1044 1454 1071 nudum
1467 1051 1529 1071 cum
1545 1044 1598 1070 hoc
1611 1045 1734 1076 animali,

945 1090 1018 1125 quod
1032 1091 1122 1117 lanam
1141 1090 1222 1125 gerit,
1243 1090 1408 1124 comparari.
1422 1090 1596 1124 Quapropter
1623 1090 1735 1117 investi-

946 1135 1064 1171 gandum
1081 1135 1162 1162 nobis
1184 1139 1236 1167 est,
1262 1135 1309 1169 qui
1326 1134 1372 1161 flat
1387 1139 1416 1161 ut
1431 1135 1565 1162 encomiis
1583 1135 1735 1170 pulcherri-

946 1187 1018 1207 mam
1033 1179 1155 1207 dentium
1171 1180 1386 1207 concinnitatem
1409 1180 1563 1213 celebrans,
1581 1180 1652 1207 hanc
1675 1180 1735 1208 illo-

946 1233 1005 1253 rum
1019 1226 1181 1261 elcgantiam
1193 1233 1254 1252 cum
1265 1225 1394 1261 gregibus
1407 1225 1536 1261 gemellos
1553 1226 1735 1261 parientibus,

946 1272 1046 1306 quibus
1061 1271 1183 1298 detonsae
1203 1271 1272 1298 lana:
1286 1271 1352 1303 sint,
1376 1277 1492 1306 quaeque
1512 1272 1621 1299 lavacro
1637 1271 1735 1299 sordes

946 1317 1069 1352 corporis
1082 1317 1229 1348 abluerint,
1244 1316 1378 1344 conferat.
1400 1316 1470 1350 Quid
1490 1325 1556 1352 ergo
1570 1317 1604 1344 de
1626 1317 1668 1344 his
1683 1325 1735 1345 nos

945 1362 1152 1397 indagabimus?
1174 1361 1336 1396 Quicunque
1363 1362 1456 1389 divina
1480 1362 1610 1397 mysteria
1628 1363 1735 1397 perspi-

945 1416 997 1436 cua
1011 1409 1129 1444 quadam
1141 1408 1315 1436 enarratione
1330 1408 1410 1443 quasi
1427 1408 1628 1440 comminuunt,
1646 1412 1676 1436 ut
1686 1409 1737 1436 ali-

946 1459 1068 1482 mentum
1076 1454 1218 1489 spirituale
1227 1453 1334 1481 facilius
1348 1454 1435 1488 accipi
1447 1461 1463 1480 a
1474 1461 1590 1488 corpore
1605 1453 1736 1482 Ecclesia:

947 1499 1045 1535 possit,
1063 1499 1091 1526 hi
1106 1499 1229 1526 dentium
1248 1505 1318 1534 opus
1333 1498 1493 1532 coniiciunt,
1511 1506 1691 1534 crassumque
1709 1503 1737 1527 et

947 1545 1141 1573 consistentem
1166 1545 1242 1572 verbi
1267 1552 1440 1580 panem‘suo
1467 1552 1516 1572 ore
1536 1551 1685 1578 sumentes,
1710 1549 1737 1573 et

950 1597 997 1625 per
1011 1590 1178 1618 subtiliorem
1203 1591 1459 1625 contemplationem
1476 1595 1569 1626 aptum
1590 1591 1650 1619 esui
1672 1591 1737 1618 red-

949 1636 1045 1664 denles
1061 1635 1160 1663 animis
1184 1643 1278 1666 eorum
1298 1637 1344 1671 qui
1371 1637 1536 1671 suscipiunt,
1565 1641 1594 1664 ut
1620 1637 1736 1672 exempli

949 1688 1032 1710 causa
1049 1681 1158 1717 (melius
1171 1686 1214 1708 est
1229 1682 1302 1709 enim
1315 1682 1447 1716 exemplis
1458 1689 1570 1710 sensum
1586 1683 1736 1717 exponere)

950 1727 1046 1755 beatus
1063 1727 1166 1754 Paulus
1186 1733 1259 1753 nunc
1280 1726 1390 1761 quidem
1410 1727 1573 1762 simpliciter
1590 1732 1617 1754 et
1633 1728 1737 1763 absque

950 1774 1005 1801 ulla
1023 1772 1232 1808 prmparatlonc,
1249 1776 1378 1807 tanquam
1393 1772 1512 1800 frustum
1527 1773 1664 1808 quoddam
1680 1781 1736 1801 non

947 1818 1116 1850 confectum,
1129 1817 1207 1845 nobis
1216 1817 1344 1852 proponit
1358 1817 1425 1852 legis
1437 1823 1613 1853 praeceptum,
1626 1818 1734 1846 dicens:

951 1864 1011 1892 Non
1023 1864 1160 1892 obturabis
1173 1872 1201 1891 os
1221 1863 1278 1891 bovi
1299 1864 1438 1890 tritumnti
1450 1864 1484 1892 “.
1500 1864 1607 1892 Rursus
1623 1873 1683 1892 cum
1710 1865 1736 1892 id

949 1909 1156 1937 comminuisset
1169 1915 1217 1943 per
1232 1908 1443 1943 expositionem,
1466 1909 1531 1936 facit
1551 1913 1581 1936 ut
1604 1909 1673 1944 legis
1688 1917 1737 1937 vo-

950 1956 1042 1982 luntas
1056 1954 1135 1982 facile
1149 1955 1235 1989 possit
1245 1954 1342 1988 accipi,
1358 1954 1452 1982 dicens
1465 1963 1471 1982 :
1490 1954 1515 1980 Ν
1519 1963 1563 1981 um
1574 1954 1649 1982 boves
1665 1963 1737 1983 cum

950 2005 1012 2028 sunt
1027 1999 1089 2032 Deo,
1110 2008 1145 2026 an
1166 2003 1271 2034 propter
1285 2007 1333 2026 nos
1353 2000 1459 2027 omnino
1477 2000 1575 2034 scripta
1587 2001 1696 2027 sunt"?
1710 2004 1738 2028 et

950 2048 1004 2075 alia
1026 2047 1110 2074 multa
1136 2045 1284 2081 ejusmodi,
1311 2049 1351 2078 ut,
1378 2045 1522 2072 Abraham
1537 2046 1604 2073 duos
1626 2046 1738 2073 habebat

949 2093 1031 2128 ﬁlias,
1059 2100 1141 2119 unum
1161 2099 1194 2119 ea:
1217 2091 1327 2123 ancilla,
1349 2096 1375 2118 et
1385 2099 1466 2118 unum
1483 2099 1515 2118 ex
1532 2090 1616 2118 libera
1630 2092 1664 2118 “.
1689 2091 1738 2118 llic

950 2138 1029 2173 panis
1048 2142 1090 2164 est
1103 2144 1157 2164 non
1181 2136 1334 2163 conlectus.
1355 2135 1408 2162 Sed
1423 2136 1534 2170 quando
1559 2143 1621 2163 eum
1640 2136 1738 2163 deinde

950 2181 1150 2214 comminuens,
1176 2181 1242 2208 facit
1253 2181 1425 2208 esculentum
1445 2181 1478 2209 iis
1500 2182 1546 2216 qui
1567 2182 1736 2214 nutriuntur,

110 2225 253 2254 δουλείαν
262 2227 420 2262 γεννῶσαν
430 2236 437 2242 ·
450 2227 507 2261 τὴν
519 2227 553 2254 δὲ
563 2228 617 2262 τῆς
629 2228 771 2262 δουλείας
779 2228 896 2256 ἐλευθε-

951 2227 985 2254 ad
1004 2226 1237 2254 duoTestamenta
1253 2226 1386 2253 transfert
1408 2226 1561 2258 historiam,
1579 2235 1661 2253 unum
1677 2227 1736 2261 qui-

110 2271 239 2308 ροῦσιιν.
255 2272 334 2300 Οὕτω
347 2274 394 2300 καὶ
407 2276 496 2301 πάντα
508 2274 554 2300 τὸν
564 2274 655 2309 νόμον,
674 2274 717 2301 ἵνα
736 2274 773 2310 μὴ
785 2275 820 2302 τὰ
836 2274 895 2301 καθ’

112 2316 226 2345 ἕκαστον
237 2318 361 2354 λέγοντες
372 2320 564 2355 διατρίϐωμεν,
582 2319 741 2356 παχυμερὲς
754 2319 834 2355 σῶμα
848 2319 897 2346 λα-

111 2361 180 2396 ϐὼν,
193 2363 367 2392 λεπτύνειδιὰ
379 2366 428 2401 τῆς
438 2365 564 2402 θεωρίας,
575 2365 757 2401 πνευματικὸν
770 2364 852 2391 αὑτὸν
866 2365 898 2392 ἐκ

117 2409 273 2444 σωματιχοῦ
285 2410 466 2446 ἐργαζόμενος
478 2420 485 2428 ·
501 2411 642 2447 οῖδαμεν,
655 2411 753 2445 λέγων,
766 2410 834 2438 ὅτιό
846 2411 897 2437 νό-

111 2463 169 2490 μος
181 2454 379 2488 πνευματικός
393 2454 486 2482 ἐστιν.
496 2456 587 2491 Ὅπερ
600 2456 690 2482 τοίνυν
707 2456 753 2481 ἐπὶ
765 2456 810 2482 τοῦ
826 2456 898 2483 Παύ-

112 2500 160 2527 λου
173 2501 390 2535 κατενοήσαμεν,
408 2501 446 2532 ὼς
461 2501 573 2529 ὀδόντων
587 2502 667 2538 χρεία
682 2503 715 2538 τῇ
740 2502 898 2538 Ἐκκλησίᾳ,

113 2546 289 2581 πληρούντων
310 2547 339 2573 ἐν
354 2547 393 2582 τῷ
409 2547 592 2575 διαλεπτύνειν
608 2548 657 2584 τὴν
680 2548 735 2576 τῶν
757 2548 899 2583 δογμάτων

114 2593 278 2627 σαφήνειαν·
291 2591 370 2618 τοῦτο
390 2592 438 2618 καὶΙ
451 2593 497 2619 ἐπὶ
511 2594 610 2625 παντὸς
625 2593 672 2620 τοῦ
696 2594 766 2621 κατὰ
784 2594 899 2629 μίμησιν

113 2637 217 2664 ἐκείνου
243 2637 438 2673 διασαφοῦντος
464 2639 529 2674 ἡμῖν
551 2639 582 2666 τὸ
602 2641 749 2676 μυστήριον
772 2639 897 2674 λέγομεν.

111 2683 218 2711 οὐκοῦν
231 2683 337 2716 ὀδόντες
352 2684 406 2712 εἰσὶ
421 2685 470 2720 τῆς
493 2685 657 2721 Ἐκκλησίας
669 2687 694 2712 ot
711 2686 760 2721 τὴν
781 2684 900 2720 ἁκατέρ-

112 2736 214 2762 γαστον
230 2729 284 2756 τῶν
301 2729 381 2757 θείων
396 2730 495 2764 λογίων
510 2731 580 2757 πόαν
595 2731 820 2763 λεπτοποιοῦντες
834 2732 901 2767 ἡμῖν

113 2776 162 2804 καὶ
192 2775 399 2812 μηρυκίζοντες.
425 2776 531 2811 ’Ὠσπερ
557 2776 649 2804 τοίνυν
667 2777 821 2813 ὑπογράφει
847 2776 902 2804 τῶν

951 2273 1008 2300 dem
1021 2280 1147 2308 generari:
1161 2271 1196 2297 ad
1214 2272 1373 2303 servitutem,
1390 2271 1503 2298 alterum
1519 2277 1605 2298 autent
1621 2272 1737 2299 liberans

951 2327 968 2346 a
983 2319 1116 2346 servitute.
1133 2316 1178 2344 Sic
1192 2321 1220 2345 et
1238 2317 1394 2344 universam
1411 2317 1510 2352 legem,
1525 2326 1559 2345 ne
1577 2318 1604 2345 in
1622 2318 1737 2353 singulis

951 2365 1139 2394 immoremur,
1163 2370 1224 2390 cum
1240 2369 1299 2390 eam
1314 2363 1466 2398 accepisset
1485 2371 1610 2391 crassum
1625 2371 1736 2399 corpus,

952 2410 1114 2438 comminuit
1129 2417 1177 2444 per
1189 2409 1459 2444 contemplationem,
1474 2417 1533 2437 eam
1550 2418 1582 2438 ex
1602 2410 1737 2444 corporali

951 2457 1069 2485 efﬁciens
1087 2456 1269 2491 spiritualem,
1291 2456 1402 2483 dicens:
1425 2455 1529 2483 Scimus
1549 2456 1618 2491 quod
1635 2457 1677 2483 (ex
1697 2460 1736 2483 est

952 2501 1100 2538 spiritualis
1111 2501 1143 2528 δ’.
1161 2501 1239 2534 Quod
1252 2508 1318 2536 ergo
1333 2502 1360 2528 in
1375 2501 1460 2528 Paulo
1482 2502 1736 2535 animadvertimus,

952 2549 1073 2577 Ecclesia
1097 2555 1166 2583 opus
1180 2548 1262 2575 habet
1284 2548 1412 2576 dentibus
1432 2548 1466 2575 ad
1485 2549 1684 2576 conciliandam
1708 2548 1737 2575 in

951 2594 1162 2622 comminuendo
1184 2593 1358 2628 dogmatibus
1370 2593 1523 2621 claritatem
1549 2602 1555 2621 :
1581 2593 1632 2620 hoc
1654 2594 1736 2620 etiam

952 2641 1069 2669 dicimus
1083 2640 1109 2667 in
1125 2634 1181 2672 illo,
1206 2639 1254 2675 qui
1267 2639 1301 2667 ad
1321 2639 1381 2674 ejus
1399 2639 1578 2667 imitationem
1595 2639 1672 2667 nobis
1687 2639 1737 2666 de-

949 2686 1035 2723 clarat
1049 2685 1188 2720 mysteria.
1204 2684 1274 2712 Sunt
1285 2691 1350 2719 ergo
1363 2684 1460 2712 dentes
1469 2683 1605 2715 Ecclesiae,
1620 2684 1666 2718 qui
1680 2689 1735 2710 nou

949 2731 1102 2760 confectam
1111 2731 1265 2758 divinorum
1273 2730 1445 2766 eloquiorum
1458 2731 1568 2758 herbam
1577 2729 1656 2756 nobis
1664 2736 1736 2756 com-

950 2778 1078 2805 minuunt
1091 2780 1118 2804 et
1133 2776 1282 2804 ruminant.
1299 2776 1359 2810 Quo
1380 2776 1462 2804 modo
1484 2783 1548 2810 ergo
1569 2781 1665 2803 eorum
1687 2774 1735 2811 qui

152 2866 196 2894 ⁸⁸1
211 2859 275 2896 Cor.
291 2875 330 2900 Ix.
349 2868 367 2895 9
383 2875 461 2902 sqq.;
479 2867 556 2896 Deut.
586 2875 650 2900 xxv,
665 2868 692 2895 4.
730 2868 751 2883 "
770 2867 836 2895 ibid.
874 2865 998 2894 "Galat.
1019 2874 1057 2896 ιν.
1078 2864 1113 2892 22
1137 2873 1198 2901 sqq.
1238 2866 1259 2882 "
1289 2865 1365 2892 nom.
1400 2872 1447 2895 vn,
1473 2863 1514 2890 Η.
