1984 3068
235 167 288 195 99.7

835 165 862 192 S.
877 164 1041 192 GREGORN
1056 164 1203 191 NYSSENI

1811 161 1868 189 9&8

237 228 337 253 bonum
354 233 424 260 opus
446 224 620 259 episcopatus
634 223 789 251 desiderant
802 224 835 256 '°,
856 224 963 259 singula
980 223 1018 250 di-

1084 223 1118 249 ·οῦ
1133 222 1216 249 καλοῦ
1229 222 1310 257 ἔργου
1324 221 1373 256 τῆς
1390 219 1545 254 ἐπισκοπῆς
1561 218 1734 254 ὀρεγομένων
1748 218 1793 244 τὸν
1808 218 1869 252 βίον

194 288 197 292 ‹
235 271 316 298 vinus
333 272 614 305 describitPaulu5,et
624 271 751 298 convenit
769 278 831 297 eum
857 271 905 305 qui
925 277 1024 297 munus

236 317 336 351 accipit
350 316 535 351 episcopatus,
557 324 619 343 cum
632 312 761 344 omnibus
772 315 873 343 habere
886 316 967 343 etiam
980 316 1025 342 do-

235 362 314 389 cendi
343 362 457 397 gratiam
476 372 481 389 :
502 363 542 390 sic
564 363 608 389 hie
632 369 690 393 eos,
717 362 763 397 qui
783 361 816 388 ad
841 361 1024 389 ministerium

238 407 362 434 dentium
378 407 495 434 ordinati
515 411 579 434 sunt
593 407 619 433 in
635 407 767 440 Ecclesia,
789 407 847 433 vult
866 407 953 433 oratio
965 406 1026 440 qui-

236 452 297 479 dem
313 453 428 486 primum
444 460 506 479 esse
527 457 631 483 tensos,
647 452 699 479 hoc
715 456 757 479 est
775 452 893 479 nudatos
908 452 1026 486 pondere

237 498 386 530 materiali,
408 498 505 525 deinde
531 498 640 525 lavacro
659 497 834 525 conscientia:
855 504 918 524 esse
942 504 1026 531 puros

238 544 272 570 ab
286 544 360 570 omni
377 543 585 578 inquinamento
601 543 692 571 carnis
707 548 735 571 et
749 543 880 577 spiritus:
895 546 1026 577 pra-terea

239 597 346 624 seraper
361 597 409 624 per
420 589 572 624 profectum
591 590 738 617 ascendere
754 594 780 617 et
796 597 935 624 nunquam
954 593 1027 616 retro

239 635 308 662 trahi
325 635 358 662 ad
377 635 557 668 barathrum;
584 639 724 670 postremo
746 640 837 662 autem
856 635 957 670 duplici
978 635 1026 662 bo-

239 689 335 708 norum
351 681 531 714 conceptione
546 681 666 715 proﬁteri
684 681 886 716 generationem
907 682 935 708 in
954 681 1028 708 omni

240 735 339 762 genere
352 727 472 757 virtutis.
488 731 515 754 et
535 727 561 754 in
577 727 651 754 nullo
668 727 783 755 honesto
796 727 888 755 studio
902 732 930 755 et
948 735 1028 756 exer-

239 773 304 800 citio
323 781 385 801 esse
401 773 518 801 steriles.

273 865 377 900 Duplex
399 871 489 893 autem
511 870 660 900 conceptus
673 865 781 893 exsistit
796 866 912 900 arnigma
929 873 1029 900 appro-

239 911 359 939 bationis
373 912 516 945 utriusque
530 918 625 938 eorum
641 919 702 946 quae
716 911 926 938 considerantur
937 912 964 938 in
980 919 1028 939 no-

239 957 292 986 bis.
315 961 345 983 ut
361 957 494 991 ejusmodi
511 957 607 984 dentes
630 957 759 992 gemellos
784 958 903 992 pariant,
931 958 1029 985 animae

240 1002 349 1037 quidem
364 1002 604 1037 impatibilitatem,
621 1003 684 1030 vita:
699 1007 788 1030 autem
813 1003 947 1038 corporali
965 1011 1028 1038 pro—

241 1052 366 1074 creantes
388 1047 579 1080 honestatem;
608 1047 748 1081 subjungit
765 1047 806 1073 his
830 1052 1029 1082 consequenter

241 1091 349 1120 laudem
364 1092 447 1120 labris
470 1092 688 1123 convenientem,
708 1091 751 1118 ﬁlo
772 1092 904 1119 coccineo
925 1092 1030 1119 assimi-

241 1138 302 1165 lans
325 1138 566 1172 pulchritudinem,
597 1137 676 1172 cujus
703 1128 957 1172 interpretationem
989 1138 1029 1166 eis

242 1183 395 1217 subjunxit,
425 1183 570 1216 pulchrum
595 1191 749 1210 sermonem
773 1183 846 1210 ﬁlum
872 1184 1027 1211 nominans.

240 1227 296 1255 lloe
312 1232 402 1255 autem
426 1228 453 1254 in
468 1228 502 1255 iis
520 1235 581 1262 qum
596 1231 797 1262 praecesserunt
819 1227 874 1262 jam
894 1233 935 1256 est
954 1230 1029 1263 prius

241 1274 455 1306 consideratum,
488 1281 587 1308 nempe
619 1273 847 1308 quemadmodum
878 1274 1029 1301 ministerio

242 1321 376 1352 dentium,
400 1326 460 1353 quze
482 1323 522 1346 est
547 1319 574 1345 in
595 1319 689 1350 labris,
708 1323 822 1346 ornatur
843 1319 1027 1353 pulchritudo.

242 1366 294 1393 Per
314 1366 410 1393 dentes
429 1365 512 1396 enim.
530 1365 582 1392 hoc
602 1368 644 1392 est
662 1373 710 1400 per
723 1365 921 1400 expositionem
938 1364 1030 1392 docto-

242 1420 315 1443 rum.
332 1412 412 1439 simul
425 1411 546 1445 loquitur
560 1418 591 1437 os
605 1410 742 1438 Ecclesia).
754 1410 900 1445 Propterea
911 1411 1029 1445 primum

244 1459 392 1486 tondentur
409 1459 515 1490 dentes,
531 1461 557 1484 et
571 1458 707 1489 lavantur,
726 1459 752 1482 et
767 1463 820 1482 non
836 1460 900 1483 sunt
911 1456 1030 1488 steriles,

243 1508 270 1530 et
289 1503 412 1538 geminos
438 1503 558 1537 pariunt,
579 1507 607 1530 et
628 1507 694 1528 tunc
713 1501 810 1528 ﬂorent
835 1501 912 1528 labra
942 1502 1031 1536 specie

245 1548 385 1582 coccinea,
401 1548 511 1583 quando
530 1548 657 1575 universa
679 1547 762 1574 fuerit
775 1547 896 1575 Ecclesia
913 1548 940 1574 in
964 1548 1030 1575 boni

245 1599 380 1623 concentu
395 1594 501 1622 labrum
522 1601 607 1621 unum
629 1598 655 1621 et
667 1601 718 1621 vox
734 1601 796 1620 una.
812 1593 859 1621 Est
874 1599 964 1621 autent
982 1594 1033 1621 du-

245 1641 306 1675 plex
322 1640 443 1668 ostensio
460 1639 685 1675 pulchritudinis.
706 1639 765 1675 Non
790 1640 877 1667 solum
895 1639 968 1666 enim
984 1640 1032 1666 ab-

246 1686 334 1713 solute
358 1685 432 1713 ﬁlum
459 1685 523 1712 dicit
548 1693 609 1712 esse
629 1685 723 1712 labra:
750 1685 796 1712 sed
826 1684 930 1712 addidit
952 1685 1033 1712 etiam

246 1731 339 1758 ﬂorem
355 1731 420 1758 boni
434 1731 545 1763 coloris,
570 1731 637 1758 adeo
652 1735 680 1758 ut
697 1738 744 1765 per
759 1735 906 1765 utrumque
922 1735 1034 1757 ornetur

246 1785 277 1805 os
292 1777 429 1810 Ecclesiae,
450 1785 548 1812 nempe
567 1782 593 1804 et
617 1785 664 1812 per
680 1777 754 1804 ﬁlum
768 1781 795 1804 et
809 1785 857 1812 per
878 1777 1032 1809 coccinum,

246 1823 320 1856 quod
334 1823 361 1850 in
381 1827 497 1857 utraque
517 1827 593 1857 parte
605 1827 648 1850 est
663 1823 805 1858 proprium
820 1830 852 1850 ac
865 1827 1032 1858 separatum.

246 1866 314 1894 Nam
334 1875 381 1902 per
399 1868 441 1895 ﬁla
454 1868 563 1902 quidem
578 1868 694 1895 docetur
704 1869 912 1896 consensionem
927 1876 959 1896 ac
970 1876 1035 1896 con-

247 1914 382 1945 cordiam,
399 1917 429 1941 ut
445 1921 476 1941 ea
490 1918 547 1941 tota
564 1915 591 1940 in
609 1913 654 1940 ﬁlo
672 1914 708 1941 sit
722 1921 776 1941 una
791 1918 818 1941 et
831 1914 926 1941 eadem
939 1919 1034 1942 catena

247 1967 280 1987 ex
306 1959 421 1986 diversis
442 1960 494 1987 ﬁlis
513 1963 662 1992 contexta;
690 1967 738 1994 per
761 1960 905 1986 coccinum
930 1963 1033 1992 autem,

248 2004 281 2032 ad
297 2004 458 2039 sanguinem
479 2012 527 2039 per
540 2012 619 2039 quem
645 2005 777 2039 redempti
797 2011 893 2032 sumus
909 2008 938 2031 ut
962 2005 1036 2039 aspi-

248 2049 303 2076 ciat
322 2049 446 2082 docetur,
460 2053 487 2076 et
501 2048 703 2076 confessionem
720 2050 806 2083 ipsam
827 2049 855 2075 in
871 2056 919 2076 ore
936 2049 1036 2076 habeat

248 2094 320 2130 ejus.
336 2095 382 2130 qui
396 2103 447 2122 nos
463 2103 513 2122 suo
527 2095 641 2123 redemit
662 2094 806 2129 sanguine.
822 2093 891 2121 Nam
912 2102 960 2130 per
979 2095 1036 2122 haec

250 2142 332 2168 ambo
361 2141 444 2168 labris
469 2140 598 2168 Ecclesiae
623 2140 750 2174 impletus
777 2144 820 2167 est
847 2148 912 2168 suus
942 2140 1034 2174 decor,

249 2188 356 2222 quando
373 2188 404 2214 et
430 2187 496 2214 ﬁdes
516 2187 644 2222 praelucet
662 2185 839 2219 confessioni,
866 2191 893 2214 et
916 2186 1037 2215 charitas

1075 270 1089 295 ὁ
1106 268 1176 299 θεῖος
1197 267 1356 298 ’Λπόστολος
1369 287 1376 298 ,
1400 266 1488 300 λέγων
1512 265 1546 291 τὰ
1567 265 1628 291 καθ’
1650 264 1764 290 ἕκαστον
1777 284 1784 295 ,
1810 261 1868 291 οἷον

1075 313 1145 341 εἶναι
1156 314 1289 350 προσήκει
1304 314 1349 340 τὸν
1365 313 1416 348 τῆς
1432 311 1583 347 ἱερωσύνης
1600 310 1815 346 ἐπειλημμένον,
1828 311 1868 342 ὼς

1078 363 1146 397 μετὰ
1163 361 1270 387 πάντων
1283 360 1330 386 καὶ
1349 359 1399 394 τὴν
1411 358 1568 393 διδακτικὴν
1581 358 1662 393 χάριν
1674 357 1756 391 ἔχειν·
1778 356 1868 387 οὕτως

1077 409 1193 438 ἐνταῦθα
1205 410 1268 440 τοὺς
1283 409 1322 440 είς
1335 408 1448 434 ὀδόντων
1465 405 1615 442 ὑπηρεσίαν
1631 404 1815 439 τεταγμένους
1837 404 1869 430 ὲν

1076 458 1109 491 τῇ
1131 455 1280 491 Ἐκκλησία
1315 454 1442 489 βούλεται
1467 454 1481 479 ὁ
1498 453 1578 487 λόγος
1603 452 1712 487 πρῶτον
1728 451 1869 486 κεκαρμέ-

1077 512 1140 534 νους
1152 500 1221 529 εἷναι
1232 522 1238 533 ,
1254 501 1378 528 τουτέστι
1400 501 1491 535 πάσης
1507 499 1602 533 ὑλικῆς
1624 497 1771 532 ἀχθηδόνος
1786 506 1869 531 ymo-

1080 548 1236 584 μνωμένους
1245 555 1251 562 '
1265 545 1324 574 εἶτα
1336 546 1373 581 τῷ
1387 545 1493 581 λουτρῷ
1506 545 1555 580 τῆς
1575 544 1755 580 συνειδήσεως
1766 542 1870 574 παντὸς

1080 594 1216 630 μολυσμοῦ
1228 594 1328 628 σαρκὸς
1340 593 1388 619 καὶ
1400 591 1554 627 πνεύματος
1567 590 1768 625 καθαρεύοντας
1779 599 1786 605 ·
1799 589 1869 624 πρὸς

1078 640 1184 672 τούτοις
1200 641 1239 671 εἰς
1249 640 1293 666 ἀεὶ
1310 639 1354 665 διὰ
1370 638 1515 672 προκοπῆς
1524 636 1720 667 ἀναϐαίνοντας
1730 655 1737 665 ,
1754 635 1800 662 καὶ
1815 644 1870 670 μη-

1078 687 1175 713 δέποτε
1191 686 1260 721 πρὸς
1273 684 1304 712 τὸ
1318 683 1436 719 ἔμπαλιν
1458 682 1696 718 κατασυρομένους
1713 682 1758 707 ἐπὶ
1773 681 1803 707 τδ
1817 681 1869 715 βά-

1081 731 1130 767 ραθ
1136 740 1179 766 ρον
1189 740 1200 748 ο
1227 730 1273 757 ἐπὶ
1289 728 1357 756 πᾶσι
1369 729 1397 756 δὲ
1412 727 1519 759 διπλαῖς
1532 729 1592 758 ταῖς
1605 727 1659 753 τῶν
1673 725 1783 761 ἀγαθῶν
1799 734 1870 760 κυη-

1082 777 1173 813 μάτων
1186 776 1278 810 γοναῖς
1299 775 1373 801 κατὰ
1386 775 1439 800 πᾶν
1453 771 1522 804 εἶδος
1535 773 1634 807 ἀρετῆς
1655 771 1869 806 ὲπαγάλλεσοαι,

1080 823 1127 849 καὶ
1142 823 1170 848 ὲν
1189 821 1283 857 μηδενὶ
1299 821 1352 847 τῶν
1368 820 1460 847 καλῶν
1474 818 1698 853 ἐπιτηδευμάτων
1715 818 1832 851 ἀγονεῖν.

1116 868 1153 894 Τὸ
1168 867 1196 893 δὲ
1213 866 1324 893 διπλοῦν
1340 865 1444 901 κύημα,
1466 865 1582 899 αἴνιγμα
1595 864 1644 898 τῆς
1660 863 1722 890 καθ’
1738 862 1871 899 ἑκάτερον

1083 913 1186 948 γίνεται
1200 911 1253 938 τῶν
1266 913 1295 937 ὲν
1311 912 1377 946 ἡμῖν
1392 909 1560 945 νενοημένων
1573 908 1782 942 εὐδοκιμήσεως,
1798 906 1870 933 ὥστε

1081 957 1273 992 διδυμοτόκους
1291 955 1360 982 εἶναι
1381 957 1443 986 τοὺς
1465 954 1603 985 τοιούτους
1624 953 1732 983 ὀδόντας
1745 961 1751 967 ·
1768 954 1801 987 τῇ
1821 953 1871 986 μὲν

1081 1004 1153 1039 ψυχῇ
1169 1003 1217 1038 τὴν
1230 1002 1374 1034 ἀπάθειαν,
1387 1001 1426 1035 τῷ
1443 1000 1471 1026 δὲ
1487 998 1634 1034 σωματικῷ
1649 998 1699 1033 βίῳ
1714 998 1762 1032 τὴν
1776 998 1872 1032 εὐσχη-

1078 1050 1204 1085 μοσύνην
1223 1047 1392 1082 γεννῶντας·
1409 1046 1506 1080 ἐπάγει
1525 1044 1630 1074 τούτοις
1651 1043 1697 1069 τὸν
1712 1043 1744 1069 δι’
1759 1041 1872 1068 ἀκολού-

1083 1096 1130 1123 θου
1155 1095 1342 1129 ὲπιπρέποντα
1369 1094 1424 1124 τοῖς
1447 1091 1565 1127 χείλεσιν
1592 1089 1715 1121 ἔπαινον,
1745 1088 1872 1122 σπαρτίῳ

1083 1141 1249 1174 κοκκοδαφεί
1267 1137 1442 1174 παρεικάζων
1457 1137 1487 1163 τὸ
1501 1136 1610 1169 κάλλος,
1620 1132 1650 1162 οὗ
1664 1134 1713 1168 τὴν
1725 1133 1872 1169 ἑρμηνείαν

1084 1187 1164 1217 αὐτὸς
1181 1187 1321 1221 ἐπήγαγεν
1333 1205 1340 1216 ,
1359 1183 1454 1210 λαλιὰν
1483 1182 1587 1218 ὡραίαν
1608 1182 1639 1207 τὸ
1657 1180 1786 1215 σπαρτίον
1805 1188 1871 1205 κατ-

1085 1233 1230 1268 ονομάσας.
1251 1231 1338 1257 Τοῦτο
1351 1230 1379 1256 δὲ
1395 1230 1489 1260 ἐντοῖς
1506 1228 1640 1263 φθάσασιν
1653 1226 1702 1261 ἤδη
1720 1225 1872 1261 προτεθεώ-

1084 1287 1174 1315 ρηται,
1191 1278 1249 1308 πῶς
1264 1278 1297 1312 τῇ
1312 1276 1366 1302 τῶν
1379 1275 1493 1302 ὀδόντων
1513 1273 1649 1308 ὑπηρεσίᾳ
1662 1272 1692 1298 τὺ
1708 1273 1736 1297 ὲν
1750 1271 1805 1302 τοῖς
1820 1269 1873 1309 xei:

1083 1325 1156 1351 λεσιν
1172 1323 1320 1359 ὡραΐζεταί
1337 1321 1444 1352 κάλλος.
1464 1319 1503 1355 Τῇ
1522 1320 1575 1355 γὰρ
1592 1319 1644 1345 τῶν
1663 1319 1787 1350 ὀδόντων,
1810 1326 1872 1343 τους

1083 1371 1158 1396 τέστι
1180 1369 1232 1396 τῶν
1249 1366 1445 1395 διδασκαλικῶν
1463 1366 1651 1401 ὑφηγημᾶτων
1667 1365 1697 1391 τὸ
1721 1364 1872 1399 στόμαλτῆς

1090 1414 1252 1450 Ἐκκλησίας
1265 1413 1479 1448 συμφθέγγεται.
1493 1411 1542 1437 Διὰ
1552 1410 1630 1437 τοῦτο
1645 1410 1751 1445 πρῶτον
1763 1409 1787 1435 οἱ
1800 1408 1872 1435 ὀδόν-

1083 1471 1129 1494 τες
1147 1462 1283 1497 κείρονται
1301 1461 1348 1486 καὶ
1360 1459 1494 1490 λούονται,
1511 1458 1557 1484 καὶ
1581 1457 1629 1483 οὐκ
1648 1455 1800 1486 ἁτεκνοῦσι,
1824 1454 1873 1481 καὶ

1084 1507 1267 1542 διδυμεύουσι,
1295 1505 1342 1532 καὶ
1357 1505 1417 1531 τότε
1443 1503 1483 1538 τῷ
1508 1502 1625 1537 κοκκίνιμ
1657 1502 1721 1527 εἴδει
1738 1500 1771 1527 τὰ
1788 1500 1866 1535 χείλη

1086 1552 1299 1589 περιανθίζεται,
1313 1552 1377 1577 ὅταν
1391 1550 1502 1585 γένηται
1518 1549 1593 1575 πᾶσα
1607 1548 1626 1582 ἡ»
1640 1546 1788 1581 Ἐκκλησία
1802 1545 1874 1572 κατὰ

1084 1599 1133 1634 τὴν
1147 1598 1194 1625 τοῦ
1209 1597 1310 1632 ἀγαθοῦ
1325 1596 1485 1631 σύμψωνίαν
1501 1595 1589 1630 χεῖλος
1606 1593 1636 1619 ἓν
1657 1593 1704 1619 καὶ
1719 1592 1794 1626 φωνὴ
1812 1592 1872 1627 μία,

1085 1645 1200 1671 Διπλοῦν
1213 1644 1240 1670 δὲ
1254 1643 1301 1670 τοῦ
1326 1642 1440 1673 κάλλους
1458 1641 1516 1667 ἐστὶ
1536 1641 1566 1666 τὸ
1583 1639 1745 1674 ὑπόδειγμα.
1761 1638 1797 1664 Οὺ
1819 1638 1873 1674 γὰρ

1087 1691 1166 1726 μόνον
1186 1689 1279 1720 ἁπλῶς
1302 1688 1432 1723 σπαρτίον
1448 1687 1530 1721 φησὶν
1553 1683 1621 1712 εἶναι
1637 1684 1671 1710 τὰ
1693 1683 1768 1719 χείλη
1785 1692 1791 1698 ·
1806 1683 1873 1710 ἀλλὰ

1086 1735 1240 1772 προσέθηκε
1265 1735 1311 1761 καὶ
1328 1734 1378 1768 τῆς
1395 1733 1521 1768 εὐχροίας
1535 1731 1566 1757 τὸ
1580 1730 1670 1762 ἄνθος,
1684 1729 1754 1757 ὥστε
1768 1729 1800 1755 δι’
1818 1729 1872 1763 ὰμ-

1086 1781 1206 1817 φοτὲρων
1228 1779 1446 1811 καλλωπίζεσθαι
1464 1778 1513 1813 τῆς
1532 1775 1696 1810 Ἐκκλησίας
1717 1775 1747 1801 τὺ
1768 1775 1871 1809 στόμα·

1085 1828 1130 1854 διά
1146 1836 1176 1853 τε
1195 1825 1242 1853 τοῦ
1265 1825 1398 1861 σπαρτίου
1418 1825 1465 1850 καὶ
1489 1823 1535 1850 τοῦ
1550 1822 1694 1853 κοκκίνου,
1720 1819 1875 1851 ἰδιαζόντως

1086 1872 1146 1898 καθ’
1162 1872 1291 1907 ἑκάτερον
1304 1871 1395 1906 μέρος.
1405 1869 1449 1904 Τῷ
1457 1870 1505 1904 μὲν
1517 1868 1570 1904 γὰρ
1577 1867 1701 1902 σπαρτίῳ
1714 1867 1874 1901 ὁμογνωμο-

1087 1918 1169 1954 σύνην
1190 1917 1363 1945 παιδεύεται”
1387 1916 1456 1943 ὥστε
1475 1915 1565 1941 πᾶσαν
1587 1914 1671 1949 αὐτὴν
1688 1912 1717 1939 ἓν
1742 1911 1874 1946 σπαρτίον

1086 1965 1132 1990 καὶ
1163 1963 1226 1998 μίαν
1245 1962 1371 1997 γενέσθαι
1395 1961 1488 1996 σειρὰν
1511 1961 1543 1986 ὲκ
1565 1960 1700 1994 διαφόρων
1731 1957 1874 1992 νοημάτων

1086 2007 1333 2042 συγκεκλωσμένην
1343 2015 1349 2022 ·
1367 2006 1410 2032 διὰ
1425 2005 1454 2032 δὲ
1468 2004 1515 2031 τοῦ
1530 2004 1658 2031 κοκκίνου
1677 2002 1744 2038 πρὸς
1759 2002 1789 2027 τὸ
1805 2000 1875 2036 αἷμα

1085 2053 1118 2080 δι’
1136 2050 1166 2080 οὗ
1181 2051 1373 2088 ὲλυτρώθημεν
1391 2051 1500 2086 βλέπειν
1514 2049 1680 2081 διδάσκεται,
1696 2048 1743 2075 καὶ
1765 2048 1809 2073 ἀεὶ
1823 2047 1874 2082 τὴν

1086 2097 1231 2133 ὁμολογίαν
1251 2097 1294 2123 διὰ
1315 2095 1446 2131 στόματος
1471 2095 1573 2130 φέρειν,
1589 2094 1636 2121 τοῦ
1658 2093 1874 2128 ὲξαγοράσαντος

1087 2142 1160 2177 ἡμᾶς
1177 2141 1220 2168 διὰ
1238 2140 1285 2167 τοῦ
1309 2141 1435 2176 αἵματος.
1458 2140 1497 2166 Δι’
1517 2139 1679 2175 ἀμφοτέρων
1697 2137 1752 2173 γὰρ
1772 2137 1873 2163 τούτων

1087 2188 1147 2214 ἐστὶ
1159 2187 1335 2222 πληρουμένη
1352 2187 1408 2217 τοῖς
1423 2185 1474 2220 τῆς
1491 2185 1653 2219 Ἐκκλησίας
1666 2184 1786 2219 χείλεσιν
1800 2184 1816 2218 ἠ
1830 2183 1874 2209 ef;-

249 2241 310 2260 cum
337 2233 388 2260 ﬁde
413 2233 578 2260 contexitur.
604 2231 671 2259 Cum
689 2232 725 2259 sit
751 2235 842 2260 autem
857 2240 927 2267 opus
951 2234 1031 2261 veluti

1089 2233 1223 2267 πρέπεια,
1251 2232 1315 2258 ὅταν
1343 2231 1389 2258 καὶ
1408 2232 1425 2265 ὴ
1453 2231 1544 2261 πίστις
1561 2230 1612 2265 τῆς
1633 2229 1776 2265 ὁμολογίας
1804 2237 1872 2265 προ-

249 2277 366 2311 quadam
392 2276 550 2304 deﬁnitione
564 2276 797 2310 comprehendere
817 2278 982 2312 exemplum,
1007 2279 1035 2306 id

250 2323 322 2358 quod
335 2323 439 2350 dictum
452 2327 504 2353 est,
524 2322 566 2349 sic
587 2321 936 2349 deﬁniemus:Coccineum
959 2323 1034 2350 ﬁlum

250 2373 292 2396 cst
312 2369 378 2395 ﬁdes
403 2375 463 2402 qum
483 2371 614 2402 operatur
627 2374 675 2402 per
692 2367 883 2395 dilectionem:
911 2368 978 2396 adeo
1005 2372 1036 2396 ut

251 2414 330 2441 tidem
346 2413 455 2447 quidem
472 2412 615 2447 signiﬁcet,
633 2413 776 2440 coccinum
803 2413 964 2442 charitatem
984 2422 1034 2442 au-

251 2463 305 2487 tem
338 2458 532 2493 interpretetur
557 2458 638 2486 ﬁlum.
671 2459 718 2487 His
745 2464 842 2487 ornata
871 2468 932 2488 esse
959 2461 1035 2488 labra

252 2511 359 2540 sponsae
375 2507 488 2531 testatur
502 2504 613 2531 veritas.
630 2504 747 2532 Pulcher
758 2509 849 2532 autem
866 2514 956 2533 sermo
969 2507 1036 2534 sub-

252 2550 334 2576 tiliori
344 2549 432 2584 aliqua
441 2549 678 2584 contemplatione,
691 2553 738 2577 aut
747 2551 798 2576 alia
812 2551 1035 2585 interpretatione

252 2603 308 2622 non
331 2594 442 2630 indiget.
473 2595 559 2622 Antea
588 2595 661 2623 enim
694 2595 842 2623 declaravit
871 2597 1033 2631 Apostolus,

252 2641 324 2677 quod
339 2641 384 2669 hic
398 2649 487 2670 sermo
499 2645 541 2669 est
556 2642 668 2668 verbum
683 2640 743 2668 ﬁdei
761 2642 833 2676 quod
846 2642 1034 2676 praedicamus,

255 2688 376 2716 dicens“
386 2696 393 2716 :
402 2687 433 2715 Si
443 2687 577 2721 confessus
586 2687 668 2721 fueris
677 2691 771 2713 oretuo
781 2686 922 2714 Dominum
932 2687 1034 2723 Iesum,

252 2741 278 2759 ει
291 2732 433 2759 credideris
446 2732 474 2758 in
493 2731 571 2758 cordo
585 2736 640 2763 tuo,
654 2731 722 2765 quod
742 2730 811 2758 Deus
826 2732 912 2766 ipsum
926 2734 1037 2761 suscita-

254 2779 289 2806 uit
304 2778 454 2810 emortuis,
478 2778 567 2804 salvus
587 2777 648 2804 erit.
671 2776 757 2803 Corde
779 2778 848 2804 enim
868 2779 984 2806 creditur
1001 2781 1035 2806 ad

287 2865 310 2881 ”
336 2865 346 2892 Ι
381 2865 497 2892 Timoth.
521 2872 560 2899 nl,
579 2865 604 2893 1.
639 2865 673 2894 ⁵¹,
693 2864 771 2892 Rom.
793 2874 820 2900 χ,
837 2867 862 2897 9,
884 2867 924 2895 10.

1089 2276 1201 2312 λάμπῃ,
1216 2277 1262 2303 καὶ
1273 2277 1290 2312 ὴ
1305 2276 1399 2310 ἀγάπη
1413 2277 1445 2311 τῇ
1463 2275 1553 2302 πίστει
1571 2275 1766 2310 συμπλέκηται.
1784 2274 1839 2300 Καὶ
1849 2274 1874 2300 εί

1089 2322 1141 2358 χρὴ
1162 2322 1256 2358 ὥσπερ
1275 2322 1381 2358 ὁρισμῷ
1406 2330 1460 2348 τινι
1483 2321 1638 2357 περιλαϐεῖν
1658 2322 1690 2347 τὸ
1705 2320 1872 2356 ὑπόδειγμαῇ

1087 2368 1158 2395 οὕτω
1180 2368 1210 2394 τὸ
1228 2367 1309 2403 ῥηθὲν
1323 2367 1471 2403 ὁριούμεθα
1486 2374 1493 2380 ·
1517 2367 1641 2394 κόκκινον
1661 2367 1793 2402 σπαρτίον
1816 2367 1874 2392 ἐπὶ

1088 2415 1179 2446 πίστις
1199 2414 1232 2441 δι’
1249 2415 1360 2449 ἀγάπης
1376 2413 1576 2449 ἐνεργουμένη,
1598 2413 1635 2444 ὡς
1653 2414 1685 2448 τῇ
1711 2413 1801 2439 πίστει
1825 2412 1874 2446 μὲν

1086 2459 1231 2494 δηλοῦσθαι
1250 2459 1282 2486 τὸ
1304 2459 1446 2486 κόκκινον·
1464 2460 1498 2494 τῇ
1519 2458 1548 2485 δὲ
1571 2458 1666 2494 ἀγάπῃ
1690 2458 1720 2484 τὺ
1742 2457 1874 2492 σπαρτίσν

1087 2505 1323 2541 διερμηνεύεσθαι.
1340 2504 1451 2536 Τούτοις
1474 2503 1662 2539 κεκοσμῆσθαι
1676 2501 1710 2529 τὰ
1726 2503 1802 2537 χείλη
1825 2502 1873 2536 τῆς

1088 2550 1197 2586 νύμφης
1223 2551 1356 2585 μαρτυρεῖ
1376 2550 1393 2584 ἡ
1419 2548 1544 2584 ἀλήθεια.
1570 2548 1602 2574 Ἦ
1627 2548 1655 2574 δὲ
1680 2547 1768 2582 ὡραία
1795 2547 1874 2573 λαλιὰ

1088 2596 1203 2631 Θεωρίας
1226 2594 1297 2627 τινὸς
1322 2594 1486 2630 λεπτοτέρας
1507 2595 1524 2630 ἢ
1545 2593 1693 2630 ἑρμηνείας
1718 2593 1801 2628 ἄλλης
1823 2593 1873 2619 οὐκ

1088 2643 1233 2669 ἐπιδέεται.
1244 2642 1352 2673 Φθάσας
1364 2641 1417 2676 γὰρ
1430 2641 1592 2676 διεσάφησεν
1607 2641 1621 2666 ό
1642 2639 1813 2670 ’Δπόστολος,
1832 2639 1872 2665 ὃτι

1089 2688 1196 2723 ήλαλιὰ
1215 2687 1284 2723 αὕτη
1303 2687 1332 2714 τὸ
1350 2687 1425 2723 ῥῆμα
1444 2688 1494 2722 τῆς
1508 2685 1626 2717 πίστεώς
1640 2686 1723 2718 ἐστιν,
1743 2685 1758 2711 ὃ
1771 2683 1874 2720 κηρύσ-

1090 2743 1182 2770 σομεν,
1204 2733 1273 2761 Ἐὰν
1287 2733 1479 2768 ὁμολογήσῃς
1490 2732 1530 2765 τῷ
1547 2732 1674 2766 στόματί
1691 2739 1749 2758 σου
1764 2731 1874 2764 Κύριον

1096 2781 1227 2811 Ἰησοῦν,
1245 2780 1292 2806 καὶ
1311 2780 1479 2813 πιστεύσῃς
1495 2779 1529 2806 ὲν
1541 2777 1578 2813 τῇ
1594 2777 1700 2812 καρδίᾳ
1712 2784 1787 2809 σου,
1803 2774 1875 2804 ἔτιὰ
