  <div class='ocr_page' id='page_1' title='image "/cluster/home/n/w/nwhite01/storage/ocr_20150623/44/njp.32101009003169/470.png"; bbox 0 0 1984 3068; ppageno 0'>
   <div class='ocr_carea' id='block_1_1' title="bbox 51 48 163 106">
    <p class='ocr_par' dir='ltr' id='par_1_1' title="bbox 51 48 163 106">
     <span class='ocr_line' id='line_1_1' title="bbox 51 48 163 106; baseline -0.009 0"><span class='ocrx_word' id='word_1_1' title='bbox 51 48 163 106; x_wconf 25' lang='grc' dir='ltr'><strong>ΚὊΞΞ)</strong></span> 
     </span>
    </p>
   </div>
   <div class='ocr_carea' id='block_1_2' title="bbox 600 73 1227 103">
    <p class='ocr_par' dir='ltr' id='par_1_2' title="bbox 600 73 1227 103">
     <span class='ocr_line' id='line_1_2' title="bbox 600 73 1227 103; baseline 0 -1"><span class='ocrx_word' id='word_1_2' title='bbox 600 86 605 89; x_wconf 52' lang='grc' dir='ltr'><strong>ν</strong></span> <span class='ocrx_word' id='word_1_3' title='bbox 633 76 664 102; x_wconf 82' lang='grc' dir='ltr'><strong>ΙΝ</strong></span> <span class='ocrx_word' id='word_1_4' title='bbox 684 74 834 103; x_wconf 78' lang='lat' dir='ltr'><strong>CANTICA</strong></span> <span class='ocrx_word' id='word_1_5' title='bbox 851 74 986 102; x_wconf 75' lang='lat' dir='ltr'><strong>CANTIC.</strong></span> <span class='ocrx_word' id='word_1_6' title='bbox 1009 73 1151 102; x_wconf 70' lang='lat' dir='ltr'><strong>“0Mle</strong></span> <span class='ocrx_word' id='word_1_7' title='bbox 1172 74 1227 102; x_wconf 76' lang='lat' dir='ltr'><strong>VH.</strong></span> 
     </span>
    </p>
   </div>
   <div class='ocr_carea' id='block_1_3' title="bbox 1686 73 1737 101">
    <p class='ocr_par' dir='ltr' id='par_1_3' title="bbox 1686 73 1737 101">
     <span class='ocr_line' id='line_1_3' title="bbox 1686 73 1737 101; baseline 0.02 -1"><span class='ocrx_word' id='word_1_8' title='bbox 1686 73 1737 101; x_wconf 71' lang='lat'><strong>9.53</strong></span> 
     </span>
    </p>
   </div>
   <div class='ocr_carea' id='block_1_4' title="bbox 108 132 899 170">
    <p class='ocr_par' dir='ltr' id='par_1_4' title="bbox 108 133 898 170">
     <span class='ocr_line' id='line_1_4' title="bbox 108 133 898 170; baseline -0.004 -7"><span class='ocrx_word' id='word_1_9' title='bbox 108 135 182 168; x_wconf 74' lang='grc' dir='ltr'>θεὸς</span> <span class='ocrx_word' id='word_1_10' title='bbox 195 135 288 162; x_wconf 73' lang='grc' dir='ltr'>αὐτὸν</span> <span class='ocrx_word' id='word_1_11' title='bbox 305 134 471 170; x_wconf 78' lang='grc' dir='ltr'><strong>ἦγειρεν“ἐκ</strong></span> <span class='ocrx_word' id='word_1_12' title='bbox 486 134 611 170; x_wconf 72' lang='grc' dir='ltr'>νεκρῶν,</span> <span class='ocrx_word' id='word_1_13' title='bbox 633 134 771 168; x_wconf 79' lang='grc' dir='ltr'>σωθήσῃ.</span> <span class='ocrx_word' id='word_1_14' title='bbox 787 133 898 168; x_wconf 80' lang='grc' dir='ltr'>Καρδίᾳ</span> 
     </span>
    </p>
   </div>
   <div class='ocr_carea' id='block_1_5' title="bbox 951 132 1737 170">
    <p class='ocr_par' dir='ltr' id='par_1_5' title="bbox 951 132 1737 168">
     <span class='ocr_line' id='line_1_5' title="bbox 951 132 1737 168; baseline 0 -8"><span class='ocrx_word' id='word_1_15' title='bbox 951 134 1093 167; x_wconf 79' lang='lat' dir='ltr'><strong>iustitiam,</strong></span> <span class='ocrx_word' id='word_1_16' title='bbox 1116 142 1160 160; x_wconf 86' lang='lat' dir='ltr'><strong>ore</strong></span> <span class='ocrx_word' id='word_1_17' title='bbox 1186 138 1272 160; x_wconf 83' lang='lat' dir='ltr'><strong>autent</strong></span> <span class='ocrx_word' id='word_1_18' title='bbox 1296 133 1424 168; x_wconf 73' lang='lat' dir='ltr'><strong>confessio</strong></span> <span class='ocrx_word' id='word_1_19' title='bbox 1445 134 1475 168; x_wconf 81' lang='lat' dir='ltr'><strong>ﬁt</strong></span> <span class='ocrx_word' id='word_1_20' title='bbox 1496 133 1531 160; x_wconf 85' lang='lat' dir='ltr'><strong>ad</strong></span> <span class='ocrx_word' id='word_1_21' title='bbox 1546 134 1666 160; x_wconf 73' lang='lat' dir='ltr'><strong>salutem.</strong></span> <span class='ocrx_word' id='word_1_22' title='bbox 1688 132 1737 160; x_wconf 75' lang='lat' dir='ltr'><strong>Hie</strong></span> 
     </span>
    </p>
   </div>
   <div class='ocr_carea' id='block_1_6' title="bbox 110 180 897 217">
    <p class='ocr_par' dir='ltr' id='par_1_6' title="bbox 110 180 897 217">
     <span class='ocr_line' id='line_1_6' title="bbox 110 180 897 217; baseline -0.003 -9"><span class='ocrx_word' id='word_1_23' title='bbox 110 182 167 217; x_wconf 66' lang='grc' dir='ltr'><strong>γὰρ</strong></span> <span class='ocrx_word' id='word_1_24' title='bbox 175 182 346 208; x_wconf 81' lang='grc' dir='ltr'><strong>πιστεύεται</strong></span> <span class='ocrx_word' id='word_1_25' title='bbox 353 183 397 214; x_wconf 83' lang='grc' dir='ltr'>εἰς</span> <span class='ocrx_word' id='word_1_26' title='bbox 404 181 612 214; x_wconf 80' lang='grc' dir='ltr'>δικαιοσύνην,</span> <span class='ocrx_word' id='word_1_27' title='bbox 620 181 744 215; x_wconf 81' lang='grc' dir='ltr'>στόματι</span> <span class='ocrx_word' id='word_1_28' title='bbox 751 180 784 206; x_wconf 75' lang='grc' dir='ltr'><strong>δὲ</strong></span> <span class='ocrx_word' id='word_1_29' title='bbox 795 181 897 207; x_wconf 72' lang='grc' dir='ltr'>ὁμολο-</span> 
     </span>
    </p>
   </div>
   <div class='ocr_carea' id='block_1_7' title="bbox 111 225 896 262">
    <p class='ocr_par' dir='ltr' id='par_1_7' title="bbox 111 225 896 262">
     <span class='ocr_line' id='line_1_7' title="bbox 111 225 896 262; baseline -0.003 -9"><span class='ocrx_word' id='word_1_30' title='bbox 111 227 203 262; x_wconf 67' lang='grc' dir='ltr'>γεῖται</span> <span class='ocrx_word' id='word_1_31' title='bbox 217 228 260 260; x_wconf 84' lang='grc' dir='ltr'>εἰς</span> <span class='ocrx_word' id='word_1_32' title='bbox 270 227 429 262; x_wconf 80' lang='grc' dir='ltr'><strong>σωτηρίαν.</strong></span> <span class='ocrx_word' id='word_1_33' title='bbox 449 227 524 262; x_wconf 77' lang='grc' dir='ltr'>Αὕτη</span> <span class='ocrx_word' id='word_1_34' title='bbox 540 226 568 252; x_wconf 80' lang='grc' dir='ltr'>δέ</span> <span class='ocrx_word' id='word_1_35' title='bbox 583 227 657 252; x_wconf 90' lang='grc' dir='ltr'>ἐστιν</span> <span class='ocrx_word' id='word_1_36' title='bbox 673 227 690 262; x_wconf 83' lang='grc' dir='ltr'>ὴ</span> <span class='ocrx_word' id='word_1_37' title='bbox 702 225 791 262; x_wconf 73' lang='grc' dir='ltr'>ὡραία</span> <span class='ocrx_word' id='word_1_38' title='bbox 806 225 896 258; x_wconf 78' lang='grc' dir='ltr'>λαλιὰ,</span> 
     </span>
    </p>
   </div>
   <div class='ocr_carea' id='block_1_8' title="bbox 111 270 897 308">
    <p class='ocr_par' dir='ltr' id='par_1_8' title="bbox 111 270 897 308">
     <span class='ocr_line' id='line_1_8' title="bbox 111 270 897 308; baseline 0 -10"><span class='ocrx_word' id='word_1_39' title='bbox 111 273 146 299; x_wconf 83' lang='grc' dir='ltr'><strong>δι’</strong></span> <span class='ocrx_word' id='word_1_40' title='bbox 165 270 200 308; x_wconf 76' lang='grc' dir='ltr'>ἧς</span> <span class='ocrx_word' id='word_1_41' title='bbox 223 272 256 298; x_wconf 85' lang='grc' dir='ltr'>τὰ</span> <span class='ocrx_word' id='word_1_42' title='bbox 276 272 352 308; x_wconf 84' lang='grc' dir='ltr'>χείλη</span> <span class='ocrx_word' id='word_1_43' title='bbox 372 273 422 307; x_wconf 83' lang='grc' dir='ltr'>τῆς</span> <span class='ocrx_word' id='word_1_44' title='bbox 441 272 603 308; x_wconf 82' lang='grc' dir='ltr'>Ἐκκλησίας</span> <span class='ocrx_word' id='word_1_45' title='bbox 625 272 696 299; x_wconf 87' lang='grc' dir='ltr'>κατὰ</span> <span class='ocrx_word' id='word_1_46' title='bbox 719 272 748 298; x_wconf 80' lang='grc' dir='ltr'><strong>τὸ</strong></span> <span class='ocrx_word' id='word_1_47' title='bbox 772 272 897 299; x_wconf 79' lang='grc' dir='ltr'>κόκκινον</span> 
     </span>
    </p>
   </div>
   <div class='ocr_carea' id='block_1_9' title="bbox 111 318 897 354">
    <p class='ocr_par' dir='ltr' id='par_1_9' title="bbox 111 318 897 354">
     <span class='ocr_line' id='line_1_9' title="bbox 111 318 897 354; baseline 0.001 -10"><span class='ocrx_word' id='word_1_48' title='bbox 111 319 200 344; x_wconf 85' lang='grc' dir='ltr'>ἐκεῖνο</span> <span class='ocrx_word' id='word_1_49' title='bbox 214 318 345 353; x_wconf 80' lang='grc' dir='ltr'>σπαρτιον</span> <span class='ocrx_word' id='word_1_50' title='bbox 366 318 511 353; x_wconf 80' lang='grc' dir='ltr'>εὐπρεπῶς</span> <span class='ocrx_word' id='word_1_51' title='bbox 529 319 714 350; x_wconf 78' lang='grc' dir='ltr'>ἐπανθίζεται.</span> <span class='ocrx_word' id='word_1_52' title='bbox 739 318 897 354; x_wconf 80' lang='grc' dir='ltr'>Ἀρέσκεται</span> 
     </span>
    </p>
   </div>
   <div class='ocr_carea' id='block_1_10' title="bbox 109 362 898 398">
    <p class='ocr_par' dir='ltr' id='par_1_10' title="bbox 109 362 898 398">
     <span class='ocr_line' id='line_1_10' title="bbox 109 362 898 398; baseline 0.003 -10"><span class='ocrx_word' id='word_1_53' title='bbox 109 362 139 388; x_wconf 78' lang='grc' dir='ltr'><strong>δὲ</strong></span> <span class='ocrx_word' id='word_1_54' title='bbox 154 362 222 397; x_wconf 81' lang='grc' dir='ltr'>μετὰ</span> <span class='ocrx_word' id='word_1_55' title='bbox 236 362 286 398; x_wconf 85' lang='grc' dir='ltr'><strong>τὴν</strong></span> <span class='ocrx_word' id='word_1_56' title='bbox 306 362 353 389; x_wconf 79' lang='grc' dir='ltr'>τοῦ</span> <span class='ocrx_word' id='word_1_57' title='bbox 368 363 502 397; x_wconf 81' lang='grc' dir='ltr'>στόματος</span> <span class='ocrx_word' id='word_1_58' title='bbox 518 363 592 397; x_wconf 86' lang='grc' dir='ltr'>ὥραν</span> <span class='ocrx_word' id='word_1_59' title='bbox 606 364 620 390; x_wconf 84' lang='grc' dir='ltr'>ὁ</span> <span class='ocrx_word' id='word_1_60' title='bbox 641 363 756 398; x_wconf 60' lang='grc' dir='ltr'>νυμφίος</span> <span class='ocrx_word' id='word_1_61' title='bbox 766 383 773 395; x_wconf 86' lang='grc'><strong>,</strong></span> <span class='ocrx_word' id='word_1_62' title='bbox 793 363 840 390; x_wconf 76' lang='grc' dir='ltr'>καὶ</span> <span class='ocrx_word' id='word_1_63' title='bbox 858 363 898 398; x_wconf 79' lang='grc' dir='ltr'>τῷ</span> 
     </span>
    </p>
   </div>
   <div class='ocr_carea' id='block_1_11' title="bbox 111 408 897 444">
    <p class='ocr_par' dir='ltr' id='par_1_11' title="bbox 111 408 897 444">
     <span class='ocr_line' id='line_1_11' title="bbox 111 408 897 444; baseline 0 -9"><span class='ocrx_word' id='word_1_64' title='bbox 111 409 159 443; x_wconf 83' lang='grc' dir='ltr'>τῆς</span> <span class='ocrx_word' id='word_1_65' title='bbox 173 409 289 444; x_wconf 84' lang='grc' dir='ltr'>παρειᾶς</span> <span class='ocrx_word' id='word_1_66' title='bbox 304 408 468 444; x_wconf 80' lang='grc' dir='ltr'><strong>ἐρυθήματι.</strong></span> <span class='ocrx_word' id='word_1_67' title='bbox 480 409 574 444; x_wconf 81' lang='grc' dir='ltr'><strong>Μῆλον</strong></span> <span class='ocrx_word' id='word_1_68' title='bbox 592 409 619 436; x_wconf 83' lang='grc' dir='ltr'><strong>δὲ</strong></span> <span class='ocrx_word' id='word_1_69' title='bbox 633 409 711 436; x_wconf 75' lang='grc' dir='ltr'>τοῦτο</span> <span class='ocrx_word' id='word_1_70' title='bbox 728 408 776 436; x_wconf 82' lang='grc' dir='ltr'><strong>τοῦ</strong></span> <span class='ocrx_word' id='word_1_71' title='bbox 789 408 897 444; x_wconf 86' lang='grc' dir='ltr'>προσώ-</span> 
     </span>
    </p>
   </div>
   <div class='ocr_carea' id='block_1_12' title="bbox 110 454 896 490">
    <p class='ocr_par' dir='ltr' id='par_1_12' title="bbox 110 454 896 490">
     <span class='ocr_line' id='line_1_12' title="bbox 110 454 896 490; baseline 0.001 -11"><span class='ocrx_word' id='word_1_72' title='bbox 110 462 161 480; x_wconf 83' lang='grc' dir='ltr'><strong>που</strong></span> <span class='ocrx_word' id='word_1_73' title='bbox 183 454 212 480; x_wconf 83' lang='grc' dir='ltr'><strong>τὸ</strong></span> <span class='ocrx_word' id='word_1_74' title='bbox 237 455 319 490; x_wconf 83' lang='grc' dir='ltr'><strong>μέρος</strong></span> <span class='ocrx_word' id='word_1_75' title='bbox 341 455 373 481; x_wconf 86' lang='grc' dir='ltr'><strong>ἐκ</strong></span> <span class='ocrx_word' id='word_1_76' title='bbox 390 454 585 489; x_wconf 83' lang='grc' dir='ltr'>καταχρήσεως</span> <span class='ocrx_word' id='word_1_77' title='bbox 608 454 687 481; x_wconf 82' lang='grc' dir='ltr'>καλεῖ</span> <span class='ocrx_word' id='word_1_78' title='bbox 715 456 731 489; x_wconf 85' lang='grc' dir='ltr'>ὴ</span> <span class='ocrx_word' id='word_1_79' title='bbox 757 455 896 490; x_wconf 81' lang='grc' dir='ltr'>συνήθεια.</span> 
     </span>
    </p>
   </div>
   <div class='ocr_carea' id='block_1_13' title="bbox 108 500 897 536">
    <p class='ocr_par' dir='ltr' id='par_1_13' title="bbox 108 500 897 536">
     <span class='ocr_line' id='line_1_13' title="bbox 108 500 897 536; baseline 0.001 -10"><span class='ocrx_word' id='word_1_80' title='bbox 108 500 288 535; x_wconf 80' lang='grc' dir='ltr'>-Προσεικάζει</span> <span class='ocrx_word' id='word_1_81' title='bbox 301 501 390 527; x_wconf 85' lang='grc' dir='ltr'>τοίνυν</span> <span class='ocrx_word' id='word_1_82' title='bbox 403 500 434 527; x_wconf 71' lang='grc' dir='ltr'><strong>τὸ</strong></span> <span class='ocrx_word' id='word_1_83' title='bbox 451 501 500 535; x_wconf 80' lang='grc' dir='ltr'>τῆς</span> <span class='ocrx_word' id='word_1_84' title='bbox 514 501 629 536; x_wconf 79' lang='grc' dir='ltr'>παρειᾶς</span> <span class='ocrx_word' id='word_1_85' title='bbox 643 501 727 536; x_wconf 83' lang='grc' dir='ltr'>μῆλον</span> <span class='ocrx_word' id='word_1_86' title='bbox 740 501 779 536; x_wconf 87' lang='grc' dir='ltr'>τῷ</span> <span class='ocrx_word' id='word_1_87' title='bbox 788 501 897 536; x_wconf 87' lang='grc' dir='ltr'>λεπύρῳ</span> 
     </span>
    </p>
   </div>
   <div class='ocr_carea' id='block_1_14' title="bbox 110 545 896 582">
    <p class='ocr_par' dir='ltr' id='par_1_14' title="bbox 110 545 896 582">
     <span class='ocr_line' id='line_1_14' title="bbox 110 545 896 582; baseline 0 -10"><span class='ocrx_word' id='word_1_88' title='bbox 110 547 158 581; x_wconf 86' lang='grc' dir='ltr'>τῆς</span> <span class='ocrx_word' id='word_1_89' title='bbox 169 546 248 581; x_wconf 69' lang='grc' dir='ltr'>ῥόας,</span> <span class='ocrx_word' id='word_1_90' title='bbox 259 546 367 582; x_wconf 76' lang='grc' dir='ltr'>γράψας</span> <span class='ocrx_word' id='word_1_91' title='bbox 381 545 452 572; x_wconf 70' lang='grc' dir='ltr'>οὕτω</span> <span class='ocrx_word' id='word_1_92' title='bbox 463 546 508 572; x_wconf 79' lang='grc' dir='ltr'>τὸν</span> <span class='ocrx_word' id='word_1_93' title='bbox 519 546 628 573; x_wconf 84' lang='grc' dir='ltr'>ἐπαινον</span> <span class='ocrx_word' id='word_1_94' title='bbox 635 546 717 575; x_wconf 78' lang='grc' dir='ltr'>αὑτοῦ</span> <span class='ocrx_word' id='word_1_95' title='bbox 728 547 774 573; x_wconf 75' lang='grc' dir='ltr'><strong>ἐπὶ</strong></span> <span class='ocrx_word' id='word_1_96' title='bbox 783 546 880 579; x_wconf 73' lang='grc' dir='ltr'>λέξεως</span> <span class='ocrx_word' id='word_1_97' title='bbox 888 554 896 561; x_wconf 90' lang='grc'><strong>·</strong></span> 
     </span>
    </p>
   </div>
   <div class='ocr_carea' id='block_1_15' title="bbox 116 590 898 626">
    <p class='ocr_par' dir='ltr' id='par_1_15' title="bbox 116 590 898 626">
     <span class='ocr_line' id='line_1_15' title="bbox 116 590 898 626; baseline 0 -8"><span class='ocrx_word' id='word_1_98' title='bbox 116 591 163 624; x_wconf 82' lang='grc' dir='ltr'>Ὠς</span> <span class='ocrx_word' id='word_1_99' title='bbox 173 591 308 624; x_wconf 71' lang='grc' dir='ltr'>λέπυρον</span> <span class='ocrx_word' id='word_1_100' title='bbox 318 591 394 625; x_wconf 81' lang='grc' dir='ltr'><strong>ρόας</strong></span> <span class='ocrx_word' id='word_1_101' title='bbox 403 590 503 626; x_wconf 79' lang='grc' dir='ltr'>μῆλόν</span> <span class='ocrx_word' id='word_1_102' title='bbox 517 598 575 618; x_wconf 85' lang='grc' dir='ltr'><strong>σου</strong></span> <span class='ocrx_word' id='word_1_103' title='bbox 585 611 592 624; x_wconf 86' lang='grc'>,</span> <span class='ocrx_word' id='word_1_104' title='bbox 607 591 694 624; x_wconf 79' lang='grc' dir='ltr'>ἐκτὸς</span> <span class='ocrx_word' id='word_1_105' title='bbox 712 590 767 625; x_wconf 79' lang='grc' dir='ltr'><strong>τῆς</strong></span> <span class='ocrx_word' id='word_1_106' title='bbox 784 591 898 622; x_wconf 77' lang='grc' dir='ltr'>σιωπή-</span> 
     </span>
    </p>
   </div>
   <div class='ocr_carea' id='block_1_16' title="bbox 109 637 266 670">
    <p class='ocr_par' dir='ltr' id='par_1_16' title="bbox 109 637 266 670">
     <span class='ocr_line' id='line_1_16' title="bbox 109 637 266 670; baseline -0.006 -6"><span class='ocrx_word' id='word_1_107' title='bbox 109 637 186 670; x_wconf 82' lang='grc' dir='ltr'><strong>σεώς</strong></span> <span class='ocrx_word' id='word_1_108' title='bbox 198 645 266 664; x_wconf 89' lang='grc' dir='ltr'>σου.</span> 
     </span>
    </p>
   </div>
   <div class='ocr_carea' id='block_1_17' title="bbox 145 679 898 717">
    <p class='ocr_par' dir='ltr' id='par_1_17' title="bbox 145 679 898 717">
     <span class='ocr_line' id='line_1_17' title="bbox 145 679 898 717; baseline -0.003 -9"><span class='ocrx_word' id='word_1_109' title='bbox 145 682 206 708; x_wconf 85' lang='grc' dir='ltr'><strong>Ὅτι</strong></span> <span class='ocrx_word' id='word_1_110' title='bbox 231 681 280 717; x_wconf 87' lang='grc' dir='ltr'><strong>μέν</strong></span> <span class='ocrx_word' id='word_1_111' title='bbox 300 679 347 708; x_wconf 83' lang='grc' dir='ltr'>οὖν</span> <span class='ocrx_word' id='word_1_112' title='bbox 367 680 448 712; x_wconf 83' lang='grc' dir='ltr'>αἰδώς</span> <span class='ocrx_word' id='word_1_113' title='bbox 464 681 522 707; x_wconf 78' lang='grc' dir='ltr'>ἐστι</span> <span class='ocrx_word' id='word_1_114' title='bbox 542 681 572 707; x_wconf 80' lang='grc' dir='ltr'>τὸ</span> <span class='ocrx_word' id='word_1_115' title='bbox 593 682 798 716; x_wconf 81' lang='grc' dir='ltr'>ἐπαινούμενον,</span> <span class='ocrx_word' id='word_1_116' title='bbox 815 680 898 706; x_wconf 77' lang='grc' dir='ltr'>παντὶ</span> 
     </span>
    </p>
   </div>
   <div class='ocr_carea' id='block_1_18' title="bbox 109 726 897 763">
    <p class='ocr_par' dir='ltr' id='par_1_18' title="bbox 109 726 897 763">
     <span class='ocr_line' id='line_1_18' title="bbox 109 726 897 763; baseline -0.001 -10"><span class='ocrx_word' id='word_1_117' title='bbox 109 727 201 763; x_wconf 74' lang='grc' dir='ltr'>ῥᾴδιον</span> <span class='ocrx_word' id='word_1_118' title='bbox 218 727 250 753; x_wconf 84' lang='grc' dir='ltr'><strong>ἐκ</strong></span> <span class='ocrx_word' id='word_1_119' title='bbox 266 727 317 761; x_wconf 85' lang='grc' dir='ltr'>τῆς</span> <span class='ocrx_word' id='word_1_120' title='bbox 336 727 496 758; x_wconf 74' lang='grc' dir='ltr'><strong>ἀκολουθίας</strong></span> <span class='ocrx_word' id='word_1_121' title='bbox 521 727 574 754; x_wconf 83' lang='grc' dir='ltr'>τῶν</span> <span class='ocrx_word' id='word_1_122' title='bbox 593 726 805 762; x_wconf 77' lang='grc' dir='ltr'>τεθεωρημένων</span> <span class='ocrx_word' id='word_1_123' title='bbox 825 726 897 759; x_wconf 84' lang='grc' dir='ltr'>λογί-</span> 
     </span>
    </p>
   </div>
   <div class='ocr_carea' id='block_1_19' title="bbox 110 771 898 808">
    <p class='ocr_par' dir='ltr' id='par_1_19' title="bbox 110 771 898 808">
     <span class='ocr_line' id='line_1_19' title="bbox 110 771 898 808; baseline -0.003 -9"><span class='ocrx_word' id='word_1_124' title='bbox 110 773 217 800; x_wconf 74' lang='grc' dir='ltr'>σασθαι.</span> <span class='ocrx_word' id='word_1_125' title='bbox 237 773 469 808; x_wconf 75' lang='grc' dir='ltr'>Σωματοποιήσας</span> <span class='ocrx_word' id='word_1_126' title='bbox 486 772 541 808; x_wconf 75' lang='grc' dir='ltr'>γὰρ</span> <span class='ocrx_word' id='word_1_127' title='bbox 563 772 612 807; x_wconf 81' lang='grc' dir='ltr'>τὴν</span> <span class='ocrx_word' id='word_1_128' title='bbox 637 771 799 807; x_wconf 78' lang='grc' dir='ltr'><strong>Ἐκκλησίαν</strong></span> <span class='ocrx_word' id='word_1_129' title='bbox 815 772 829 798; x_wconf 83' lang='grc' dir='ltr'>ὁ</span> <span class='ocrx_word' id='word_1_130' title='bbox 850 771 898 798; x_wconf 91' lang='grc' dir='ltr'><strong>Λό-</strong></span> 
     </span>
    </p>
   </div>
   <div class='ocr_carea' id='block_1_20' title="bbox 947 179 1737 215">
    <p class='ocr_par' dir='ltr' id='par_1_20' title="bbox 947 179 1737 215">
     <span class='ocr_line' id='line_1_20' title="bbox 947 179 1737 215; baseline -0.001 -8"><span class='ocrx_word' id='word_1_131' title='bbox 947 185 1086 207; x_wconf 87' lang='lat' dir='ltr'><strong>estautem</strong></span> <span class='ocrx_word' id='word_1_132' title='bbox 1099 179 1212 214; x_wconf 85' lang='lat' dir='ltr'><strong>pulcher</strong></span> <span class='ocrx_word' id='word_1_133' title='bbox 1227 187 1327 210; x_wconf 82' lang='lat' dir='ltr'><strong>sermo.</strong></span> <span class='ocrx_word' id='word_1_134' title='bbox 1349 188 1396 214; x_wconf 89' lang='lat' dir='ltr'><strong>per</strong></span> <span class='ocrx_word' id='word_1_135' title='bbox 1413 187 1494 215; x_wconf 85' lang='lat' dir='ltr'><strong>quem</strong></span> <span class='ocrx_word' id='word_1_136' title='bbox 1510 179 1586 206; x_wconf 89' lang='lat' dir='ltr'><strong>labra</strong></span> <span class='ocrx_word' id='word_1_137' title='bbox 1607 179 1737 207; x_wconf 71' lang='lat' dir='ltr'><strong>Ecclesia:</strong></span> 
     </span>
    </p>
   </div>
   <div class='ocr_carea' id='block_1_21' title="bbox 948 223 1736 260">
    <p class='ocr_par' dir='ltr' id='par_1_21' title="bbox 948 223 1736 260">
     <span class='ocr_line' id='line_1_21' title="bbox 948 223 1736 260; baseline -0.001 -8"><span class='ocrx_word' id='word_1_138' title='bbox 948 225 1045 252; x_wconf 85' lang='lat' dir='ltr'><strong>decore</strong></span> <span class='ocrx_word' id='word_1_139' title='bbox 1063 229 1125 253; x_wconf 86' lang='lat' dir='ltr'><strong>sunt</strong></span> <span class='ocrx_word' id='word_1_140' title='bbox 1141 223 1237 252; x_wconf 79' lang='lat' dir='ltr'><strong>ﬂorida</strong></span> <span class='ocrx_word' id='word_1_141' title='bbox 1259 225 1302 252; x_wconf 83' lang='lat' dir='ltr'><strong>ﬁlo</strong></span> <span class='ocrx_word' id='word_1_142' title='bbox 1320 225 1366 252; x_wconf 89' lang='lat' dir='ltr'><strong>illo</strong></span> <span class='ocrx_word' id='word_1_143' title='bbox 1382 233 1538 260; x_wconf 87' lang='lat' dir='ltr'><strong>purpureo;</strong></span> <span class='ocrx_word' id='word_1_144' title='bbox 1566 225 1623 252; x_wconf 91' lang='lat' dir='ltr'><strong>oris</strong></span> <span class='ocrx_word' id='word_1_145' title='bbox 1646 229 1736 252; x_wconf 83' lang='lat' dir='ltr'><strong>autem</strong></span> 
     </span>
    </p>
   </div>
   <div class='ocr_carea' id='block_1_22' title="bbox 948 270 1737 305">
    <p class='ocr_par' dir='ltr' id='par_1_22' title="bbox 948 270 1737 305">
     <span class='ocr_line' id='line_1_22' title="bbox 948 270 1737 305; baseline 0 -8"><span class='ocrx_word' id='word_1_146' title='bbox 948 271 1066 304; x_wconf 82' lang='lat' dir='ltr'><strong>speciem</strong></span> <span class='ocrx_word' id='word_1_147' title='bbox 1081 277 1113 297; x_wconf 85' lang='lat' dir='ltr'><strong>ac</strong></span> <span class='ocrx_word' id='word_1_148' title='bbox 1125 270 1250 297; x_wconf 81' lang='lat' dir='ltr'><strong>decorem</strong></span> <span class='ocrx_word' id='word_1_149' title='bbox 1262 274 1345 301; x_wconf 84' lang='lat' dir='ltr'><strong>amat,</strong></span> <span class='ocrx_word' id='word_1_150' title='bbox 1360 271 1509 298; x_wconf 73' lang='lat' dir='ltr'><strong>delectatur</strong></span> <span class='ocrx_word' id='word_1_151' title='bbox 1521 271 1604 298; x_wconf 84' lang='lat' dir='ltr'><strong>etiam</strong></span> <span class='ocrx_word' id='word_1_152' title='bbox 1619 278 1737 305; x_wconf 82' lang='lat' dir='ltr'><strong>sponsus</strong></span> 
     </span>
    </p>
   </div>
   <div class='ocr_carea' id='block_1_23' title="bbox 947 316 1736 351">
    <p class='ocr_par' dir='ltr' id='par_1_23' title="bbox 947 316 1736 351">
     <span class='ocr_line' id='line_1_23' title="bbox 947 316 1736 351; baseline 0.001 -9"><span class='ocrx_word' id='word_1_153' title='bbox 947 316 1048 344; x_wconf 82' lang='lat' dir='ltr'><strong>rubore</strong></span> <span class='ocrx_word' id='word_1_154' title='bbox 1063 324 1148 351; x_wconf 70' lang='lat' dir='ltr'><strong>genae.</strong></span> <span class='ocrx_word' id='word_1_155' title='bbox 1175 316 1250 343; x_wconf 91' lang='lat' dir='ltr'><strong>Illam</strong></span> <span class='ocrx_word' id='word_1_156' title='bbox 1270 320 1359 344; x_wconf 82' lang='lat' dir='ltr'><strong>autem</strong></span> <span class='ocrx_word' id='word_1_157' title='bbox 1379 321 1482 351; x_wconf 89' lang='lat' dir='ltr'><strong>partem</strong></span> <span class='ocrx_word' id='word_1_158' title='bbox 1508 316 1587 344; x_wconf 79' lang='lat' dir='ltr'><strong>faciei</strong></span> <span class='ocrx_word' id='word_1_159' title='bbox 1604 324 1652 350; x_wconf 85' lang='lat' dir='ltr'><strong>per</strong></span> <span class='ocrx_word' id='word_1_160' title='bbox 1669 316 1736 343; x_wconf 79' lang='lat' dir='ltr'><strong>abu~</strong></span> 
     </span>
    </p>
   </div>
   <div class='ocr_carea' id='block_1_24' title="bbox 948 361 1738 397">
    <p class='ocr_par' dir='ltr' id='par_1_24' title="bbox 948 361 1738 397">
     <span class='ocr_line' id='line_1_24' title="bbox 948 361 1738 397; baseline -0.001 -9"><span class='ocrx_word' id='word_1_161' title='bbox 948 368 1008 388; x_wconf 90' lang='lat' dir='ltr'><strong>sum</strong></span> <span class='ocrx_word' id='word_1_162' title='bbox 1024 366 1105 388; x_wconf 87' lang='lat' dir='ltr'><strong>vocat</strong></span> <span class='ocrx_word' id='word_1_163' title='bbox 1122 362 1215 397; x_wconf 80' lang='grc' dir='ltr'>μῆλον,</span> <span class='ocrx_word' id='word_1_164' title='bbox 1239 361 1266 388; x_wconf 90' lang='lat' dir='ltr'><strong>id</strong></span> <span class='ocrx_word' id='word_1_165' title='bbox 1279 366 1330 392; x_wconf 87' lang='lat' dir='ltr'><strong>est,</strong></span> <span class='ocrx_word' id='word_1_166' title='bbox 1352 361 1452 388; x_wconf 86' lang='lat' dir='ltr'><strong>malum</strong></span> <span class='ocrx_word' id='word_1_167' title='bbox 1473 368 1520 389; x_wconf 79' lang='lat' dir='ltr'><strong>seu</strong></span> <span class='ocrx_word' id='word_1_168' title='bbox 1535 369 1655 396; x_wconf 80' lang='lat' dir='ltr'><strong>pomum,</strong></span> <span class='ocrx_word' id='word_1_169' title='bbox 1671 369 1738 387; x_wconf 83' lang='lat' dir='ltr'><strong>eon-</strong></span> 
     </span>
    </p>
   </div>
   <div class='ocr_carea' id='block_1_25' title="bbox 948 405 1736 442">
    <p class='ocr_par' dir='ltr' id='par_1_25' title="bbox 948 405 1736 442">
     <span class='ocr_line' id='line_1_25' title="bbox 948 405 1736 442; baseline 0.001 -11"><span class='ocrx_word' id='word_1_170' title='bbox 948 405 1075 432; x_wconf 90' lang='lat' dir='ltr'><strong>suetudo.</strong></span> <span class='ocrx_word' id='word_1_171' title='bbox 1097 406 1238 433; x_wconf 80' lang='lat' dir='ltr'><strong>Assimilat</strong></span> <span class='ocrx_word' id='word_1_172' title='bbox 1261 414 1327 442; x_wconf 77' lang='lat' dir='ltr'><strong>ergo</strong></span> <span class='ocrx_word' id='word_1_173' title='bbox 1342 414 1417 441; x_wconf 67' lang='lat' dir='ltr'><strong>gena:</strong></span> <span class='ocrx_word' id='word_1_174' title='bbox 1432 407 1532 434; x_wconf 84' lang='lat' dir='ltr'><strong>malum</strong></span> <span class='ocrx_word' id='word_1_175' title='bbox 1549 406 1644 434; x_wconf 86' lang='lat' dir='ltr'><strong>cortici</strong></span> <span class='ocrx_word' id='word_1_176' title='bbox 1671 407 1736 433; x_wconf 91' lang='lat' dir='ltr'><strong>mali</strong></span> 
     </span>
    </p>
   </div>
   <div class='ocr_carea' id='block_1_26' title="bbox 950 450 1735 486">
    <p class='ocr_par' dir='ltr' id='par_1_26' title="bbox 950 450 1735 486">
     <span class='ocr_line' id='line_1_26' title="bbox 950 450 1735 486; baseline 0.003 -10"><span class='ocrx_word' id='word_1_177' title='bbox 950 450 1054 484; x_wconf 91' lang='lat' dir='ltr'><strong>punici,</strong></span> <span class='ocrx_word' id='word_1_178' title='bbox 1069 450 1129 485; x_wconf 83' lang='lat' dir='ltr'><strong>ejus</strong></span> <span class='ocrx_word' id='word_1_179' title='bbox 1147 451 1254 479; x_wconf 86' lang='lat' dir='ltr'><strong>laudem</strong></span> <span class='ocrx_word' id='word_1_180' title='bbox 1269 451 1393 480; x_wconf 80' lang='lat' dir='ltr'><strong>scribens</strong></span> <span class='ocrx_word' id='word_1_181' title='bbox 1408 451 1451 478; x_wconf 88' lang='lat' dir='ltr'><strong>his</strong></span> <span class='ocrx_word' id='word_1_182' title='bbox 1471 452 1579 479; x_wconf 85' lang='lat' dir='ltr'><strong>verbis:</strong></span> <span class='ocrx_word' id='word_1_183' title='bbox 1597 451 1735 486; x_wconf 84' lang='lat' dir='ltr'><strong>Tanquam</strong></span> 
     </span>
    </p>
   </div>
   <div class='ocr_carea' id='block_1_27' title="bbox 947 497 1736 533">
    <p class='ocr_par' dir='ltr' id='par_1_27' title="bbox 947 497 1736 533">
     <span class='ocr_line' id='line_1_27' title="bbox 947 497 1736 533; baseline 0.001 -11"><span class='ocrx_word' id='word_1_184' title='bbox 947 501 1039 523; x_wconf 66' lang='lat' dir='ltr'><strong>cortex</strong></span> <span class='ocrx_word' id='word_1_185' title='bbox 1073 497 1138 524; x_wconf 78' lang='lat' dir='ltr'><strong>mali</strong></span> <span class='ocrx_word' id='word_1_186' title='bbox 1176 498 1263 532; x_wconf 76' lang='lat' dir='ltr'><strong>punici</strong></span> <span class='ocrx_word' id='word_1_187' title='bbox 1304 505 1369 533; x_wconf 80' lang='lat' dir='ltr'><strong>gena</strong></span> <span class='ocrx_word' id='word_1_188' title='bbox 1408 503 1452 524; x_wconf 83' lang='lat' dir='ltr'><strong>tua</strong></span> <span class='ocrx_word' id='word_1_189' title='bbox 1495 502 1572 525; x_wconf 70' lang='lat' dir='ltr'><strong>extra</strong></span> <span class='ocrx_word' id='word_1_190' title='bbox 1602 498 1736 524; x_wconf 78' lang='lat' dir='ltr'><strong>silentium</strong></span> 
     </span>
    </p>
   </div>
   <div class='ocr_carea' id='block_1_28' title="bbox 947 547 1032 570">
    <p class='ocr_par' dir='ltr' id='par_1_28' title="bbox 947 547 1032 570">
     <span class='ocr_line' id='line_1_28' title="bbox 947 547 1032 570; baseline 0.024 -2"><span class='ocrx_word' id='word_1_191' title='bbox 947 547 1032 570; x_wconf 79' lang='lat' dir='ltr'><strong>tuum.</strong></span> 
     </span>
    </p>
   </div>
   <div class='ocr_carea' id='block_1_29' title="bbox 984 681 1736 717">
    <p class='ocr_par' dir='ltr' id='par_1_29' title="bbox 984 681 1736 717">
     <span class='ocr_line' id='line_1_29' title="bbox 984 681 1736 717; baseline 0.003 -10"><span class='ocrx_word' id='word_1_192' title='bbox 984 681 1073 716; x_wconf 77' lang='lat' dir='ltr'><strong>Atque</strong></span> <span class='ocrx_word' id='word_1_193' title='bbox 1087 681 1159 716; x_wconf 90' lang='lat' dir='ltr'><strong>quod</strong></span> <span class='ocrx_word' id='word_1_194' title='bbox 1179 681 1269 717; x_wconf 85' lang='lat' dir='ltr'><strong>pudor</strong></span> <span class='ocrx_word' id='word_1_195' title='bbox 1283 681 1393 717; x_wconf 86' lang='lat' dir='ltr'><strong>quidem</strong></span> <span class='ocrx_word' id='word_1_196' title='bbox 1410 682 1446 710; x_wconf 88' lang='lat' dir='ltr'><strong>sit</strong></span> <span class='ocrx_word' id='word_1_197' title='bbox 1465 682 1490 709; x_wconf 93' lang='lat' dir='ltr'><strong>id</strong></span> <span class='ocrx_word' id='word_1_198' title='bbox 1504 682 1575 716; x_wconf 88' lang='lat' dir='ltr'><strong>quod</strong></span> <span class='ocrx_word' id='word_1_199' title='bbox 1600 683 1736 714; x_wconf 81' lang='lat' dir='ltr'><strong>laudatur,</strong></span> 
     </span>
    </p>
   </div>
   <div class='ocr_carea' id='block_1_30' title="bbox 949 726 1737 762">
    <p class='ocr_par' dir='ltr' id='par_1_30' title="bbox 949 726 1737 762">
     <span class='ocr_line' id='line_1_30' title="bbox 949 726 1737 762; baseline 0.001 -9"><span class='ocrx_word' id='word_1_200' title='bbox 949 726 1036 753; x_wconf 88' lang='lat' dir='ltr'><strong>cuivis</strong></span> <span class='ocrx_word' id='word_1_201' title='bbox 1053 726 1132 754; x_wconf 73' lang='lat' dir='ltr'><strong>facile</strong></span> <span class='ocrx_word' id='word_1_202' title='bbox 1145 730 1186 754; x_wconf 88' lang='lat' dir='ltr'><strong>est</strong></span> <span class='ocrx_word' id='word_1_203' title='bbox 1200 727 1374 754; x_wconf 84' lang='lat' dir='ltr'><strong>considerare</strong></span> <span class='ocrx_word' id='word_1_204' title='bbox 1383 734 1414 754; x_wconf 89' lang='lat' dir='ltr'><strong>ex</strong></span> <span class='ocrx_word' id='word_1_205' title='bbox 1429 727 1625 762; x_wconf 74' lang='lat' dir='ltr'><strong>consequentia</strong></span> <span class='ocrx_word' id='word_1_206' title='bbox 1643 735 1737 754; x_wconf 90' lang='lat' dir='ltr'><strong>eorum</strong></span> 
     </span>
    </p>
   </div>
   <div class='ocr_carea' id='block_1_31' title="bbox 949 773 1740 808">
    <p class='ocr_par' dir='ltr' id='par_1_31' title="bbox 949 773 1740 808">
     <span class='ocr_line' id='line_1_31' title="bbox 949 773 1740 808; baseline 0.001 -9"><span class='ocrx_word' id='word_1_207' title='bbox 949 779 1011 806; x_wconf 79' lang='lat' dir='ltr'><strong>qua:</strong></span> <span class='ocrx_word' id='word_1_208' title='bbox 1030 776 1094 799; x_wconf 85' lang='lat' dir='ltr'><strong>sunt</strong></span> <span class='ocrx_word' id='word_1_209' title='bbox 1106 773 1288 800; x_wconf 84' lang='lat' dir='ltr'><strong>considerata.</strong></span> <span class='ocrx_word' id='word_1_210' title='bbox 1302 773 1368 800; x_wconf 88' lang='lat' dir='ltr'><strong>Nam</strong></span> <span class='ocrx_word' id='word_1_211' title='bbox 1383 781 1445 800; x_wconf 89' lang='lat' dir='ltr'><strong>eum</strong></span> <span class='ocrx_word' id='word_1_212' title='bbox 1461 773 1580 801; x_wconf 81' lang='lat' dir='ltr'><strong>Verbum</strong></span> <span class='ocrx_word' id='word_1_213' title='bbox 1598 781 1740 808; x_wconf 89' lang='lat' dir='ltr'><strong>corporas-</strong></span> 
     </span>
    </p>
   </div>
   <div class='ocr_carea' id='block_1_32' title="bbox 115 814 899 854">
    <p class='ocr_par' dir='ltr' id='par_1_32' title="bbox 115 816 896 854">
     <span class='ocr_line' id='line_1_32' title="bbox 115 816 896 854; baseline -0.003 -9"><span class='ocrx_word' id='word_1_214' title='bbox 115 827 157 853; x_wconf 69' lang='grc' dir='ltr'>(ος</span> <span class='ocrx_word' id='word_1_215' title='bbox 174 820 214 850; x_wconf 81' lang='grc' dir='ltr'><strong>είς</strong></span> <span class='ocrx_word' id='word_1_216' title='bbox 227 819 258 845; x_wconf 82' lang='grc' dir='ltr'><strong>τὺ</strong></span> <span class='ocrx_word' id='word_1_217' title='bbox 274 819 324 854; x_wconf 81' lang='grc' dir='ltr'>τῆς</span> <span class='ocrx_word' id='word_1_218' title='bbox 344 818 453 854; x_wconf 70' lang='grc' dir='ltr'>νύμφης</span> <span class='ocrx_word' id='word_1_219' title='bbox 467 816 536 850; x_wconf 79' lang='grc' dir='ltr'>εἶδος</span> <span class='ocrx_word' id='word_1_220' title='bbox 546 837 552 849; x_wconf 87' lang='grc'><strong><em>,</em></strong></span> <span class='ocrx_word' id='word_1_221' title='bbox 573 818 621 844; x_wconf 74' lang='grc' dir='ltr'>καὶ</span> <span class='ocrx_word' id='word_1_222' title='bbox 642 818 692 849; x_wconf 75' lang='grc' dir='ltr'><strong>τὰς</strong></span> <span class='ocrx_word' id='word_1_223' title='bbox 707 817 767 843; x_wconf 85' lang='grc' dir='ltr'>καθ’</span> <span class='ocrx_word' id='word_1_224' title='bbox 783 817 896 844; x_wconf 77' lang='grc' dir='ltr'>ἕκαστον</span> 
     </span>
    </p>
   </div>
   <div class='ocr_carea' id='block_1_33' title="bbox 951 814 1734 854">
    <p class='ocr_par' dir='ltr' id='par_1_33' title="bbox 951 817 1734 853">
     <span class='ocr_line' id='line_1_33' title="bbox 951 817 1734 853; baseline -0.001 -8"><span class='ocrx_word' id='word_1_225' title='bbox 951 823 989 845; x_wconf 81' lang='lat' dir='ltr'><strong>set</strong></span> <span class='ocrx_word' id='word_1_226' title='bbox 1008 817 1160 845; x_wconf 85' lang='lat' dir='ltr'><strong>Ec&#39;clesiam</strong></span> <span class='ocrx_word' id='word_1_227' title='bbox 1183 818 1211 845; x_wconf 95' lang='lat' dir='ltr'><strong>iu</strong></span> <span class='ocrx_word' id='word_1_228' title='bbox 1235 818 1351 845; x_wconf 87' lang='lat' dir='ltr'><strong>formam</strong></span> <span class='ocrx_word' id='word_1_229' title='bbox 1377 826 1496 853; x_wconf 65' lang='lat' dir='ltr'><strong>sponsae,</strong></span> <span class='ocrx_word' id='word_1_230' title='bbox 1516 823 1545 846; x_wconf 84' lang='lat' dir='ltr'><strong>et</strong></span> <span class='ocrx_word' id='word_1_231' title='bbox 1563 819 1734 853; x_wconf 77' lang='lat' dir='ltr'><strong>singularum</strong></span> 
     </span>
    </p>
   </div>
   <div class='ocr_carea' id='block_1_34' title="bbox 109 861 895 900">
    <p class='ocr_par' dir='ltr' id='par_1_34' title="bbox 109 861 895 900">
     <span class='ocr_line' id='line_1_34' title="bbox 109 861 895 900; baseline -0.005 -9"><span class='ocrx_word' id='word_1_232' title='bbox 109 864 209 899; x_wconf 81' lang='grc' dir='ltr'>ἀρετὰς</span> <span class='ocrx_word' id='word_1_233' title='bbox 219 864 392 899; x_wconf 81' lang='grc' dir='ltr'>καταλλήλως</span> <span class='ocrx_word' id='word_1_234' title='bbox 406 865 438 900; x_wconf 80' lang='grc' dir='ltr'><strong>τῇ</strong></span> <span class='ocrx_word' id='word_1_235' title='bbox 455 864 599 898; x_wconf 76' lang='grc' dir='ltr'>ὑπογραφῇ</span> <span class='ocrx_word' id='word_1_236' title='bbox 616 863 665 898; x_wconf 83' lang='grc' dir='ltr'>τῆς</span> <span class='ocrx_word' id='word_1_237' title='bbox 680 862 750 889; x_wconf 78' lang='grc' dir='ltr'>κατὰ</span> <span class='ocrx_word' id='word_1_238' title='bbox 768 862 798 888; x_wconf 83' lang='grc' dir='ltr'>τὸ</span> <span class='ocrx_word' id='word_1_239' title='bbox 810 861 895 897; x_wconf 73' lang='grc' dir='ltr'>πρόσ-</span> 
     </span>
    </p>
   </div>
   <div class='ocr_carea' id='block_1_35' title="bbox 110 908 896 946">
    <p class='ocr_par' dir='ltr' id='par_1_35' title="bbox 110 908 896 946">
     <span class='ocr_line' id='line_1_35' title="bbox 110 908 896 946; baseline -0.004 -9"><span class='ocrx_word' id='word_1_240' title='bbox 110 920 183 937; x_wconf 81' lang='grc' dir='ltr'>ωπον</span> <span class='ocrx_word' id='word_1_241' title='bbox 219 911 294 946; x_wconf 86' lang='grc' dir='ltr'>ὦρας</span> <span class='ocrx_word' id='word_1_242' title='bbox 313 910 491 945; x_wconf 76' lang='grc' dir='ltr'>ἐπιμερίσας·</span> <span class='ocrx_word' id='word_1_243' title='bbox 517 909 565 936; x_wconf 82' lang='grc' dir='ltr'>νῦν</span> <span class='ocrx_word' id='word_1_244' title='bbox 588 909 632 936; x_wconf 77' lang='grc' dir='ltr'>διὰ</span> <span class='ocrx_word' id='word_1_245' title='bbox 654 909 701 935; x_wconf 78' lang='grc' dir='ltr'>τοῦ</span> <span class='ocrx_word' id='word_1_246' title='bbox 725 908 896 944; x_wconf 77' lang='grc' dir='ltr'><strong>ἐρυθήματος</strong></span> 
     </span>
    </p>
   </div>
   <div class='ocr_carea' id='block_1_36' title="bbox 110 953 896 991">
    <p class='ocr_par' dir='ltr' id='par_1_36' title="bbox 110 953 896 991">
     <span class='ocr_line' id='line_1_36' title="bbox 110 953 896 991; baseline -0.003 -9"><span class='ocrx_word' id='word_1_247' title='bbox 110 955 156 982; x_wconf 73' lang='grc' dir='ltr'>τοῦ</span> <span class='ocrx_word' id='word_1_248' title='bbox 166 957 225 987; x_wconf 82' lang='grc' dir='ltr'>ταῖς</span> <span class='ocrx_word' id='word_1_249' title='bbox 235 956 362 991; x_wconf 80' lang='grc' dir='ltr'>παρειαῖς</span> <span class='ocrx_word' id='word_1_250' title='bbox 376 955 539 987; x_wconf 77' lang='grc' dir='ltr'>ἐπιζέοντος,</span> <span class='ocrx_word' id='word_1_251' title='bbox 556 955 716 989; x_wconf 85' lang='grc' dir='ltr'>προσφόρως</span> <span class='ocrx_word' id='word_1_252' title='bbox 733 954 838 981; x_wconf 78' lang='grc' dir='ltr'>ἐπαινεῖ</span> <span class='ocrx_word' id='word_1_253' title='bbox 848 953 896 988; x_wconf 78' lang='grc' dir='ltr'><strong>τὴν</strong></span> 
     </span>
    </p>
   </div>
   <div class='ocr_carea' id='block_1_37' title="bbox 109 998 897 1037">
    <p class='ocr_par' dir='ltr' id='par_1_37' title="bbox 109 998 897 1037">
     <span class='ocr_line' id='line_1_37' title="bbox 109 998 897 1037; baseline -0.004 -10"><span class='ocrx_word' id='word_1_254' title='bbox 109 1001 302 1037; x_wconf 71' lang='grc' dir='ltr'>σωφροσύνην,</span> <span class='ocrx_word' id='word_1_255' title='bbox 328 1000 396 1027; x_wconf 82' lang='grc' dir='ltr'>αἰδοῖ</span> <span class='ocrx_word' id='word_1_256' title='bbox 421 1000 632 1035; x_wconf 82' lang='grc' dir='ltr'>κατακοσμήσας</span> <span class='ocrx_word' id='word_1_257' title='bbox 650 1000 678 1025; x_wconf 87' lang='grc' dir='ltr'><strong>ἐν</strong></span> <span class='ocrx_word' id='word_1_258' title='bbox 695 998 733 1033; x_wconf 82' lang='grc' dir='ltr'>τῷ</span> <span class='ocrx_word' id='word_1_259' title='bbox 756 999 806 1033; x_wconf 82' lang='grc' dir='ltr'>τῆς</span> <span class='ocrx_word' id='word_1_260' title='bbox 833 999 897 1033; x_wconf 79' lang='grc' dir='ltr'>ῥόας</span> 
     </span>
    </p>
   </div>
   <div class='ocr_carea' id='block_1_38' title="bbox 109 1042 897 1082">
    <p class='ocr_par' dir='ltr' id='par_1_38' title="bbox 109 1042 897 1082">
     <span class='ocr_line' id='line_1_38' title="bbox 109 1042 897 1082; baseline -0.004 -9"><span class='ocrx_word' id='word_1_261' title='bbox 109 1047 259 1082; x_wconf 80' lang='grc' dir='ltr'>αἰνίγματι.</span> <span class='ocrx_word' id='word_1_262' title='bbox 277 1047 305 1072; x_wconf 92' lang='lat'><strong>&#39;0</strong></span> <span class='ocrx_word' id='word_1_263' title='bbox 317 1046 371 1082; x_wconf 78' lang='grc' dir='ltr'>γὰρ</span> <span class='ocrx_word' id='word_1_264' title='bbox 381 1046 485 1081; x_wconf 73' lang='grc' dir='ltr'>καρπὸς</span> <span class='ocrx_word' id='word_1_265' title='bbox 495 1042 571 1077; x_wconf 62' lang='grc' dir='ltr'>οὗτος</span> <span class='ocrx_word' id='word_1_266' title='bbox 583 1045 677 1079; x_wconf 77' lang='grc' dir='ltr'>στύφει</span> <span class='ocrx_word' id='word_1_267' title='bbox 686 1054 714 1071; x_wconf 81' lang='grc' dir='ltr'>τε</span> <span class='ocrx_word' id='word_1_268' title='bbox 725 1045 772 1072; x_wconf 78' lang='grc' dir='ltr'><strong>καὶ</strong></span> <span class='ocrx_word' id='word_1_269' title='bbox 782 1044 897 1080; x_wconf 76' lang='grc' dir='ltr'><strong>ἁδρώτῳ</strong></span> 
     </span>
    </p>
   </div>
   <div class='ocr_carea' id='block_1_39' title="bbox 110 1091 898 1128">
    <p class='ocr_par' dir='ltr' id='par_1_39' title="bbox 110 1091 898 1128">
     <span class='ocr_line' id='line_1_39' title="bbox 110 1091 898 1128; baseline -0.004 -9"><span class='ocrx_word' id='word_1_270' title='bbox 110 1094 142 1128; x_wconf 83' lang='grc' dir='ltr'><strong>τῇ</strong></span> <span class='ocrx_word' id='word_1_271' title='bbox 157 1092 301 1127; x_wconf 70' lang='grc' dir='ltr'>ἐπιφανείᾳ</span> <span class='ocrx_word' id='word_1_272' title='bbox 315 1092 483 1127; x_wconf 77' lang='grc' dir='ltr'>ἐντρέφεται.</span> <span class='ocrx_word' id='word_1_273' title='bbox 509 1091 555 1118; x_wconf 81' lang='grc' dir='ltr'><strong>Διὸ</strong></span> <span class='ocrx_word' id='word_1_274' title='bbox 574 1091 664 1122; x_wconf 82' lang='grc' dir='ltr'>καλῶς</span> <span class='ocrx_word' id='word_1_275' title='bbox 680 1099 708 1117; x_wconf 86' lang='grc' dir='ltr'>τε</span> <span class='ocrx_word' id='word_1_276' title='bbox 723 1091 769 1117; x_wconf 74' lang='grc' dir='ltr'>καὶ</span> <span class='ocrx_word' id='word_1_277' title='bbox 790 1091 898 1122; x_wconf 78' lang='grc' dir='ltr'>οἰκείως</span> 
     </span>
    </p>
   </div>
   <div class='ocr_carea' id='block_1_40' title="bbox 108 1136 898 1172">
    <p class='ocr_par' dir='ltr' id='par_1_40' title="bbox 108 1136 898 1172">
     <span class='ocr_line' id='line_1_40' title="bbox 108 1136 898 1172; baseline -0.003 -8"><span class='ocrx_word' id='word_1_278' title='bbox 108 1139 150 1169; x_wconf 74' lang='grc' dir='ltr'><strong>εἰς</strong></span> <span class='ocrx_word' id='word_1_279' title='bbox 165 1137 196 1164; x_wconf 72' lang='grc' dir='ltr'>τὸ</span> <span class='ocrx_word' id='word_1_280' title='bbox 211 1138 268 1172; x_wconf 76' lang='grc' dir='ltr'>τῆς·</span> <span class='ocrx_word' id='word_1_281' title='bbox 278 1137 454 1172; x_wconf 70' lang='grc' dir='ltr'><strong>σωφροσύνης</strong></span> <span class='ocrx_word' id='word_1_282' title='bbox 471 1137 636 1172; x_wconf 76' lang='grc' dir='ltr'>κατόρθωμα</span> <span class='ocrx_word' id='word_1_283' title='bbox 656 1137 700 1163; x_wconf 74' lang='grc' dir='ltr'>διὰ</span> <span class='ocrx_word' id='word_1_284' title='bbox 716 1137 767 1169; x_wconf 79' lang='grc' dir='ltr'>τῆς</span> <span class='ocrx_word' id='word_1_285' title='bbox 782 1136 898 1171; x_wconf 75' lang='grc' dir='ltr'><strong>θεωρίας</strong></span> 
     </span>
    </p>
   </div>
   <div class='ocr_carea' id='block_1_41' title="bbox 111 1181 898 1218">
    <p class='ocr_par' dir='ltr' id='par_1_41' title="bbox 111 1181 898 1218">
     <span class='ocr_line' id='line_1_41' title="bbox 111 1181 898 1218; baseline -0.003 -9"><span class='ocrx_word' id='word_1_286' title='bbox 111 1183 359 1218; x_wconf 59' lang='grc' dir='ltr'>μεταλαμϐάνεται.</span> <span class='ocrx_word' id='word_1_287' title='bbox 384 1183 427 1213; x_wconf 82' lang='grc' dir='ltr'>Ὠς</span> <span class='ocrx_word' id='word_1_288' title='bbox 439 1183 493 1218; x_wconf 71' lang='grc' dir='ltr'>γὰρ</span> <span class='ocrx_word' id='word_1_289' title='bbox 508 1184 524 1218; x_wconf 84' lang='grc' dir='ltr'><strong>ἡ</strong></span> <span class='ocrx_word' id='word_1_290' title='bbox 541 1182 638 1217; x_wconf 71' lang='grc' dir='ltr'>στύψις</span> <span class='ocrx_word' id='word_1_291' title='bbox 648 1182 694 1208; x_wconf 81' lang='grc' dir='ltr'>τοῦ</span> <span class='ocrx_word' id='word_1_292' title='bbox 707 1182 756 1217; x_wconf 84' lang='grc' dir='ltr'>τῆς</span> <span class='ocrx_word' id='word_1_293' title='bbox 773 1181 837 1217; x_wconf 74' lang='grc' dir='ltr'>ῥόας</span> <span class='ocrx_word' id='word_1_294' title='bbox 855 1181 898 1207; x_wconf 88' lang='grc' dir='ltr'><strong>λε-</strong></span> 
     </span>
    </p>
   </div>
   <div class='ocr_carea' id='block_1_42' title="bbox 109 1227 898 1265">
    <p class='ocr_par' dir='ltr' id='par_1_42' title="bbox 109 1227 898 1265">
     <span class='ocr_line' id='line_1_42' title="bbox 109 1227 898 1265; baseline -0.003 -10"><span class='ocrx_word' id='word_1_295' title='bbox 109 1230 201 1265; x_wconf 59' lang='grc' dir='ltr'>λπύρυυ</span> <span class='ocrx_word' id='word_1_296' title='bbox 219 1229 313 1264; x_wconf 78' lang='grc' dir='ltr'><strong>τρέφει</strong></span> <span class='ocrx_word' id='word_1_297' title='bbox 329 1237 358 1254; x_wconf 80' lang='grc' dir='ltr'>τε</span> <span class='ocrx_word' id='word_1_298' title='bbox 382 1229 429 1255; x_wconf 75' lang='grc' dir='ltr'><strong>καὶ</strong></span> <span class='ocrx_word' id='word_1_299' title='bbox 451 1228 581 1262; x_wconf 78' lang='grc' dir='ltr'><strong>φυλάσσει</strong></span> <span class='ocrx_word' id='word_1_300' title='bbox 597 1227 645 1254; x_wconf 83' lang='grc' dir='ltr'>τοῦ</span> <span class='ocrx_word' id='word_1_301' title='bbox 666 1227 898 1263; x_wconf 74' lang='grc' dir='ltr'><strong>ἐμπεριεχομένου</strong></span> 
     </span>
    </p>
   </div>
   <div class='ocr_carea' id='block_1_43' title="bbox 110 1272 898 1309">
    <p class='ocr_par' dir='ltr' id='par_1_43' title="bbox 110 1272 898 1309">
     <span class='ocr_line' id='line_1_43' title="bbox 110 1272 898 1309; baseline -0.004 -8"><span class='ocrx_word' id='word_1_302' title='bbox 110 1274 218 1309; x_wconf 79' lang='grc' dir='ltr'>καρποῦ</span> <span class='ocrx_word' id='word_1_303' title='bbox 248 1274 296 1309; x_wconf 78' lang='grc' dir='ltr'>τὴν</span> <span class='ocrx_word' id='word_1_304' title='bbox 319 1273 492 1309; x_wconf 70' lang='grc' dir='ltr'><strong>γλυκύτητα·</strong></span> <span class='ocrx_word' id='word_1_305' title='bbox 518 1273 640 1304; x_wconf 78' lang='grc' dir='ltr'>οὓτως-ὁ</span> <span class='ocrx_word' id='word_1_306' title='bbox 665 1272 772 1306; x_wconf 83' lang='grc' dir='ltr'>στὺφων</span> <span class='ocrx_word' id='word_1_307' title='bbox 795 1281 825 1298; x_wconf 83' lang='grc' dir='ltr'>τε</span> <span class='ocrx_word' id='word_1_308' title='bbox 851 1272 898 1298; x_wconf 84' lang='grc' dir='ltr'>καὶ</span> 
     </span>
    </p>
   </div>
   <div class='ocr_carea' id='block_1_44' title="bbox 111 1317 899 1356">
    <p class='ocr_par' dir='ltr' id='par_1_44' title="bbox 111 1317 899 1356">
     <span class='ocr_line' id='line_1_44' title="bbox 111 1317 899 1356; baseline -0.004 -10"><span class='ocrx_word' id='word_1_309' title='bbox 111 1319 246 1356; x_wconf 82' lang='grc' dir='ltr'>ἐγκρατὴς</span> <span class='ocrx_word' id='word_1_310' title='bbox 261 1320 308 1346; x_wconf 72' lang='grc' dir='ltr'><strong>καὶ</strong></span> <span class='ocrx_word' id='word_1_311' title='bbox 330 1319 525 1354; x_wconf 82' lang='grc' dir='ltr'>κατεσκληκὼς</span> <span class='ocrx_word' id='word_1_312' title='bbox 548 1318 605 1354; x_wconf 80' lang='grc' dir='ltr'>βίος</span> <span class='ocrx_word' id='word_1_313' title='bbox 619 1318 706 1353; x_wconf 77' lang='grc' dir='ltr'>φύλαξ</span> <span class='ocrx_word' id='word_1_314' title='bbox 724 1318 828 1352; x_wconf 80' lang='grc' dir='ltr'>γίνεται</span> <span class='ocrx_word' id='word_1_315' title='bbox 844 1317 899 1343; x_wconf 83' lang='grc' dir='ltr'><strong>τῶν</strong></span> 
     </span>
    </p>
   </div>
   <div class='ocr_carea' id='block_1_45' title="bbox 109 1362 898 1400">
    <p class='ocr_par' dir='ltr' id='par_1_45' title="bbox 109 1362 898 1400">
     <span class='ocr_line' id='line_1_45' title="bbox 109 1362 898 1400; baseline -0.004 -8"><span class='ocrx_word' id='word_1_316' title='bbox 109 1366 160 1400; x_wconf 77' lang='grc' dir='ltr'>τῆς</span> <span class='ocrx_word' id='word_1_317' title='bbox 174 1365 351 1400; x_wconf 70' lang='grc' dir='ltr'>σωφροσύνης</span> <span class='ocrx_word' id='word_1_318' title='bbox 365 1364 464 1391; x_wconf 80' lang='grc' dir='ltr'>καλῶν.</span> <span class='ocrx_word' id='word_1_319' title='bbox 482 1364 597 1395; x_wconf 84' lang='grc' dir='ltr'>Διπλοῦς</span> <span class='ocrx_word' id='word_1_320' title='bbox 610 1363 638 1390; x_wconf 80' lang='grc' dir='ltr'><strong>δὲ</strong></span> <span class='ocrx_word' id='word_1_321' title='bbox 650 1364 696 1390; x_wconf 70' lang='grc' dir='ltr'>καὶ</span> <span class='ocrx_word' id='word_1_322' title='bbox 713 1362 830 1390; x_wconf 79' lang='grc' dir='ltr'>ἐνταῦθα</span> <span class='ocrx_word' id='word_1_323' title='bbox 848 1363 898 1397; x_wconf 85' lang='grc' dir='ltr'>τῆς</span> 
     </span>
    </p>
   </div>
   <div class='ocr_carea' id='block_1_46' title="bbox 108 1408 898 1446">
    <p class='ocr_par' dir='ltr' id='par_1_46' title="bbox 108 1408 898 1446">
     <span class='ocr_line' id='line_1_46' title="bbox 108 1408 898 1446; baseline -0.005 -8"><span class='ocrx_word' id='word_1_324' title='bbox 108 1411 211 1446; x_wconf 77' lang='grc' dir='ltr'>ἀρετῆς</span> <span class='ocrx_word' id='word_1_325' title='bbox 234 1410 334 1445; x_wconf 84' lang='grc' dir='ltr'>ταύτης</span> <span class='ocrx_word' id='word_1_326' title='bbox 348 1411 364 1436; x_wconf 71' lang='grc' dir='ltr'>ὁ</span> <span class='ocrx_word' id='word_1_327' title='bbox 379 1410 488 1441; x_wconf 70' lang='grc' dir='ltr'>ἔπαινος</span> <span class='ocrx_word' id='word_1_328' title='bbox 506 1410 620 1444; x_wconf 77' lang='grc' dir='ltr'>γίνεται,</span> <span class='ocrx_word' id='word_1_329' title='bbox 636 1409 679 1436; x_wconf 80' lang='grc' dir='ltr'>διὰ</span> <span class='ocrx_word' id='word_1_330' title='bbox 702 1417 731 1435; x_wconf 88' lang='grc' dir='ltr'>τε</span> <span class='ocrx_word' id='word_1_331' title='bbox 755 1408 810 1434; x_wconf 85' lang='grc' dir='ltr'>τῶν</span> <span class='ocrx_word' id='word_1_332' title='bbox 830 1414 898 1442; x_wconf 82' lang='grc' dir='ltr'>προ-</span> 
     </span>
    </p>
   </div>
   <div class='ocr_carea' id='block_1_47' title="bbox 111 1454 897 1492">
    <p class='ocr_par' dir='ltr' id='par_1_47' title="bbox 111 1454 897 1492">
     <span class='ocr_line' id='line_1_47' title="bbox 111 1454 897 1492; baseline -0.004 -9"><span class='ocrx_word' id='word_1_333' title='bbox 111 1457 281 1492; x_wconf 78' lang='grc' dir='ltr'>φαινομένων</span> <span class='ocrx_word' id='word_1_334' title='bbox 298 1456 368 1483; x_wconf 80' lang='grc' dir='ltr'>κατὰ</span> <span class='ocrx_word' id='word_1_335' title='bbox 390 1457 435 1483; x_wconf 72' lang='grc' dir='ltr'>τὸν</span> <span class='ocrx_word' id='word_1_336' title='bbox 457 1456 612 1491; x_wconf 79' lang='grc' dir='ltr'>εὐσχήμονα</span> <span class='ocrx_word' id='word_1_337' title='bbox 627 1455 694 1490; x_wconf 77' lang='grc' dir='ltr'>βίον,</span> <span class='ocrx_word' id='word_1_338' title='bbox 716 1455 763 1481; x_wconf 66' lang='grc' dir='ltr'>καλ.</span> <span class='ocrx_word' id='word_1_339' title='bbox 779 1454 823 1481; x_wconf 81' lang='grc' dir='ltr'>διὰ</span> <span class='ocrx_word' id='word_1_340' title='bbox 844 1455 897 1481; x_wconf 82' lang='grc' dir='ltr'>τῶν</span> 
     </span>
    </p>
   </div>
   <div class='ocr_carea' id='block_1_48' title="bbox 108 1497 897 1538">
    <p class='ocr_par' dir='ltr' id='par_1_48' title="bbox 108 1497 897 1538">
     <span class='ocr_line' id='line_1_48' title="bbox 108 1497 897 1538; baseline -0.004 -9"><span class='ocrx_word' id='word_1_341' title='bbox 108 1503 140 1529; x_wconf 70' lang='grc' dir='ltr'>ιν</span> <span class='ocrx_word' id='word_1_342' title='bbox 153 1504 186 1537; x_wconf 86' lang='grc' dir='ltr'><strong>τῇ</strong></span> <span class='ocrx_word' id='word_1_343' title='bbox 196 1502 282 1538; x_wconf 77' lang='grc' dir='ltr'>ψυχῆς</span> <span class='ocrx_word' id='word_1_344' title='bbox 295 1501 412 1536; x_wconf 65' lang='grc' dir='ltr'>ἀπαθείᾳ</span> <span class='ocrx_word' id='word_1_345' title='bbox 424 1501 656 1536; x_wconf 84' lang='grc' dir='ltr'>κατορθουμένων.</span> <span class='ocrx_word' id='word_1_346' title='bbox 668 1497 722 1526; x_wconf 80' lang='grc' dir='ltr'><strong>’Ὧν</strong></span> <span class='ocrx_word' id='word_1_347' title='bbox 734 1501 750 1527; x_wconf 83' lang='grc' dir='ltr'><em>ό</em></span> <span class='ocrx_word' id='word_1_348' title='bbox 765 1500 897 1532; x_wconf 75' lang='grc' dir='ltr'>ἔπαινος,</span> 
     </span>
    </p>
   </div>
   <div class='ocr_carea' id='block_1_49' title="bbox 110 1546 900 1584">
    <p class='ocr_par' dir='ltr' id='par_1_49' title="bbox 110 1546 900 1584">
     <span class='ocr_line' id='line_1_49' title="bbox 110 1546 900 1584; baseline -0.005 -8"><span class='ocrx_word' id='word_1_349' title='bbox 110 1549 201 1581; x_wconf 74' lang='grc' dir='ltr'>καθώς</span> <span class='ocrx_word' id='word_1_350' title='bbox 216 1557 297 1584; x_wconf 76' lang='grc' dir='ltr'>φησιν</span> <span class='ocrx_word' id='word_1_351' title='bbox 307 1549 321 1575; x_wconf 85' lang='grc' dir='ltr'><strong><em>ὁ</em></strong></span> <span class='ocrx_word' id='word_1_352' title='bbox 341 1547 512 1579; x_wconf 74' lang='grc' dir='ltr'>Ἀτοόστολος,</span> <span class='ocrx_word' id='word_1_353' title='bbox 523 1548 578 1574; x_wconf 83' lang='grc' dir='ltr'>οὐκ</span> <span class='ocrx_word' id='word_1_354' title='bbox 589 1546 623 1578; x_wconf 77' lang='grc' dir='ltr'>ἐξ</span> <span class='ocrx_word' id='word_1_355' title='bbox 635 1546 798 1580; x_wconf 78' lang='grc' dir='ltr'>ἀνθρώπων</span> <span class='ocrx_word' id='word_1_356' title='bbox 807 1566 814 1578; x_wconf 84' lang='grc'><em>,</em></span> <span class='ocrx_word' id='word_1_357' title='bbox 831 1546 900 1572; x_wconf 74' lang='grc' dir='ltr'><em>ἀλλ’</em></span> 
     </span>
    </p>
   </div>
   <div class='ocr_carea' id='block_1_50' title="bbox 111 1592 901 1628">
    <p class='ocr_par' dir='ltr' id='par_1_50' title="bbox 111 1592 901 1628">
     <span class='ocr_line' id='line_1_50' title="bbox 111 1592 901 1628; baseline -0.005 -6"><span class='ocrx_word' id='word_1_358' title='bbox 111 1596 145 1622; x_wconf 75' lang='grc' dir='ltr'><strong>ἐκ</strong></span> <span class='ocrx_word' id='word_1_359' title='bbox 159 1595 211 1622; x_wconf 83' lang='grc' dir='ltr'>τοῦ</span> <span class='ocrx_word' id='word_1_360' title='bbox 227 1594 311 1621; x_wconf 81' lang='grc' dir='ltr'>Θεοῦι</span> <span class='ocrx_word' id='word_1_361' title='bbox 339 1594 371 1620; x_wconf 88' lang='grc' dir='ltr'>Ἠ</span> <span class='ocrx_word' id='word_1_362' title='bbox 387 1593 442 1628; x_wconf 76' lang='grc' dir='ltr'>γὰρ</span> <span class='ocrx_word' id='word_1_363' title='bbox 463 1593 654 1628; x_wconf 78' lang='grc' dir='ltr'>ἐπιλάμπουσα</span> <span class='ocrx_word' id='word_1_364' title='bbox 675 1593 730 1623; x_wconf 87' lang='grc' dir='ltr'>τοῖς</span> <span class='ocrx_word' id='word_1_365' title='bbox 749 1592 901 1627; x_wconf 82' lang='grc' dir='ltr'>γινομένοις</span> 
     </span>
    </p>
   </div>
   <div class='ocr_carea' id='block_1_51' title="bbox 112 1637 900 1675">
    <p class='ocr_par' dir='ltr' id='par_1_51' title="bbox 112 1637 900 1675">
     <span class='ocr_line' id='line_1_51' title="bbox 112 1637 900 1675; baseline -0.005 -8"><span class='ocrx_word' id='word_1_366' title='bbox 112 1641 203 1672; x_wconf 81' lang='grc' dir='ltr'>αἰδὼς.</span> <span class='ocrx_word' id='word_1_367' title='bbox 218 1641 282 1667; x_wconf 85' lang='grc' dir='ltr'>ῐδιον</span> <span class='ocrx_word' id='word_1_368' title='bbox 299 1640 348 1675; x_wconf 82' lang='grc' dir='ltr'>μὲν</span> <span class='ocrx_word' id='word_1_369' title='bbox 361 1641 393 1666; x_wconf 87' lang='grc' dir='ltr'><strong>ἐκ</strong></span> <span class='ocrx_word' id='word_1_370' title='bbox 410 1640 465 1666; x_wconf 88' lang='grc' dir='ltr'>τῶν</span> <span class='ocrx_word' id='word_1_371' title='bbox 479 1639 620 1675; x_wconf 78' lang='grc' dir='ltr'>προδήλων</span> <span class='ocrx_word' id='word_1_372' title='bbox 636 1638 691 1673; x_wconf 78' lang='grc' dir='ltr'><strong>ἔχει</strong></span> <span class='ocrx_word' id='word_1_373' title='bbox 711 1638 756 1664; x_wconf 79' lang='grc' dir='ltr'>τὸν</span> <span class='ocrx_word' id='word_1_374' title='bbox 772 1637 882 1664; x_wconf 70' lang='grc' dir='ltr'>ἔπαινον</span> <span class='ocrx_word' id='word_1_375' title='bbox 892 1646 900 1653; x_wconf 69' lang='grc'>⁸</span> 
     </span>
    </p>
   </div>
   <div class='ocr_carea' id='block_1_52' title="bbox 111 1681 901 1719">
    <p class='ocr_par' dir='ltr' id='par_1_52' title="bbox 111 1681 901 1719">
     <span class='ocr_line' id='line_1_52' title="bbox 111 1681 901 1719; baseline -0.008 -6"><span class='ocrx_word' id='word_1_376' title='bbox 111 1687 190 1717; x_wconf 80' lang='grc' dir='ltr'>ἐκτὸς</span> <span class='ocrx_word' id='word_1_377' title='bbox 212 1686 240 1712; x_wconf 84' lang='grc' dir='ltr'><strong>δὲ</strong></span> <span class='ocrx_word' id='word_1_378' title='bbox 263 1685 317 1711; x_wconf 84' lang='grc' dir='ltr'>τῶν</span> <span class='ocrx_word' id='word_1_379' title='bbox 343 1684 530 1719; x_wconf 83' lang='grc' dir='ltr'>σιωπωμένων</span> <span class='ocrx_word' id='word_1_380' title='bbox 549 1684 608 1710; x_wconf 79' lang='grc' dir='ltr'>ἐστὶ</span> <span class='ocrx_word' id='word_1_381' title='bbox 627 1684 673 1710; x_wconf 70' lang='grc' dir='ltr'>καὶ</span> <span class='ocrx_word' id='word_1_382' title='bbox 690 1681 901 1717; x_wconf 78' lang='grc' dir='ltr'>ὑποκεκρυμμέ-</span> 
     </span>
    </p>
   </div>
   <div class='ocr_carea' id='block_1_53' title="bbox 112 1724 902 1765">
    <p class='ocr_par' dir='ltr' id='par_1_53' title="bbox 112 1724 902 1765">
     <span class='ocr_line' id='line_1_53' title="bbox 112 1724 902 1765; baseline -0.008 -7"><span class='ocrx_word' id='word_1_383' title='bbox 112 1740 165 1758; x_wconf 90' lang='grc' dir='ltr'><strong>νων</strong></span> <span class='ocrx_word' id='word_1_384' title='bbox 194 1730 358 1765; x_wconf 80' lang='grc' dir='ltr'>θαυμάτων,</span> <span class='ocrx_word' id='word_1_385' title='bbox 385 1729 404 1756; x_wconf 77' lang='grc' dir='ltr'><strong>ὃ.</strong></span> <span class='ocrx_word' id='word_1_386' title='bbox 427 1729 498 1764; x_wconf 87' lang='grc' dir='ltr'>μόνῳ</span> <span class='ocrx_word' id='word_1_387' title='bbox 528 1729 677 1764; x_wconf 79' lang='grc' dir='ltr'>καθορᾶται</span> <span class='ocrx_word' id='word_1_388' title='bbox 703 1727 744 1762; x_wconf 78' lang='grc' dir='ltr'><strong>τῷ</strong></span> <span class='ocrx_word' id='word_1_389' title='bbox 770 1724 902 1762; x_wconf 71' lang='grc' dir='ltr'>ὀφθαλμῷ</span> 
     </span>
    </p>
   </div>
   <div class='ocr_carea' id='block_1_54' title="bbox 111 1773 902 1812">
    <p class='ocr_par' dir='ltr' id='par_1_54' title="bbox 111 1773 902 1812">
     <span class='ocr_line' id='line_1_54' title="bbox 111 1773 902 1812; baseline -0.004 -9"><span class='ocrx_word' id='word_1_390' title='bbox 111 1777 210 1812; x_wconf 79' lang='grc' dir='ltr'>ἐκείνῳ</span> <span class='ocrx_word' id='word_1_391' title='bbox 234 1775 273 1810; x_wconf 88' lang='grc' dir='ltr'>τῷ</span> <span class='ocrx_word' id='word_1_392' title='bbox 294 1775 328 1802; x_wconf 79' lang='grc' dir='ltr'><strong>τὰ</strong></span> <span class='ocrx_word' id='word_1_393' title='bbox 348 1775 453 1810; x_wconf 80' lang='grc' dir='ltr'>κρύφια</span> <span class='ocrx_word' id='word_1_394' title='bbox 477 1774 611 1809; x_wconf 79' lang='grc' dir='ltr'>βλέποντι.</span> <span class='ocrx_word' id='word_1_395' title='bbox 636 1774 686 1800; x_wconf 84' lang='grc' dir='ltr'>Διὰ</span> <span class='ocrx_word' id='word_1_396' title='bbox 709 1773 737 1800; x_wconf 85' lang='grc' dir='ltr'><strong>δέ</strong></span> <span class='ocrx_word' id='word_1_397' title='bbox 754 1773 808 1799; x_wconf 87' lang='grc' dir='ltr'><strong>τῶν</strong></span> <span class='ocrx_word' id='word_1_398' title='bbox 834 1773 902 1808; x_wconf 80' lang='grc' dir='ltr'>μετὰ</span> 
     </span>
    </p>
   </div>
   <div class='ocr_carea' id='block_1_55' title="bbox 113 1818 902 1857">
    <p class='ocr_par' dir='ltr' id='par_1_55' title="bbox 113 1818 902 1857">
     <span class='ocr_line' id='line_1_55' title="bbox 113 1818 902 1857; baseline -0.006 -8"><span class='ocrx_word' id='word_1_399' title='bbox 113 1822 198 1849; x_wconf 77' lang='grc' dir='ltr'>ταῦτα</span> <span class='ocrx_word' id='word_1_400' title='bbox 216 1822 398 1857; x_wconf 79' lang='grc' dir='ltr'>μανθάνομεν,</span> <span class='ocrx_word' id='word_1_401' title='bbox 413 1821 454 1847; x_wconf 82' lang='grc' dir='ltr'>ὃτι</span> <span class='ocrx_word' id='word_1_402' title='bbox 473 1821 527 1847; x_wconf 79' lang='grc' dir='ltr'>πᾶν</span> <span class='ocrx_word' id='word_1_403' title='bbox 544 1820 576 1846; x_wconf 82' lang='grc' dir='ltr'><strong>τὸ</strong></span> <span class='ocrx_word' id='word_1_404' title='bbox 599 1819 676 1854; x_wconf 76' lang='grc' dir='ltr'>παρὰ</span> <span class='ocrx_word' id='word_1_405' title='bbox 693 1819 748 1845; x_wconf 82' lang='grc' dir='ltr'><strong>τῶν</strong></span> <span class='ocrx_word' id='word_1_406' title='bbox 767 1818 902 1854; x_wconf 80' lang='grc' dir='ltr'>θεοφόρων</span> 
     </span>
    </p>
   </div>
   <div class='ocr_carea' id='block_1_56' title="bbox 112 1863 903 1901">
    <p class='ocr_par' dir='ltr' id='par_1_56' title="bbox 112 1863 903 1901">
     <span class='ocr_line' id='line_1_56' title="bbox 112 1863 903 1901; baseline -0.005 -8"><span class='ocrx_word' id='word_1_407' title='bbox 112 1867 200 1901; x_wconf 71' lang='grc' dir='ltr'>ἁγίων</span> <span class='ocrx_word' id='word_1_408' title='bbox 219 1866 372 1900; x_wconf 84' lang='grc' dir='ltr'>γινόμενον,</span> <span class='ocrx_word' id='word_1_409' title='bbox 390 1865 475 1897; x_wconf 78' lang='grc' dir='ltr'>τύπος</span> <span class='ocrx_word' id='word_1_410' title='bbox 493 1873 535 1896; x_wconf 91' lang='grc' dir='ltr'><strong>τις</strong></span> <span class='ocrx_word' id='word_1_411' title='bbox 555 1865 603 1891; x_wconf 66' lang='grc' dir='ltr'>καὶ</span> <span class='ocrx_word' id='word_1_412' title='bbox 617 1863 776 1890; x_wconf 84' lang='grc' dir='ltr'>διδασκαλία</span> <span class='ocrx_word' id='word_1_413' title='bbox 793 1864 846 1890; x_wconf 89' lang='grc' dir='ltr'>τῶν</span> <span class='ocrx_word' id='word_1_414' title='bbox 862 1864 903 1894; x_wconf 83' lang='grc' dir='ltr'>εἰς</span> 
     </span>
    </p>
   </div>
   <div class='ocr_carea' id='block_1_57' title="bbox 114 1909 902 1947">
    <p class='ocr_par' dir='ltr' id='par_1_57' title="bbox 114 1909 902 1947">
     <span class='ocr_line' id='line_1_57' title="bbox 114 1909 902 1947; baseline -0.005 -9"><span class='ocrx_word' id='word_1_415' title='bbox 114 1911 215 1947; x_wconf 81' lang='grc' dir='ltr'>ἀρετὴν</span> <span class='ocrx_word' id='word_1_416' title='bbox 232 1910 456 1946; x_wconf 78' lang='grc' dir='ltr'>κατορθουμένων</span> <span class='ocrx_word' id='word_1_417' title='bbox 470 1910 585 1944; x_wconf 84' lang='grc' dir='ltr'>ἐγίνετο.</span> <span class='ocrx_word' id='word_1_418' title='bbox 607 1910 638 1936; x_wconf 86' lang='grc' dir='ltr'>Οἰ</span> <span class='ocrx_word' id='word_1_419' title='bbox 657 1909 752 1944; x_wconf 79' lang='grc' dir='ltr'>γάμοι,</span> <span class='ocrx_word' id='word_1_420' title='bbox 773 1909 801 1936; x_wconf 83' lang='grc' dir='ltr'><strong>αἰ</strong></span> <span class='ocrx_word' id='word_1_421' title='bbox 823 1909 902 1935; x_wconf 84' lang='grc' dir='ltr'>ἀποι-</span> 
     </span>
    </p>
   </div>
   <div class='ocr_carea' id='block_1_58' title="bbox 112 1953 901 1991">
    <p class='ocr_par' dir='ltr' id='par_1_58' title="bbox 112 1953 901 1991">
     <span class='ocr_line' id='line_1_58' title="bbox 112 1953 901 1991; baseline -0.004 -8"><span class='ocrx_word' id='word_1_422' title='bbox 112 1956 183 1988; x_wconf 76' lang='grc' dir='ltr'>κίαι,</span> <span class='ocrx_word' id='word_1_423' title='bbox 196 1957 221 1982; x_wconf 89' lang='grc' dir='ltr'><strong>οἰ</strong></span> <span class='ocrx_word' id='word_1_424' title='bbox 239 1955 361 1991; x_wconf 81' lang='grc' dir='ltr'>πόλεμοι,</span> <span class='ocrx_word' id='word_1_425' title='bbox 377 1953 469 1982; x_wconf 76' lang='grc' dir='ltr'>αἰτῶν</span> <span class='ocrx_word' id='word_1_426' title='bbox 479 1954 703 1990; x_wconf 75' lang='grc' dir='ltr'>οἰκοδομημάτων</span> <span class='ocrx_word' id='word_1_427' title='bbox 722 1954 901 1986; x_wconf 78' lang='grc' dir='ltr'>κατασκευαὶ,</span> 
     </span>
    </p>
   </div>
   <div class='ocr_carea' id='block_1_59' title="bbox 116 1999 903 2036">
    <p class='ocr_par' dir='ltr' id='par_1_59' title="bbox 116 1999 903 2036">
     <span class='ocr_line' id='line_1_59' title="bbox 116 1999 903 2036; baseline -0.003 -7"><span class='ocrx_word' id='word_1_428' title='bbox 116 2003 205 2029; x_wconf 74' lang='grc' dir='ltr'>πάντα</span> <span class='ocrx_word' id='word_1_429' title='bbox 220 2001 291 2028; x_wconf 83' lang='grc' dir='ltr'>κατά</span> <span class='ocrx_word' id='word_1_430' title='bbox 306 2010 369 2028; x_wconf 85' lang='grc' dir='ltr'>τινα</span> <span class='ocrx_word' id='word_1_431' title='bbox 387 2001 465 2036; x_wconf 82' lang='grc' dir='ltr'>λόγον</span> <span class='ocrx_word' id='word_1_432' title='bbox 482 2002 521 2033; x_wconf 77' lang='grc' dir='ltr'>εἰς</span> <span class='ocrx_word' id='word_1_433' title='bbox 531 2001 672 2028; x_wconf 82' lang='grc' dir='ltr'>νουθεσίαν</span> <span class='ocrx_word' id='word_1_434' title='bbox 688 1999 726 2035; x_wconf 83' lang='grc' dir='ltr'>τῷ</span> <span class='ocrx_word' id='word_1_435' title='bbox 740 2001 808 2036; x_wconf 80' lang='grc' dir='ltr'>μετὰ</span> <span class='ocrx_word' id='word_1_436' title='bbox 817 2000 903 2028; x_wconf 83' lang='grc' dir='ltr'>ταῦτα</span> 
     </span>
    </p>
   </div>
   <div class='ocr_carea' id='block_1_60' title="bbox 114 2046 903 2083">
    <p class='ocr_par' dir='ltr' id='par_1_60' title="bbox 114 2046 903 2083">
     <span class='ocr_line' id='line_1_60' title="bbox 114 2046 903 2083; baseline -0.001 -9"><span class='ocrx_word' id='word_1_437' title='bbox 114 2048 302 2083; x_wconf 81' lang='grc' dir='ltr'>προετυποῦτο</span> <span class='ocrx_word' id='word_1_438' title='bbox 319 2048 379 2083; x_wconf 83' lang='grc' dir='ltr'>βίῳ.</span> <span class='ocrx_word' id='word_1_439' title='bbox 403 2047 531 2082; x_wconf 65' lang='grc' dir='ltr'>Ἐγράφη</span> <span class='ocrx_word' id='word_1_440' title='bbox 546 2048 600 2082; x_wconf 75' lang='grc' dir='ltr'><strong>γὰρ</strong></span> <span class='ocrx_word' id='word_1_441' title='bbox 613 2046 715 2078; x_wconf 81' lang='grc' dir='ltr'>ταῦτα,</span> <span class='ocrx_word' id='word_1_442' title='bbox 732 2047 809 2081; x_wconf 61' lang='grc' dir='ltr'>φησὶ,</span> <span class='ocrx_word' id='word_1_443' title='bbox 828 2046 903 2080; x_wconf 83' lang='grc' dir='ltr'>πρὸς</span> 
     </span>
    </p>
   </div>
   <div class='ocr_carea' id='block_1_61' title="bbox 112 2091 903 2127">
    <p class='ocr_par' dir='ltr' id='par_1_61' title="bbox 112 2091 903 2127">
     <span class='ocr_line' id='line_1_61' title="bbox 112 2091 903 2127; baseline -0.001 -7"><span class='ocrx_word' id='word_1_444' title='bbox 112 2093 279 2120; x_wconf 70' lang='grc' dir='ltr'>νουθεσίαν</span> <span class='ocrx_word' id='word_1_445' title='bbox 300 2092 394 2127; x_wconf 75' lang='grc' dir='ltr'>ἡμῶν,</span> <span class='ocrx_word' id='word_1_446' title='bbox 415 2093 459 2125; x_wconf 85' lang='grc' dir='ltr'>είς</span> <span class='ocrx_word' id='word_1_447' title='bbox 485 2092 538 2125; x_wconf 82' lang='grc' dir='ltr'><strong>οὓς</strong></span> <span class='ocrx_word' id='word_1_448' title='bbox 560 2092 597 2119; x_wconf 83' lang='grc' dir='ltr'>τὰ</span> <span class='ocrx_word' id='word_1_449' title='bbox 619 2092 691 2125; x_wconf 73' lang='grc' dir='ltr'>τέλη</span> <span class='ocrx_word' id='word_1_450' title='bbox 709 2091 769 2118; x_wconf 76' lang='grc' dir='ltr'>τῶν</span> <span class='ocrx_word' id='word_1_451' title='bbox 789 2093 903 2120; x_wconf 79' lang='grc' dir='ltr'>αἰώνων</span> 
     </span>
    </p>
   </div>
   <div class='ocr_carea' id='block_1_62' title="bbox 947 863 1737 898">
    <p class='ocr_par' dir='ltr' id='par_1_62' title="bbox 947 863 1737 898">
     <span class='ocr_line' id='line_1_62' title="bbox 947 863 1737 898; baseline 0 -8"><span class='ocrx_word' id='word_1_452' title='bbox 947 870 1044 890; x_wconf 87' lang='lat' dir='ltr'><strong>curam</strong></span> <span class='ocrx_word' id='word_1_453' title='bbox 1059 863 1191 898; x_wconf 74' lang='lat' dir='ltr'><strong>gessisset</strong></span> <span class='ocrx_word' id='word_1_454' title='bbox 1207 864 1338 891; x_wconf 88' lang='lat' dir='ltr'><strong>virtutum</strong></span> <span class='ocrx_word' id='word_1_455' title='bbox 1354 864 1550 891; x_wconf 74' lang='lat' dir='ltr'><strong>convenienter</strong></span> <span class='ocrx_word' id='word_1_456' title='bbox 1560 863 1737 898; x_wconf 89' lang='lat' dir='ltr'><strong>deseriptioni</strong></span> 
     </span>
    </p>
   </div>
   <div class='ocr_carea' id='block_1_63' title="bbox 948 909 1737 945">
    <p class='ocr_par' dir='ltr' id='par_1_63' title="bbox 948 909 1737 945">
     <span class='ocr_line' id='line_1_63' title="bbox 948 909 1737 945; baseline 0.001 -10"><span class='ocrx_word' id='word_1_457' title='bbox 948 909 1039 936; x_wconf 85' lang='lat' dir='ltr'><strong>vultus</strong></span> <span class='ocrx_word' id='word_1_458' title='bbox 1052 909 1277 943; x_wconf 81' lang='lat' dir='ltr'><strong>pulchritudinis,</strong></span> <span class='ocrx_word' id='word_1_459' title='bbox 1293 917 1366 938; x_wconf 87' lang='lat' dir='ltr'><strong>nunc</strong></span> <span class='ocrx_word' id='word_1_460' title='bbox 1383 918 1431 945; x_wconf 90' lang='lat' dir='ltr'><strong>per</strong></span> <span class='ocrx_word' id='word_1_461' title='bbox 1443 909 1571 938; x_wconf 79' lang='lat' dir='ltr'><strong>ruborem</strong></span> <span class='ocrx_word' id='word_1_462' title='bbox 1588 911 1634 945; x_wconf 89' lang='lat' dir='ltr'><strong>qui</strong></span> <span class='ocrx_word' id='word_1_463' title='bbox 1652 918 1737 945; x_wconf 75' lang='lat' dir='ltr'><strong>genas</strong></span> 
     </span>
    </p>
   </div>
   <div class='ocr_carea' id='block_1_64' title="bbox 947 955 1737 991">
    <p class='ocr_par' dir='ltr' id='par_1_64' title="bbox 947 955 1737 991">
     <span class='ocr_line' id='line_1_64' title="bbox 947 955 1737 991; baseline 0 -9"><span class='ocrx_word' id='word_1_464' title='bbox 947 955 1122 988; x_wconf 83' lang='lat' dir='ltr'><strong>condecorat,</strong></span> <span class='ocrx_word' id='word_1_465' title='bbox 1140 955 1232 982; x_wconf 79' lang='lat' dir='ltr'><strong>laudat</strong></span> <span class='ocrx_word' id='word_1_466' title='bbox 1247 957 1468 991; x_wconf 76' lang='lat' dir='ltr'><strong>temperantiam,</strong></span> <span class='ocrx_word' id='word_1_467' title='bbox 1484 963 1544 983; x_wconf 88' lang='lat' dir='ltr'><strong>eam</strong></span> <span class='ocrx_word' id='word_1_468' title='bbox 1562 963 1665 983; x_wconf 86' lang='lat' dir='ltr'><strong>ornans</strong></span> <span class='ocrx_word' id='word_1_469' title='bbox 1685 965 1737 991; x_wconf 88' lang='lat' dir='ltr'><strong>pu-</strong></span> 
     </span>
    </p>
   </div>
   <div class='ocr_carea' id='block_1_65' title="bbox 947 1000 1739 1037">
    <p class='ocr_par' dir='ltr' id='par_1_65' title="bbox 947 1000 1739 1037">
     <span class='ocr_line' id='line_1_65' title="bbox 947 1000 1739 1037; baseline 0.004 -11"><span class='ocrx_word' id='word_1_470' title='bbox 947 1000 1012 1028; x_wconf 84' lang='lat' dir='ltr'><strong>dore</strong></span> <span class='ocrx_word' id='word_1_471' title='bbox 1029 1001 1081 1028; x_wconf 91' lang='lat' dir='ltr'><strong>sub</strong></span> <span class='ocrx_word' id='word_1_472' title='bbox 1094 1002 1238 1035; x_wconf 64' lang='lat' dir='ltr'><strong>mnigmate</strong></span> <span class='ocrx_word' id='word_1_473' title='bbox 1259 1002 1322 1028; x_wconf 89' lang='lat' dir='ltr'><strong>mali</strong></span> <span class='ocrx_word' id='word_1_474' title='bbox 1348 1002 1452 1037; x_wconf 88' lang='lat' dir='ltr'><strong>punici.</strong></span> <span class='ocrx_word' id='word_1_475' title='bbox 1477 1001 1527 1028; x_wconf 85' lang='lat' dir='ltr'><strong>Hic</strong></span> <span class='ocrx_word' id='word_1_476' title='bbox 1542 1003 1614 1030; x_wconf 89' lang='lat' dir='ltr'><strong>enitn</strong></span> <span class='ocrx_word' id='word_1_477' title='bbox 1632 1001 1739 1029; x_wconf 84' lang='lat' dir='ltr'><strong>fruetus</strong></span> 
     </span>
    </p>
   </div>
   <div class='ocr_carea' id='block_1_66' title="bbox 948 1045 1737 1082">
    <p class='ocr_par' dir='ltr' id='par_1_66' title="bbox 948 1045 1737 1082">
     <span class='ocr_line' id='line_1_66' title="bbox 948 1045 1737 1082; baseline 0.003 -11"><span class='ocrx_word' id='word_1_478' title='bbox 948 1045 1085 1080; x_wconf 73' lang='lat' dir='ltr'><strong>astringit,</strong></span> <span class='ocrx_word' id='word_1_479' title='bbox 1115 1050 1142 1073; x_wconf 89' lang='lat' dir='ltr'><strong>et</strong></span> <span class='ocrx_word' id='word_1_480' title='bbox 1167 1046 1226 1074; x_wconf 88' lang='lat' dir='ltr'><strong>esui</strong></span> <span class='ocrx_word' id='word_1_481' title='bbox 1251 1053 1306 1073; x_wconf 89' lang='lat' dir='ltr'><strong>non</strong></span> <span class='ocrx_word' id='word_1_482' title='bbox 1337 1052 1399 1082; x_wconf 79' lang='lat' dir='ltr'><strong>apta</strong></span> <span class='ocrx_word' id='word_1_483' title='bbox 1431 1047 1554 1074; x_wconf 84' lang='lat' dir='ltr'><strong>nutritur</strong></span> <span class='ocrx_word' id='word_1_484' title='bbox 1583 1047 1737 1082; x_wconf 83' lang='lat' dir='ltr'><strong>superficie.</strong></span> 
     </span>
    </p>
   </div>
   <div class='ocr_carea' id='block_1_67' title="bbox 947 1089 1740 1126">
    <p class='ocr_par' dir='ltr' id='par_1_67' title="bbox 947 1089 1740 1126">
     <span class='ocr_line' id='line_1_67' title="bbox 947 1089 1740 1126; baseline 0.003 -10"><span class='ocrx_word' id='word_1_485' title='bbox 947 1089 1132 1122; x_wconf 85' lang='lat' dir='ltr'><strong>Quamobrem</strong></span> <span class='ocrx_word' id='word_1_486' title='bbox 1159 1091 1274 1125; x_wconf 83' lang='lat' dir='ltr'><strong>pulchre</strong></span> <span class='ocrx_word' id='word_1_487' title='bbox 1297 1095 1323 1118; x_wconf 82' lang='lat' dir='ltr'><strong>et</strong></span> <span class='ocrx_word' id='word_1_488' title='bbox 1345 1092 1540 1118; x_wconf 82' lang='lat' dir='ltr'><strong>convenienter</strong></span> <span class='ocrx_word' id='word_1_489' title='bbox 1554 1093 1673 1118; x_wconf 87' lang='lat' dir='ltr'><strong>sumitur</strong></span> <span class='ocrx_word' id='word_1_490' title='bbox 1693 1100 1740 1126; x_wconf 83' lang='lat' dir='ltr'><strong>per</strong></span> 
     </span>
    </p>
   </div>
   <div class='ocr_carea' id='block_1_68' title="bbox 948 1136 1741 1171">
    <p class='ocr_par' dir='ltr' id='par_1_68' title="bbox 948 1136 1741 1171">
     <span class='ocr_line' id='line_1_68' title="bbox 948 1136 1741 1171; baseline 0 -9"><span class='ocrx_word' id='word_1_491' title='bbox 948 1136 1206 1170; x_wconf 81' lang='lat' dir='ltr'><strong>contemplationem</strong></span> <span class='ocrx_word' id='word_1_492' title='bbox 1241 1140 1315 1162; x_wconf 89' lang='lat' dir='ltr'><strong>recta</strong></span> <span class='ocrx_word' id='word_1_493' title='bbox 1345 1137 1418 1164; x_wconf 85' lang='lat' dir='ltr'><strong>actio</strong></span> <span class='ocrx_word' id='word_1_494' title='bbox 1453 1137 1651 1171; x_wconf 73' lang='lat' dir='ltr'><strong>temperantize.</strong></span> <span class='ocrx_word' id='word_1_495' title='bbox 1681 1137 1741 1170; x_wconf 88' lang='lat' dir='ltr'><strong>Quo</strong></span> 
     </span>
    </p>
   </div>
   <div class='ocr_carea' id='block_1_69' title="bbox 949 1180 1739 1216">
    <p class='ocr_par' dir='ltr' id='par_1_69' title="bbox 949 1180 1739 1216">
     <span class='ocr_line' id='line_1_69' title="bbox 949 1180 1739 1216; baseline 0 -8"><span class='ocrx_word' id='word_1_496' title='bbox 949 1180 1030 1208; x_wconf 85' lang='lat' dir='ltr'><strong>modo</strong></span> <span class='ocrx_word' id='word_1_497' title='bbox 1052 1181 1124 1208; x_wconf 87' lang='lat' dir='ltr'><strong>enim</strong></span> <span class='ocrx_word' id='word_1_498' title='bbox 1153 1182 1240 1208; x_wconf 86' lang='lat' dir='ltr'><strong>nutrit</strong></span> <span class='ocrx_word' id='word_1_499' title='bbox 1268 1182 1392 1208; x_wconf 81' lang='lat' dir='ltr'><strong>astriclio</strong></span> <span class='ocrx_word' id='word_1_500' title='bbox 1419 1182 1531 1209; x_wconf 90' lang='lat' dir='ltr'><strong>corticis</strong></span> <span class='ocrx_word' id='word_1_501' title='bbox 1551 1182 1615 1208; x_wconf 83' lang='lat' dir='ltr'><strong>mali</strong></span> <span class='ocrx_word' id='word_1_502' title='bbox 1635 1182 1739 1216; x_wconf 80' lang='lat' dir='ltr'><strong>punici,</strong></span> 
     </span>
    </p>
   </div>
   <div class='ocr_carea' id='block_1_70' title="bbox 948 1225 1740 1261">
    <p class='ocr_par' dir='ltr' id='par_1_70' title="bbox 948 1225 1740 1261">
     <span class='ocr_line' id='line_1_70' title="bbox 948 1225 1740 1261; baseline 0 -9"><span class='ocrx_word' id='word_1_503' title='bbox 948 1230 975 1253; x_wconf 89' lang='lat' dir='ltr'><strong>et</strong></span> <span class='ocrx_word' id='word_1_504' title='bbox 995 1230 1138 1253; x_wconf 74' lang='lat' dir='ltr'><strong>conservat</strong></span> <span class='ocrx_word' id='word_1_505' title='bbox 1149 1225 1320 1254; x_wconf 88' lang='lat' dir='ltr'><strong>dulcedinem</strong></span> <span class='ocrx_word' id='word_1_506' title='bbox 1340 1225 1448 1253; x_wconf 87' lang='lat' dir='ltr'><strong>fructus</strong></span> <span class='ocrx_word' id='word_1_507' title='bbox 1462 1227 1508 1261; x_wconf 87' lang='lat' dir='ltr'><strong>qui</strong></span> <span class='ocrx_word' id='word_1_508' title='bbox 1525 1227 1552 1253; x_wconf 90' lang='lat' dir='ltr'><strong>in</strong></span> <span class='ocrx_word' id='word_1_509' title='bbox 1569 1233 1602 1252; x_wconf 88' lang='lat' dir='ltr'><strong>eo</strong></span> <span class='ocrx_word' id='word_1_510' title='bbox 1617 1227 1740 1253; x_wconf 87' lang='lat' dir='ltr'><strong>contine-</strong></span> 
     </span>
    </p>
   </div>
   <div class='ocr_carea' id='block_1_71' title="bbox 950 1271 1741 1306">
    <p class='ocr_par' dir='ltr' id='par_1_71' title="bbox 950 1271 1741 1306">
     <span class='ocr_line' id='line_1_71' title="bbox 950 1271 1741 1306; baseline 0.001 -9"><span class='ocrx_word' id='word_1_511' title='bbox 950 1275 1005 1303; x_wconf 87' lang='lat' dir='ltr'><strong>tur,</strong></span> <span class='ocrx_word' id='word_1_512' title='bbox 1026 1271 1062 1298; x_wconf 91' lang='lat' dir='ltr'><strong>ita</strong></span> <span class='ocrx_word' id='word_1_513' title='bbox 1082 1275 1191 1298; x_wconf 79' lang='lat' dir='ltr'><strong>austera</strong></span> <span class='ocrx_word' id='word_1_514' title='bbox 1206 1272 1407 1305; x_wconf 76' lang='lat' dir='ltr'><strong>contiuensque</strong></span> <span class='ocrx_word' id='word_1_515' title='bbox 1419 1275 1446 1298; x_wconf 84' lang='lat' dir='ltr'><strong>ct</strong></span> <span class='ocrx_word' id='word_1_516' title='bbox 1459 1279 1554 1306; x_wconf 85' lang='lat' dir='ltr'><strong>aspera</strong></span> <span class='ocrx_word' id='word_1_517' title='bbox 1574 1272 1629 1298; x_wconf 89' lang='lat' dir='ltr'><strong>vita</strong></span> <span class='ocrx_word' id='word_1_518' title='bbox 1646 1272 1675 1298; x_wconf 86' lang='lat' dir='ltr'><strong>tit</strong></span> <span class='ocrx_word' id='word_1_519' title='bbox 1693 1279 1741 1299; x_wconf 87' lang='lat' dir='ltr'><strong>cu-</strong></span> 
     </span>
    </p>
   </div>
   <div class='ocr_carea' id='block_1_72' title="bbox 949 1317 1739 1352">
    <p class='ocr_par' dir='ltr' id='par_1_72' title="bbox 949 1317 1739 1352">
     <span class='ocr_line' id='line_1_72' title="bbox 949 1317 1739 1352; baseline 0 -8"><span class='ocrx_word' id='word_1_520' title='bbox 949 1321 1007 1344; x_wconf 90' lang='lat' dir='ltr'><strong>stos</strong></span> <span class='ocrx_word' id='word_1_521' title='bbox 1026 1317 1161 1344; x_wconf 84' lang='lat' dir='ltr'><strong>bonorum</strong></span> <span class='ocrx_word' id='word_1_522' title='bbox 1181 1318 1378 1352; x_wconf 66' lang='lat' dir='ltr'><strong>temperantia).</strong></span> <span class='ocrx_word' id='word_1_523' title='bbox 1399 1317 1447 1345; x_wconf 85' lang='lat' dir='ltr'><strong>Est</strong></span> <span class='ocrx_word' id='word_1_524' title='bbox 1470 1318 1513 1345; x_wconf 90' lang='lat' dir='ltr'><strong>hic</strong></span> <span class='ocrx_word' id='word_1_525' title='bbox 1528 1323 1618 1344; x_wconf 79' lang='lat' dir='ltr'><strong>autent</strong></span> <span class='ocrx_word' id='word_1_526' title='bbox 1636 1317 1739 1352; x_wconf 78' lang='lat' dir='ltr'><strong>duplex</strong></span> 
     </span>
    </p>
   </div>
   <div class='ocr_carea' id='block_1_73' title="bbox 950 1363 1738 1398">
    <p class='ocr_par' dir='ltr' id='par_1_73' title="bbox 950 1363 1738 1398">
     <span class='ocr_line' id='line_1_73' title="bbox 950 1363 1738 1398; baseline 0 -9"><span class='ocrx_word' id='word_1_527' title='bbox 950 1363 1010 1390; x_wconf 86' lang='lat' dir='ltr'><strong>laus</strong></span> <span class='ocrx_word' id='word_1_528' title='bbox 1026 1363 1145 1396; x_wconf 75' lang='lat' dir='ltr'><strong>virtutis,</strong></span> <span class='ocrx_word' id='word_1_529' title='bbox 1162 1371 1258 1398; x_wconf 82' lang='lat' dir='ltr'><strong>nempe</strong></span> <span class='ocrx_word' id='word_1_530' title='bbox 1276 1367 1301 1390; x_wconf 91' lang='lat' dir='ltr'><strong>et</strong></span> <span class='ocrx_word' id='word_1_531' title='bbox 1314 1371 1363 1397; x_wconf 87' lang='lat' dir='ltr'><strong>per</strong></span> <span class='ocrx_word' id='word_1_532' title='bbox 1374 1371 1405 1390; x_wconf 81' lang='lat' dir='ltr'><strong>ea</strong></span> <span class='ocrx_word' id='word_1_533' title='bbox 1420 1371 1481 1398; x_wconf 64' lang='lat' dir='ltr'><strong>quae</strong></span> <span class='ocrx_word' id='word_1_534' title='bbox 1494 1367 1626 1398; x_wconf 73' lang='lat' dir='ltr'><strong>apparent</strong></span> <span class='ocrx_word' id='word_1_535' title='bbox 1642 1363 1668 1389; x_wconf 90' lang='lat' dir='ltr'><strong>in</strong></span> <span class='ocrx_word' id='word_1_536' title='bbox 1683 1363 1738 1389; x_wconf 75' lang='lat' dir='ltr'><strong>vita</strong></span> 
     </span>
    </p>
   </div>
   <div class='ocr_carea' id='block_1_74' title="bbox 950 1409 1740 1444">
    <p class='ocr_par' dir='ltr' id='par_1_74' title="bbox 950 1409 1740 1444">
     <span class='ocr_line' id='line_1_74' title="bbox 950 1409 1740 1444; baseline 0.001 -9"><span class='ocrx_word' id='word_1_537' title='bbox 950 1409 1076 1440; x_wconf 81' lang='lat' dir='ltr'><strong>honesta,</strong></span> <span class='ocrx_word' id='word_1_538' title='bbox 1100 1413 1126 1436; x_wconf 88' lang='lat' dir='ltr'><strong>et</strong></span> <span class='ocrx_word' id='word_1_539' title='bbox 1153 1417 1202 1444; x_wconf 86' lang='lat' dir='ltr'><strong>per</strong></span> <span class='ocrx_word' id='word_1_540' title='bbox 1214 1417 1246 1436; x_wconf 83' lang='lat' dir='ltr'><strong>ea</strong></span> <span class='ocrx_word' id='word_1_541' title='bbox 1268 1417 1329 1444; x_wconf 65' lang='lat' dir='ltr'><strong>qum</strong></span> <span class='ocrx_word' id='word_1_542' title='bbox 1352 1414 1426 1437; x_wconf 88' lang='lat' dir='ltr'><strong>recte</strong></span> <span class='ocrx_word' id='word_1_543' title='bbox 1441 1415 1575 1444; x_wconf 78' lang='lat' dir='ltr'><strong>geruntur</strong></span> <span class='ocrx_word' id='word_1_544' title='bbox 1597 1411 1623 1436; x_wconf 92' lang='lat' dir='ltr'><strong>iu</strong></span> <span class='ocrx_word' id='word_1_545' title='bbox 1641 1409 1740 1436; x_wconf 79' lang='lat' dir='ltr'><strong>animae</strong></span> 
     </span>
    </p>
   </div>
   <div class='ocr_carea' id='block_1_75' title="bbox 951 1454 1740 1489">
    <p class='ocr_par' dir='ltr' id='par_1_75' title="bbox 951 1454 1740 1489">
     <span class='ocr_line' id='line_1_75' title="bbox 951 1454 1740 1489; baseline 0.003 -9"><span class='ocrx_word' id='word_1_546' title='bbox 951 1455 1150 1488; x_wconf 77' lang='lat' dir='ltr'><strong>impatibilitnte</strong></span> <span class='ocrx_word' id='word_1_547' title='bbox 1165 1463 1170 1480; x_wconf 95' lang='lat'><strong>:</strong></span> <span class='ocrx_word' id='word_1_548' title='bbox 1185 1454 1268 1488; x_wconf 67' lang='lat' dir='ltr'><strong>Cujus</strong></span> <span class='ocrx_word' id='word_1_549' title='bbox 1284 1455 1342 1482; x_wconf 80' lang='lat' dir='ltr'><strong>laus</strong></span> <span class='ocrx_word' id='word_1_550' title='bbox 1355 1459 1407 1487; x_wconf 89' lang='lat' dir='ltr'><strong>est,</strong></span> <span class='ocrx_word' id='word_1_551' title='bbox 1421 1455 1491 1482; x_wconf 82' lang='lat' dir='ltr'><strong>sicut</strong></span> <span class='ocrx_word' id='word_1_552' title='bbox 1505 1455 1571 1482; x_wconf 86' lang='lat' dir='ltr'><strong>dicit</strong></span> <span class='ocrx_word' id='word_1_553' title='bbox 1581 1455 1740 1489; x_wconf 83' lang='lat' dir='ltr'><strong>Apostolus.</strong></span> 
     </span>
    </p>
   </div>
   <div class='ocr_carea' id='block_1_76' title="bbox 951 1500 1769 1535">
    <p class='ocr_par' dir='ltr' id='par_1_76' title="bbox 951 1500 1769 1535">
     <span class='ocr_line' id='line_1_76' title="bbox 951 1500 1769 1535; baseline 0.001 -9"><span class='ocrx_word' id='word_1_554' title='bbox 951 1507 1002 1526; x_wconf 79' lang='lat' dir='ltr'><strong>non</strong></span> <span class='ocrx_word' id='word_1_555' title='bbox 1015 1507 1047 1526; x_wconf 76' lang='lat' dir='ltr'><strong>ea:</strong></span> <span class='ocrx_word' id='word_1_556' title='bbox 1060 1500 1220 1532; x_wconf 77' lang='lat' dir='ltr'><strong>hominibus,</strong></span> <span class='ocrx_word' id='word_1_557' title='bbox 1236 1500 1281 1527; x_wconf 79' lang='lat' dir='ltr'><strong>sed</strong></span> <span class='ocrx_word' id='word_1_558' title='bbox 1296 1509 1328 1527; x_wconf 74' lang='lat' dir='ltr'><strong>ea:</strong></span> <span class='ocrx_word' id='word_1_559' title='bbox 1344 1500 1396 1528; x_wconf 88' lang='lat' dir='ltr'><strong>Deo</strong></span> <span class='ocrx_word' id='word_1_560' title='bbox 1408 1502 1441 1527; x_wconf 86' lang='lat'><strong>&quot;.</strong></span> <span class='ocrx_word' id='word_1_561' title='bbox 1458 1501 1524 1527; x_wconf 81' lang='lat' dir='ltr'><strong>Nam</strong></span> <span class='ocrx_word' id='word_1_562' title='bbox 1539 1502 1585 1535; x_wconf 89' lang='lat' dir='ltr'><strong>qui</strong></span> <span class='ocrx_word' id='word_1_563' title='bbox 1600 1501 1740 1527; x_wconf 87' lang='lat' dir='ltr'><strong>relucctiu</strong></span> <span class='ocrx_word' id='word_1_564' title='bbox 1765 1507 1769 1510; x_wconf 83' lang='lat'><strong><em>‘</em></strong></span> 
     </span>
    </p>
   </div>
   <div class='ocr_carea' id='block_1_77' title="bbox 949 1545 1740 1581">
    <p class='ocr_par' dir='ltr' id='par_1_77' title="bbox 949 1545 1740 1581">
     <span class='ocr_line' id='line_1_77' title="bbox 949 1545 1740 1581; baseline 0 -9"><span class='ocrx_word' id='word_1_565' title='bbox 949 1545 993 1577; x_wconf 89' lang='lat' dir='ltr'><strong>iis,</strong></span> <span class='ocrx_word' id='word_1_566' title='bbox 1011 1553 1071 1580; x_wconf 71' lang='lat' dir='ltr'><strong>quae</strong></span> <span class='ocrx_word' id='word_1_567' title='bbox 1084 1546 1162 1577; x_wconf 80' lang='lat' dir='ltr'><strong>fiunt,</strong></span> <span class='ocrx_word' id='word_1_568' title='bbox 1181 1547 1280 1580; x_wconf 84' lang='lat' dir='ltr'><strong>pudor,</strong></span> <span class='ocrx_word' id='word_1_569' title='bbox 1302 1546 1440 1581; x_wconf 84' lang='lat' dir='ltr'><strong>propriam</strong></span> <span class='ocrx_word' id='word_1_570' title='bbox 1455 1546 1564 1580; x_wconf 86' lang='lat' dir='ltr'><strong>quidem</strong></span> <span class='ocrx_word' id='word_1_571' title='bbox 1585 1546 1665 1572; x_wconf 79' lang='lat' dir='ltr'><strong>habet</strong></span> <span class='ocrx_word' id='word_1_572' title='bbox 1680 1545 1740 1572; x_wconf 80' lang='lat' dir='ltr'><strong>iau~</strong></span> 
     </span>
    </p>
   </div>
   <div class='ocr_carea' id='block_1_78' title="bbox 950 1589 1741 1625">
    <p class='ocr_par' dir='ltr' id='par_1_78' title="bbox 950 1589 1741 1625">
     <span class='ocr_line' id='line_1_78' title="bbox 950 1589 1741 1625; baseline 0.001 -9"><span class='ocrx_word' id='word_1_573' title='bbox 950 1589 1011 1617; x_wconf 82' lang='lat' dir='ltr'><strong>dem</strong></span> <span class='ocrx_word' id='word_1_574' title='bbox 1039 1598 1072 1617; x_wconf 81' lang='lat' dir='ltr'><strong>ex</strong></span> <span class='ocrx_word' id='word_1_575' title='bbox 1101 1590 1135 1617; x_wconf 86' lang='lat' dir='ltr'><strong>iis</strong></span> <span class='ocrx_word' id='word_1_576' title='bbox 1163 1597 1223 1625; x_wconf 67' lang='lat' dir='ltr'><strong>quae</strong></span> <span class='ocrx_word' id='word_1_577' title='bbox 1258 1594 1322 1617; x_wconf 89' lang='lat' dir='ltr'><strong>sunt</strong></span> <span class='ocrx_word' id='word_1_578' title='bbox 1354 1591 1521 1623; x_wconf 80' lang='lat' dir='ltr'><strong>manifesta;</strong></span> <span class='ocrx_word' id='word_1_579' title='bbox 1555 1595 1619 1618; x_wconf 90' lang='lat' dir='ltr'><strong>sunt</strong></span> <span class='ocrx_word' id='word_1_580' title='bbox 1649 1594 1741 1617; x_wconf 88' lang='lat' dir='ltr'><strong>autem</strong></span> 
     </span>
    </p>
   </div>
   <div class='ocr_carea' id='block_1_79' title="bbox 950 1637 1741 1670">
    <p class='ocr_par' dir='ltr' id='par_1_79' title="bbox 950 1637 1741 1670">
     <span class='ocr_line' id='line_1_79' title="bbox 950 1637 1741 1670; baseline 0.003 -8"><span class='ocrx_word' id='word_1_581' title='bbox 950 1642 1025 1663; x_wconf 78' lang='lat' dir='ltr'><strong>extra</strong></span> <span class='ocrx_word' id='word_1_582' title='bbox 1046 1643 1088 1667; x_wconf 85' lang='lat' dir='ltr'><strong>ea.</strong></span> <span class='ocrx_word' id='word_1_583' title='bbox 1109 1644 1169 1670; x_wconf 72' lang='lat' dir='ltr'><strong>qua:</strong></span> <span class='ocrx_word' id='word_1_584' title='bbox 1189 1640 1324 1667; x_wconf 74' lang='lat' dir='ltr'><strong>tacentur,</strong></span> <span class='ocrx_word' id='word_1_585' title='bbox 1344 1641 1449 1664; x_wconf 87' lang='lat' dir='ltr'><strong>etsunt</strong></span> <span class='ocrx_word' id='word_1_586' title='bbox 1467 1637 1576 1664; x_wconf 82' lang='lat' dir='ltr'><strong>occulta</strong></span> <span class='ocrx_word' id='word_1_587' title='bbox 1597 1637 1741 1670; x_wconf 77' lang='lat' dir='ltr'><strong>miracula,</strong></span> 
     </span>
    </p>
   </div>
   <div class='ocr_carea' id='block_1_80' title="bbox 951 1681 1740 1717">
    <p class='ocr_par' dir='ltr' id='par_1_80' title="bbox 951 1681 1740 1717">
     <span class='ocr_line' id='line_1_80' title="bbox 951 1681 1740 1717; baseline -0.001 -8"><span class='ocrx_word' id='word_1_588' title='bbox 951 1688 1011 1716; x_wconf 64' lang='lat' dir='ltr'><strong>quae</strong></span> <span class='ocrx_word' id='word_1_589' title='bbox 1027 1681 1116 1709; x_wconf 86' lang='lat' dir='ltr'><strong>solum</strong></span> <span class='ocrx_word' id='word_1_590' title='bbox 1137 1686 1288 1708; x_wconf 88' lang='lat' dir='ltr'><strong>cernuntur</strong></span> <span class='ocrx_word' id='word_1_591' title='bbox 1306 1682 1352 1708; x_wconf 91' lang='lat' dir='ltr'><strong>illo</strong></span> <span class='ocrx_word' id='word_1_592' title='bbox 1368 1682 1448 1709; x_wconf 75' lang='lat' dir='ltr'><strong>oculo</strong></span> <span class='ocrx_word' id='word_1_593' title='bbox 1464 1683 1511 1716; x_wconf 85' lang='lat' dir='ltr'><strong>qui</strong></span> <span class='ocrx_word' id='word_1_594' title='bbox 1531 1683 1638 1709; x_wconf 85' lang='lat' dir='ltr'><strong>occulta</strong></span> <span class='ocrx_word' id='word_1_595' title='bbox 1664 1683 1740 1717; x_wconf 88' lang='lat' dir='ltr'><strong>aspi-</strong></span> 
     </span>
    </p>
   </div>
   <div class='ocr_carea' id='block_1_81' title="bbox 952 1726 1742 1762">
    <p class='ocr_par' dir='ltr' id='par_1_81' title="bbox 952 1726 1742 1762">
     <span class='ocr_line' id='line_1_81' title="bbox 952 1726 1742 1762; baseline 0 -8"><span class='ocrx_word' id='word_1_596' title='bbox 952 1727 1001 1756; x_wconf 91' lang='lat' dir='ltr'><strong>cit.</strong></span> <span class='ocrx_word' id='word_1_597' title='bbox 1020 1726 1073 1754; x_wconf 84' lang='lat' dir='ltr'><strong>Per</strong></span> <span class='ocrx_word' id='word_1_598' title='bbox 1084 1734 1115 1754; x_wconf 91' lang='lat' dir='ltr'><strong>ea</strong></span> <span class='ocrx_word' id='word_1_599' title='bbox 1130 1731 1221 1754; x_wconf 78' lang='lat' dir='ltr'><strong>autent</strong></span> <span class='ocrx_word' id='word_1_600' title='bbox 1235 1735 1296 1761; x_wconf 76' lang='lat' dir='ltr'><strong>quae</strong></span> <span class='ocrx_word' id='word_1_601' title='bbox 1308 1733 1401 1762; x_wconf 75' lang='lat' dir='ltr'><strong>postea</strong></span> <span class='ocrx_word' id='word_1_602' title='bbox 1422 1732 1583 1762; x_wconf 87' lang='lat' dir='ltr'><strong>sequuntur,</strong></span> <span class='ocrx_word' id='word_1_603' title='bbox 1599 1727 1742 1759; x_wconf 84' lang='lat' dir='ltr'><strong>discimus,</strong></span> 
     </span>
    </p>
   </div>
   <div class='ocr_carea' id='block_1_82' title="bbox 952 1770 1742 1806">
    <p class='ocr_par' dir='ltr' id='par_1_82' title="bbox 952 1770 1742 1806">
     <span class='ocr_line' id='line_1_82' title="bbox 952 1770 1742 1806; baseline -0.001 -8"><span class='ocrx_word' id='word_1_604' title='bbox 952 1770 1026 1806; x_wconf 90' lang='lat' dir='ltr'><strong>quod</strong></span> <span class='ocrx_word' id='word_1_605' title='bbox 1043 1778 1212 1805; x_wconf 81' lang='lat' dir='ltr'><strong>quaecunque</strong></span> <span class='ocrx_word' id='word_1_606' title='bbox 1235 1770 1336 1797; x_wconf 86' lang='lat' dir='ltr'><strong>fiebant</strong></span> <span class='ocrx_word' id='word_1_607' title='bbox 1350 1771 1384 1797; x_wconf 87' lang='lat' dir='ltr'><strong>ab</strong></span> <span class='ocrx_word' id='word_1_608' title='bbox 1403 1770 1436 1798; x_wconf 91' lang='lat' dir='ltr'><strong>iis</strong></span> <span class='ocrx_word' id='word_1_609' title='bbox 1457 1771 1563 1798; x_wconf 85' lang='lat' dir='ltr'><strong>sanctis</strong></span> <span class='ocrx_word' id='word_1_610' title='bbox 1580 1771 1626 1805; x_wconf 88' lang='lat' dir='ltr'><strong>qui</strong></span> <span class='ocrx_word' id='word_1_611' title='bbox 1647 1778 1662 1796; x_wconf 77' lang='grc' dir='ltr'><strong>ιι</strong></span> <span class='ocrx_word' id='word_1_612' title='bbox 1687 1770 1742 1797; x_wconf 80' lang='lat' dir='ltr'><strong>Deo</strong></span> 
     </span>
    </p>
   </div>
   <div class='ocr_carea' id='block_1_83' title="bbox 953 1816 1742 1854">
    <p class='ocr_par' dir='ltr' id='par_1_83' title="bbox 953 1816 1742 1854">
     <span class='ocr_line' id='line_1_83' title="bbox 953 1816 1742 1854; baseline -0.004 -9"><span class='ocrx_word' id='word_1_613' title='bbox 953 1821 1032 1845; x_wconf 82' lang='lat' dir='ltr'><strong>erant</strong></span> <span class='ocrx_word' id='word_1_614' title='bbox 1050 1816 1192 1851; x_wconf 87' lang='lat' dir='ltr'><strong>inspirati,</strong></span> <span class='ocrx_word' id='word_1_615' title='bbox 1217 1816 1328 1843; x_wconf 89' lang='lat' dir='ltr'><strong>fuerunt</strong></span> <span class='ocrx_word' id='word_1_616' title='bbox 1348 1816 1458 1850; x_wconf 75' lang='lat' dir='ltr'><strong>quidam</strong></span> <span class='ocrx_word' id='word_1_617' title='bbox 1475 1821 1554 1851; x_wconf 77' lang='lat' dir='ltr'><strong>typus</strong></span> <span class='ocrx_word' id='word_1_618' title='bbox 1570 1821 1597 1843; x_wconf 86' lang='lat' dir='ltr'><strong>et</strong></span> <span class='ocrx_word' id='word_1_619' title='bbox 1617 1816 1742 1854; x_wconf 66' lang='lat' dir='ltr'><strong>doctrina</strong></span> 
     </span>
    </p>
   </div>
   <div class='ocr_carea' id='block_1_84' title="bbox 952 1861 1742 1897">
    <p class='ocr_par' dir='ltr' id='par_1_84' title="bbox 952 1861 1742 1897">
     <span class='ocr_line' id='line_1_84' title="bbox 952 1861 1742 1897; baseline -0.004 -7"><span class='ocrx_word' id='word_1_620' title='bbox 952 1870 1049 1890; x_wconf 89' lang='lat' dir='ltr'><strong>eorum</strong></span> <span class='ocrx_word' id='word_1_621' title='bbox 1067 1870 1128 1897; x_wconf 69' lang='lat' dir='ltr'><strong>qua:</strong></span> <span class='ocrx_word' id='word_1_622' title='bbox 1146 1866 1219 1889; x_wconf 88' lang='lat' dir='ltr'><strong>recte</strong></span> <span class='ocrx_word' id='word_1_623' title='bbox 1242 1861 1310 1888; x_wconf 82' lang='lat' dir='ltr'><strong>ﬁunt</strong></span> <span class='ocrx_word' id='word_1_624' title='bbox 1327 1868 1360 1888; x_wconf 80' lang='lat' dir='ltr'><strong>ex</strong></span> <span class='ocrx_word' id='word_1_625' title='bbox 1378 1861 1489 1888; x_wconf 86' lang='lat' dir='ltr'><strong>virtute.</strong></span> <span class='ocrx_word' id='word_1_626' title='bbox 1506 1861 1621 1896; x_wconf 71' lang='lat' dir='ltr'><strong>Nuptiae,</strong></span> <span class='ocrx_word' id='word_1_627' title='bbox 1640 1862 1742 1896; x_wconf 76' lang='lat' dir='ltr'><strong>migra-</strong></span> 
     </span>
    </p>
   </div>
   <div class='ocr_carea' id='block_1_85' title="bbox 954 1907 1745 1942">
    <p class='ocr_par' dir='ltr' id='par_1_85' title="bbox 954 1907 1745 1942">
     <span class='ocr_line' id='line_1_85' title="bbox 954 1907 1745 1942; baseline -0.005 -6"><span class='ocrx_word' id='word_1_628' title='bbox 954 1909 1052 1940; x_wconf 84' lang='lat' dir='ltr'><strong>tioues,</strong></span> <span class='ocrx_word' id='word_1_629' title='bbox 1074 1908 1155 1941; x_wconf 85' lang='lat' dir='ltr'><strong>bella,</strong></span> <span class='ocrx_word' id='word_1_630' title='bbox 1180 1907 1360 1935; x_wconf 62' lang='lat' dir='ltr'><strong>aediﬁciorum</strong></span> <span class='ocrx_word' id='word_1_631' title='bbox 1385 1907 1598 1940; x_wconf 79' lang='lat' dir='ltr'><strong>exstructiones,</strong></span> <span class='ocrx_word' id='word_1_632' title='bbox 1623 1907 1745 1942; x_wconf 64' lang='lat' dir='ltr'><strong>praefigu-</strong></span> 
     </span>
    </p>
   </div>
   <div class='ocr_carea' id='block_1_86' title="bbox 952 1952 1741 1987">
    <p class='ocr_par' dir='ltr' id='par_1_86' title="bbox 952 1952 1741 1987">
     <span class='ocr_line' id='line_1_86' title="bbox 952 1952 1741 1987; baseline -0.004 -5"><span class='ocrx_word' id='word_1_633' title='bbox 952 1955 1050 1982; x_wconf 85' lang='lat' dir='ltr'><strong>rabant</strong></span> <span class='ocrx_word' id='word_1_634' title='bbox 1073 1955 1165 1982; x_wconf 89' lang='lat' dir='ltr'><strong>omnia</strong></span> <span class='ocrx_word' id='word_1_635' title='bbox 1190 1953 1405 1980; x_wconf 86' lang='lat' dir='ltr'><strong>admonitionem</strong></span> <span class='ocrx_word' id='word_1_636' title='bbox 1431 1953 1492 1980; x_wconf 69' lang='lat' dir='ltr'><strong>vita:</strong></span> <span class='ocrx_word' id='word_1_637' title='bbox 1516 1957 1609 1987; x_wconf 85' lang='lat' dir='ltr'><strong>postea</strong></span> <span class='ocrx_word' id='word_1_638' title='bbox 1633 1952 1741 1980; x_wconf 64' lang='lat' dir='ltr'><strong>futurae.</strong></span> 
     </span>
    </p>
   </div>
   <div class='ocr_carea' id='block_1_87' title="bbox 953 1998 1746 2035">
    <p class='ocr_par' dir='ltr' id='par_1_87' title="bbox 953 1998 1746 2035">
     <span class='ocr_line' id='line_1_87' title="bbox 953 1998 1746 2035; baseline -0.005 -7"><span class='ocrx_word' id='word_1_639' title='bbox 953 2000 1060 2035; x_wconf 78' lang='lat' dir='ltr'><strong>Scripta</strong></span> <span class='ocrx_word' id='word_1_640' title='bbox 1077 2005 1137 2026; x_wconf 79' lang='lat' dir='ltr'><strong>sunt</strong></span> <span class='ocrx_word' id='word_1_641' title='bbox 1153 2000 1235 2032; x_wconf 81' lang='lat' dir='ltr'><strong>enim,</strong></span> <span class='ocrx_word' id='word_1_642' title='bbox 1261 1999 1361 2034; x_wconf 87' lang='lat' dir='ltr'><strong>inquit,</strong></span> <span class='ocrx_word' id='word_1_643' title='bbox 1388 1999 1443 2026; x_wconf 70' lang='lat' dir='ltr'><strong>Ita’c</strong></span> <span class='ocrx_word' id='word_1_644' title='bbox 1457 1998 1491 2024; x_wconf 82' lang='lat' dir='ltr'><strong>ad</strong></span> <span class='ocrx_word' id='word_1_645' title='bbox 1513 2003 1631 2024; x_wconf 83' lang='lat' dir='ltr'><strong>nostram</strong></span> <span class='ocrx_word' id='word_1_646' title='bbox 1655 1998 1746 2025; x_wconf 83' lang='lat' dir='ltr'><strong>admo-</strong></span> 
     </span>
    </p>
   </div>
   <div class='ocr_carea' id='block_1_88' title="bbox 953 2044 1742 2080">
    <p class='ocr_par' dir='ltr' id='par_1_88' title="bbox 953 2044 1742 2080">
     <span class='ocr_line' id='line_1_88' title="bbox 953 2044 1742 2080; baseline -0.004 -7"><span class='ocrx_word' id='word_1_647' title='bbox 953 2048 1090 2078; x_wconf 83' lang='lat' dir='ltr'><strong>nitionem,</strong></span> <span class='ocrx_word' id='word_1_648' title='bbox 1113 2046 1147 2072; x_wconf 84' lang='lat' dir='ltr'><strong>ad</strong></span> <span class='ocrx_word' id='word_1_649' title='bbox 1171 2053 1235 2080; x_wconf 77' lang='lat' dir='ltr'><strong>quos</strong></span> <span class='ocrx_word' id='word_1_650' title='bbox 1257 2045 1322 2079; x_wconf 70' lang='lat' dir='ltr'><strong>ﬁnes</strong></span> <span class='ocrx_word' id='word_1_651' title='bbox 1347 2044 1506 2072; x_wconf 68' lang='lat' dir='ltr'><strong>mulorum</strong></span> <span class='ocrx_word' id='word_1_652' title='bbox 1526 2044 1742 2078; x_wconf 80' lang='lat' dir='ltr'><strong>pervenerunt&quot;.</strong></span> 
     </span>
    </p>
   </div>
   <div class='ocr_carea' id='block_1_89' title="bbox 953 2089 1745 2126">
    <p class='ocr_par' dir='ltr' id='par_1_89' title="bbox 953 2089 1745 2126">
     <span class='ocr_line' id='line_1_89' title="bbox 953 2089 1745 2126; baseline -0.004 -7"><span class='ocrx_word' id='word_1_653' title='bbox 953 2091 1019 2119; x_wconf 85' lang='lat' dir='ltr'><strong>Nam</strong></span> <span class='ocrx_word' id='word_1_654' title='bbox 1035 2091 1133 2119; x_wconf 89' lang='lat' dir='ltr'><strong>bellum</strong></span> <span class='ocrx_word' id='word_1_655' title='bbox 1149 2091 1257 2126; x_wconf 89' lang='lat' dir='ltr'><strong>quidem</strong></span> <span class='ocrx_word' id='word_1_656' title='bbox 1271 2090 1343 2125; x_wconf 89' lang='lat' dir='ltr'><strong>quod</strong></span> <span class='ocrx_word' id='word_1_657' title='bbox 1357 2094 1463 2125; x_wconf 74' lang='lat' dir='ltr'><strong>gestum</strong></span> <span class='ocrx_word' id='word_1_658' title='bbox 1475 2093 1516 2117; x_wconf 88' lang='lat' dir='ltr'><strong>est</strong></span> <span class='ocrx_word' id='word_1_659' title='bbox 1531 2089 1663 2117; x_wconf 83' lang='lat' dir='ltr'><strong>adversus</strong></span> <span class='ocrx_word' id='word_1_660' title='bbox 1679 2090 1745 2117; x_wconf 84' lang='lat' dir='ltr'><strong>alie-</strong></span> 
     </span>
    </p>
   </div>
   <div class='ocr_carea' id='block_1_90' title="bbox 115 2135 899 2174">
    <p class='ocr_par' dir='ltr' id='par_1_90' title="bbox 115 2138 899 2174">
     <span class='ocr_line' id='line_1_90' title="bbox 115 2138 899 2174; baseline -0.001 -7"><span class='ocrx_word' id='word_1_661' title='bbox 115 2140 312 2174; x_wconf 76' lang='grc' dir='ltr'>κατήντηκεν,</span> <span class='ocrx_word' id='word_1_662' title='bbox 335 2140 363 2166; x_wconf 93' lang='lat'><strong>&#39;0</strong></span> <span class='ocrx_word' id='word_1_663' title='bbox 387 2139 435 2174; x_wconf 81' lang='grc' dir='ltr'>μὲν</span> <span class='ocrx_word' id='word_1_664' title='bbox 451 2139 506 2174; x_wconf 85' lang='grc' dir='ltr'>γὰρ</span> <span class='ocrx_word' id='word_1_665' title='bbox 527 2139 596 2166; x_wconf 82' lang='grc' dir='ltr'>κατὰ</span> <span class='ocrx_word' id='word_1_666' title='bbox 608 2138 661 2165; x_wconf 83' lang='grc' dir='ltr'><strong>τῶν</strong></span> <span class='ocrx_word' id='word_1_667' title='bbox 682 2139 838 2174; x_wconf 83' lang='grc' dir='ltr'>ἀλλοφύλων</span> <span class='ocrx_word' id='word_1_668' title='bbox 853 2140 899 2166; x_wconf 86' lang='grc' dir='ltr'><strong>πό-</strong></span> 
     </span>
    </p>
   </div>
   <div class='ocr_carea' id='block_1_91' title="bbox 951 2135 1744 2174">
    <p class='ocr_par' dir='ltr' id='par_1_91' title="bbox 956 2135 1744 2172">
     <span class='ocr_line' id='line_1_91' title="bbox 956 2135 1744 2172; baseline -0.001 -8"><span class='ocrx_word' id='word_1_669' title='bbox 956 2138 1079 2172; x_wconf 79' lang='lat' dir='ltr'><strong>nigenas,</strong></span> <span class='ocrx_word' id='word_1_670' title='bbox 1099 2137 1221 2164; x_wconf 83' lang='lat' dir='ltr'><strong>consulit</strong></span> <span class='ocrx_word' id='word_1_671' title='bbox 1238 2141 1266 2164; x_wconf 92' lang='lat' dir='ltr'><strong>ut</strong></span> <span class='ocrx_word' id='word_1_672' title='bbox 1283 2144 1333 2163; x_wconf 86' lang='lat' dir='ltr'><strong>nos</strong></span> <span class='ocrx_word' id='word_1_673' title='bbox 1349 2135 1455 2163; x_wconf 81' lang='lat' dir='ltr'><strong>fortiter</strong></span> <span class='ocrx_word' id='word_1_674' title='bbox 1469 2143 1596 2171; x_wconf 81' lang='lat' dir='ltr'><strong>geramus</strong></span> <span class='ocrx_word' id='word_1_675' title='bbox 1613 2136 1744 2164; x_wconf 81' lang='lat' dir='ltr'><strong>adversus</strong></span> 
     </span>
    </p>
   </div>
   <div class='ocr_carea' id='block_1_92' title="bbox 115 2182 900 2218">
    <p class='ocr_par' dir='ltr' id='par_1_92' title="bbox 115 2182 900 2218">
     <span class='ocr_line' id='line_1_92' title="bbox 115 2182 900 2218; baseline 0 -9"><span class='ocrx_word' id='word_1_676' title='bbox 115 2183 207 2218; x_wconf 83' lang='grc' dir='ltr'>λεμος,</span> <span class='ocrx_word' id='word_1_677' title='bbox 223 2182 402 2217; x_wconf 77' lang='grc' dir='ltr'>συμϐουλεύει</span> <span class='ocrx_word' id='word_1_678' title='bbox 418 2184 488 2209; x_wconf 84' lang='grc' dir='ltr'>κατά</span> <span class='ocrx_word' id='word_1_679' title='bbox 503 2183 552 2216; x_wconf 87' lang='grc' dir='ltr'>τῆς</span> <span class='ocrx_word' id='word_1_680' title='bbox 569 2182 670 2213; x_wconf 81' lang='grc' dir='ltr'>κακίας</span> <span class='ocrx_word' id='word_1_681' title='bbox 685 2183 760 2216; x_wconf 78' lang='grc' dir='ltr'>ἡμᾶς</span> <span class='ocrx_word' id='word_1_682' title='bbox 779 2183 900 2218; x_wconf 80' lang='grc' dir='ltr'><strong>ἀνδρίζε-</strong></span> 
     </span>
    </p>
   </div>
   <div class='ocr_carea' id='block_1_93' title="bbox 116 2221 900 2263">
    <p class='ocr_par' dir='ltr' id='par_1_93' title="bbox 116 2221 900 2263">
     <span class='ocr_line' id='line_1_93' title="bbox 116 2221 900 2263; baseline -0.003 -9"><span class='ocrx_word' id='word_1_683' title='bbox 116 2227 188 2254; x_wconf 87' lang='grc' dir='ltr'>σθαι.</span> <span class='ocrx_word' id='word_1_684' title='bbox 210 2227 240 2254; x_wconf 80' lang='grc' dir='ltr'><strong><em>Ἡ</em></strong></span> <span class='ocrx_word' id='word_1_685' title='bbox 254 2227 282 2253; x_wconf 85' lang='grc' dir='ltr'>δὲ</span> <span class='ocrx_word' id='word_1_686' title='bbox 300 2226 370 2254; x_wconf 79' lang='grc' dir='ltr'>κατὰ</span> <span class='ocrx_word' id='word_1_687' title='bbox 383 2227 445 2257; x_wconf 79' lang='grc' dir='ltr'>τοὺς</span> <span class='ocrx_word' id='word_1_688' title='bbox 463 2226 568 2261; x_wconf 82' lang='grc' dir='ltr'>γάμους</span> <span class='ocrx_word' id='word_1_689' title='bbox 587 2226 689 2262; x_wconf 82' lang='grc' dir='ltr'>σπουδὴ</span> <span class='ocrx_word' id='word_1_690' title='bbox 703 2221 752 2262; x_wconf 72' lang='grc' dir='ltr'><strong>τήν</strong></span> <span class='ocrx_word' id='word_1_691' title='bbox 770 2227 824 2253; x_wconf 85' lang='grc' dir='ltr'>τῶν</span> <span class='ocrx_word' id='word_1_692' title='bbox 839 2228 900 2263; x_wconf 84' lang='grc' dir='ltr'><strong>ἀρε.</strong></span> 
     </span>
    </p>
   </div>
   <div class='ocr_carea' id='block_1_94' title="bbox 115 2272 899 2308">
    <p class='ocr_par' dir='ltr' id='par_1_94' title="bbox 115 2272 899 2308">
     <span class='ocr_line' id='line_1_94' title="bbox 115 2272 899 2308; baseline 0.001 -8"><span class='ocrx_word' id='word_1_693' title='bbox 115 2274 169 2300; x_wconf 80' lang='grc' dir='ltr'>τῶν</span> <span class='ocrx_word' id='word_1_694' title='bbox 202 2273 356 2308; x_wconf 80' lang='grc' dir='ltr'>συνοίκησιν</span> <span class='ocrx_word' id='word_1_695' title='bbox 382 2272 415 2299; x_wconf 82' lang='grc' dir='ltr'><strong>δι’</strong></span> <span class='ocrx_word' id='word_1_696' title='bbox 439 2272 608 2307; x_wconf 82' lang='grc' dir='ltr'>αἰνιγμάτων</span> <span class='ocrx_word' id='word_1_697' title='bbox 632 2273 706 2308; x_wconf 67' lang='grc' dir='ltr'><strong>⁴ἡμῖν</strong></span> <span class='ocrx_word' id='word_1_698' title='bbox 735 2273 899 2301; x_wconf 81' lang='grc' dir='ltr'>ὑποτίθεται.</span> 
     </span>
    </p>
   </div>
   <div class='ocr_carea' id='block_1_95' title="bbox 122 2317 901 2354">
    <p class='ocr_par' dir='ltr' id='par_1_95' title="bbox 122 2317 901 2354">
     <span class='ocr_line' id='line_1_95' title="bbox 122 2317 901 2354; baseline -0.001 -8"><span class='ocrx_word' id='word_1_699' title='bbox 122 2319 259 2350; x_wconf 83' lang='grc' dir='ltr'>Ὡσαύτως</span> <span class='ocrx_word' id='word_1_700' title='bbox 279 2318 307 2344; x_wconf 80' lang='grc' dir='ltr'>δὲ</span> <span class='ocrx_word' id='word_1_701' title='bbox 327 2319 374 2345; x_wconf 79' lang='grc' dir='ltr'><strong>καὶ</strong></span> <span class='ocrx_word' id='word_1_702' title='bbox 390 2319 405 2350; x_wconf 80' lang='grc' dir='ltr'>ἠ</span> <span class='ocrx_word' id='word_1_703' title='bbox 429 2317 542 2345; x_wconf 84' lang='grc' dir='ltr'>ἀποικία</span> <span class='ocrx_word' id='word_1_704' title='bbox 563 2318 609 2344; x_wconf 80' lang='grc' dir='ltr'>τοῦ</span> <span class='ocrx_word' id='word_1_705' title='bbox 627 2319 754 2354; x_wconf 77' lang='grc' dir='ltr'>ἐναρέτου</span> <span class='ocrx_word' id='word_1_706' title='bbox 777 2319 835 2354; x_wconf 83' lang='grc' dir='ltr'>βίου</span> <span class='ocrx_word' id='word_1_707' title='bbox 856 2319 901 2345; x_wconf 82' lang='grc' dir='ltr'>τὸν</span> 
     </span>
    </p>
   </div>
   <div class='ocr_carea' id='block_1_96' title="bbox 113 2363 902 2398">
    <p class='ocr_par' dir='ltr' id='par_1_96' title="bbox 113 2363 902 2398">
     <span class='ocr_line' id='line_1_96' title="bbox 113 2363 902 2398; baseline 0.001 -9"><span class='ocrx_word' id='word_1_708' title='bbox 113 2363 240 2398; x_wconf 75' lang='grc' dir='ltr'>οἰκισμὸν</span> <span class='ocrx_word' id='word_1_709' title='bbox 253 2363 407 2390; x_wconf 75' lang='grc' dir='ltr'>ὑποϐάλλει·</span> <span class='ocrx_word' id='word_1_710' title='bbox 427 2363 460 2390; x_wconf 80' lang='grc' dir='ltr'><strong>τὰ</strong></span> <span class='ocrx_word' id='word_1_711' title='bbox 477 2363 497 2389; x_wconf 81' lang='grc' dir='ltr'><strong>δ’</strong></span> <span class='ocrx_word' id='word_1_712' title='bbox 514 2363 564 2390; x_wconf 79' lang='grc' dir='ltr'>ὅσα</span> <span class='ocrx_word' id='word_1_713' title='bbox 583 2365 648 2398; x_wconf 79' lang='grc' dir='ltr'><strong>περὶ</strong></span> <span class='ocrx_word' id='word_1_714' title='bbox 661 2364 709 2396; x_wconf 85' lang='grc' dir='ltr'>τὰς</span> <span class='ocrx_word' id='word_1_715' title='bbox 729 2364 902 2396; x_wconf 79' lang='grc' dir='ltr'>κατασκευὰς</span> 
     </span>
    </p>
   </div>
   <div class='ocr_carea' id='block_1_97' title="bbox 117 2409 901 2444">
    <p class='ocr_par' dir='ltr' id='par_1_97' title="bbox 117 2409 901 2444">
     <span class='ocr_line' id='line_1_97' title="bbox 117 2409 901 2444; baseline 0.003 -9"><span class='ocrx_word' id='word_1_716' title='bbox 117 2409 170 2435; x_wconf 84' lang='grc' dir='ltr'>τῶν</span> <span class='ocrx_word' id='word_1_717' title='bbox 195 2409 418 2444; x_wconf 84' lang='grc' dir='ltr'>οἰκοδομημάτων</span> <span class='ocrx_word' id='word_1_718' title='bbox 438 2409 503 2444; x_wconf 79' lang='grc' dir='ltr'>παρ’</span> <span class='ocrx_word' id='word_1_719' title='bbox 525 2409 614 2436; x_wconf 83' lang='grc' dir='ltr'>αὐτῶν</span> <span class='ocrx_word' id='word_1_720' title='bbox 633 2410 822 2443; x_wconf 76' lang='grc' dir='ltr'>ἐσπουδάζετο.</span> <span class='ocrx_word' id='word_1_721' title='bbox 847 2411 901 2437; x_wconf 84' lang='grc' dir='ltr'><strong>τῶν</strong></span> 
     </span>
    </p>
   </div>
   <div class='ocr_carea' id='block_1_98' title="bbox 116 2451 903 2490">
    <p class='ocr_par' dir='ltr' id='par_1_98' title="bbox 116 2451 903 2490">
     <span class='ocr_line' id='line_1_98' title="bbox 116 2451 903 2490; baseline 0.006 -12"><span class='ocrx_word' id='word_1_722' title='bbox 116 2453 258 2490; x_wconf 76' lang='grc' dir='ltr'>ἡμετέρων</span> <span class='ocrx_word' id='word_1_723' title='bbox 273 2453 354 2480; x_wconf 76' lang='grc' dir='ltr'>οἴκων</span> <span class='ocrx_word' id='word_1_724' title='bbox 365 2453 419 2480; x_wconf 86' lang='grc' dir='ltr'>τῶν</span> <span class='ocrx_word' id='word_1_725' title='bbox 434 2454 467 2480; x_wconf 82' lang='grc' dir='ltr'><strong>δι’</strong></span> <span class='ocrx_word' id='word_1_726' title='bbox 482 2455 581 2489; x_wconf 80' lang='grc' dir='ltr'>ἀρετῆς</span> <span class='ocrx_word' id='word_1_727' title='bbox 591 2451 828 2490; x_wconf 79' lang='grc' dir='ltr'>ὀἰκοδομουμένων</span> <span class='ocrx_word' id='word_1_728' title='bbox 845 2457 903 2483; x_wconf 83' lang='grc' dir='ltr'>ἐπι-</span> 
     </span>
    </p>
   </div>
   <div class='ocr_carea' id='block_1_99' title="bbox 116 2492 902 2535">
    <p class='ocr_par' dir='ltr' id='par_1_99' title="bbox 116 2492 902 2535">
     <span class='ocr_line' id='line_1_99' title="bbox 116 2492 902 2535; baseline 0.004 -11"><span class='ocrx_word' id='word_1_729' title='bbox 116 2492 233 2533; x_wconf 49' lang='grc' dir='ltr'>μέλειαί</span> <span class='ocrx_word' id='word_1_730' title='bbox 252 2498 388 2524; x_wconf 77' lang='grc' dir='ltr'>ποιεῖσθαι</span> <span class='ocrx_word' id='word_1_731' title='bbox 408 2497 602 2526; x_wconf 79' lang='grc' dir='ltr'>διακελεύεται.</span> <span class='ocrx_word' id='word_1_732' title='bbox 623 2500 670 2526; x_wconf 87' lang='grc' dir='ltr'><strong>Διό</strong></span> <span class='ocrx_word' id='word_1_733' title='bbox 693 2508 739 2535; x_wconf 89' lang='grc' dir='ltr'><strong>μοι</strong></span> <span class='ocrx_word' id='word_1_734' title='bbox 762 2500 836 2527; x_wconf 79' lang='grc' dir='ltr'>δοκεῖ</span> <span class='ocrx_word' id='word_1_735' title='bbox 856 2501 902 2527; x_wconf 76' lang='grc' dir='ltr'>τὸν</span> 
     </span>
    </p>
   </div>
   <div class='ocr_carea' id='block_1_100' title="bbox 118 2540 901 2581">
    <p class='ocr_par' dir='ltr' id='par_1_100' title="bbox 118 2540 901 2581">
     <span class='ocr_line' id='line_1_100' title="bbox 118 2540 901 2581; baseline 0.004 -12"><span class='ocrx_word' id='word_1_736' title='bbox 118 2544 254 2578; x_wconf 73' lang='grc' dir='ltr'>περιφανῆ</span> <span class='ocrx_word' id='word_1_737' title='bbox 269 2542 373 2578; x_wconf 74' lang='grc' dir='ltr'>πύργον</span> <span class='ocrx_word' id='word_1_738' title='bbox 388 2544 499 2574; x_wconf 80' lang='grc' dir='ltr'>ἐκεῖνον,</span> <span class='ocrx_word' id='word_1_739' title='bbox 512 2540 534 2577; x_wconf 81' lang='grc' dir='ltr'><em>ᾧ</em></span> <span class='ocrx_word' id='word_1_740' title='bbox 546 2545 579 2570; x_wconf 83' lang='grc' dir='ltr'>τὰ</span> <span class='ocrx_word' id='word_1_741' title='bbox 594 2545 737 2580; x_wconf 85' lang='grc' dir='ltr'>ἀκροθίνια</span> <span class='ocrx_word' id='word_1_742' title='bbox 752 2545 805 2571; x_wconf 78' lang='grc' dir='ltr'><strong>τῶν</strong></span> <span class='ocrx_word' id='word_1_743' title='bbox 815 2545 901 2581; x_wconf 81' lang='grc' dir='ltr'>λαφύ-</span> 
     </span>
    </p>
   </div>
   <div class='ocr_carea' id='block_1_101' title="bbox 118 2588 903 2626">
    <p class='ocr_par' dir='ltr' id='par_1_101' title="bbox 118 2588 903 2626">
     <span class='ocr_line' id='line_1_101' title="bbox 118 2588 903 2626; baseline 0.006 -12"><span class='ocrx_word' id='word_1_744' title='bbox 118 2597 174 2624; x_wconf 80' lang='grc' dir='ltr'><strong>ρων</strong></span> <span class='ocrx_word' id='word_1_745' title='bbox 189 2589 319 2624; x_wconf 76' lang='grc' dir='ltr'>ἀνέθηκεν</span> <span class='ocrx_word' id='word_1_746' title='bbox 335 2588 349 2614; x_wconf 78' lang='grc' dir='ltr'><strong>ὁ</strong></span> <span class='ocrx_word' id='word_1_747' title='bbox 361 2588 451 2621; x_wconf 75' lang='grc' dir='ltr'><strong>Δαϐὶδ,</strong></span> <span class='ocrx_word' id='word_1_748' title='bbox 464 2589 532 2624; x_wconf 76' lang='grc' dir='ltr'><strong>πρὸς</strong></span> <span class='ocrx_word' id='word_1_749' title='bbox 548 2590 596 2624; x_wconf 82' lang='grc' dir='ltr'><strong>τὴν</strong></span> <span class='ocrx_word' id='word_1_750' title='bbox 606 2591 747 2626; x_wconf 81' lang='grc' dir='ltr'>προκοπὴν</span> <span class='ocrx_word' id='word_1_751' title='bbox 765 2591 815 2626; x_wconf 81' lang='grc' dir='ltr'>τῆς</span> <span class='ocrx_word' id='word_1_752' title='bbox 841 2592 903 2619; x_wconf 82' lang='grc' dir='ltr'><strong>Ἐκ-</strong></span> 
     </span>
    </p>
   </div>
   <div class='ocr_carea' id='block_1_102' title="bbox 118 2633 903 2672">
    <p class='ocr_par' dir='ltr' id='par_1_102' title="bbox 118 2633 903 2672">
     <span class='ocr_line' id='line_1_102' title="bbox 118 2633 903 2672; baseline 0.005 -12"><span class='ocrx_word' id='word_1_753' title='bbox 118 2633 232 2669; x_wconf 81' lang='grc' dir='ltr'>κλησίας</span> <span class='ocrx_word' id='word_1_754' title='bbox 250 2633 366 2669; x_wconf 80' lang='grc' dir='ltr'>βλέπων,</span> <span class='ocrx_word' id='word_1_755' title='bbox 380 2633 435 2660; x_wconf 86' lang='grc' dir='ltr'>τῶν</span> <span class='ocrx_word' id='word_1_756' title='bbox 453 2643 479 2660; x_wconf 83' lang='grc' dir='ltr'><strong>τι</strong></span> <span class='ocrx_word' id='word_1_757' title='bbox 493 2635 551 2660; x_wconf 80' lang='grc' dir='ltr'>κατ’</span> <span class='ocrx_word' id='word_1_758' title='bbox 567 2635 666 2670; x_wconf 81' lang='grc' dir='ltr'>ἀρετὴν</span> <span class='ocrx_word' id='word_1_759' title='bbox 680 2636 903 2672; x_wconf 78' lang='grc' dir='ltr'>σπουδαζομένων</span> 
     </span>
    </p>
   </div>
   <div class='ocr_carea' id='block_1_103' title="bbox 117 2678 902 2716">
    <p class='ocr_par' dir='ltr' id='par_1_103' title="bbox 117 2678 902 2716">
     <span class='ocr_line' id='line_1_103' title="bbox 117 2678 902 2716; baseline 0.005 -11"><span class='ocrx_word' id='word_1_760' title='bbox 117 2679 340 2713; x_wconf 67' lang='grc' dir='ltr'>προδιατυπῶσαι</span> <span class='ocrx_word' id='word_1_761' title='bbox 369 2678 456 2714; x_wconf 81' lang='grc' dir='ltr'>τούτῳ</span> <span class='ocrx_word' id='word_1_762' title='bbox 484 2679 523 2714; x_wconf 82' lang='grc' dir='ltr'>τῷ</span> <span class='ocrx_word' id='word_1_763' title='bbox 545 2679 632 2714; x_wconf 77' lang='grc' dir='ltr'><strong>ἔργῳ·</strong></span> <span class='ocrx_word' id='word_1_764' title='bbox 657 2680 687 2712; x_wconf 74' lang='grc' dir='ltr'>ὃς</span> <span class='ocrx_word' id='word_1_765' title='bbox 708 2681 902 2716; x_wconf 79' lang='grc' dir='ltr'>ὑπερφαίνεται</span> 
     </span>
    </p>
   </div>
   <div class='ocr_carea' id='block_1_104' title="bbox 153 2766 679 2801">
    <p class='ocr_par' dir='ltr' id='par_1_104' title="bbox 153 2766 679 2801">
     <span class='ocr_line' id='line_1_104' title="bbox 153 2766 679 2801; baseline 0.004 -8"><span class='ocrx_word' id='word_1_766' title='bbox 153 2767 178 2784; x_wconf 75' lang='grc'><strong><em>³⁸</em></strong></span> <span class='ocrx_word' id='word_1_767' title='bbox 201 2766 285 2794; x_wconf 79' lang='lat' dir='ltr'><strong>Rom.</strong></span> <span class='ocrx_word' id='word_1_768' title='bbox 310 2776 340 2801; x_wconf 77' lang='lat' dir='ltr'><strong>tt,</strong></span> <span class='ocrx_word' id='word_1_769' title='bbox 368 2767 412 2796; x_wconf 72' lang='lat'><strong>29.</strong></span> <span class='ocrx_word' id='word_1_770' title='bbox 446 2767 468 2783; x_wconf 80' lang='grc'><strong>³³</strong></span> <span class='ocrx_word' id='word_1_771' title='bbox 482 2766 560 2795; x_wconf 80' lang='lat' dir='ltr'><strong>Rom.</strong></span> <span class='ocrx_word' id='word_1_772' title='bbox 582 2775 625 2799; x_wconf 77' lang='lat' dir='ltr'><strong>xv,</strong></span> <span class='ocrx_word' id='word_1_773' title='bbox 653 2768 679 2799; x_wconf 65' lang='grc' dir='ltr'><strong>ιι</strong></span> 
     </span>
    </p>
   </div>
   <div class='ocr_carea' id='block_1_105' title="bbox 954 2180 1745 2215">
    <p class='ocr_par' dir='ltr' id='par_1_105' title="bbox 954 2180 1745 2215">
     <span class='ocr_line' id='line_1_105' title="bbox 954 2180 1745 2215; baseline -0.003 -6"><span class='ocrx_word' id='word_1_774' title='bbox 954 2183 1030 2209; x_wconf 83' lang='lat' dir='ltr'><strong>vitia.</strong></span> <span class='ocrx_word' id='word_1_775' title='bbox 1051 2181 1176 2208; x_wconf 88' lang='lat' dir='ltr'><strong>Studium</strong></span> <span class='ocrx_word' id='word_1_776' title='bbox 1191 2185 1281 2208; x_wconf 85' lang='lat' dir='ltr'><strong>autem</strong></span> <span class='ocrx_word' id='word_1_777' title='bbox 1298 2180 1478 2208; x_wconf 84' lang='lat' dir='ltr'><strong>contrahendi</strong></span> <span class='ocrx_word' id='word_1_778' title='bbox 1496 2180 1675 2212; x_wconf 87' lang='lat' dir='ltr'><strong>matrimonii,</strong></span> <span class='ocrx_word' id='word_1_779' title='bbox 1696 2189 1745 2215; x_wconf 84' lang='lat' dir='ltr'><strong>per</strong></span> 
     </span>
    </p>
   </div>
   <div class='ocr_carea' id='block_1_106' title="bbox 953 2225 1744 2262">
    <p class='ocr_par' dir='ltr' id='par_1_106' title="bbox 953 2225 1744 2262">
     <span class='ocr_line' id='line_1_106' title="bbox 953 2225 1744 2262; baseline -0.001 -8"><span class='ocrx_word' id='word_1_780' title='bbox 953 2228 1096 2262; x_wconf 64' lang='lat' dir='ltr'><strong>aenigmata</strong></span> <span class='ocrx_word' id='word_1_781' title='bbox 1115 2235 1165 2254; x_wconf 88' lang='lat' dir='ltr'><strong>nos</strong></span> <span class='ocrx_word' id='word_1_782' title='bbox 1179 2227 1308 2253; x_wconf 83' lang='lat' dir='ltr'><strong>admonet</strong></span> <span class='ocrx_word' id='word_1_783' title='bbox 1325 2229 1354 2252; x_wconf 86' lang='lat' dir='ltr'><strong>ut</strong></span> <span class='ocrx_word' id='word_1_784' title='bbox 1373 2225 1566 2253; x_wconf 84' lang='lat' dir='ltr'><strong>cohabitemus</strong></span> <span class='ocrx_word' id='word_1_785' title='bbox 1581 2233 1643 2252; x_wconf 92' lang='lat' dir='ltr'><strong>cum</strong></span> <span class='ocrx_word' id='word_1_786' title='bbox 1657 2226 1744 2253; x_wconf 79' lang='lat' dir='ltr'><strong>virtut-</strong></span> 
     </span>
    </p>
   </div>
   <div class='ocr_carea' id='block_1_107' title="bbox 955 2271 1746 2307">
    <p class='ocr_par' dir='ltr' id='par_1_107' title="bbox 955 2271 1746 2307">
     <span class='ocr_line' id='line_1_107' title="bbox 955 2271 1746 2307; baseline -0.003 -6"><span class='ocrx_word' id='word_1_787' title='bbox 955 2274 1039 2301; x_wconf 82' lang='lat' dir='ltr'><strong>tibus.</strong></span> <span class='ocrx_word' id='word_1_788' title='bbox 1056 2273 1189 2300; x_wconf 85' lang='lat' dir='ltr'><strong>Similiter</strong></span> <span class='ocrx_word' id='word_1_789' title='bbox 1212 2276 1301 2299; x_wconf 89' lang='lat' dir='ltr'><strong>autem</strong></span> <span class='ocrx_word' id='word_1_790' title='bbox 1326 2271 1454 2307; x_wconf 80' lang='lat' dir='ltr'><strong>migratio</strong></span> <span class='ocrx_word' id='word_1_791' title='bbox 1470 2271 1583 2298; x_wconf 86' lang='lat' dir='ltr'><strong>denotat</strong></span> <span class='ocrx_word' id='word_1_792' title='bbox 1604 2271 1746 2306; x_wconf 75' lang='lat' dir='ltr'><strong>migratio-</strong></span> 
     </span>
    </p>
   </div>
   <div class='ocr_carea' id='block_1_108' title="bbox 955 2317 1744 2352">
    <p class='ocr_par' dir='ltr' id='par_1_108' title="bbox 955 2317 1744 2352">
     <span class='ocr_line' id='line_1_108' title="bbox 955 2317 1744 2352; baseline -0.001 -6"><span class='ocrx_word' id='word_1_793' title='bbox 955 2327 1016 2346; x_wconf 88' lang='lat' dir='ltr'><strong>nem</strong></span> <span class='ocrx_word' id='word_1_794' title='bbox 1042 2319 1075 2345; x_wconf 90' lang='lat' dir='ltr'><strong>ad</strong></span> <span class='ocrx_word' id='word_1_795' title='bbox 1095 2319 1177 2344; x_wconf 81' lang='lat' dir='ltr'><strong>vitam</strong></span> <span class='ocrx_word' id='word_1_796' title='bbox 1194 2325 1226 2345; x_wconf 85' lang='lat' dir='ltr'><strong>ex</strong></span> <span class='ocrx_word' id='word_1_797' title='bbox 1245 2318 1345 2344; x_wconf 88' lang='lat' dir='ltr'><strong>virtute</strong></span> <span class='ocrx_word' id='word_1_798' title='bbox 1364 2317 1515 2352; x_wconf 81' lang='lat' dir='ltr'><strong>agendam;</strong></span> <span class='ocrx_word' id='word_1_799' title='bbox 1532 2325 1581 2352; x_wconf 90' lang='lat' dir='ltr'><strong>per</strong></span> <span class='ocrx_word' id='word_1_800' title='bbox 1601 2317 1744 2345; x_wconf 88' lang='lat' dir='ltr'><strong>domorum</strong></span> 
     </span>
    </p>
   </div>
   <div class='ocr_carea' id='block_1_109' title="bbox 955 2363 1747 2398">
    <p class='ocr_par' dir='ltr' id='par_1_109' title="bbox 955 2363 1747 2398">
     <span class='ocr_line' id='line_1_109' title="bbox 955 2363 1747 2398; baseline -0.005 -6"><span class='ocrx_word' id='word_1_801' title='bbox 955 2370 1044 2392; x_wconf 88' lang='lat' dir='ltr'><strong>autem</strong></span> <span class='ocrx_word' id='word_1_802' title='bbox 1065 2364 1265 2391; x_wconf 85' lang='lat' dir='ltr'><strong>exstruetiones</strong></span> <span class='ocrx_word' id='word_1_803' title='bbox 1289 2364 1316 2390; x_wconf 91' lang='lat' dir='ltr'><strong>in</strong></span> <span class='ocrx_word' id='word_1_804' title='bbox 1331 2371 1401 2398; x_wconf 88' lang='lat' dir='ltr'><strong>quas</strong></span> <span class='ocrx_word' id='word_1_805' title='bbox 1416 2363 1451 2390; x_wconf 86' lang='lat' dir='ltr'><strong>ab</strong></span> <span class='ocrx_word' id='word_1_806' title='bbox 1465 2364 1506 2391; x_wconf 89' lang='lat' dir='ltr'><strong>eis</strong></span> <span class='ocrx_word' id='word_1_807' title='bbox 1531 2363 1672 2391; x_wconf 89' lang='lat' dir='ltr'><strong>confertur</strong></span> <span class='ocrx_word' id='word_1_808' title='bbox 1687 2369 1747 2392; x_wconf 86' lang='lat' dir='ltr'><strong>stu.</strong></span> 
     </span>
    </p>
   </div>
   <div class='ocr_carea' id='block_1_110' title="bbox 955 2409 1744 2445">
    <p class='ocr_par' dir='ltr' id='par_1_110' title="bbox 955 2409 1744 2445">
     <span class='ocr_line' id='line_1_110' title="bbox 955 2409 1744 2445; baseline -0.003 -7"><span class='ocrx_word' id='word_1_809' title='bbox 955 2410 1042 2441; x_wconf 82' lang='lat' dir='ltr'><strong>dium.</strong></span> <span class='ocrx_word' id='word_1_810' title='bbox 1055 2410 1183 2445; x_wconf 87' lang='lat' dir='ltr'><strong>juhemur</strong></span> <span class='ocrx_word' id='word_1_811' title='bbox 1197 2417 1291 2436; x_wconf 87' lang='lat' dir='ltr'><strong>curam</strong></span> <span class='ocrx_word' id='word_1_812' title='bbox 1313 2417 1408 2444; x_wconf 75' lang='lat' dir='ltr'><strong>gerere</strong></span> <span class='ocrx_word' id='word_1_813' title='bbox 1423 2413 1581 2437; x_wconf 88' lang='lat' dir='ltr'><strong>nostrarum</strong></span> <span class='ocrx_word' id='word_1_814' title='bbox 1600 2409 1744 2437; x_wconf 89' lang='lat' dir='ltr'><strong>domorum</strong></span> 
     </span>
    </p>
   </div>
   <div class='ocr_carea' id='block_1_111' title="bbox 955 2455 1744 2490">
    <p class='ocr_par' dir='ltr' id='par_1_111' title="bbox 955 2455 1744 2490">
     <span class='ocr_line' id='line_1_111' title="bbox 955 2455 1744 2490; baseline 0 -8"><span class='ocrx_word' id='word_1_815' title='bbox 955 2463 1016 2490; x_wconf 63' lang='lat' dir='ltr'><strong>quae</strong></span> <span class='ocrx_word' id='word_1_816' title='bbox 1040 2455 1212 2482; x_wconf 63' lang='lat' dir='ltr'><strong>aedificantur</strong></span> <span class='ocrx_word' id='word_1_817' title='bbox 1236 2462 1284 2489; x_wconf 84' lang='lat' dir='ltr'><strong>per</strong></span> <span class='ocrx_word' id='word_1_818' title='bbox 1304 2455 1445 2482; x_wconf 86' lang='lat' dir='ltr'><strong>virtutem.</strong></span> <span class='ocrx_word' id='word_1_819' title='bbox 1470 2455 1652 2488; x_wconf 85' lang='lat' dir='ltr'><strong>Quamobrem</strong></span> <span class='ocrx_word' id='word_1_820' title='bbox 1678 2455 1744 2482; x_wconf 82' lang='lat' dir='ltr'><strong>mihi</strong></span> 
     </span>
    </p>
   </div>
   <div class='ocr_carea' id='block_1_112' title="bbox 957 2500 1744 2535">
    <p class='ocr_par' dir='ltr' id='par_1_112' title="bbox 957 2500 1744 2535">
     <span class='ocr_line' id='line_1_112' title="bbox 957 2500 1744 2535; baseline -0.003 -7"><span class='ocrx_word' id='word_1_821' title='bbox 957 2501 1064 2528; x_wconf 82' lang='lat' dir='ltr'><strong>videtur</strong></span> <span class='ocrx_word' id='word_1_822' title='bbox 1082 2500 1200 2534; x_wconf 76' lang='lat' dir='ltr'><strong>insignis</strong></span> <span class='ocrx_word' id='word_1_823' title='bbox 1226 2500 1271 2526; x_wconf 91' lang='lat' dir='ltr'><strong>illa</strong></span> <span class='ocrx_word' id='word_1_824' title='bbox 1298 2500 1392 2533; x_wconf 89' lang='lat' dir='ltr'><strong>turris,</strong></span> <span class='ocrx_word' id='word_1_825' title='bbox 1416 2501 1443 2527; x_wconf 93' lang='lat' dir='ltr'><strong>in</strong></span> <span class='ocrx_word' id='word_1_826' title='bbox 1461 2508 1515 2535; x_wconf 91' lang='lat' dir='ltr'><strong>qua</strong></span> <span class='ocrx_word' id='word_1_827' title='bbox 1538 2501 1641 2535; x_wconf 86' lang='lat' dir='ltr'><strong>optima</strong></span> <span class='ocrx_word' id='word_1_828' title='bbox 1657 2501 1744 2535; x_wconf 83' lang='lat' dir='ltr'><strong>spolia</strong></span> 
     </span>
    </p>
   </div>
   <div class='ocr_carea' id='block_1_113' title="bbox 956 2545 1797 2585">
    <p class='ocr_par' dir='ltr' id='par_1_113' title="bbox 956 2545 1797 2585">
     <span class='ocr_line' id='line_1_113' title="bbox 956 2545 1797 2585; baseline -0.002 -11"><span class='ocrx_word' id='word_1_829' title='bbox 956 2546 1101 2581; x_wconf 87' lang='lat' dir='ltr'><strong>suspendit</strong></span> <span class='ocrx_word' id='word_1_830' title='bbox 1118 2546 1200 2573; x_wconf 76' lang='lat' dir='ltr'><strong>David</strong></span> <span class='ocrx_word' id='word_1_831' title='bbox 1220 2546 1357 2580; x_wconf 86' lang='lat' dir='ltr'><strong>aspiciens</strong></span> <span class='ocrx_word' id='word_1_832' title='bbox 1373 2545 1407 2580; x_wconf 69' lang='lat' dir='ltr'><strong>ad</strong></span> <span class='ocrx_word' id='word_1_833' title='bbox 1428 2546 1581 2580; x_wconf 88' lang='lat' dir='ltr'><strong>profectum</strong></span> <span class='ocrx_word' id='word_1_834' title='bbox 1604 2545 1744 2577; x_wconf 52' lang='lat' dir='ltr'><strong>Ecclesia,</strong></span> <span class='ocrx_word' id='word_1_835' title='bbox 1796 2578 1797 2585; x_wconf 18' lang='grc' dir='ltr'><strong>γ</strong></span> 
     </span>
    </p>
   </div>
   <div class='ocr_carea' id='block_1_114' title="bbox 956 2592 1745 2628">
    <p class='ocr_par' dir='ltr' id='par_1_114' title="bbox 956 2592 1745 2628">
     <span class='ocr_line' id='line_1_114' title="bbox 956 2592 1745 2628; baseline -0.004 -8"><span class='ocrx_word' id='word_1_836' title='bbox 956 2593 1133 2628; x_wconf 78' lang='lat' dir='ltr'><strong>praetigurare</strong></span> <span class='ocrx_word' id='word_1_837' title='bbox 1148 2600 1217 2627; x_wconf 86' lang='lat' dir='ltr'><strong>opus</strong></span> <span class='ocrx_word' id='word_1_838' title='bbox 1239 2600 1335 2619; x_wconf 90' lang='lat' dir='ltr'><strong>eorum</strong></span> <span class='ocrx_word' id='word_1_839' title='bbox 1360 2593 1406 2627; x_wconf 87' lang='lat' dir='ltr'><strong>qui</strong></span> <span class='ocrx_word' id='word_1_840' title='bbox 1427 2592 1548 2620; x_wconf 86' lang='lat' dir='ltr'><strong>studium</strong></span> <span class='ocrx_word' id='word_1_841' title='bbox 1573 2592 1601 2618; x_wconf 92' lang='lat' dir='ltr'><strong>in</strong></span> <span class='ocrx_word' id='word_1_842' title='bbox 1619 2592 1745 2618; x_wconf 78' lang='lat' dir='ltr'><strong>virtutem</strong></span> 
     </span>
    </p>
   </div>
   <div class='ocr_carea' id='block_1_115' title="bbox 957 2636 1746 2673">
    <p class='ocr_par' dir='ltr' id='par_1_115' title="bbox 957 2636 1746 2673">
     <span class='ocr_line' id='line_1_115' title="bbox 957 2636 1746 2673; baseline -0.005 -8"><span class='ocrx_word' id='word_1_843' title='bbox 957 2638 1102 2665; x_wconf 84' lang='lat' dir='ltr'><strong>conferunt</strong></span> <span class='ocrx_word' id='word_1_844' title='bbox 1118 2647 1124 2664; x_wconf 87' lang='lat'><strong>:</strong></span> <span class='ocrx_word' id='word_1_845' title='bbox 1138 2645 1198 2672; x_wconf 62' lang='lat' dir='ltr'><strong>quae</strong></span> <span class='ocrx_word' id='word_1_846' title='bbox 1223 2637 1334 2671; x_wconf 87' lang='lat' dir='ltr'><strong>quidem</strong></span> <span class='ocrx_word' id='word_1_847' title='bbox 1357 2641 1470 2673; x_wconf 83' lang='lat' dir='ltr'><strong>apparet</strong></span> <span class='ocrx_word' id='word_1_848' title='bbox 1493 2642 1606 2665; x_wconf 77' lang='lat' dir='ltr'><strong>extensa</strong></span> <span class='ocrx_word' id='word_1_849' title='bbox 1635 2637 1663 2663; x_wconf 95' lang='lat' dir='ltr'><strong>in</strong></span> <span class='ocrx_word' id='word_1_850' title='bbox 1683 2636 1746 2662; x_wconf 86' lang='lat' dir='ltr'><strong>alti-</strong></span> 
     </span>
    </p>
   </div>
   <div class='ocr_carea' id='block_1_116' title="bbox 958 2681 1746 2718">
    <p class='ocr_par' dir='ltr' id='par_1_116' title="bbox 958 2681 1746 2718">
     <span class='ocr_line' id='line_1_116' title="bbox 958 2681 1746 2718; baseline -0.005 -7"><span class='ocrx_word' id='word_1_851' title='bbox 958 2684 1080 2712; x_wconf 88' lang='lat' dir='ltr'><strong>tudinem</strong></span> <span class='ocrx_word' id='word_1_852' title='bbox 1095 2683 1214 2718; x_wconf 83' lang='lat' dir='ltr'><strong>alicujus</strong></span> <span class='ocrx_word' id='word_1_853' title='bbox 1226 2683 1417 2718; x_wconf 88' lang='lat' dir='ltr'><strong>promontorii,</strong></span> <span class='ocrx_word' id='word_1_854' title='bbox 1434 2687 1496 2718; x_wconf 86' lang='lat' dir='ltr'><strong>apta</strong></span> <span class='ocrx_word' id='word_1_855' title='bbox 1512 2687 1602 2710; x_wconf 87' lang='lat' dir='ltr'><strong>autem</strong></span> <span class='ocrx_word' id='word_1_856' title='bbox 1617 2681 1663 2708; x_wconf 90' lang='lat' dir='ltr'><strong>illo</strong></span> <span class='ocrx_word' id='word_1_857' title='bbox 1675 2685 1746 2708; x_wconf 80' lang='lat' dir='ltr'><strong>tem-</strong></span> 
     </span>
    </p>
   </div>
  </div>
