1984 3068
241 63 294 91 Θδῒ

861 61 890 87 S.
906 60 1069 88 GREGUltll
1085 61 1103 86 Ν
1112 61 1125 86 ἱ
1134 60 1231 88 SSEM

1825 68 1876 96 952

243 126 311 156 pore
338 118 389 146 fuit
407 119 562 146 existimata
588 119 622 146 ad
647 119 827 147 custodienda
853 120 951 154 spolia,
972 129 1033 155 qua:

1087 121 1135 154 μὲν
1148 122 1302 158 ἀκρωρείας
1315 122 1386 155 τινὸς
1401 123 1440 155 εἰς
1463 123 1530 160 ὕψος
1543 123 1748 160 ἀνατεινόμενος
1760 133 1767 140 “
1782 127 1876 163 ἐπιτή-

243 165 396 200 subjugatis
420 170 446 192 et
472 165 497 191 iu
523 166 681 192 servitutem
714 165 833 193 redactis
858 166 1034 201 alienigenis,

243 218 306 237 cunt
323 211 429 237 caeteris
444 211 522 238 bouis
539 219 585 238 rex
601 211 653 238 sibi
669 211 816 238 lucrifecit.
830 210 957 239 Ostendit
969 219 1035 247 ergo

243 263 291 283 rex
315 263 363 291 per
390 264 468 282 suam
499 256 681 290 sapientiam,
709 258 742 283 ad
765 257 902 292 quodnam
931 257 1033 285 bonurn

243 301 382 336 aspiciens
405 301 488 328 David
516 303 642 329 luunana:
657 303 727 334 vitas,
750 302 848 330 futura:
873 303 932 330 vitm
950 304 1034 331 veluti

245 346 385 380 quoddam
411 347 558 373 consilium
582 348 658 381 prius
686 348 844 382 exposuerit
874 356 922 382 per
951 348 1035 375 turris

243 393 490 420 constructionem.
512 392 580 419 Nam
592 393 676 420 totius
688 394 812 428 corporis
829 394 958 422 Ecclesiae
975 395 1034 421 sin-

245 439 372 472 gulorum
392 439 587 471 membrorum,
604 447 652 474 per
666 440 898 475 comparationem
919 441 1035 475 alicujus

244 492 307 511 cum
325 485 420 520 aliquo
434 489 461 512 et
474 486 692 517 similitudinem,
708 486 870 514 laudaturus
883 487 1035 522 pulchritu-

243 530 348 562 dinem,
368 531 528 558 describens
547 531 641 566 quales
654 540 715 559 esse
735 535 860 566 oporteat
881 539 928 558 eos
945 532 992 566 qui
1007 532 1035 559 in

244 577 345 611 populo
367 581 460 603 tcueut
486 577 575 603 locum
602 578 675 609 colli,
693 578 816 604 meminit
844 577 924 610 hujus
939 578 1034 610 turris,

242 628 303 655 qua:
320 621 429 655 quidem
455 622 614 648 nominatur
635 622 730 653 David,
752 623 928 656 cognoscitur
943 627 1034 650 autem

244 666 327 693 etiam
344 675 376 694 ex
394 668 619 702 propugnaculis.
631 667 816 695 Nomiuantur
830 672 922 696 autem
937 676 1035 704 propu-

243 714 360 748 gnacula
374 714 532 750 Thalpioth.

278 852 315 879 Ita
333 857 422 879 autent
441 852 522 879 habet
543 856 688 880 contextus
709 852 842 880 orationis
857 862 863 878 :
881 852 956 879 Sicut
976 857 1033 878 lur-

242 899 279 924 ris
300 898 383 924 David
398 898 495 924 collum
518 903 602 930 tamn,
625 906 683 932 qua:
704 903 742 925 est
759 898 893 932 wdiﬁcata
911 899 937 924 in
955 898 1033 925 Thal-

241 944 325 979 piotlt,
346 945 418 970 mille
430 944 512 978 clypci
529 944 554 970 in
568 945 626 980 ipsa
642 943 763 978 pendent,
777 952 865 970 omnes
880 944 965 970 hasta:
977 944 1033 978 for-

242 997 317 1016 uum.
348 989 505 1024 Corporalis
532 997 597 1024 ergo
625 990 709 1017 turris
732 990 903 1017 constructio
926 998 960 1017 ex
982 990 1034 1017 hoc

242 1041 284 1063 cst
312 1036 427 1070 insignis
449 1041 476 1063 et
499 1036 686 1071 suspicienda,
713 1035 784 1070 quod
813 1037 849 1063 sit
872 1044 942 1071 opus
960 1036 1033 1071 regis

245 1081 339 1112 David,
357 1086 382 1108 ct
398 1089 429 1108 ex
451 1081 503 1108 loci
519 1081 658 1116 superbia,
680 1086 706 1108 et
728 1089 760 1108 ex
779 1081 864 1109 armis
880 1082 907 1109 in
923 1089 954 1109 ea
970 1090 1034 1109 sus-

243 1128 347 1161 pensis.
368 1135 464 1161 nctnpe
479 1127 584 1162 clypeis
609 1133 636 1154 et
653 1127 752 1156 hastis.
768 1135 885 1162 quarum
909 1128 1034 1155 multitu-

241 1173 334 1200 dinem
357 1173 480 1200 ostendit
506 1177 652 1200 contextus
674 1173 784 1199 nomine
808 1173 965 1200 milleuarii.
987 1173 1035 1201 Est

242 1224 332 1246 autem
348 1223 439 1245 uester
462 1227 560 1253 scopus
584 1219 762 1246 considerare
780 1219 835 1246 vim
851 1219 951 1246 divina:
971 1227 1034 1246 ora-

246 1264 330 1291 tionis
345 1272 351 1290 :
369 1260 600 1299 quemadmodum
617 1264 681 1292 huic
696 1265 765 1291 turri
780 1269 956 1299 comparatur
971 1263 1035 1300 pars

243 1311 291 1338 illa
307 1310 437 1339 Ecclesia:
453 1312 497 1338 cu‘i
513 1319 613 1339 nomen
634 1315 676 1339 est
695 1311 808 1338 collum.
830 1311 950 1338 Primum
968 1318 1034 1346 ergo

246 1357 374 1384 convenit
394 1356 563 1388 examinare,
582 1364 707 1391 quamam
729 1364 794 1391 pars
816 1357 843 1383 in
859 1361 955 1384 nostro
974 1364 1035 1384 cor-

212 1411 214 1416 ι
247 1410 314 1437 pore
333 1403 486 1437 appelletur
502 1402 565 1429 colli
588 1401 708 1438 nomine,
733 1402 831 1429 deinde
847 1401 968 1431 membro
987 1401 1036 1428 Ec-

243 1449 335 1476 clesia:
348 1457 448 1476 nomen
461 1441 680 1476 accommodare.
700 1447 777 1481 Quod
794 1455 859 1482 ergo
874 1447 972 1476 mediis
985 1448 1035 1475 hu-

243 1495 327 1522 meris
350 1495 517 1527 immittitur,
536 1495 563 1520 in
588 1501 618 1521 se
643 1498 734 1521 autent
757 1497 840 1528 caput
857 1494 986 1525 sustinet,
1007 1499 1035 1521 et

245 1540 273 1566 lit
288 1547 336 1574 pro
351 1539 410 1567 basi
427 1539 488 1574 ejus
503 1540 574 1574 quod
591 1540 627 1566 illi
644 1540 804 1574 imponitur,
822 1540 922 1566 collum
949 1540 1036 1568 nomi-

243 1589 336 1615 natur.
358 1585 438 1619 cujus
453 1585 478 1612 id
496 1585 605 1620 quidem
620 1585 692 1620 quod
712 1589 755 1612 est
768 1592 842 1612 retro
857 1585 968 1612 fulcitur
988 1593 1035 1613 oss

246 1631 345 1663 sibus;
367 1630 440 1664 quod
463 1634 553 1656 autem
581 1629 702 1657 anterius
729 1632 781 1661 est,
806 1629 921 1657 liberum
943 1633 985 1657 est
1001 1630 1035 1657 ab

244 1676 347 1703 ambitu
368 1676 483 1702 ossium.
504 1674 582 1704 Ossis
600 1678 691 1702 autem
705 1679 811 1702 natura
836 1683 890 1702 non
915 1679 958 1702 est
983 1675 1034 1702 sibi

244 1722 295 1756 ipsi
316 1722 462 1748 continens
486 1725 513 1748 ct
537 1721 688 1753 individua,
706 1721 778 1748 sicut
795 1720 880 1748 cubiti
899 1725 927 1748 et
950 1721 1032 1753 tibim,

246 1767 295 1795 sed
314 1767 388 1795 dorsi
409 1767 541 1794 vertebris
557 1767 735 1794 multifariam
761 1767 846 1802 ﬁgura
861 1766 968 1800 divisis,
987 1775 1034 1802 per

244 1821 346 1850 nervos
366 1817 393 1841 et
410 1813 544 1841 medullas
560 1817 587 1840 et
603 1813 748 1848 ligamenta
764 1813 806 1840 eis
824 1813 935 1844 adnata,
960 1813 1034 1847 ipsa-

245 1868 306 1887 rum
327 1860 360 1886 ad
380 1868 409 1887 se
431 1860 548 1886 invicem
566 1859 595 1885 ﬁt
623 1859 687 1886 unio
704 1868 712 1889 ς
727 1863 753 1886 et
773 1866 821 1893 per
835 1858 983 1886 medullam
999 1859 1034 1885 ti-

245 1906 297 1933 biae
313 1906 428 1933 similem
444 1914 492 1941 per
507 1905 625 1933 medium
643 1905 847 1940 pervadentem,
867 1912 928 1939 qua:
945 1905 1032 1932 conti-

245 1957 327 1978 netur
343 1951 453 1985 quidem
470 1951 650 1984 membranis,
668 1951 695 1978 id
709 1955 799 1978 autem
816 1951 888 1985 quod
901 1955 944 1979 est
959 1951 1034 1978 intus

247 1997 353 2024 unitum
371 2002 413 2023 cst
439 1997 551 2024 cerebro
568 2005 574 2022 ε
592 2001 654 2024 ante
670 2001 760 2023 autem
787 1997 911 2024 continet
933 1997 1033 2024 collum

246 2049 372 2077 asperam
387 2042 526 2073 arteriam,
544 2046 624 2069 etest
639 2042 840 2076 receptaculum
857 2042 972 2076 spiritus
987 2043 1033 2078 qui

251 2089 325 2114 intro
344 2087 500 2114 admittitur
515 2091 541 2114 et
565 2087 669 2119 inﬂuit,
687 2094 735 2122 per
749 2095 829 2121 quem
854 2087 925 2122 ignis
941 2088 1033 2114 cordis

1087 166 1157 198 δειος
1168 167 1197 193 οὲ
1212 167 1282 194 κατὰ
1295 167 1341 195 τὸν
1356 169 1452 204 χρόνον
1463 170 1571 196 ἐκεῖνον
1584 170 1652 205 πρὸς
1666 170 1776 206 τὴντῶν
1793 171 1877 206 λαφυ-

1088 221 1143 248 ρων
1167 213 1290 249 φυλακὴν
1306 215 1447 250 ἐνομίσθη,
1466 215 1517 243 ὅσα
1533 208 1736 252 δουλωσάμενος
1752 217 1815 249 τοὺς
1830 219 1876 244 ἀλ-

1086 259 1218 294 λοφύλους
1234 261 1303 294 μετὰ
1315 261 1370 288 τῶν
1383 261 1486 288 λοιπῶν
1508 263 1656 297 χρημάτων
1677 262 1741 289 ἴδιον
1756 263 1849 299 κέρδος
1861 265 1875 290 ὁ

1087 305 1212 340 βασιλεὺς
1229 307 1387 342 ἐποιήσατο.
1413 304 1533 340 Ἐδειξεν
1547 306 1594 334 οὖν
1608 308 1652 334 διὰ
1665 309 1715 344 τῆς
1731 309 1812 335 αὑτοῦ
1831 318 1876 335 σο-

1087 352 1150 386 φίας
1161 353 1175 378 6
1191 352 1326 387 βασιλεὺς,
1345 353 1412 388 πρὸς
1429 353 1442 380 6
1454 362 1480 380 τι
1497 353 1601 387 βλέπων
1613 354 1628 380 6
1638 354 1720 381 Δαϐὶδ
1730 354 1831 388 ἀγαθὸν
1842 357 1874 390 τῇ

1087 397 1139 424 τῶν
1154 398 1304 433 ἀνθρώπων
1321 399 1388 434 ζωῇ,
1407 399 1501 435 ὥσπερ
1512 399 1574 426 τινὰ
1589 400 1743 436 συμϐουλὴν
1757 401 1796 436 τῷ
1808 401 1875 436 μετά

1087 444 1172 471 ταῦτα
1193 444 1242 480 βίῳ
1257 444 1300 471 διὰ
1314 447 1364 480 τῆς
1381 445 1429 472 τοῦ
1446 445 1550 480 πύργου
1563 446 1738 481 κατασκευῆς
1754 447 1876 482 προαπέ-

1088 490 1157 518 οετο.
1173 490 1276 520 Παντὸς
1289 490 1343 525 γὰρ
1355 491 1402 517 τοῦ
1417 490 1542 526 σώματος
1555 492 1604 526 τῆς
1629 491 1802 526 Ἑκκλησίας,
1820 491 1874 517 τῶν

1088 535 1148 562 καθ’
1171 536 1284 562 ἕκαστον
1300 536 1387 571 μελῶν
1401 537 1444 563 διὰ
1459 537 1510 571 τῆς
1531 537 1599 571 πρός
1613 546 1640 563 τι
1657 529 1832 573 παραθέσεως
1844 546 1874 563 τε

1088 582 1134 608 καὶ
1157 581 1314 616 ὁμοιώσεως
1334 582 1516 616 ἐγκωμιάζειν
1540 582 1571 608 τὸ
1587 583 1684 613 κάλλος
1704 582 1819 617 μέλλων,
1840 582 1874 608 δι’

1087 627 1235 654 ἀκολούθου
1259 629 1322 659 τοὺς
1338 628 1367 654 ὲν
1381 628 1419 662 τῷ
1433 628 1490 662 λαῴ
1506 628 1552 655 τὸν
1567 628 1614 655 τοῦ
1637 628 1771 664 τραχήλου
1793 628 1873 654 τόπον

1087 674 1244 708 ἐπέχοντας,
1256 674 1328 705 οἴους
1339 673 1494 705 τινὰςεῖναι
1509 674 1651 709 προσήκει,
1663 673 1820 708 διαγράφων
1835 672 1874 708 τῷ

1087 719 1169 754 λόγῳ,
1187 718 1233 744 τοῦ
1250 718 1355 754 πύργου
1374 719 1509 753 μέμνηται
1521 717 1627 751 τούτου,
1639 715 1661 752 ᾧ
1677 717 1873 753 ἐπονομάζεται

1090 756 1138 799 μὲν
1151 765 1165 790 6
1181 763 1272 796 Δαὸὶό,
1296 764 1352 798 ἔχει
1365 764 1392 789 δὲ
1411 764 1457 790 καὶ
1477 763 1530 789 ἀπὺ
1545 763 1598 790 τῶν
1613 763 1751 794 ἐπάλξεων
1763 763 1793 789 τὺ
1804 762 1874 796 γνώ-

1047 797 1069 826 B
1088 797 1176 845 ριμον.
1194 797 1321 836 Θαλπιὼθ
1336 809 1390 843 γὰρ
1404 810 1431 836 αἰ
1450 809 1576 842 ἐπάλξεις
1592 809 1838 843 κατονομάζονται.

1123 855 1203 882 Οὕτω
1219 856 1274 890 6εὴ
1288 855 1359 887 λέξις
1378 854 1431 890 ἔχει
1445 863 1450 868 ·
1472 855 1518 887 Ὡς
1540 855 1653 889 πύργος
1668 855 1756 881 Δαϐὶδ
1770 854 1875 889 τράχη-

1085 903 1140 935 .ch
1159 910 1234 934 σου,
1253 903 1268 928 ό
1296 901 1522 935 ᾠκοδομημένος
1543 901 1578 927 ἐν
1602 901 1756 933 summa,
1784 901 1874 935 χίλιοι

1086 948 1184 982 θυρεοὶ
1205 948 1363 982 κρέμανται
1380 947 1540 980 ἑπ¹αὺτῷν
1560 947 1655 974 πᾶσαι
1669 947 1794 980 ,βολὶδες
1813 945 1872 973 τῶν

1086 993 1231 1021 δυνατῶν.
1254 995 1286 1020 '[I
1302 995 1351 1029 μὲν
1366 992 1412 1021 οὖν
1433 995 1576 1029 σωματικὴ
1598 993 1644 1020 τοῦ
1662 994 1767 1029 πύργου
1791 1001 1875 1020 κατα-

1088 1039 1170 1075 σκευὴ
1183 1039 1213 1065 τὸ
1226 1040 1403 1075 περίϐλεπτον
1420 1039 1478 1074 ἔχει
1487 1060 1493 1070 ,
1505 1039 1537 1066 ἐκ
1550 1048 1580 1065 τε
1594 1040 1642 1066 τοῦ
1658 1039 1737 1075 ἔργον
1746 1038 1815 1067 εἶναι
1826 1040 1874 1066 τοῦ

1088 1085 1220 1120 βασιλέως
1232 1086 1322 1118 Auditi,
1347 1087 1394 1112 καὶ
1407 1086 1439 1112 ὲκ
1457 1086 1506 1119 τῆς
1517 1086 1696 1121 περιφανείας
1710 1086 1757 1113 τοῦ
1777 1086 1873 1119 τόπου,

1087 1132 1133 1158 καὶ
1154 1133 1186 1158 ὲκ
1197 1132 1252 1158 τῶν
1265 1132 1450 1159 ἀνατεθέντων
1464 1131 1554 1158 ὅπλων
1570 1133 1599 1158 ἐν
1615 1132 1689 1167 αὐτῷ
1699 1152 1706 1164 ,
1726 1131 1830 1167 θυρεῶν
1845 1139 1874 1158 τι

1088 1178 1134 1204 καὶ
1152 1177 1207 1204 τῶν
1226 1177 1346 1212 βολίδων,
1363 1175 1400 1205 ὧν
1414 1178 1444 1204 τὸ
1462 1177 1563 1212 πλῆθος
1577 1177 1741 1204 ἐνδείκνυται
1762 1178 1776 1204 6
1797 1178 1874 1212 λόγος

1087 1223 1125 1259 τῷ
1139 1223 1189 1258 τῆς
1209 1223 1327 1258 χιλιάδος
1348 1223 1470 1259 ὀνόματι.
1492 1223 1572 1259 Ἦμῖν
1590 1224 1618 1251 δὲ
1634 1224 1733 1255 σκοπός
1754 1224 1810 1250 ἐστι
1826 1232 1875 1250 κα-

1087 1267 1217 1302 τανοῆσαι
1239 1268 1285 1294 τοῦ
1309 1268 1382 1295 θείου
1397 1268 1476 1302 λόγου
1496 1269 1545 1304 τὴν
1567 1268 1695 1304 δύναμιν·
1712 1268 1771 1300 πῶς
1785 1276 1875 1304 παρα-

1087 1313 1214 1340 δάλλεται
1225 1313 1263 1348 τῷ
1277 1313 1375 1349 πύργῳ
1388 1313 1477 1349 τούτῳ
1488 1315 1518 1341 τὺ
1536 1314 1618 1349 μέρος
1631 1314 1722 1341 ἐκεῖνο
1737 1313 1787 1347 τῆς
1812 1314 1873 1340 Ἕκα

1088 1358 1210 1393 κλησιας,
1226 1353 1248 1391 ᾧ
1265 1358 1401 1394 τράχηλος
1422 1359 1480 1384 ἐστι
1494 1358 1525 1385 τὸ
1546 1358 1641 1393 ὖνομα.
1656 1358 1768 1393 Πρῶτον
1786 1357 1875 1384 τοίνυν

1087 1399 1212 1432 ἐξετάσαι
1236 1401 1369 1436 προσήκει
1395 1402 1470 1428 ποῖον
1493 1401 1521 1427 ὲν
1531 1400 1570 1436 τῷ
1593 1401 1654 1428 καθ’
1678 1401 1751 1436 ἡμᾶς
1770 1400 1876 1435 σώματι

1090 1445 1171 1480 μέρος
1184 1465 1191 1477 ,
1211 1445 1250 1480 τῷ
1264 1445 1376 1480 ὀνόματί
1396 1445 1442 1472 τοῦ
1465 1446 1601 1481 τραχήλου
1630 1445 1874 1481 προσαγορεύεται,

1087 1489 1135 1518 εἷθ’
1159 1491 1246 1523 οὕτως
1269 1492 1424 1527 ἐφαρμόσαι
1440 1491 1480 1527 τῷ
1493 1492 1543 1526 τῆς
1565 1491 1729 1527 Ἐκκλησίας
1751 1491 1826 1526 μέλει
1844 1491 1876 1517 τὸ

1085 1540 1180 1575 ὄνομα.
1197 1540 1302 1566 Οὐκοῦν
1322 1539 1353 1566 τὸ
1366 1539 1550 1576 ὲῤῥιζωμένον
1570 1540 1599 1566 ἐν
1622 1539 1697 1575 μέσῳ
1710 1539 1763 1566 τῶν
1779 1539 1874 1574 ὤμων,

1086 1586 1190 1620 ἀνέχων
1206 1586 1234 1613 δὲ
1249 1586 1298 1621 τὴν
1310 1586 1432 1621 κεφαλὴν
1445 1586 1488 1620 ἐφ’
1508 1586 1615 1617 ἑαυτοῦ,
1632 1586 1680 1612 καὶ
1693 1586 1754 1612 ἀντὶ
1770 1585 1873 1620 βάσεως

1084 1631 1131 1658 τοῦ
1148 1631 1349 1666 ὑπερκειμένου
1369 1631 1522 1666 γινόμενον,
1539 1631 1675 1667 τράχηλος
1691 1631 1852 1666 ὀνομάζεται
1866 1639 1872 1646 ⁸

1084 1674 1114 1703 οὗ
1127 1677 1156 1703 τὸ
1170 1674 1285 1703 κατόπιν
1309 1676 1368 1711 μὲν,
1387 1677 1491 1708 ὀστέοις
1509 1677 1643 1712 ἐρείδεται
1654 1685 1661 1691 ·
1677 1676 1708 1703 τὸ
1725 1677 1754 1703 δὲ
1775 1676 1874 1711 7:966:-

1084 1722 1218 1757 ὅλημένον
1232 1721 1373 1757 ἐλεύθερόν
1393 1722 1450 1748 ἐστι
1466 1722 1514 1757 τῆς
1535 1722 1589 1748 τῶν
1602 1721 1702 1748 ὀστέων
1718 1721 1873 1757 περιϐολῆς.

1090 1769 1122 1794 Ἦ
1134 1769 1162 1794 δὲ
1183 1767 1229 1794 τοῦ
1247 1767 1338 1794 ὀστέου
1361 1767 1441 1802 φύσις
1454 1787 1461 1799 ,
1476 1768 1506 1794 οὐ
1521 1767 1582 1794 καθ’
1594 1768 1741 1803 ὁμοιότητα
1760 1767 1807 1793 τοῦ
1820 1767 1876 1802 πή-

1084 1813 1183 1849 χεωςῆ
1203 1814 1253 1849 τῆς
1273 1814 1380 1848 κνήμης
1404 1813 1520 1848 συνεχής
1541 1813 1598 1839 ἐστι
1614 1813 1682 1848 πρὸς
1706 1814 1803 1847 ἑαυτὴν
1827 1813 1875 1839 καὶ

1084 1860 1245 1896 ἀδιαίρετος,
1263 1859 1331 1886 ἀλλὰ
1347 1859 1480 1894 πολλαχοῦ
1493 1858 1546 1886 τῶν
1568 1859 1669 1886 ὀστέων
1683 1860 1711 1886 ὲν
1722 1859 1875 1885 σπονδύλων

1085 1906 1205 1941 σχήματι
1217 1905 1399 1941 διῃρημένων,
1415 1905 1458 1931 διὰ
1472 1905 1526 1932 τῶν
1537 1905 1697 1939 πεφυκότων
1712 1905 1803 1936 αὐτοῖς
1813 1905 1874 1932 νεύ-

1085 1960 1139 1986 ρων
1154 1951 1201 1978 tu!
1222 1951 1327 1986 μυελῶν
1345 1951 1392 1978 κο.)⁵
1410 1951 1566 1986 συνδέσμων
1580 1952 1596 1986 ἡ
1616 1951 1712 1982 ἕνωσις
1723 1951 1792 1986 αὑτῇ
1805 1952 1874 1986 πρὸς

1084 1998 1187 2033 ἄλληλα
1202 1997 1316 2032 γίνεται,
1335 1997 1383 2024 καὶ
1398 1997 1443 2024 διὰ
1465 1997 1511 2023 τοῦ
1530 1996 1630 2032 μυελοῦ
1650 1996 1698 2023 τοῦ
1719 1997 1875 2029 αὺλοειδοῦς

1083 2045 1152 2071 κατὰ
1164 2044 1195 2071 τὸ
1211 2043 1292 2079 μέσον
1310 2044 1460 2078 διήκοντος,
1477 2040 1507 2070 οὗ
1518 2044 1536 2078 ἡ
1549 2042 1663 2078 περιοχὴ
1682 2043 1729 2078 μὲν
1746 2042 1814 2078 πρὸς
1824 2043 1875 2074 τὰς

1086 2091 1231 2126 μήνιγγας,
1243 2090 1309 2116 αὐτὸ
1323 2089 1351 2116 δὲ
1369 2089 1400 2116 τὸ
1415 2089 1573 2125 ἐγκείμενον
1586 2089 1654 2125 πρὸς
1665 2089 1711 2116 τὸν
1723 2088 1875 2123 ἐγκέφαλον

246 2132 395 2159 ventilatur
416 2137 442 2159 et
459 2132 600 2159 reducitur
622 2132 655 2158 ad
679 2132 865 2166 operationem
882 2133 1032 2159 secutulqu

1086 2137 1186 2172 ἥνωται
1198 2144 1205 2151 ·
1222 2138 1250 2163 ὲν
1268 2136 1297 2162 δὲ
1311 2137 1367 2167 τοῖς
1384 2135 1537 2170 ἔμπροσθεν
1551 2135 1674 2170 περιέχει
1695 2135 1744 2169 μὲν
1759 2134 1808 2169 τὴν
1822 2135 1874 2169 ἀρ-

248 2181 385 2205 naturam.
401 2178 529 2205 Continet
544 2183 633 2205 autem
652 2178 706 2204 cibi
727 2185 837 2212 quoque
854 2182 972 2208 meatus,
988 2185 1035 2212 per

247 2225 338 2259 gulam
369 2228 396 2251 et
428 2224 531 2256 fauces,
560 2224 693 2259 quidquid
717 2231 765 2258 per
792 2231 824 2251 os
854 2223 1038 2251 introducitur

247 2271 439 2298 transmittens
463 2271 496 2297 ad
512 2271 711 2298 concavitatem
731 2277 792 2306 qua:
809 2273 852 2298 est
868 2278 963 2304 eorum
990 2278 1035 2297 ca-

248 2323 311 2350 pax.
331 2315 419 2342 [labet
437 2321 526 2344 autem
543 2316 642 2343 collum
660 2316 800 2351 quidpiam
814 2317 944 2343 eximium
966 2324 1037 2351 prae-

248 2366 288 2387 Ier
315 2364 412 2387 caetera
435 2361 567 2388 membra.
593 2361 622 2387 In
650 2362 787 2395 superiori
812 2362 884 2389 enim
911 2363 1034 2396 positura

248 2414 352 2442 asperae
376 2407 494 2439 arteriat,
520 2411 562 2434 est
586 2406 613 2433 in
634 2415 667 2434 co
690 2407 796 2435 oﬂicina
817 2408 903 2439 vocis,
932 2409 959 2434 in
980 2416 1034 2442 qua

249 2456 314 2481 sunt
335 2457 486 2488 prwpat'ata
502 2454 592 2480 omnia
610 2454 685 2481 vocis
702 2454 896 2486 instrumenta,
913 2461 960 2488 per
975 2462 1035 2488 qua:

249 2504 393 2533 generatur
417 2507 501 2527 sonus
525 2499 635 2534 spiritu,
662 2500 707 2534 qui
728 2499 861 2530 redditur,
888 2499 915 2526 in
940 2499 1034 2525 orbem

248 2544 417 2571 circumacta
438 2544 548 2571 arteria.
570 2544 617 2571 Sic
641 2549 730 2571 autem
757 2552 772 2571 a
796 2544 875 2572 nobis
898 2544 1035 2579 descripto

249 2590 373 2618 membro
389 2591 524 2626 corporis,
541 2590 620 2618 facile
639 2591 719 2617 fuerit
739 2598 772 2617 ex
788 2590 823 2618 iis
838 2598 898 2625 qua:
915 2591 960 2617 hic
971 2595 1035 2618 sunt

249 2637 434 2670 considerata,
452 2637 630 2664 considerare
645 2637 745 2664 collum
765 2637 892 2671 corporis
904 2637 1034 2664 ecclesia-

249 2681 311 2708 stici
329 2691 336 2709 :
357 2681 490 2717 quidnam
515 2683 551 2710 sit
576 2690 624 2717 per
644 2682 839 2710 convenientes
862 2683 1034 2717 operationcs

250 2727 321 2762 quod
335 2728 387 2755 hoc
402 2736 501 2756 nomen
521 2727 629 2762 proprie
643 2728 769 2762 suscipit,
785 2731 812 2754 et
830 2728 928 2755 collum
944 2729 1032 2755 nomi-

249 2778 341 2807 natur,
356 2778 382 2802 ct
397 2774 468 2801 turri
484 2773 567 2801 David
584 2773 768 2801 assimilatur.

1085 2183 1181 2218 τηρίαν
1205 2183 1219 2208 ὁ
1242 2182 1392 2217 τράχηλος,
1411 2182 1427 2216 ἢ
1444 2181 1546 2216 δοχεῖύν
1567 2182 1625 2207 ἐστι
1649 2181 1695 2208 τοῦ
1718 2181 1874 2217 πνεύματος

1090 2228 1131 2254 .Ὁῦ
1150 2227 1248 2259 ἔξωθεν
1265 2228 1331 2261 ἡμῖν
1352 2226 1566 2261 εῑσοικιζομένου
1586 2235 1616 2252 τε
1641 2226 1688 2252 καὶ
1704 2227 1873 2262 εἰσρέοντος,

1085 2273 1118 2300 δι’
1141 2270 1170 2299 οὗ
1188 2272 1219 2298 τὸ
1237 2272 1381 2308 ἐγκάρδιον
1404 2272 1460 2308 πῦρ
1479 2272 1546 2308 πρὸς
1568 2272 1616 2308 τὴν
1635 2272 1777 2308 ἐνέργειαν
1791 2273 1874 2299 αὐτοῦ

1085 2319 1135 2354 τὴν
1158 2319 1228 2345 κατὰ
1243 2318 1323 2353 φύσιν
1342 2318 1560 2354 ἀναρριπίζεται.
1576 2318 1701 2353 Περιέχει
1714 2318 1742 2344 δὲ
1765 2318 1812 2345 καὶ
1825 2319 1876 2353 τῆς

1086 2365 1189 2400 τροφῆς
1207 2364 1256 2396 τὰς
1277 2364 1405 2395 εἰσόδους,
1427 2363 1472 2390 διὰ
1484 2362 1532 2390 τοῦ
1544 2363 1643 2398 λαιμοῦ
1657 2372 1688 2390 τε
1701 2363 1748 2390 καὶ
1766 2363 1814 2390 τοῦ
1828 2363 1876 2390 λά-

1089 2419 1199 2447 ρυγγος.
1221 2411 1274 2437 πᾶν
1293 2410 1324 2436 τὸ
1338 2410 1382 2437 διὰ
1399 2410 1446 2436 τοῦ
1465 2410 1598 2445 στόματος
1617 2409 1793 2444 εἰσαγόμενον
1806 2410 1877 2444 πρὸς

1087 2457 1136 2492 τὴν
1156 2456 1299 2491 κοιλότητα
1323 2455 1372 2490 τὴν
1385 2455 1512 2490 δεκτικὴν
1530 2455 1632 2481 τούτων
1655 2454 1876 2489 διαπορθμεύων.

1090 2504 1165 2538 Ἔχει
1175 2503 1203 2529 δὲ
1216 2503 1262 2530 καὶ
1275 2502 1339 2529 ἄλλο
1350 2501 1424 2536 παρὰ
1432 2501 1466 2528 τὰ
1481 2501 1561 2528 λοιπὰ
1573 2501 1628 2528 τῶν
1639 2501 1726 2537 μελῶν
1737 2501 1878 2538 ἐξαίρετόν

1087 2557 1113 2575 τι
1137 2549 1151 2574 6
1173 2548 1317 2583 τράχηλος.
1338 2546 1425 2582 Κατὰ)
1438 2547 1493 2580 γὰρ
1511 2547 1561 2582 τὴν
1583 2547 1640 2574 ἄνω
1670 2547 1721 2582 τῆς
1741 2547 1878 2584 ἀρτηρίας

1088 2593 1175 2624 Θέσιν,
1193 2591 1267 2617 ἐστὶν
1284 2592 1313 2617 ὲν
1330 2590 1404 2625 αὐτῷ
1419 2591 1467 2626 τῆς
1491 2592 1581 2627 φωνῆς
1597 2592 1628 2618 τὸ
1639 2592 1828 2628 ἐργαστήριον,
1847 2593 1878 2619 ὲν

1088 2635 1110 2672 ᾧ
1124 2638 1158 2664 τὰ
1170 2636 1311 2672 φωνητικὰ
1322 2637 1411 2663 πάντα
1428 2637 1648 2672 παρεσκεύασται
1661 2638 1775 2673 ὄργανα,
1790 2637 1825 2664 δι’
1837 2634 1878 2664 ὧν

1088 2684 1270 2717 ἀπογεννᾶται
1283 2683 1298 2709 6
1309 2680 1377 2718 ἦχος
1385 2703 1392 2716 ,
1404 2682 1443 2717 τῷ
1456 2683 1636 2718 ἁναδιδομένῳ
1648 2683 1784 2718 πνεύματι
1796 2692 1878 2718 περι-

1090 2729 1252 2764 δονουμὲνης
1264 2730 1292 2755 ἐν
1307 2729 1399 2764 κύκλῳ
1409 2729 1461 2763 τῆς
1476 2729 1618 2764 ἀρτηρίας.
1634 2729 1712 2756 Οὕτω
1722 2730 1751 2755 δὲ
1761 2729 1808 2756 τοῦ
1822 2739 1875 2756 σω-

1089 2773 1203 2808 ματικοῦ
1221 2773 1317 2808 μέλους
1340 2774 1404 2808 ἡμῖν
1428 2773 1622 2809 διαγραφέντος
1634 2794 1641 2806 ,
1655 2772 1765 2800 εὔκολον
1780 2773 1812 2800 ἂν
1833 2773 1877 2806 εἴη
