1984 3068
106 86 162 114 933
641 80 672 108 IN
685 77 835 108 CANTICA
849 73 986 103 CANTIC.
1009 72 1152 101 HOMILIA
1173 73 1226 99 Vll.
1691 70 1745 97 955

111 141 154 169 διὰ
173 140 227 168 τῶν
242 140 358 168 ἐνταῦθα
377 140 569 176 θεωρηθέντων
584 138 686 165 καὶτὸν
697 135 743 163 τοῦ
761 130 990 169 ἐκκλησιαστικοὺ
1009 130 1134 165 σώματος
1152 128 1288 164 τράχηλον
1319 128 1499 165 κατανοῆσαι·
1534 128 1608 159 ὅστις
1639 127 1712 154 ἐστὶν
1729 127 1746 152 ὁ

110 187 154 214 διὰ
167 187 220 213 τῶν
236 186 411 222 καταλλήλων
423 174 568 221 ἐνεργειῶν
582 185 612 211 τὸ
628 185 714 220 ὄνομα
731 181 812 209 τοῦτο
829 179 934 215 κυρίως
974 177 1183 213 ἀναλαμϐάνων,
1208 175 1343 211 τράχηλος
1361 185 1390 202 τε
1413 175 1623 211 ὀνομαζόμενος,
1637 175 1684 201 καὶ
1706 174 1745 209 τῷ

111 234 207 270 πῦργῳ
225 234 270 260 τοῦ
285 229 368 260 Δαῖὶὸ
380 233 572 269 ὁμοιούμενος.

150 252 207 270 pm,
230 252 270 260 .w
285 252 368 260 ...μην
380 252 572 269 νμυωνμυνς.

146 280 258 316 Πρῶτον
272 280 321 316 μὲν
337 279 393 312 οὖν,
407 280 421 306 ὃ
435 279 466 315 δὴ
479 279 526 306 καὶ
539 278 647 314 πρῶτόν
661 279 744 308 ἐστιν,
761 275 789 302 εἴ
800 284 840 307 τις
854 273 903 310 τὴν

991 268 1113 295 Primum
1131 274 1196 302 ergo
1212 265 1284 301 quod
1304 270 1331 293 et
1347 265 1514 300 praecipuum
1529 269 1581 297 est,
1600 266 1622 294 si
1639 252 1701 302 quis
1717 267 1745 293 in

111 325 240 362 ἀληθινὴν
255 325 302 351 τοῦ
318 325 421 355 παντὸς
443 324 565 359 κεφαλὴν
579 323 620 358 ἐφ’
642 322 738 349 ἑαυτοῦ
763 320 901 356 βαστάζοι.

110 371 218 406 ἐκείνην
229 371 301 405 λέγω
319 371 368 406 τὴν
383 370 514 405 κεφαλὴν,
530 370 592 405 ἥτις
613 369 690 396 ἐστὶν
703 368 716 395 ὁ
733 366 859 402 Χριστὸς,
874 365 904 397 ἐξ

110 415 139 445 οὗ
157 418 212 444 πᾶν
228 417 258 443 τὸ
271 417 350 452 σῶμα
369 416 613 451 συναρμολογεῖται
631 416 679 441 καὶ
695 411 902 449 συμόιΰαζεται,

106 461 187 494 οὗτος
207 463 309 499 κυρίως
331 463 410 498 φέρει
426 463 467 497 ἐφ’
482 462 571 498 ἑαυτῷ
585 461 666 489 τοῦτο
681 460 711 487 τδ
721 461 815 495 ὄνομα.
832 459 903 495 Πρὸς

109 508 215 540 τούτοις
233 509 257 533 εί
273 507 320 534 τοῦ
334 508 488 543 πνεύματός
504 507 702 538 ἐστιδεκτικδς,
719 506 765 532 τοῦ
781 505 829 541 τὴν
841 513 904 540 καρ-

109 554 168 580 δίαν
185 553 263 588 ἡμῶν
281 553 410 589 πυροειδῆ
431 553 573 585 ποιοῦντος
595 553 643 580 καὶ
660 551 900 588 ὲκθερμαίνοντος,

110 599 157 624 καὶ
167 595 193 625 ξι
206 597 250 624 διὰ
263 597 313 632 τῆς
328 598 426 632 εὺήχου
444 599 535 633 φωνῆς
549 597 682 633 ὑπηρετεῖ
695 597 734 632 τῷ
746 597 826 631 λόγῳ.
836 595 902 622 Οὐδὲ

108 644 162 678 γὰρ
178 643 258 670 ἄλλου
273 644 344 676 τινος
354 644 447 670 ἕνεκεν
458 643 507 679 τὴν
521 642 695 678 ἀνθρωπίνην
706 642 797 677 φωνὴν
812 643 826 668 ὁ
836 641 902 672 Θεὸς

109 691 139 724 τῇ
150 689 308 726 ἀνθρωπίνῃ
330 690 410 724 φύσει
426 689 622 725 ἐνετεκτήσατο
632 708 639 720 ,
657 689 674 724 ἢ
689 689 732 714 ἵνα
750 688 864 723 ὄργανον

110 734 155 760 τοῦ
180 733 275 767 λόγου,
292 733 459 769 διαρθροῦσα
484 733 517 759 δι’
535 733 636 767 ἑαυτῆς
659 732 692 758 τὰ
718 731 768 766 τῆς
788 730 901 766 καρδίας

109 780 255 814 κινήματα.
277 779 378 814 Ἐχέτω
391 779 419 805 δὲ
435 775 511 810 οὗτος
529 779 543 804 ὁ
563 777 698 814 τράχηλος
717 778 763 803 καὶ
775 776 824 811 τὴν
840 776 902 810 Θρε-

109 825 208 860 πτικὴν
219 825 370 861 ἐνέργειαν,
386 825 434 860 τὴν
447 825 622 852 διδασκαλίαν
635 824 716 858 λέγω,
731 823 763 850 δι’
774 821 808 859 ἦς
820 823 902 849 παντὶ

107 870 147 906 τῷ
168 870 273 906 σώματι
294 871 344 906 τῆς
365 869 528 906 Ἐκκλησίας
549 869 751 905 συν-τηρεῖταιὴ
772 868 898 902 δύναμις.

115 916 312 952 Ἐπιρρεούσης
328 915 382 952 γὰρ
405 916 448 942 ἀεὶ
465 916 514 951 τῆς
527 916 639 951 τροφῆς,
662 916 691 941 ὲν
707 914 747 950 τῷ
764 912 832 940 εἶναι
844 914 900 939 δια-

954 321 984 341 se
1000 316 1093 348 portat
1105 319 1198 340 verum
1213 315 1296 347 caput
1307 311 1441 344 universi,
1455 310 1522 338 illud
1536 311 1646 347 inquam
1663 316 1746 347 caput

953 359 1027 395 quod
1041 362 1084 386 est
1100 358 1240 390 Christus,
1256 365 1290 385 ex
1308 363 1362 392 quo
1373 363 1454 384 omne
1471 363 1572 391 corpus
1591 357 1746 392 compingi-

957 410 1002 433 tur
1015 408 1041 432 et
1059 404 1248 439 conjungitur,
1274 403 1298 431 is
1320 404 1349 430 in
1372 410 1402 430 se
1426 402 1538 437 proprie
1557 402 1608 429 fert
1629 403 1680 430 hoc
1696 410 1745 430 no-

954 459 1028 480 men.
1045 451 1180 478 Praeterea
1204 454 1295 478 autem
1311 450 1333 478 si
1349 453 1392 477 est
1403 457 1490 484 capax
1510 449 1626 484 spiritus
1637 449 1683 484 qui
1697 456 1746 476 cor

939 503 1078 526 ‘nostrum
1095 496 1184 524 reddit
1199 497 1309 532 igneum
1321 500 1347 523 et
1364 494 1501 526 calefacit,
1515 499 1543 521 et
1558 494 1581 521 si
1601 502 1649 529 per
1663 501 1746 521 sono—
1783 495 1785 499 '

954 551 1014 570 ram
1034 550 1129 570 vocem
1155 542 1277 570 deservit
1298 542 1428 569 orationi.
1452 540 1513 568 Non
1533 541 1606 568 enim
1637 540 1690 567 alia
1712 540 1747 567 de

956 596 1039 617 causa
1055 588 1127 616 Deus
1142 588 1291 616 humanam
1305 595 1400 615 vocem
1418 591 1523 614 natura:
1544 586 1686 613 hominum
1705 590 1747 613 cst

955 635 1116 667 fabricatus,
1137 642 1219 670 quam
1235 639 1266 662 ut
1279 639 1353 662 esset
1369 629 1583 662 instrumentum
1599 633 1745 662 orationis,

954 689 1002 716 per
1017 689 1047 708 se
1067 681 1160 708 cordis
1175 684 1267 708 motus
1279 680 1422 714 explicans
1443 683 1470 707 et
1485 679 1670 714 distinguens.
1693 677 1747 704 lla-

952 728 1015 754 bcat
1029 731 1119 755 autem
1134 727 1186 754 hoc
1207 734 1317 762 quoque
1330 725 1430 753 collum
1451 725 1590 752 nutriendi
1604 723 1746 759 operatio-

951 781 1024 806 nem,
1050 773 1216 806 doctrinam,
1241 773 1364 807 inquam,
1388 779 1436 806 per
1456 778 1538 806 quam
1565 770 1614 798 toti
1635 770 1745 804 corpori

953 818 1086 846 Ecclesia:
1107 821 1289 845 conservatur
1300 817 1398 844 virtus.
1413 816 1583 843 Advenienle
1601 815 1674 842 enim
1699 822 1747 841 nu-

951 863 1082 890 trimento
1097 867 1276 891 conservatur
1300 869 1401 896 corpus
1423 862 1450 888 in
1472 861 1603 889 essentia.
1621 860 1670 887 Sin
1694 867 1745 886 au-

951 913 1006 937 tem
1024 909 1146 941 deficiat,
1172 908 1301 940 tabescit,
1327 912 1354 935 et
1381 907 1486 935 interit.
1505 907 1629 934 Imitetur
1653 910 1744 933 autem

111 948 185 996 μένει
198 948 230 988 τὸ
244 948 341 997 σῶμαί
360 948 555 997 ἐπιλειπουσης
566 948 614 993 δὲ(
627 961 714 995 φθίνει
729 948 776 986 λαὶ
793 958 902 994 φθείρε-

957 960 983 983 ct
1011 955 1175 982 concinnam
1208 954 1399 981 vertebrarum
1425 953 1589 988 posituram,
1614 958 1648 978 eo
1672 950 1746 984 quod

109 1017 165 1035 ται.
183 1009 327 1043 Μιμείσθω
342 1009 370 1035 δὲ
383 1010 430 1036 καὶ
442 1009 491 1044 τὴν
505 1009 664 1044 ἐναρμόνιον
676 1008 730 1034 τῶν
749 1006 902 1033 σπονδύλων

112 1054 198 1086 θέσιν,
220 1055 248 1081 ὲν
264 1054 303 1089 τῷ
325 1055 388 1086 τοὺς
409 1054 471 1081 καθ’
495 1054 611 1081 ἕκαστον
628 1054 657 1079 ἑν
677 1053 715 1088 τῷ
731 1052 787 1087 λαῷ
811 1060 903 1078 συντε-

109 1099 222 1131 λοῦντας
236 1100 281 1126 διὰ
299 1100 346 1126 τοῦ
365 1101 515 1135 συνδέσμου
532 1099 581 1134 τῆς
595 1100 716 1134 εἰρήνης,
736 1098 765 1123 ἓν
780 1096 902 1131 ἀπεργά-

110 1146 203 1178 ζεσθαι
219 1145 315 1182 μέλος,
332 1147 488 1182 κλινόμενον
504 1155 535 1173 τε
551 1146 599 1172 καὶ
624 1144 835 1181 ἀνορθούμενον,
855 1142 903 1170 καὶ

108 1191 172 1218 καθ’
189 1192 320 1228 ἑκάτερον
334 1192 389 1219 τῶν
411 1192 533 1226 πλαγίων
549 1192 698 1226 εὐκινήτως
715 1189 902 1226 μεταστρεφό-

111 1248 201 1274 μενον.
225 1239 352 1271 Tomi-ro;
369 1239 504 1275 τράχηλος
523 1240 537 1265 ὁ
558 1238 664 1270 Παῦλος
685 1236 730 1273 ἦν,
748 1237 795 1264 καὶ
818 1236 845 1262 εί
859 1244 901 1267 τις

106 1285 188 1317 ἄλλος
201 1285 273 1312 κατὰ
289 1285 405 1320 μίμησιν
419 1285 524 1311 ἐκείνου
538 1285 584 1311 τὸν
600 1284 657 1319 βίον
668 1282 860 1319 κατώρθωσεν,
874 1281 904 1313 ὃς

110 1330 245 1358 ἐϐάστασε
267 1331 316 1367 μὲν
337 1331 368 1357 τὸ
384 1331 469 1366 ονομα
490 1330 608 1367 Κυρίου,
627 1329 723 1361 σκεῦος
737 1329 852 1364 ὲκλογῆς
865 1327 904 1363 τῷ

109 1378 233 1414 Δεσπότῃ
249 1377 394 1412 γενόμενος
404 1385 412 1392 ·
427 1377 475 1404 καὶ
491 1376 577 1408 οὕτως
593 1376 668 1411 αὐτῷ
683 1376 716 1402 δι’
729 1375 870 1410 ἀκρίϐειαν
886 1374 903 1409 ἡ

110 1423 216 1459 κεφαλὴ
238 1422 291 1449 τῶν
305 1423 374 1449 ὅλων
393 1423 562 1459 ἐφήρμοστο,
583 1422 653 1449 ὥστε
668 1422 715 1449 καὶ
737 1422 787 1448 ὅσα
803 1420 903 1454 ἐλάλει,

108 1468 212 1503 μηκέτι
231 1467 311 1495 αὗτὺν
336 1466 406 1495 εἶναι
425 1468 469 1494 τὸν
498 1468 647 1499 λαλοῦντα,
664 1467 732 1494 ἀλλὰ
750 1467 799 1502 τὴν
821 1474 905 1500 κεφα-

109 1514 159 1549 λὴν
177 1514 259 1541 αὐτοῦ
274 1514 441 1548 φθέγγεσθαι
455 1522 463 1529 '
482 1513 575 1545 καθὼς
599 1513 721 1546 ἐπέδειξε
739 1513 794 1544 τοῖς
809 1513 905 1547 Κοριν-

111 1559 180 1591 θίοις
196 1559 242 1586 τὸν
257 1560 375 1594 Χριστὸν
398 1560 427 1586 ὲν
442 1559 516 1595 αὐτῷ
531 1558 665 1586 λαλοῦντα
682 1567 712 1585 τε
729 1558 776 1585 καὶ
790 1557 906 1592 φθεγγό-

115 1613 204 1640 μενον.
222 1605 314 1637 Οὕτως
331 1605 404 1641 αὐτῷ
418 1605 539 1640 εὖφωνός
552 1613 581 1631 τε
599 1605 646 1631 καὶ
669 1603 766 1639 εὖηχος
777 1601 812 1638 ἦν
829 1603 845 1638 ἡ
860 1603 906 1637 ἀρ·
919 1617 941 1646 C

111 1651 202 1687 τηρία,
219 1651 262 1678 διὰ
273 1651 319 1677 τοῦ
333 1651 411 1686 ἁγίου
423 1651 580 1685 Πνεύματος
593 1649 758 1686 διαρθροῦσα
772 1649 821 1684 τῆς
836 1648 904 1684 ἀλη-

110 1697 186 1729 θείας
208 1697 254 1724 τὺν
276 1697 354 1731 λόγον
367 1705 374 1712 ο
397 1696 485 1728 οὕτως
507 1695 581 1731 αὐτῷ
602 1696 717 1722 πάντοτε
741 1695 798 1726 τοῖς
823 1694 905 1725 θείοις

111 1742 211 1776 λογίοις
236 1743 250 1768 ὁ
273 1733 377 1777 λάρυγξ
398 1740 636 1774 κατεγλυκαίνετο,
660 1739 767 1775 τρέφων
788 1738 849 1765 ὅλον
871 1738 904 1764 δι’

113 1787 212 1815 ἑαυτοῦ
225 1787 254 1813 τὸ
269 1787 348 1822 σῶμα
363 1787 420 1817 τοῖς
442 1785 585 1817 ζωοποιοῖς
603 1785 717 1815 ἐκείνοις
732 1783 903 1818 διδάγμασιν.

113 1833 146 1860 Εἰ
165 1833 192 1859 δὲ
205 1832 251 1859 καὶ
263 1832 293 1858 τὸ
307 1831 360 1858 τῶν
378 1830 531 1857 σπονδύλων
542 1829 642 1865 ζητεῖς,
656 1829 697 1860 τίς
711 1828 782 1855 οὕτω
801 1827 905 1859 πάντας

112 1879 154 1909 εἰς
169 1877 197 1904 ἓν
210 1877 289 1911 σῶμα
302 1877 454 1911 συνήρμοσε
468 1874 506 1910 τῷ
523 1875 664 1910 συνδέσμῳ
674 1874 723 1909 τῆς
736 1873 847 1909 εἰρήνης
857 1873 905 1899 καὶ

114 1924 164 1958 τῆς
178 1922 304 1957 ἁγάπης;
323 1923 371 1953 Τίς
386 1922 472 1953 οὕτως
488 1920 591 1954 ἐδίδαξε
608 1920 653 1947 τὸν
668 1919 803 1955 τράχηλον
818 1918 906 1945 κλίνε-

116 1968 178 1995 σθαι
212 1968 241 1994 ὲν
257 1968 312 1999 τοῖς
331 1968 480 2000 ταπεινοῖς,
494 1967 540 1993 καὶ
559 1965 810 2001 συμπεριφέρεσθαι
826 1965 907 1991 πάλιν

115 2015 144 2040 ὲν
159 2012 197 2048 τῷ
208 2013 242 2039 τὰ
255 2013 311 2040 ἄνω
326 2013 444 2048 φρονεῖν,
459 2013 506 2039 καὶ
522 2011 591 2047 πρὸς
606 2011 641 2037 τὰ
661 2011 763 2045 πλάγια
778 2018 907 2046 περισκο-

117 2060 180 2085 πεῖν
191 2058 348 2093 εὐστρόφως
364 2066 393 2083 τε
414 2058 460 2084 καὶ
477 2059 635 2093 εὐκινήτως,
654 2057 683 2083 ὲν
695 2056 735 2091 τῷ
754 2055 802 2087 τὰς
817 2055 906 2082 ποικί-

954 1000 1108 1036 singulares
1125 999 1172 1034 qui
1191 1003 1256 1026 sunt
1272 999 1298 1026 in
1314 998 1427 1034 populo,
1448 1004 1496 1032 per
1515 996 1694 1031 ligamentum
1713 1001 1746 1021 ac

952 1043 1092 1070 vinculum
1117 1043 1203 1077 pacis,
1230 1050 1315 1068 unum
1343 1041 1461 1068 efﬁciant
1485 1040 1652 1071 membrum,
1673 1037 1747 1074 quod

954 1090 1103 1116 inclinetur
1125 1093 1208 1123 atque
1226 1088 1357 1123 erigatur,
1378 1091 1405 1114 et
1422 1086 1492 1113 facili
1513 1089 1589 1112 motu
1606 1085 1634 1111 in
1657 1083 1746 1119 quod-

954 1139 1062 1167 cunque
1089 1132 1161 1159 latus
1183 1135 1367 1158 convertatur.
1390 1128 1456 1157 Tale
1471 1129 1571 1156 collum
1592 1131 1652 1155 erat
1673 1127 1746 1154 Pau-

955 1178 1008 1210 lus,
1025 1181 1052 1205 et
1071 1177 1094 1204 si
1109 1177 1171 1212 quis
1188 1176 1257 1204 alius
1278 1175 1367 1211 ipsum
1386 1176 1497 1202 imitans
1511 1177 1586 1201 recte
1600 1173 1684 1202 vitam
1703 1173 1744 1200 in-

955 1222 1056 1254 stituit,
1073 1222 1120 1257 qui
1132 1220 1252 1256 portavit
1273 1220 1383 1255 quidem
1402 1227 1501 1246 nomcn
1518 1217 1638 1251 Domini,
1655 1217 1746 1244 factus

955 1268 1070 1296 Domino
1095 1275 1144 1295 vas
1163 1266 1324 1299 electionis;
1350 1269 1377 1292 et
1393 1265 1418 1292 ci
1441 1264 1509 1292 adeo
1531 1267 1660 1291 accurate
1681 1263 1746 1290 ada-

954 1317 1060 1349 ptatum
1080 1313 1131 1347 fuit
1155 1316 1248 1347 caput,
1273 1315 1302 1338 ut
1318 1314 1346 1338 et
1370 1316 1542 1345 quaecunque
1563 1308 1668 1336 diceret
1691 1314 1746 1349 non

954 1347 1073 1393 amplius
1094 1360 1166 1385 esset
1189 1358 1245 1392 ipse
1260 1356 1384 1391 loquens.
1402 1355 1449 1383 sed
1472 1357 1554 1390 caput
1570 1353 1631 1388 ejus
1652 1347 1745 1388 loque-

955 1409 1041 1436 retur,
1057 1403 1195 1439 quomodo
1214 1401 1343 1429 indicavit
1355 1400 1507 1428 Corinthiis
1526 1400 1666 1427 Christum
1683 1406 1747 1427 esse

955 1451 1002 1486 qui
1027 1451 1055 1477 in
1080 1450 1141 1484 ipso
1161 1448 1325 1483 loquebatur
1350 1451 1377 1474 et
1393 1445 1597 1474 enuntiabat“.
1625 1444 1664 1471 Ita
1690 1445 1745 1472 clo-

957 1504 1045 1532 quens
1055 1499 1081 1523 ct
1098 1495 1166 1522 bene
1182 1501 1284 1521 sonans
1298 1492 1351 1528 ipsi
1365 1496 1424 1520 erat
1440 1492 1554 1522 arteria.
1568 1490 1747 1526 qlia-Spiritu

959 1541 1071 1569 verbum
1102 1539 1235 1575 dirigebat
1263 1538 1399 1567 veritatis.
1431 1538 1470 1566 Ita
1500 1537 1601 1565 divinis
1631 1536 1748 1572 eloquiis

957 1587 1068 1614 omnino
1088 1585 1182 1612 dulces
1207 1584 1309 1611 fiebant
1326 1582 1420 1610 fauces
1435 1583 1506 1617 ejus,
1533 1587 1563 1609 ut
1586 1582 1632 1617 qui
1653 1589 1701 1616 per
1718 1589 1749 1610 se

958 1636 1044 1660 totum
1072 1631 1190 1658 nutriret
1218 1636 1319 1663 corpus
1341 1628 1458 1656 viviticis
1482 1628 1537 1656 illis
1562 1626 1745 1654 documentis.

959 1676 1037 1710 Quod
1048 1676 1072 1704 si
1091 1676 1173 1703 etiam
1193 1674 1294 1709 quaeris
1309 1673 1344 1700 de
1359 1672 1506 1704 vertebris,
1522 1673 1586 1707 quis
1601 1672 1637 1699 ita
1651 1679 1748 1700 omnes

959 1721 1096 1757 compegit
1113 1721 1142 1748 in
1161 1727 1246 1747 unum
1263 1726 1364 1753 corpus
1387 1717 1497 1745 vinculo
1512 1717 1590 1752 pacis
1607 1721 1634 1744 et
1655 1716 1749 1744 chari-

960 1769 1040 1796 tatis?
1054 1767 1123 1800 Quis
1143 1766 1184 1794 sic
1203 1765 1297 1792 docuit
1312 1764 1414 1791 collum
1433 1763 1566 1790 inclinare
1590 1762 1617 1789 in
1638 1762 1672 1790 iis
1688 1770 1748 1797 qua:

958 1819 1024 1844 sunt
1051 1812 1165 1841 humilia
1189 1815 1217 1839 et
1240 1810 1356 1845 abjecta,
1380 1813 1408 1837 et
1432 1817 1462 1836 se
1487 1809 1515 1836 in
1535 1815 1643 1835 onmem
1667 1808 1747 1835 simul

958 1866 1063 1897 partem
1081 1865 1203 1890 versare,
1218 1861 1246 1885 et
1266 1863 1378 1884 rursum
1397 1854 1514 1890 erigere,
1538 1861 1569 1881 ea
1590 1861 1650 1889 qua:
1666 1861 1748 1888 supra

959 1911 1024 1935 sunt
1037 1904 1194 1941 cogitando.
1211 1908 1238 1930 et
1252 1903 1279 1930 in
1300 1901 1441 1936 obliquum
1457 1899 1704 1934 circumspiciendo
1720 1906 1749 1926 se

961 1952 1099 1980 mobiliter
1122 1953 1293 1980 convertere,
1321 1947 1348 1974 in
1373 1945 1546 1974 declinandis
1569 1948 1596 1972 et
1620 1943 1749 1971 cavendis

960 1998 1044 2025 variis
1062 1995 1165 2023 diaboli
1180 1993 1310 2021 insidiis?
1322 1991 1390 2019 Tale
1405 1998 1471 2026 ergo
1482 1990 1583 2018 collum
1599 1989 1650 2016 fuit
1662 1989 1748 2016 acditi-

957 2058 1048 2082 cattttn
1062 2059 1077 2079 a
1093 2051 1206 2078 Davide.

114 2112 163 2138 λας
177 2103 224 2130 τοῦ
239 2091 360 2130 δίαϐὁλου
386 2103 523 2138 μεθοδείας
541 2091 673 2129 ὲιίκλίνειν
692 2101 739 2128 καὶ
755 2101 972 2136 ἅσφαλίζεσοαι;
990 2101 1019 2127 '0
1034 2097 1153 2128 τοιοῦτος
1169 2093 1214 2122 οὖν
1231 2094 1364 2130 τράχηλος
1396 2094 1479 2124 Βντως
1513 2093 1588 2128 παρὰ
1622 2091 1669 2119 τοῦ
1699 2092 1750 2116 Δα-

114 2141 157 2175 ϐἳδ
176 2148 355 2183 ᾠκοδόμηται.

151 2193 216 2220 Νόει
232 2193 260 2219 δὲ
275 2191 320 2219 διὰ
335 2191 382 2218 τοῦ
406 2191 487 2217 Δαὸὶδ
503 2191 549 2218 τὸν
571 2190 682 2226 βασιλέα
699 2191 744 2218 τὸν
760 2190 806 2217 τοῦ
828 2190 904 2226 βασι-

115 2239 184 2271 λέως
197 2238 312 2274 πατέρα,
324 2237 352 2269 ὃς
366 2236 395 2269 ἐξ
408 2237 495 2272 ἀρχῆς
510 2237 554 2264 τὸν
566 2237 708 2271 ἄνθρωπον
719 2236 904 2263 κατεσκεύασε

994 2185 1116 2220 lnteilige
1130 2187 1221 2210 autem
1237 2188 1287 2217 per
1303 2179 1389 2209 David
1405 2186 1495 2214 regem
1506 2199 1515 2213 ,
1534 2182 1639 2214 patrem
1658 2180 1747 2215 regis.

959 2232 1005 2267 qui
1021 2231 1055 2258 ab
1068 2229 1146 2257 initio
1160 2226 1303 2255 constituit
1319 2225 1456 2252 hominem
1474 2227 1503 2250 ut
1517 2229 1590 2251 esset
1605 2225 1690 2252 turris
1700 2244 1708 2256 ,
1723 2230 1751 2252 et

118 2284 222 2319 πύργον
237 2281 316 2314 εἶναι,
333 2283 380 2309 καὶ
397 2282 458 2317 οὐχὶ
474 2282 642 2317 σύμπτωμα,
668 2282 715 2308 καὶ
733 2281 777 2307 διὰ
790 2281 839 2316 τῆς
858 2281 904 2316 χά-

959 2286 1013 2305 non
1028 2281 1058 2304 ut
1078 2275 1206 2307 caderet,
1227 2277 1254 2301 et
1273 2280 1322 2308 per
1338 2271 1455 2307 gratiam
1470 2278 1531 2298 cum
1550 2277 1648 2297 rursus
1663 2270 1750 2298 adifi-

119 2338 191 2365 ριτος
202 2329 282 2356 αὐτὸν
296 2328 377 2355 πάλιν
388 2327 605 2363 ἀνῳκοδόμησεν,
621 2326 839 2362 ἀσφαλισάμενος
853 2328 908 2358 τοῖς

119 2376 226 2407 πολλοῖς
245 2374 349 2409 θυρεοῖς
360 2394 367 2405 ,
385 2373 454 2400 ὥστε
472 2373 570 2409 μηκέτι
586 2373 667 2399 αὐτὸν
688 2373 747 2404 ταῖς
761 2371 815 2398 τῶν
831 2371 909 2398 πολε-

123 2421 192 2457 μίων
214 2419 319 2454 ἐφόδοις
340 2419 500 2446 εὐεπίϐατον
520 2417 600 2446 εἶναι.
623 2416 656 2445 ΟΞ
669 2418 724 2453 γὰρ
740 2418 908 2453 κρεμάμενοι

122 2465 232 2501 θυρεοὶ,
247 2465 297 2491 οὐκ
320 2464 365 2491 ἐπὶ
382 2465 433 2500 γῆς
455 2466 596 2500 κείμενοι,
617 2465 685 2491 ἀλλὰ
709 2464 823 2500 διαέριοι
845 2465 908 2498 περὶ

121 2512 202 2540 αὐτὸν
223 2510 403 2546 θεωρούμενοι
415 2530 422 2543 ,
437 2512 484 2538 καὶ
499 2511 568 2546 μετὰ
587 2511 642 2538 τῶν
661 2510 765 2546 θυρεῶν
777 2531 784 2543 ,
805 2511 833 2537 αἱ
854 2510 907 2537 τῶν

121 2558 243 2586 δυνατῶν
261 2557 362 2593 βολίδες
375 2578 381 2589 ,
401 2557 482 2591 φόῦον
504 2557 648 2592 ἐμποιοῦσι
667 2559 723 2589 τοῖς
740 2556 909 2591 πολεμουμέ-

121 2613 178 2637 νοις
190 2613 196 2620 ·
214 2604 283 2631 ὥστε
301 2604 369 2639 μήτε
385 2603 434 2638 τὴν
453 2603 538 2639 ἀρχὴν
551 2605 709 2639 ἐγχειρῆσαι
725 2603 909 2638 καταδραμεῖν

122 2651 169 2678 τοῦ
196 2649 312 2686 πύργου.
338 2647 423 2684 Οἶμαι
447 2649 474 2675 δὲ
503 2650 552 2684 τὴν
573 2649 721 2684 ἀγγελικὴν
741 2647 861 2683 φρουρὰν
879 2648 908 2673 ἐν

123 2697 216 2732 κύκλῳ
239 2695 508 2731 περιτετειχισμένην
531 2696 576 2722 τὸν
601 2695 720 2722 τοιοῦτον
747 2694 850 2730 πύργον
869 2692 909 2728 τῷ

123 2743 220 2779 πλήθει
239 2743 292 2769 τῶν
314 2741 417 2777 θυρεῶν
443 2742 508 2776 ἡμῖν
529 2741 766 2777 διασημαίνεσθαι.
785 2738 910 2766 Δείκνυσι

161 2801 185 2818 ⁸⁵
210 2799 233 2828 ll
251 2799 313 2828 Cor.
340 2807 400 2831 tun,
421 2799 448 2826 5.

961 2323 1033 2351 cavit
1052 2321 1146 2348 multis
1161 2319 1298 2346 munitum
1317 2317 1436 2352 clypeis,
1455 2321 1484 2343 ut
1506 2316 1681 2343 inimicorum
1707 2317 1751 2344 in-

962 2369 1079 2398 sulti-bus
1105 2374 1160 2394 non
1187 2364 1270 2392 facile
1294 2362 1412 2398 amplius
1434 2365 1528 2397 posset
1553 2361 1655 2388 invadi.
1681 2360 1750 2388 Nam

962 2415 1116 2452 pendentes
1142 2410 1231 2447 clypei
1242 2429 1249 2442 ,
1272 2417 1328 2437 non
1347 2409 1374 2436 in
1391 2412 1463 2435 terra
1478 2407 1542 2440 siti,
1558 2407 1606 2434 scd
1621 2406 1705 2438 aerii,
1722 2407 1749 2433 in

962 2450 1022 2496 ipso
1037 2457 1225 2489 considerati,
1244 2459 1271 2482 et
1286 2461 1348 2481 cum
1378 2452 1419 2480 eis
1443 2452 1525 2479 ctiam
1547 2450 1634 2478 hastae
1653 2454 1750 2485 poten-

962 2507 1030 2534 tium
1047 2504 1163 2532 afferunt
1181 2506 1316 2530 terrorem
1339 2497 1486 2526 hostibus:
1504 2496 1572 2524 adeo
1592 2499 1622 2522 ut
1640 2503 1675 2523 ne
1691 2503 1750 2522 om-

964 2553 1029 2579 nino
1052 2549 1165 2585 quidem
1191 2547 1310 2574 audeant
1331 2545 1429 2571 turrim
1455 2541 1593 2570 invadere.
1617 2540 1750 2568 Existimo

963 2603 1054 2626 autem
1070 2603 1130 2624 eam
1146 2593 1247 2622 turrim
1261 2593 1420 2628 clypeorum
1436 2587 1628 2620 multitudine,
1645 2586 1750 2622 signia--

962 2651 1027 2671 care
1041 2641 1194 2678 angelicum
1209 2637 1367 2674 prmsidium
1381 2630 1436 2671 quo
1451 2632 1627 2667 circumsepti
1642 2638 1748 2660 sumus.

962 2689 1089 2717 Ostendit
1106 2691 1197 2717 autem
1211 2684 1294 2713 etiam
1317 2683 1458 2711 hastarum
1481 2679 1584 2706 mentio
1605 2684 1666 2705 eum
1685 2683 1749 2704 sen-

963 2743 1034 2764 sum.
1057 2733 1117 2762 Non
1135 2732 1209 2761 enim
1225 2729 1348 2759 absolute
1365 2728 1434 2756 dixit
1450 2727 1558 2757 hastas,
1575 2723 1622 2752 sed
1637 2721 1749 2756 fodium
