1984 3068
126 116 177 146 937

641 114 673 143 lN
689 115 837 144 CANTICA
864 113 998 142 CANTIC.
1019 112 1160 142 llOMlLlA
1180 113 1236 141 νη.

1704 109 1754 136 958

127 173 162 204 οὗ
179 176 347 209 aram-£1507;
366 175 385 208 ἠ
402 174 469 209 full-5}
479 184 508 206 ιι,
527 175 576 201 κη).
595 175 758 208 κων-τιθῶσιν
776 175 804 202 at
822 172 914 200 σκιαί.

977 173 1039 206 μιοιι
1058 173 1117 200 dies
1133 171 1244 207 quidem
1262 171 1371 199 dicatur
1389 169 1509 205 Spiritus
1525 175 1657 200 sanctus,
1677 168 1711 196 iis
1729 168 1755 195 in

133 220 214 248 am
227 221 257 246 τὸ
280 220 328 255 μὲν
345 221 452 255 ἡμέραν
475 219 600 253 λέγεσθαι
614 221 645 246 τὸ
658 219 769 255 Πνεῦμα
784 220 814 246 τὸ
829 219 915 253 ἅγιον,

126 266 183 300 φῶς
199 266 277 291 πνέον
298 262 338 296 οἷς
353 265 386 291 ἂν
396 265 552 299 ἐγγένηται.
566 266 615 292 οὐκ
627 264 702 301 οἶμαί
718 275 777 293 τινα
790 266 842 292 τῶν
855 265 917 292 νοῦν

128 312 242 346 ἑχόντων
266 311 436 337 ὲττιδιστάσαι
459 311 499 346 τῷ
522 311 603 346 λόγῳ.
624 312 655 338 Εἰ
680 312 734 348 γὰρ
752 312 804 338 υἱοὶ
830 312 918 346 φωτὸς

127 357 174 383 καὶ
199 356 251 382 υἱοὶ
266 356 371 391 ἡμέρας
393 356 513 390 γίνονται
539 357 563 382 οἱ
585 356 759 392 γεννηθέντες
783 356 858 392 παρὰ
871 356 916 382 τοῦ

128 402 294 438 Ιίνεύματος,
308 402 334 428 τί
352 402 416 428 ἄλλο
432 402 484 437 χρὴ
499 404 569 429 νοεῖν
581 403 612 428 τὸ
628 402 740 437 Πνεῦμα
752 402 783 428 τὸ
797 403 883 437 ἅγιον,
900 403 917 437 ἢ

128 448 184 482 φῶς
199 448 245 474 καὶ
260 448 376 483 ἡμέραν,
391 445 425 482 ἦς
441 448 457 482 ἡ
473 448 539 484 πνοὴ
555 449 738 483 φυγαδευτικὴ
761 448 814 474 τῶν
834 447 918 474 σκιῶν

127 493 177 528 τῆς
204 493 382 528 ματαιότητος
409 493 530 526 γίνεται;
562 493 679 526 Ἀνάγκη
695 493 748 527 γὰρ
773 493 847 519 πᾶσα
871 491 917 518 τοῦ

129 540 203 575 ἡλίου
219 540 346 574 φανέντος
359 540 408 571 τὰς
432 541 510 571 σκιὰς
529 540 566 575 μὴ
589 540 690 574 μένειν,
708 540 775 566 ἀλλὰ
798 548 919 575 μεταχω-

131 588 186 621 ρεῖν
201 595 230 612 τε
252 587 299 612 καὶ
315 585 537 620 μετανίστασθαι.
556 585 592 611 Τὸ
611 586 638 611 δὲ
662 587 726 620 περὶ
743 585 796 611 τῶν
817 586 863 612 δύο
876 594 919 612 νε-

130 629 202 664 ϐρῶν
216 629 266 661 τῆς
281 629 408 665 δορκάδος
424 630 571 664 μυστήριον
590 629 716 665 εὔκαιρον
731 630 763 657 ἂν
774 631 815 665 εἰή
838 639 920 665 προσ-

129 676 214 701 θεῖναι
245 677 278 710 τῇ
295 675 415 707 ἐξετάσει
430 675 477 701 τοῦ
500 675 590 708 λόγου.
605 672 642 702 ὧν
655 676 763 710 δίδυμος
783 677 832 710 μὲν
847 677 920 702 ἐστιν

130 722 146 755 ἡ
163 721 278 756 γένεσις,
303 721 390 756 τροφὴ
413 721 441 747 δὲ
456 721 487 747 τὸ
506 722 612 756 κρίνον·
630 722 712 753 τόπος
735 723 762 748 δὲ
787 723 882 757 νομῆς,
903 723 919 757 ἡ

130 767 218 802 ἀγαθή
243 775 272 792 τε
297 766 344 793 καὶ
366 766 452 802 πιαρὰ
478 767 524 802 γῆ.
539 767 612 802 Αὐτὴ
635 767 663 794 δέ
683 769 756 794 ἐστιν
778 769 793 803 ἡ
812 769 919 804 καρδία,

131 812 200 839 κατὰ
217 812 262 838 τὸν
275 812 324 847 τῆς
340 812 497 847 παραϐολῆς
513 812 560 838 τοῦ
580 812 682 847 Κυρίου
698 813 791 847 λόγον·
810 815 838 839 ἐν
853 813 919 849 αὐτῇ

968 218 1070 252 quibus
1086 217 1169 245 fuerit
1186 217 1274 244 lucem
1292 217 1418 251 spirans,
1438 210 1575 243 neminem
1596 222 1659 242 esse
1680 213 1756 241 arbi-

969 268 1026 290 tror
1039 272 1070 291 ex
1089 265 1122 291 iis
1137 266 1183 299 qui
1201 264 1311 298 sapiunt
1332 263 1379 298 qui
1403 263 1519 290 dubitet.
1542 262 1571 288 Si
1593 261 1666 289 enim
1689 261 1757 288 fiunt

970 311 1016 337 ﬁlii
1035 311 1104 337 lucis
1118 315 1145 338 et
1160 310 1206 337 filii
1223 310 1276 337 diei
1294 310 1340 344 qui
1355 312 1523 344 generantur
1538 317 1570 336 ex
1584 312 1681 335 sancto
1695 307 1755 342 Spi-

969 357 1023 382 ritu
1039 364 1045 382 :
1070 356 1136 390 quid
1160 355 1233 383 aliud
1252 355 1404 390 intelligere
1421 358 1529 389 oportet
1543 353 1677 388 Spiritum
1693 361 1757 380 san-

969 406 1042 428 ctum
1054 421 1062 432 ,
1078 409 1159 436 quam
1173 401 1262 428 lucem
1277 405 1304 427 et
1318 400 1407 431 diem,
1423 400 1502 433 cujtts
1529 399 1644 434 spiratio
1662 397 1756 432 expel-

970 445 1001 471 lit
1018 446 1130 473 umbras
1151 445 1304 472 vanitatis?
1326 444 1445 472 Omnino
1467 444 1539 471 enim
1562 451 1675 470 necesse
1698 448 1756 475 est,
1803 454 1807 456 ι

971 494 999 515 ttt
1016 497 1077 516 cum
1099 489 1141 517 sol
1154 490 1334 524 apparuerit,
1353 489 1458 516 umbra:
1473 496 1528 515 non
1544 493 1690 519 maneant.
1710 487 1759 515 sed

970 540 1112 561 transeant
1124 540 1150 562 et
1164 535 1317 562 discedant.
1329 534 1488 570 lllysterium
1504 539 1594 561 autem
1608 534 1642 561 de
1653 533 1760 561 duobus

970 588 1077 614 caprea;
1102 581 1224 608 hinnulis
1246 585 1433 616 opportunum
1459 581 1543 608 fuerit
1561 581 1681 615 adjicere
1698 588 1760 607 ver-

972 627 1068 652 borum
1090 631 1237 654 contextus
1254 626 1472 655 examinationi.
1489 633 1608 660 quorum
1631 625 1760 661 geminus

971 671 1080 704 quidem
1099 671 1150 698 fuit
1166 676 1281 706 partus,
1309 672 1509 699 nutrimentum
1537 676 1628 699 autem
1652 672 1758 703 lilium,

972 725 1081 752 pascua:
1095 721 1186 745 autent
1204 723 1276 746 terra
1293 719 1364 745 bona
1380 723 1408 746 et
1423 719 1543 754 pinguis.
1558 718 1595 745 Ea
1611 722 1702 745 autent
1718 721 1761 745 est

974 771 1032 793 eor.
1045 764 1241 791 convenienter
1252 764 1276 790 ei
1287 765 1360 799 quod
1374 765 1441 792 dicit
1454 764 1560 792 Domini
1572 764 1703 799 parabola
1716 765 1738 779 "
1752 773 1759 791 :

973 809 999 834 in
1022 816 1056 835 eo
1079 813 1225 843 pascentes
1238 829 1245 840 ,
1263 814 1288 835 et
1312 817 1443 843 purarum
1461 809 1658 844 cogitationum
1678 816 1712 835 ex
1729 815 1762 834 eo

130 858 157 884 δὲ
167 842 321 892 νεμόμενοί,
338 842 386 883 καί
396 857 458 889 τοὺς
477 842 616 892 καοαροὺς
626 842 660 889 ’ἐξ
674 842 758 892 αὑτης
777 842 922 893 λογισμοὺς

976 854 1054 881 ﬂores
1069 842 1189 890 legentes
1199 876 1206 885 ,
1220 842 1416 890 pinguescunt.
1433 842 1602 883 FlosVantem
1617 855 1664 881 lilii
1680 854 1763 881 habet

130 902 346 936 ἀνθολογοῦντες,
362 902 524 930 πιαίνονται.
543 903 579 929 Τὸ
594 902 621 929 δὲ
637 903 716 934 ἄνθος
733 904 866 938 τὸ.κρίνον
884 904 922 930 δι-

132 949 201 985 πλῆν
218 948 274 983 ἔχει
291 949 339 984 τὴν
353 949 433 984 χάριν
453 949 529 984 παρὰ
543 949 592 984 τῆς
607 949 725 983 φύσεως.
740 949 868 981 εὐπνοίας
889 952 921 985 τῇ

131 995 242 1029 εὐχροὶᾳ
255 994 495 1029 συμμεμιγμένης,
512 994 550 1025 ὡς
564 995 625 1021 καθ’
643 993 854 1030 ἐκάτερονεῖναι
868 997 922 1027 τοῖς

131 1041 306 1075 δρεπομένοις
327 1039 468 1074 ἐράσμιον,
485 1041 539 1066 εἴτε
554 1042 586 1075 τῇ
601 1040 734 1076 ὀσφρήσει
750 1041 921 1076 προσάγοιεν,

132 1086 187 1112 εἴτε
205 1086 261 1116 τοῖς
277 1084 425 1120 ὀφθαλμοῖς
444 1085 489 1111 τοῦ
506 1085 619 1117 κάλλους
639 1086 688 1120 τῆς
700 1086 775 1122 ὥρας
791 1095 924 1121 κατατρυ-

133 1130 215 1166 ῳῷεν.
239 1131 270 1157 'H
288 1130 337 1165 μὲν
351 1130 406 1165 γὰρ
421 1130 554 1165 ὄσφρησις
565 1130 614 1165 τῆς
627 1131 673 1157 τοῦ
685 1131 800 1165 Χριστοῦ
813 1131 924 1163 εὐωδίας

134 1176 241 1211 πλήρης
265 1176 385 1210 γίνεταιι
408 1176 451 1203 διὰ
474 1176 502 1202 δὲ
528 1176 575 1203 τοῦ
600 1176 687 1208 εἴδους
707 1176 871 1204 ἐνδείκνυται
895 1177 924 1203 τὸ

133 1221 254 1256 καθαρόν
267 1230 296 1247 τε
313 1222 360 1248 καὶ
373 1221 549 1256 ἀκηλίδωτον.

168 1267 245 1301 Τάχα
258 1267 347 1293 τοίνυν
361 1267 411 1302 ἤδη
427 1266 470 1293 διὰ
486 1267 540 1293 τῶν
556 1268 707 1302 εἰρημένων
731 1269 924 1303 σεσαφὴνισται

134 1313 199 1346 ἡμῖν
212 1312 241 1338 τὸ
252 1312 304 1338 ὑπὸ
320 1311 366 1338 τοῦ
381 1311 461 1346 λόγου
473 1311 647 1347 δηλούμενον,
659 1313 699 1339 ὅτι
712 1312 759 1339 δύο
773 1313 925 1349 ἀνθρώπων

134 1359 162 1383 ἐν
179 1359 235 1388 τοῖς
253 1357 313 1384 καθ’
328 1357 442 1383 ἕκαστον
462 1356 666 1393 θεωρουμένων,
681 1358 727 1384 τοῦ
741 1359 789 1394 μὲν
806 1368 926 1395 σωματι-

134 1403 183 1429 κοῦ
208 1411 237 1430 τε
260 1404 306 1430 καὶ
325 1404 499 1438 φαινομένου,
518 1403 564 1430 τοῦ
583 1404 610 1430 δὲ
628 1405 722 1439 νοητοῦ
737 1413 766 1431 τε
783 1406 830 1432 καὶ
843 1407 925 1442 ἀορά-

134 1458 191 1480 του,
214 1449 324 1484 δίδυμος
347 1450 395 1485 μὲν
408 1450 561 1485 ἀμφότερός
584 1451 658 1476 ἐστιν
677 1451 694 1486 ὴ
715 1452 830 1485 γένεσις,
854 1453 924 1479 κατὰ

971 901 1107 936 duplicem
1124 909 1140 928 a
1154 905 1253 928 natura
1269 902 1385 936 gratiam
1397 922 1404 932 ,
1422 905 1515 936 utpote
1530 901 1607 929 suavi
1622 901 1707 928 odore
1722 901 1761 928 si-

974 947 1029 973 nntl
1054 947 1137 974 misto
1158 955 1221 974 cum
1249 947 1363 974 colore:
1382 947 1450 974 adeo
1466 951 1495 973 ut
1511 947 1534 974 is
1551 946 1577 973 in
1596 950 1712 981 utroque
1727 946 1763 973 sit
1799 943 1802 946 ’

972 992 1068 1026 gratus
1095 996 1123 1019 et
1146 992 1273 1020 amabilis
1297 992 1472 1024 hominibus,
1492 996 1521 1019 ut
1541 993 1603 1027 qui.
1629 992 1687 1019 sive
1705 999 1764 1019 mo-

974 1042 1088 1065 veantur
1100 1037 1203 1065 olfactu
1212 1058 1219 1069 ,
1234 1038 1292 1066 sive
1306 1039 1406 1071 oculis,
1421 1038 1482 1073 ejus
1495 1047 1525 1066 sc
1537 1039 1645 1073 possint
1656 1039 1765 1066 abunde

973 1084 1105 1111 oblectari
1124 1084 1339 1118 pulchritudine.
1357 1083 1497 1113 Odoratus
1513 1085 1624 1119 quidem
1643 1085 1764 1120 repletur

974 1129 1046 1155 bono
1062 1129 1145 1156 odore
1161 1129 1283 1162 Christi,
1302 1137 1350 1164 per
1365 1130 1480 1156 formam
1500 1135 1591 1157 autem
1608 1122 1764 1159 ostenditur

975 1175 1080 1210 put-itas
1096 1179 1123 1203 et
1136 1176 1210 1203 nulla
1223 1183 1285 1204 esse
1299 1176 1471 1211 inquinatum
1487 1177 1605 1204 macula.

1012 1270 1092 1298 Forte
1108 1274 1198 1298 autem
1213 1278 1307 1297 eorum
1323 1277 1385 1305 qum
1402 1270 1474 1297 dicta
1495 1274 1561 1298 sunt
1580 1270 1765 1298 declarabitur

975 1317 1132 1344 obscuritas
1142 1337 1149 1349 ,
1164 1316 1186 1344 si
1202 1317 1255 1343 hoc
1268 1317 1403 1351 signiticet
1419 1317 1509 1343 oratio
1520 1336 1528 1347 ,
1542 1316 1615 1351 quod
1632 1323 1693 1343 eum
1710 1317 1765 1344 duo

975 1363 1101 1389 homines
1117 1362 1330 1389 considerantur
1351 1363 1378 1389 in
1399 1363 1535 1397 singulis.
1560 1370 1634 1390 unus
1654 1362 1763 1397 quidem

976 1409 1129 1443 corporalis
1143 1415 1168 1435 et
1184 1416 1335 1443 apparens,
1353 1409 1423 1435 alter
1438 1417 1504 1436 vero
1522 1409 1568 1443 qui
1586 1409 1765 1444 intelligentia

977 1455 1138 1490 percipitur,
1154 1458 1249 1481 etnon
1272 1459 1313 1482 est
1338 1455 1530 1489 aspectabilis,
1556 1455 1682 1489 geminus
1705 1454 1767 1490 qui-

135 1494 231 1521 ταὺτὺν
245 1495 370 1530 ἀλλήλοις
390 1495 644 1531 συνεπιδημούντων
657 1496 696 1532 τῷ
714 1497 772 1532 βίῳ.
789 1498 856 1524 Οὔτε
871 1499 922 1534 γὰρ

978 1501 1039 1528 dem
1054 1507 1095 1528 est
1109 1501 1252 1527 amborum
1269 1504 1365 1528 ortus:
1381 1508 1443 1527 cum
1459 1500 1511 1535 ipsi
1534 1500 1617 1528 simul
1640 1500 1713 1527 inter
1738 1508 1767 1527 se

136 1541 307 1576 προῦπάρχει
331 1541 377 1567 τοῦ
403 1541 527 1576 σώματος
548 1543 564 1577 ή
587 1543 677 1578 ψυχή·
702 1543 763 1570 οὕτε
788 1553 924 1579 προκατα-

136 1586 297 1617 σκευάζεται
317 1586 367 1621 τῆς
386 1587 474 1622 ψυχῆς
488 1587 520 1613 τὸ
534 1588 613 1623 σῶμα
624 1596 631 1603 ·
651 1589 709 1615 ἀλλ’
728 1591 882 1624 ὁμοχρόνως
897 1591 925 1616 ἐν

135 1632 168 1666 τῇ
186 1630 242 1666 ζωῇ
258 1632 388 1665 γίνονται.
407 1632 499 1667 Τροφὴ
520 1633 548 1659 δὲ
569 1633 674 1665 τούτοις
691 1634 761 1661 κατὰ
778 1635 859 1669 φύσιν
876 1637 925 1670 μέν

136 1678 220 1708 ἐστιν,
232 1678 249 1712 ἡ
261 1677 416 1712 καθαρότης
426 1678 472 1704 καὶ
487 1678 595 1711 εὐωδία,
605 1679 652 1705 καὶ
667 1680 756 1706 πάντα
765 1681 798 1707 τὰ
813 1681 926 1708 τοιαῦτα

135 1719 172 1749 ὧν
192 1723 352 1758 εὐφοροῦσιν
364 1724 392 1749 αἱ
408 1723 512 1758 ἀρεταί.
531 1724 609 1750 Ἔστι
623 1725 650 1750 δὲ
670 1725 714 1751 ὅτε
724 1725 755 1752 τὸ
765 1726 926 1762 δηλητήριον

135 1775 206 1794 τισιν
228 1768 288 1794 ἀντὶ
310 1769 443 1803 τροφίμου
469 1769 657 1802 σπουδάζεται,
679 1770 704 1796 οἳ
729 1772 788 1807 οὐχὶ
808 1772 842 1799 τὰ
858 1774 925 1807 ἄνθη

135 1812 189 1839 τῶν
209 1813 314 1848 ἀρετῶν
329 1813 530 1847 ὲπιὸὀσκονται,
554 1815 612 1841 ἀλλ’
626 1815 757 1848 ἀκάνθαις
771 1818 927 1854 ἐπιτέρπον-

135 1866 180 1884 Ιτίειι
203 1858 251 1884 καὶ
272 1858 415 1892 τριϐόλοις.
448 1859 525 1886 Οὖτω
549 1860 602 1896 γὰρ
626 1860 675 1895 τῆς
701 1863 857 1899 παραϐολῆς
879 1865 925 1891 τοῦ

137 1903 302 1945 Ιξὺαγγελίου
325 1904 511 1940 ὀνομαζούσης
529 1906 577 1937 τὰς
599 1907 734 1942 ἁμαρτίας
757 1909 925 1945 ἠκούσαμεν,

137 1943 175 1972 ὧν
196 1948 213 1982 ἡ
235 1947 342 1982 κατάρα
363 1949 410 1974 τοῦ
434 1949 522 1983 ὄφεως
545 1951 594 1986 τὴν
616 1952 704 1988 κακὴν
729 1953 847 1990 βλάστην
863 1956 925 1992 ἐδη-

139 1993 316 2028 μιούργησεν.
349 1994 456 2030 Ἐπειδὴ
476 1995 566 2023 τοίνυν
583 1997 758 2034 διακριτικῶν
780 2002 926 2036 ὀφθαλμῶν

138 2040 196 2065 ἐστι
211 2039 299 2074 χρεία,
317 2039 369 2066 τῶν
381 2041 536 2076 δυναμένων
550 2044 578 2069 ὲν
593 2044 720 2081 ἀκριϐείᾳ
738 2046 882 2081 διαγνῶναι
897 2049 926 2075 τὺ

138 2083 229 2119 κρίνον
252 2093 282 2110 τε
304 2085 350 2111 καὶ
372 2085 421 2120 τὴν
441 2086 571 2118 ἄκανθαν,
591 2089 637 2115 καὶ
664 2090 693 2116 τὸ
719 2091 767 2126 μὲν
794 2093 926 2129 σωτήριον

138 2130 311 2165 προελέσθαι,
335 2130 365 2157 τὸ
380 2131 416 2159 ,δὲ
443 2132 604 2168 φθοροποιὸν
628 2136 857 2172 ἀποπέμψασθαι·
883 2140 926 2166 διὰ

136 2175 215 2203 τοῦτο
230 2176 274 2202 τὸν
290 2176 349 2203 καθ’
363 2178 508 2214 ὁμοιότητα
522 2179 567 2206 τοῦ
585 2182 701 2216 μεγάλου
720 2183 825 2210 Παύλου
840 2185 926 2220 μαζὸν

136 2223 192 2253 τοῖς
208 2223 315 2256 νηπίοις
338 2223 493 2258 γενόμενον,
513 2227 560 2252 καὶ
577 2227 848 2264 γαλακτοτροφοῦντα
863 2233 925 2264 τοὺς

136 2269 286 2303 ἁρτιγενείς
308 2270 358 2304 τῆς
386 2271 557 2306 Ἔκκλησίας,
580 2273 663 2300 δυάδα
689 2275 782 2309 μαζῶν
802 2277 926 2313 ἀλλήλοις

138 2314 370 2348 συγγεννηθέντων
382 2315 436 2341 τῶν
450 2317 505 2347 τοῖς
523 2318 627 2353 νεόροῖς
638 2319 687 2354 τῆς
706 2320 834 2356 δορκάδος
847 2323 925 2350 ἀπει-

137 2360 280 2394 κασμένων
307 2361 465 2396 ὠνόμασεν,
494 2363 539 2390 διὰ
567 2365 676 2392 πάντων
709 2370 856 2404 μαρτυρῶν
885 2371 924 2406 τῷ

136 2405 249 2440 τοιούτῳ
274 2406 347 2439 μέλει
369 2407 419 2442 τῆς
440 2409 604 2444 Ἐκκλησίας
624 2411 654 2437 τὸ
679 2412 806 2448 δόκιμον’
834 2416 873 2442 ὅτι
895 2426 924 2443 τε

103 2467 106 2469 μ
138 2450 199 2476 καθ’
214 2451 342 2487 ἑκάτερον
359 2453 495 2480 εὑοδούται
517 2455 583 2491 πρὸς
594 2457 643 2491 τὴν
657 2458 712 2484 τῶν
727 2460 853 2496 καθαρῶν
867 2463 926 2497 κρί-

267 2496 271 2500 _
330 2497 355 2500 __
376 2497 384 2500 λ
444 2499 455 2500 η
562 2492 573 2500 κ

136 2504 189 2521 νων
211 2496 306 2530 νομὴν,
325 2497 476 2533 ὀξυδερκῶς
495 2496 632 2536 διακρίνον
655 2504 702 2530 τοῦ
725 2507 856 2541 τροφίμου
876 2496 925 2543 τὴν

135 2539 270 2587 ἄκανθαν·
287 2541 333 2566 καὶ
351 2541 391 2568 ὅτι
413 2544 477 2578 περὶ
489 2544 518 2570 τὸ
533 2545 694 2580 ἡγεμονικὸν
714 2539 922 2587 ἀναστρέφεται,

140 2582 166 2612 r5
184 2586 317 2621 σύμϐολον
332 2588 348 2622 ἡ
372 2588 470 2623 καρδία
487 2591 571 2622 ἐστὶν,
590 2593 606 2627 ἡ
627 2593 660 2620 δι’
678 2595 776 2630 ἑαυτῆς
791 2582 852 2630 τοὺς
872 2582 924 2634 μαξ

138 2631 199 2662 ςοὺς
214 2632 438 2667 ὑποστρέφουσαο
455 2635 502 2660 καὶ
525 2635 564 2661 ἔτι
587 2638 655 2672 πρὸς
671 2639 785 2673 τούτοις,
812 2642 851 2669 ὃτι
873 2631 923 2671 οὐκ

136 2677 164 2702 ἐν
179 2677 267 2712 ἑαυτῴ
282 2677 436 2704 κατακλείει
447 2679 496 2714 τὴν
509 2681 598 2716 χάριν,
613 2683 669 2709 ἀλλ’
687 2686 780 2721 ἐπέχει
794 2690 848 2720 τοῖς
866 2689 923 2716 δεο-

138 2721 225 2756 μένοις
239 2722 286 2748 τοῦ
302 2723 381 2749 λὸνου
394 2725 443 2751 τὶεν
457 2725 552 2761 θηλὴν,
568 2727 605 2759 ὡς
617 2728 650 2755 ἂν
666 2731 764 2766 τροφὸς
778 2733 874 2762 θάλπει
890 2737 924 2763 τὰ

169 2811 193 2827 ⁵³
210 2811 306 2840 Matth.
323 2821 382 2845 xm,
403 2813 420 2840 5
432 2822 493 2850 sqq.

255 2861 389 2892 Pyram.
412 2862 457 2892 Gn
491 2864 598 2895 XLIV.

977 1547 1116 1582 conjuncti
1134 1546 1245 1574 veniant
1259 1546 1286 1573 in
1304 1547 1398 1572 vitam.
1417 1545 1483 1572 Nam
1502 1554 1591 1580 neque
1613 1546 1704 1573 anima
1727 1550 1766 1573 est

978 1599 1039 1620 ante
1055 1601 1176 1627 corpus;
1195 1599 1282 1626 neque
1304 1596 1367 1619 ante
1382 1592 1501 1618 animam
1517 1593 1691 1620 construitur
1705 1600 1766 1620 cor—

979 1648 1028 1674 p~xs
1041 1660 1047 1670 ,
1067 1639 1112 1666 sed
1129 1639 1224 1667 eodem
1250 1643 1372 1673 tempore
1387 1638 1414 1664 in
1432 1639 1486 1664 vita
1503 1638 1585 1665 simul
1601 1639 1767 1665 conveniunt

977 1693 1008 1712 ac
1031 1686 1216 1712 consentiunt.
1247 1684 1412 1710 Alimentum
1438 1688 1528 1711 autem
1553 1684 1593 1710 eis
1615 1684 1767 1710 secttndum

977 1734 1102 1758 naturam
1117 1730 1227 1764 quidem
1241 1733 1283 1756 est
1298 1729 1403 1763 puritas
1417 1733 1442 1756 et
1458 1729 1548 1756 bonus
1560 1729 1640 1761 odor,
1655 1734 1681 1756 et
1694 1737 1767 1764 qum-

977 1785 1085 1812 ennquc
1108 1781 1172 1804 sunt
1189 1776 1459 1811 ejusmodi,qnorum
1478 1775 1582 1803 fertiles
1600 1781 1665 1803 sunt
1681 1776 1767 1803 virtu-

982 1829 1032 1851 tes.
1045 1823 1162 1856 Quidam
1191 1827 1280 1850 autem
1297 1829 1493 1856 nonnunquam
1510 1825 1638 1848 tenentur
1663 1821 1768 1855 majore

978 1870 1068 1897 studio
1085 1870 1180 1896 veneni
1198 1876 1280 1903 quam
1296 1867 1458 1894 nutrimcnti
1471 1887 1478 1898 ,
1495 1867 1541 1901 qui
1560 1867 1693 1893 virtutum
1717 1866 1767 1893 llo-

978 1915 1055 1942 ribus
1071 1922 1124 1941 non
1141 1918 1303 1948 pascuntur,
1322 1913 1369 1940 sed
1386 1913 1474 1947 spinis
1492 1912 1663 1940 delectantur
1675 1916 1702 1939 et
1718 1913 1767 1939 tri:

979 1961 1062 1987 bulis.
1077 1959 1144 1986 Nam
1160 1958 1319 1993 parabolam
1337 1957 1477 1992 Evangelii
1492 1957 1647 1984 audivimus
1660 1957 1700 1984 sic
1716 1964 1767 1984 no-

978 2007 1125 2033 minantem
1138 2008 1258 2040 peccata,
1270 2012 1385 2039 quorum
1399 2004 1499 2030 malum
1509 2010 1619 2038 germen
1632 2004 1767 2038 serpentis

978 2053 1110 2080 fabricata
1132 2056 1174 2079 est
1192 2051 1356 2078 maledictio.
1374 2050 1442 2077 Cum
1462 2057 1528 2084 ergo
1547 2049 1720 2076 discernendi
1741 2049 1767 2076 vi

979 2098 1084 2133 pr.t'tlili
1097 2097 1169 2124 oculi
1186 2101 1314 2124 accurate
1327 2100 1476 2131 cxaeteque
1490 2096 1596 2131 possint
1610 2095 1768 2123 discernere

978 2145 1066 2171 lilittm
1091 2148 1118 2170 et
1141 2143 1265 2177 spinam,
1283 2146 1312 2169 et
1333 2142 1433 2177 eligere
1446 2141 1556 2176 quidem
1579 2141 1605 2168 id
1628 2141 1700 2175 quod
1726 2145 1768 2168 est

980 2191 1117 2222 salutare,
1142 2189 1290 2216 amandare
1312 2193 1403 2215 autem
1430 2188 1455 2214 id
1478 2188 1550 2222 quod
1573 2191 1616 2214 est
1636 2187 1766 2220 exitiale;

981 2239 1126 2268 propterea
1142 2241 1203 2260 eum
1220 2233 1265 2267 qui
1290 2232 1389 2259 similis
1408 2239 1505 2266 magno
1521 2231 1606 2258 Paulo
1623 2235 1665 2258 est
1681 2232 1768 2258 instar

979 2279 1095 2306 nutricis
1115 2278 1267 2305 infantibus
1279 2299 1285 2310 ,
1303 2282 1329 2304 et
1351 2278 1419 2304 lacte
1439 2277 1525 2304 nutrit
1546 2284 1593 2304 eos
1608 2277 1654 2312 qui
1672 2284 1768 2304 recens

979 2326 1036 2352 nati
1054 2330 1118 2353 sunt
1134 2326 1161 2351 in
1184 2325 1321 2355 Ecclesia,
1338 2324 1394 2352 duo
1414 2324 1497 2351 ubera
1519 2324 1600 2351 simul
1621 2324 1766 2358 congenita

979 2372 1148 2404 nominavit,
1163 2379 1223 2406 quae
1237 2371 1388 2398 assimilata
1412 2376 1477 2398 sunt
1502 2371 1623 2398 hinnnlis
1639 2378 1746 2406 caprea:
1758 2392 1765 2404 ,

979 2426 1027 2452 per
1041 2418 1132 2444 omnia
1154 2417 1305 2445 testificans
1328 2418 1463 2452 ejusmodi
1488 2418 1611 2444 membro
1636 2417 1767 2445 Ecclesia:

979 2464 1163 2497 prtestantiatn
1179 2465 1269 2491 inesse
1283 2464 1321 2490 illi
1337 2473 1343 2490 :
1357 2463 1429 2498 quod
1443 2467 1516 2490 recte
1529 2463 1682 2490 deducatur
1694 2469 1769 2490 utra-

978 2517 1030 2544 que
1045 2517 1078 2537 ex
1101 2514 1177 2544 parte
1199 2510 1231 2536 ad
1254 2517 1355 2544 pascua
1374 2517 1505 2544 purorttm
1527 2509 1665 2541 Iiliornm,
1685 2513 1767 2537 acute

977 2564 1094 2584 cernens
1113 2563 1140 2584 et
1160 2557 1321 2584 discernens
1341 2557 1448 2591 spinam
1470 2557 1504 2583 ab
1518 2565 1551 2584 eo
1567 2557 1638 2592 quod
1655 2557 1702 2583 alit
1718 2566 1724 2584 :
1740 2562 1766 2583 et

978 2604 1051 2638 quod
1073 2608 1197 2631 versatur
1220 2603 1247 2630 in
1269 2611 1301 2630 ea
1324 2604 1422 2630 animae
1438 2602 1568 2630 facultate
1581 2611 1642 2638 qua:
1656 2603 1763 2629 obtinet

978 2649 1160 2683 principatum
1172 2669 1179 2681 ,
1202 2649 1282 2683 cujus
1300 2656 1350 2676 cor
1370 2641 1414 2675 est
1435 2649 1542 2684 signum
1555 2669 1562 2681 ,
1585 2647 1656 2683 quod
1673 2655 1721 2681 per
1737 2654 1765 2673 se

979 2693 1028 2721 alit
1042 2693 1126 2720 ubera
1140 2702 1147 2720 τ
1162 2697 1188 2721 et
1203 2693 1277 2729 qttod
1300 2693 1327 2720 itt
1347 2693 1389 2721 eis
1408 2701 1462 2720 non
1480 2693 1506 2720 in
1522 2701 1552 2720 se
1567 2691 1682 2719 includit
1695 2697 1761 2725 gru—

979 2739 1064 2772 tiam,
1089 2739 1136 2767 sed
1161 2739 1262 2769 praebet
1283 2739 1427 2774 egentibus
1452 2738 1527 2766 verbi
1549 2736 1714 2769 mamillam,
1737 2740 1764 2764 et

1606 2878 1647 2909 30
