1984 3068
125 136 173 164 οιι

638 134 670 161 ΙΝ
681 134 828 162 (ῙΔΝΤΚἈ
846 134 981 162 (ἈΝΤΙΕ.
1003 134 1146 161 IIUMIIJA
1166 134 1234 161 VIII.

1699 133 1750 160 949

127 190 178 227 μέν
201 191 259 218 ἔστι
284 191 314 218 τὸ
340 191 384 218 ἀεὶ
409 190 616 226 εὑρισκόμενονο
646 191 857 226 ἁπειροπλάσιον
885 191 913 218 δὲ

975 191 1055 225 najus
1068 191 1140 226 quod
1156 193 1241 218 restat
1256 187 1381 224 quolibet
1395 188 1468 224 quod
1497 187 1750 223 comprehenditur,

126 235 173 263 τοῦ
202 236 316 263 πάντοτε
345 235 621 271 καταλαμὸανομένου
645 236 676 263 τὸ
707 236 913 271 ὑπερκείμενον,

126 282 172 310 καὶ
190 282 268 309 τοῦτο
285 283 326 313 εἰς
341 282 371 309 τὸ
394 282 518 318 διηνεκὲς
541 282 645 316 γίνεται
659 282 698 318 τῷ
717 282 867 318 μετέχοντι,
885 282 914 308 ὲν

127 329 200 364 πάσῃ
217 330 251 363 τῇ
267 328 321 354 τῶν
337 327 443 355 αἰώνων
457 328 588 363 ἁῖδιότητι
596 328 643 354 διὰ
659 328 712 367 τῶν
723 328 767 354 ἀεὶ
784 319 915 362 μειζόνων

127 374 175 409 τῆς
196 374 373 409 ὲπαυξήσεως
398 376 454 406 τοῖς
479 375 622 410 μετέχουσι
639 374 793 409 γινομένης.
820 373 848 400 Ὀ
866 373 914 408 μὲν

129 420 180 454 γὰρ
207 420 327 454 καθαρὸς
353 420 403 455 τὴν
425 419 546 454 καρδίαν,
572 419 641 446 κατὰ
662 419 712 454 τὴν
739 418 842 453 ἀψευδῆ
867 417 914 444 τοῦ

127 466 261 492 Δεσπὸτου
282 465 384 500 φωνὴν,
401 466 452 501 ὁρᾷ
470 465 516 492 τὸν
537 464 613 493 Θεὸν.
635 465 678 491 ἀεὶ
695 464 765 491 κατὰ
787 463 836 498 τὴν
851 464 914 490 ἀνα-

126 509 220 543 λογίαν
234 511 284 544 τῆς
297 509 448 545 δυνάμεως,
468 509 530 536 ὅσον
546 509 668 544 χωρῆσαι
681 509 802 540 δύναται,
823 508 915 534 τοσοῦ-

125 563 172 582 τον
184 556 234 591 τὴν
249 555 411 590 κατανόησιν
425 555 577 590 δεχόμενος.
599 555 636 581 Th
658 555 707 589 μέν
728 563 769 581 τοι
791 553 915 590 ἀόριστόν

126 609 156 627 τε
179 601 226 628 καὶ
242 600 427 636 ἀπερίληπτον
451 601 500 634 τῆς
524 600 650 636 θεότητος
673 600 803 627 ἐπέκεινα
825 599 915 635 πάσης

128 646 306 682 καταλήψεως
326 646 457 681 διαμένει.
482 643 519 674 Οὗ
536 646 590 682 γὰρ
607 641 658 682 τῆς
681 646 916 682 μεγαλοπρεπείας

126 691 176 726 τῆς
195 691 274 727 δόξης
287 692 338 718 οὐκ
352 691 409 718 ἔστι
429 691 525 727 πέρας,
549 690 640 723 καθὼς
653 692 668 718 ὁ
682 692 827 726 Προφήτης
846 699 915 726 μαρ-

127 736 246 772 τύρεται,
265 736 343 763 τοῦτο
363 737 478 763 πάντοτε
500 736 630 768 ὡσαύτως
646 736 713 771 ἔχει,
737 737 766 762 ἐν
788 736 827 771 τῷ
842 735 916 770 αὑτῷ

129 781 189 816 ὕψει
202 782 348 813 διαπαντὸς
363 781 557 817 θεωρούμενον.
575 782 681 817 Ὠσπερ
700 782 729 808 δὲ
743 782 789 808 καὶ
801 783 814 808 ὁ
831 781 916 816 μέγας

128 827 208 853 Δαϐὶδ
220 828 233 853 ὁ
250 827 298 858 τὰς
309 826 394 858 καλὰς
409 827 555 858 ἀναϐάσεις
567 828 596 853 ὲν
606 828 639 862 τῇ
656 827 753 862 καρδίᾳ
763 826 914 861 τιθέμενος,

964 242 991 264 et
1003 237 1054 264 hoc
1072 237 1102 263 iit
1119 239 1250 271 perpetuo
1262 236 1286 263 ei
1303 235 1350 270 qui
1365 238 1408 262 est
1423 234 1497 263 illitis
1519 235 1666 270 particeps,
1688 241 1750 262 cum

965 282 992 308 in
1009 282 1136 309 universa
1151 281 1313 309 saeculorum
1329 280 1483 308 aeternitate
1502 287 1552 315 per
1563 287 1594 307 ea
1613 287 1674 314 quae
1687 283 1749 308 sunt

964 327 1068 361 majora
1100 334 1207 362 semper
1241 325 1286 352 Iiat
1319 330 1495 361 augmentum
1532 325 1566 352 iis
1599 327 1646 359 qui
1688 327 1751 352 sunt

965 373 1122 407 participes.
1138 372 1205 400 Nam
1221 372 1265 399 ille
1281 372 1390 407 quidem
1408 371 1512 399 mundo
1525 372 1608 398 corde
1620 371 1653 403 ”,
1686 378 1752 398 con-

965 422 1094 453 gruenter
1109 418 1166 445 voci
1180 418 1299 450 Domini,
1327 417 1412 445 Deum
1445 425 1554 452 semper
1573 417 1655 449 videt,
1685 424 1752 444 con-

965 462 1104 489 venienter
1120 462 1218 488 virium
1242 462 1427 497 proportioni,
1449 467 1578 496 quantum
1603 465 1692 496 potest
1707 469 1752 488 ea«

966 515 1040 543 pere,
1059 512 1162 535 tantum
1177 508 1330 543 suscipiens
1350 508 1435 535 animi
1457 508 1622 543 cognitione.
1638 499 1677 534 'Id
1693 507 1752 542 qui-

965 553 1027 580 dem
1041 557 1113 581 certe
1132 553 1284 581 divinitatis
1301 553 1375 588 quod
1399 553 1517 580 termino
1544 557 1630 584 caret.
1654 557 1681 580 et
1711 556 1753 580 est

966 599 1253 634 incompreltcnsibile,
1283 603 1375 625 manet
1409 599 1480 625 ultra
1510 605 1618 625 onmem
1655 597 1753 625 mentis

967 646 1183 679 conceptionem.
1206 645 1233 672 Id
1255 646 1346 678 enim,
1365 645 1445 678 cujus
1473 644 1679 680 magniﬁcentia:
1693 644 1752 680 glo-

968 689 1013 716 ria:
1029 697 1083 716 non
1109 694 1152 717 est
1172 689 1244 722 ﬁnis,
1265 690 1334 716 sicut
1357 693 1473 718 testatur
1493 688 1630 723 Propheta
1643 689 1675 720 “,
1702 689 1753 716 hoc

966 735 1078 762 omnino
1095 736 1221 763 similiter
1236 744 1265 763 se
1296 736 1376 763 habet
1393 739 1523 770 perpetuo
1548 735 1754 762 consideratum

967 779 993 806 in
1011 780 1103 808 eadem
1116 781 1270 808 altitudine.
1289 781 1429 814 Quomodo
1444 781 1526 807 etiam
1540 787 1656 815 magnus
1670 780 1754 808 David

968 826 995 852 in
1012 827 1094 853 corde
1108 827 1235 861 pulchras
1250 826 1398 861 disponens
1413 827 1598 859 ascensiones,
1618 830 1646 854 et
1667 834 1681 854 ιι
1699 825 1755 853 vir-
1777 839 1785 845 ν

129 872 174 898 καὶ
189 873 221 898 ὲκ
237 872 378 906 δυνάμεως
390 873 429 903 εἰς
446 871 559 908 δύναμιν
574 872 616 898 ἀεὶ
634 872 825 907 πορευόμενος,
839 872 918 898 τοῦτο

975 876 1027 899 .ute
1047 873 1191 900 ambulans
1204 873 1230 899 in
1245 873 1373 900 virtutem
1385 873 1418 904 “,
1436 873 1488 900 ltoc
1506 872 1539 899 ad
1559 872 1644 900 Deum
1661 873 1755 900 excia-

128 917 196 951 πρὸς
210 917 255 943 τὸν
270 916 335 943 Θεὸν
350 916 481 952 ἀνεὸόησε
492 924 498 930 ·
510 916 551 945 τὸ,
558 917 597 943 Σὺ
612 915 646 942 δὲ
665 917 794 951 ὕψιστος
810 918 853 949 εἰς
865 917 919 943 τὸν

128 961 230 993 αἰῶνα,
248 962 353 995 Κύριε·
373 961 460 992 τοῦτο,
480 958 566 996 οἶμαι,
584 961 628 988 διὰ
646 962 696 996 τῆς
711 963 801 997 φωνῆς
818 962 919 997 ταύτης

130 1008 279 1042 σημαίνων,
295 1007 336 1033 ὅτι
351 1007 379 1032 ἐν
399 1007 473 1042 πασῃ
485 1008 519 1041 τῇ
536 1007 713 1042 ἀτελευτήτου
728 1007 826 1039 αίῶνος
837 1007 919 1034 ἀῖδιό-

129 1061 201 1087 τητι,
217 1053 231 1078 ὁ
253 1052 302 1087 μὲν
327 1051 395 1086 πρὸς
414 1052 444 1077 σε
458 1052 561 1087 τρέχων
576 1052 671 1078 ἑαυτοῦ
689 1051 788 1086 μείζων
804 1052 918 1079 πάντοτε

130 1099 177 1126 καὶ
191 1097 327 1132 ἀνώτερος
342 1097 456 1132 γίνεται¹
475 1098 519 1124 ἀεὶ
534 1097 576 1124 διὰ
596 1097 645 1132 τῆς
659 1097 712 1124 τῶν
731 1097 840 1132 ἀγαθῶν
852 1099 918 1124 ἀνα-

131 1144 236 1174 6ᾱσεως
262 1143 402 1180 ἀναλόγως
424 1143 613 1179 αὐξανόμενος.
642 1144 677 1170 Σὺ
703 1143 731 1170 δὲ
757 1145 771 1170 ὁ
796 1144 875 1174 αὐτὸς
895 1142 921 1170 εἴ

131 1189 252 1225 ὕψιστος,
269 1191 307 1221 είς
330 1189 376 1215 τὸν
392 1189 478 1216 αίῶνα
494 1190 592 1224 μένων,
607 1189 731 1215 οὐδέποτε
747 1187 921 1224 χθαμαλώτε-

132 1245 178 1272 po;
201 1237 257 1267 τοῖς
282 1235 386 1262 ἀνιοῦσι
412 1235 528 1269 φανῆναι
551 1235 712 1270 δυνάμενος.
737 1234 775 1268 τῷ
799 1234 870 1260 κατὰ
891 1234 921 1260 τὸ

132 1283 189 1309 ἴσον
201 1281 336 1317 ἀνώτερος
352 1281 466 1308 πάντοτε
480 1282 526 1307 καὶ
539 1281 704 1317 ὑψηλότερος
720 1278 788 1307 εἶναι
804 1280 853 1315 τῆς
867 1279 921 1306 τῶν

133 1327 291 1363 ὑψουμὲνων
305 1327 455 1362 δυνάμεως.
471 1327 563 1353 Ταῦτα
573 1326 660 1352 τοίνυν
674 1327 737 1361 περὶ
754 1326 802 1360 τῆς
816 1325 922 1359 φύσεως

132 1373 185 1400 τῶν
202 1373 350 1408 ἀφράστων
368 1372 480 1406 ἀγαθῶν
503 1372 677 1407 δογματίζειν
699 1372 743 1398 τὸν
764 1371 922 1398 Ἀπόστολον

133 1417 324 1452 ὑπειλήφαμεν
343 1418 467 1452 λέγοντα,
485 1418 525 1444 ὅτι
548 1418 579 1444 τὸ
601 1417 702 1451 ἀγαθὸν
717 1418 805 1450 ἐκεῖνο
818 1416 921 1450 ὀφθαλ-

134 1464 185 1498 μὸς
198 1464 248 1490 οὐκ
263 1461 326 1494 οἶδε,
341 1463 394 1490 κᾶν
409 1463 452 1490 ἀεὶ
470 1463 564 1498 βλέπῃ.
581 1463 617 1489 Οὐ
642 1463 695 1498 γὰρ
711 1463 772 1490 ὅσον
790 1462 849 1489 ἐστὶ
862 1462 921 1497 βλέ-

134 1517 190 1538 πει.
207 1509 264 1535 ἀλλ’
283 1508 344 1535 ὅσον
360 1508 400 1543 τῷ
424 1507 555 1543 ὀφθαλμῷ
571 1508 683 1534 δυνατόν
706 1508 764 1534 ἐστι
783 1507 918 1539 δέξασθαι.

969 918 1071 944 mavit:
1090 921 1125 946 Tu
1152 925 1238 947 niuem
1267 920 1408 947 altissimus
1433 921 1460 946 in
1485 924 1610 946 talentum
1637 927 1672 949 es.
1703 918 1757 944 Do-

967 964 1053 990 mine:
1081 970 1130 997 per
1144 962 1215 990 hanc
1229 970 1333 994 vocem,
1351 967 1380 990 ut
1394 962 1521 994 arbitror,
1539 961 1709 998 signiﬁcans,
1727 962 1755 990 in

969 1007 1096 1034 universa
1110 1008 1203 1034 steculi
1221 1007 1293 1042 quod
1308 1015 1450 1042 nunquam
1469 1007 1570 1035 desinit
1593 1008 1754 1038 aeternitate,

970 1053 1016 1086 qui
1038 1053 1070 1079 ad
1102 1057 1127 1079 te
1141 1053 1250 1087 quidem
1264 1053 1363 1085 currit,
1378 1061 1488 1088 semper
1503 1054 1595 1088 seipso
1615 1053 1703 1087 major
1728 1053 1756 1080 iit

969 1102 996 1124 et
1008 1097 1152 1128 excelsior.
1170 1105 1216 1132 per
1246 1099 1379 1125 bonorum
1402 1105 1546 1126 ascensum
1562 1097 1757 1125 convenienter

969 1150 1026 1170 suae
1043 1143 1210 1178 proportioni
1232 1150 1340 1178 semper
1356 1150 1495 1171 crescens.
1521 1143 1561 1170 Tu
1577 1147 1668 1170 autem
1683 1142 1756 1171 idem

970 1196 1000 1216 es
1017 1188 1177 1222 altissimus,
1209 1189 1237 1217 in
1269 1193 1401 1216 aeternum
1421 1197 1546 1221 manens,
1571 1197 1660 1224 neque
1679 1193 1757 1225 potes

971 1235 1014 1262 his
1043 1235 1090 1269 qui
1117 1234 1270 1262 ascendunt
1289 1235 1403 1262 inferior
1419 1235 1515 1267 videri;
1545 1242 1578 1262 eo
1595 1235 1667 1270 quod
1698 1235 1756 1270 pari

971 1280 1076 1307 ratione
1101 1287 1209 1314 semper
1225 1281 1361 1308 excelsior
1389 1281 1427 1308 sis
1455 1288 1550 1308 eorum
1569 1281 1682 1313 virtute,
1709 1280 1757 1315 qui

971 1326 1137 1353 exaltantnr.
1155 1325 1217 1353 Hrec
1232 1334 1297 1361 ergo
1313 1326 1346 1354 de
1360 1326 1536 1353 ineﬂ‘abilium
1554 1327 1687 1353 bonorum
1711 1334 1758 1354 na-

972 1375 1033 1398 tura
1057 1377 1177 1400 statucre
1202 1372 1392 1400 existimamus
1421 1372 1581 1407 Apostolum
1612 1373 1758 1405 dicentem,

973 1417 1073 1444 bonum
1093 1417 1159 1444 illttd
1178 1417 1251 1452 quod
1271 1418 1366 1445 oculus
1391 1425 1446 1445 n0n
1469 1418 1554 1450 vidit.
1569 1419 1675 1446 etiamsi
1689 1426 1761 1446 sem-

974 1470 1021 1497 per
1047 1463 1148 1490 videat.
1183 1463 1241 1490 Non
1276 1464 1348 1491 enim
1376 1463 1450 1491 videt
1472 1469 1603 1498 quantum
1633 1467 1687 1497 est,
1711 1464 1760 1492 sed

972 1514 1103 1544 quantum
1117 1516 1215 1544 capere
1231 1513 1319 1544 potest
1336 1510 1441 1536 oculus.
1459 1509 1491 1536 Et
1505 1510 1581 1537 auris
1600 1517 1654 1537 non
1676 1510 1761 1537 audi—

134 1554 189 1580 Ka‘t
203 1551 249 1585 οὖς
263 1554 312 1580 οὐκ
327 1555 437 1589 ἤκουσε,
462 1554 523 1580 καθ’
538 1554 600 1580 ὅσον
620 1554 676 1580 ἐστὶ
700 1553 730 1580 τὸ
747 1553 921 1589 δηλούμενον,

975 1554 1022 1585 vit.
1042 1554 1105 1582 licet
1123 1555 1217 1583 attdiat
1234 1559 1364 1590 quantum
1381 1556 1406 1583 id
1425 1555 1497 1590 quod
1526 1556 1707 1593 signiﬁcatur.
1734 1561 1762 1584 ct

133 1599 185 1625 κᾶν
210 1599 324 1639 πάντοτε
349 1593 459 1635 δέχηται
477 1602 510 1635 τῇ
535 1600 602 1635 ἀκοῇ
620 1600 665 1626 τὸν
685 1600 778 1634 λόγον·
806 1601 853 1627 κα)⁹
875 1601 920 1627 ἐπὶ

135 1645 247 1680 καρδίαν
268 1645 314 1672 τοῦ
334 1645 478 1681 ἀνθρώπου
495 1646 545 1672 οὐκ
560 1646 653 1680 ἀνέϐη,
670 1645 722 1673 κᾶν
741 1646 885 1678 διαπαντὸς
907 1647 922 1672 ὁ

135 1690 254 1726 καθαρὸς
267 1693 300 1726 τῇ
320 1691 421 1726 καρδίᾳ.
443 1692 504 1717 ὅσον
518 1691 628 1718 δύναται
644 1691 744 1728 βλέπῃ·
762 1691 793 1717 τὸ
809 1691 863 1726 γὰρ
880 1691 923 1717 ἀεὶ

136 1735 410 1771 καταλαμϐανόμενον
425 1736 479 1762 τῶν
495 1737 543 1771 μὲν
561 1737 841 1772 προκαταληφθέντων
857 1738 923 1764 πάν-

136 1791 190 1809 των
205 1782 296 1817 μεῖζόν
310 1783 394 1812 ἐστιν,
407 1782 437 1808 οὑ
453 1782 505 1817 μὴν
521 1781 607 1816 ὁρίζει
627 1783 655 1808 ὲν
675 1783 763 1817 ἐαυτῷ
783 1783 813 1809 τὸ
829 1782 924 1818 ζητού-

139 1836 235 1863 μενον’
253 1827 321 1854 ἀλλὰ
343 1828 374 1853 τὸ
393 1827 479 1862 πέρας
502 1827 548 1853 τοῦ
571 1827 736 1863 εὑρεθέντος,
759 1829 830 1864 ἀρχὴ
857 1829 924 1864 προς

138 1872 186 1907 τὴν
200 1873 255 1898 τῶν
269 1872 444 1907 ὑψηλοτέρων
465 1871 574 1907 εὕρεσιν
590 1873 645 1903 τοῖς
665 1873 838 1899 ἁναὸαίνουσι
854 1874 925 1907 γίνε-

139 1926 193 1945 ται,
206 1918 262 1944 Καὶ
276 1917 337 1944 οὗτε
355 1918 370 1944 ό
384 1917 466 1944 ἀνιών
481 1925 546 1944 ποτε
562 1918 678 1950 ἵσταται,
692 1919 779 1954 ἀρχὴν
793 1919 823 1951 ἐξ
838 1919 925 1955 ἀρχῆς

142 1961 369 1998 μεταλαμόάνων,
382 1961 442 1988 οὔτε
459 1962 576 1989 τελεῖται
590 1963 653 1998 περὶ
667 1964 766 1998 ἑαυτὴν
781 1965 797 1998 ὴ
815 1964 870 1990 τῶν
882 1965 926 1990 ἀεὶ

142 2007 273 2043 μειζόνων
288 2008 370 2043 ἀρχή.
392 2008 524 2035 Οὐδέποτε
541 2008 594 2044 γὰρ
607 2009 668 2044 περὶ
681 2009 734 2035 τῶν
747 2010 926 2045 ἐγνωσμένων

140 2054 157 2088 ή
170 2053 217 2080 τοῦ
236 2053 355 2085 ἀνιόντος
369 2054 500 2088 ἐπιθυμία
523 2054 638 2086 ἵσταται,
655 2054 722 2080 ἀλλὰ
740 2054 783 2081 διὰ
805 2055 927 2090 μείζονος

141 2099 222 2125 πάλιν
239 2099 335 2134 ἑτέρας
359 2099 505 2134 ἐπιθυμίας
525 2099 591 2134 πρὸς
606 2100 702 2134 ἑτέραν
725 2100 926 2136 ὑπερκειμένην

115 2139 120 2146 ’
141 2145 210 2172 κατὰ
229 2145 259 2171 τὸ
272 2145 370 2179 ἑφεξῆς
386 2145 458 2180 ψυχὴ
470 2145 592 2177 ἀνιοῦσα,
608 2145 722 2172 πάντοτε
733 2145 777 2172 διὰ
790 2145 843 2172 τῶν
857 2146 928 2172 ἀνω-

141 2191 226 2226 ·τὲρων
240 2191 327 2218 ὁδεύει
347 2191 414 2226 πρὸς
431 2191 461 2217 τὸ
476 2191 609 2224 ἀόριστον.

180 2281 288 2307 Τούτων
301 2280 330 2306 δὲ
354 2281 419 2315 ἡμῖν
435 2279 506 2305 οὕτω
522 2279 703 2314 διῃρημένων,
722 2279 817 2314 καιρὸς
839 2280 871 2306 ἂν
886 2281 930 2315 εἴη

144 2326 301 2362 προσθεῖναι
321 2326 376 2352 τῶν
403 2325 481 2352 θείων
500 2325 596 2358 λογίων
616 2325 664 2360 τὴν
690 2325 816 2360 θεωρίαν.
841 2325 930 2359 Δεῦρο

144 2370 203 2398 ἀπὸ
217 2370 355 2403 Λιϐάνου,
366 2371 478 2404 νύμφη,
490 2369 577 2403 δεῦρο
589 2369 650 2396 ἀπὸ
663 2368 801 2401 Λιϐάνου,
817 2369 930 2402 ἐλεύσῃ

146 2416 194 2443 καὶ
209 2415 351 2449 διελεύσῃ
371 2416 418 2442 ἀπ’
436 2415 534 2450 ἀρχῆς
553 2415 692 2447 πίστεως,
721 2414 780 2441 ἀπὸ
797 2413 931 2448 κεφαλῆς

147 2461 252 2494 Σανεὶρ
268 2461 315 2487 καὶ
335 2461 456 2494 Ἑρμῶν,
481 2461 539 2488 ἀπὸ
557 2460 698 2495 μαι-δρῶν
711 2460 851 2492 λεόντων,
870 2460 930 2487 ἀπὸ

147 2507 238 2541 ὀρέων
260 2505 445 2540 παρδάλεων.
463 2506 495 2532 Τί
514 2506 604 2533 τοίνυν
619 2506 648 2532 ὲν
662 2505 766 2537 τούτοις
780 2506 931 2541 ὑπενοήσα-

148 2559 214 2586 pay;
246 2551 300 2578 ‘Ast
324 2550 378 2576 τῶν
399 2551 508 2584 ἀγαθῶν
531 2552 548 2587 ἡ
573 2551 648 2586 πηγὴ
672 2551 740 2586 πρὸς
755 2552 854 2587 ἑαυτὴν
869 2552 931 2583 τοὺς

146 2595 280 2631 διψῶντας
292 2595 444 2629 ἐφέλκεται,
462 2595 550 2627 καθὼς
566 2596 594 2622 ὲν
608 2595 648 2631 τῷ
670 2596 827 2631 Εὑαγγελίῳ
849 2597 931 2632 φησὶν

147 2643 165 2678 ἡ
186 2642 277 2676 πηγή·
303 2642 342 2669 ὅτι
359 2641 396 2668 El
411 2649 455 2673 τις
475 2640 558 2674 διψᾷ.
579 2641 711 2675 ἐρχέσθω
735 2642 810 2675 πρὸς
829 2643 868 2676 μὲ
883 2642 932 2669 καὶ

147 2686 265 2715 πινέτω.
296 2687 339 2713 Ἐν
355 2686 459 2718 τούτοις
479 2686 533 2721 γὰρ
554 2686 614 2712 οὒτε
629 2687 678 2722 τῆς
692 2687 779 2722 δίψης,
799 2687 861 2714 οὔτε
884 2688 934 2723 τῆς

149 2733 216 2770 πρὸς
241 2732 321 2759 αὑτὸν
337 2732 434 2767 ὁρμῆς,
456 2731 518 2758 οὔτε
539 2732 588 2766 τῆς
606 2733 634 2762 ἐν
648 2732 687 2767 τῷ
706 2733 793 2760 πίνειν
817 2733 934 2760 ἀπολαύ-

188 2823 210 2839 ⁶³
229 2819 325 2848 Matth.
343 2829 367 2852 ν,
385 2821 411 2848 8.

457 2823 477 2838 εἰ
492 2821 560 2850 Psal.
573 2831 657 2855 cmv,
749 2822 770 2837 "
784 2821 854 2849 νέαι.
870 2830 984 2857 uxxttt,
1006 2823 1032 2857 6,
1048 2825 1075 2852 8.

978 1600 1118 1629 auditione
1139 1601 1252 1629 verbum
1280 1605 1369 1636 potest
1384 1602 1496 1629 omnino
1518 1602 1761 1636 comprehendere.

978 1647 1011 1673 Et
1024 1647 1052 1673 in
1070 1654 1118 1674 cor
1139 1647 1258 1675 hominis
1281 1655 1335 1675 non
1363 1648 1497 1679 ascendit,
1515 1647 1622 1675 tametsi
1642 1655 1761 1682 semper,

977 1693 1029 1726 qui,
1039 1692 1140 1720 mundo
1154 1698 1195 1721 est
1211 1693 1304 1724 corde.
1318 1693 1401 1724 videt.
1415 1698 1548 1728 quantum
1563 1697 1652 1728 potest
1670 1703 1677 1721 :
1699 1700 1762 1720 nam

977 1738 1050 1772 quod
1070 1746 1178 1773 semper
1201 1739 1454 1773 comprehenditur.
1481 1744 1523 1766 est
1540 1739 1629 1773 majus
1649 1740 1683 1767 iis
1702 1747 1763 1774 qua:

978 1787 1043 1811 sunt
1065 1784 1275 1818 comprehensa,
1303 1791 1357 1810 non
1379 1788 1468 1810 tamen
1487 1784 1514 1810 in
1542 1791 1571 1810 se
1589 1784 1717 1811 terminat
1732 1783 1762 1811 id

978 1828 1050 1863 quod
1066 1829 1217 1863 quaeritur:
1239 1829 1285 1856 sed
1307 1828 1368 1855 Iinis
1383 1828 1443 1863 ejus
1461 1828 1533 1863 quod
1554 1833 1597 1856 est
1610 1830 1763 1862 inventum,

980 1873 1008 1900 Iit
1021 1873 1184 1908 principium
1201 1874 1414 1901 ascendentibus
1425 1873 1459 1900 ad
1472 1874 1655 1901 inventionem
1668 1882 1762 1902 eorum

979 1927 1039 1954 quze
1054 1923 1117 1948 sunt
1132 1920 1238 1947 altiora.
1268 1919 1361 1954 Neque
1378 1927 1500 1954 unquam
1516 1927 1547 1947 se
1571 1920 1645 1947 sistit
1670 1927 1767 1947 ascen-

979 1965 1057 1998 dens,
1074 1974 1107 1992 cx
1127 1966 1260 2000 principio
1285 1973 1398 1993 sumens
1425 1965 1598 2000 principium,
1617 1973 1706 2000 neque
1738 1965 1766 1992 in

981 2018 1009 2038 se
1023 2011 1163 2045 perﬁcitur
1180 2018 1275 2038 eorum
1291 2019 1351 2045 (μιαν
1365 2015 1429 2038 sunt
1439 2018 1547 2045 semper
1565 2011 1681 2045 majora,
1693 2011 1767 2045 prin-

980 2056 1090 2090 cipium.
1116 2055 1145 2082 In
1174 2056 1207 2083 iis
1223 2057 1293 2083 enim
1314 2063 1374 2090 quzc
1401 2060 1466 2083 sunt
1489 2056 1608 2090 cognita,
1627 2063 1766 2091 nunquam

981 2102 1153 2129 ascendentis
1186 2102 1293 2130 sistitur
1322 2101 1500 2133 desiderium,
1531 2102 1577 2129 sed
1601 2110 1649 2137 per
1679 2103 1768 2139 majus

981 2153 1079 2173 rursus
1104 2146 1268 2174 desiderium
1296 2146 1328 2173 ad
1358 2147 1430 2173 aliud
1463 2147 1615 2181 subjectum
1638 2148 1768 2183 deinceps

983 2193 1135 2220 ascendens
1153 2193 1252 2224 anima,
1269 2193 1380 2220 omnino
1397 2193 1521 2220 ascendit
1548 2200 1596 2227 per
1616 2193 1714 2221 altiora
1733 2194 1767 2221 ad

946 2229 966 2257 ί)
982 2237 1008 2264 id
1029 2238 1102 2272 quod
1123 2242 1165 2264 est
1180 2237 1362 2266 indeﬁnitum.

1018 2282 1065 2310 IIis
1077 2287 1166 2310 autem
1182 2283 1262 2310 nobis
1276 2284 1316 2311 sic
1332 2283 1469 2311 distinctis
1486 2291 1517 2310 ac
1534 2283 1640 2317 divisis,
1657 2288 1770 2321 tempus

981 2332 1024 2355 est
1041 2333 1069 2355 ut
1082 2329 1338 2363 contemplationem
1355 2329 1511 2356 divinorum
1533 2330 1704 2364 eloquiorum
1727 2332 1771 2358 ati-

980 2372 1110 2407 jiciamus
1127 2381 1134 2399 :
1166 2372 1228 2399 Veni
1249 2382 1264 2399 η
1285 2372 1397 2406 Libano,
1414 2382 1520 2409 sponsa,
1549 2375 1607 2401 veni
1623 2383 1638 2401 a
1656 2375 1768 2406 Libano,

983 2418 1067 2444 venies
1084 2422 1108 2444 et
1131 2419 1256 2445 transibis
1281 2418 1313 2445 ab
1331 2420 1406 2446 initio
1420 2420 1492 2454 ﬁdei,
1511 2429 1526 2446 a
1547 2420 1631 2454 capite
1645 2420 1731 2447 'Sanir
1746 2426 1771 2447 ct

987 2462 1112 2494 Ilermon,
1139 2472 1156 2490 α
1174 2464 1265 2491 lustris
1287 2465 1401 2495 leonum.
1418 2473 1434 2492 ιι
1457 2465 1588 2493 montibus
1612 2465 1769 2500 pardarum.

984 2508 1054 2541 Quid
1074 2517 1140 2544 ergo
1156 2509 1183 2536 in
1200 2510 1242 2537 his
1264 2510 1344 2538 nobis
1361 2511 1433 2538 venit
1451 2512 1477 2538 in
1502 2511 1640 2538 mentem?
1659 2511 1771 2546 Semper

985 2555 1046 2583 fons
1061 2556 1196 2583 bonorum
1209 2564 1257 2584 eos
1272 2557 1320 2592 qui
1337 2557 1433 2585 sitiunt
1449 2557 1482 2584 ad
1503 2565 1532 2585 se
1551 2558 1674 2587 attrahit.
1700 2558 1771 2585 sicut

988 2599 1050 2627 fons
1066 2600 1132 2627 dicit
1145 2601 1172 2627 in
1191 2600 1337 2637 Evangelio
1351 2610 1358 2628 :
1378 2601 1480 2636 Siquis
1498 2603 1565 2634 sitit,
1581 2603 1666 2629 ueniat
1686 2602 1721 2628 ad
1732 2610 1772 2628 mc

986 2651 1011 2672 et
1022 2646 1094 2672 bibat
1106 2647 1138 2672 “.
1151 2646 1180 2673 In
1192 2646 1234 2674 bis
1243 2647 1315 2674 enim
1325 2655 1412 2682 neque
1424 2648 1494 2680 sitis,
1506 2656 1593 2683 neque
1605 2648 1772 2674 vehementis

987 2691 1076 2725 ipsius
1089 2692 1275 2726 appetitionis,
1288 2700 1376 2727 neque
1397 2693 1458 2728 ejus
1473 2700 1534 2728 quae
1551 2693 1577 2720 in
1592 2691 1709 2719 bibendo
1725 2699 1774 2719 ca-

987 2736 1060 2771 pitur
1071 2737 1260 2765 delectationis
1274 2737 1349 2766 dedit
1371 2739 1527 2770 terminum,
1550 2737 1597 2765 sed
1614 2737 1774 2765 extensione

1118 2826 1140 2842 "
1154 2825 1233 2854 Joan.
1251 2834 1298 2859 vtt,
1313 2826 1358 2854 57.
