1984 3068
244 120 294 147 947

858 123 887 152 5.
907 124 1070 153 GREGORII
1089 124 1236 152 NYSSENI

1820 125 1874 154 948

245 178 346 212 absque
364 178 417 205 ulla
432 178 602 207 dubitatione
615 179 696 214 jussu
709 181 871 209 conﬁrmata
888 190 921 210 ac
936 191 1030 211 corro-

1090 184 1130 219 τὴν
1144 183 1231 219 ψυχὴν
1253 182 1394 218 κρέίττονα
1416 181 1566 217 γενομένην
1587 180 1655 217 πρὸς
1669 181 1764 208 ἑαυτὸν
1785 181 1873 209 ἐλθεῖν

245 223 350 255 borata,
368 223 429 251 talis
444 224 471 250 iit
483 224 590 259 qualem
605 232 663 252 eam
682 226 739 253 vult
759 234 887 262 sponsus,
907 229 1031 255 traducta

245 266 278 293 ad
299 267 325 294 id
341 269 413 302 quod
426 273 468 297 est
480 269 611 301 divinius,
629 274 655 297 et
670 278 685 297 a
700 271 786 306 gloria
809 273 836 299 in
849 279 902 306 qua
922 278 981 300 erat
998 273 1031 301 ad

245 314 388 348 superiore
401 325 414 340 ιι
449 316 644 343 transformata
672 317 786 352 gloriam
815 326 864 353 per
890 320 1032 353 pulchram

245 359 442 386 mutationem:
462 361 529 388 adeo
553 365 581 387 ut
599 366 671 388 esset
694 362 866 390 admirationi
881 363 964 391 choro
984 372 1033 390 an-

245 404 366 438 gelorum
383 405 429 440 qui
442 411 484 432 est
497 406 570 433 circa
583 414 726 442 sponsum,
739 413 766 435 et
778 409 869 435 omnis
883 409 961 436 bonis
976 417 1033 437 ver-

247 449 288 476 bis
312 457 343 476 ac
370 450 496 478 laudibus
522 459 581 478 eam
610 458 817 487 prosequentes,
845 454 914 480 hanc
940 462 1032 482 vocem

245 495 399 522 emitterent
412 496 637 524 admirabundam
649 507 655 524 :
667 497 720 525 Cor
730 498 850 525 indidisti
863 499 947 531 nobis,
957 508 1033 526 soror

246 545 338 567 nostra
359 550 465 575 sponsa.
482 542 550 569 Nam
568 544 710 571 character
732 546 941 580 impatibilitatis
954 547 979 573 ei
995 546 1033 574 si-

247 586 346 613 militer
363 587 527 615 illucescens
545 593 627 623 atque
646 591 760 625 angelis,
773 598 832 618 eam
849 591 924 618 ducit
939 591 972 618 ad
988 599 1034 618 (-0-

246 633 403 666 gnationcm
425 639 451 660 et
467 633 666 662 fraternitatem
690 644 781 663 rerum
801 637 1033 671 incorporearum,

247 681 277 703 ut
291 685 351 712 quae
369 679 395 705 in
413 686 495 706 carne
512 687 542 706 se
565 680 601 707 ita
619 682 746 716 gesserit,
770 686 799 708 ut
819 683 900 710 nullis
915 683 1033 711 allicere-

247 726 292 750 tur
314 724 398 751 animi
423 726 686 760 perturbationibus.
709 727 857 762 Propterea
879 729 974 756 dicunt
987 729 1032 756 ci:

248 767 302 796 Cor
326 770 448 797 indidisti
471 772 557 805 nobis,
585 781 660 799 soror
681 778 773 799 nostra
790 782 897 807 sponsa.
921 773 1035 809 Proprie

1083 229 1325 264 ἐγκελευσαμένου,
1346 227 1513 258 ἀδιαστὰτως
1529 226 1716 261 δυναμωθεῖσα
1732 225 1771 261 τῷ
1789 234 1871 261 προσ⁸

1082 275 1211 310 τάγματι,
1234 273 1344 308 τοιαύτη
1369 273 1514 307 γεγένηται
1527 291 1535 303 ,
1552 271 1613 298 οῐαν
1630 272 1644 298 ὁ
1666 271 1781 306 νυμφίος
1795 271 1868 298 E606-

1083 320 1152 352 λετο,
1168 319 1380 354 μεταποιηθήσα
1400 318 1467 354 πρὸς
1483 317 1515 344 τὸ
1529 317 1673 352 Θειὸτερον,
1689 317 1736 343 καὶ
1754 317 1807 344 ἀπὸ
1822 318 1869 352 τῆς

1082 366 1162 401 δόξης
1177 366 1205 391 ἐν
1249 363 1293 400 ἦν,
1309 364 1376 399 πρὸς
1387 364 1436 399 τὴν
1447 363 1585 399 ἀνωτέραν
1598 362 1675 395 δόξαν
1690 371 1870 398 μεταμορφω.

1084 411 1161 438 θεῖσα
1176 411 1220 437 διὰ
1242 410 1293 445 τῆς
1312 410 1417 444 ἀγαθῆς
1439 409 1623 440 ἀλλοιώσεως·
1648 408 1685 440 ὼς
1709 408 1801 443 θαῦμα
1824 416 1871 441 γε-

1083 456 1229 491 νέσθαι-τῷ
1248 456 1311 492 περὶ
1327 456 1372 482 τὸν
1388 455 1503 490 νυμφίον
1520 455 1573 481 τῶν
1590 454 1713 488 ἀγγέλων
1726 453 1809 489 χορῷ,
1824 454 1872 480 καὶ

1084 501 1187 532 πάντας
1201 501 1330 536 εὐφήμως
1345 501 1413 536 πρὸς
1435 499 1519 534 αὐτὴν
1530 500 1579 535 τὴν
1599 499 1787 534 θαυμαστικὴν
1803 507 1870 534 προ-

1084 547 1161 575 έσθαι
1190 548 1298 583 φωνήν
1325 547 1366 574 ὅτι
1400 545 1602 580 Ἑκαρδίωσας
1629 545 1724 579 ἡμᾶς,
1753 545 1869 580 ἀδελφὴ

1083 595 1168 630 ἡμῶν
1180 596 1292 629 νύμφη.
1309 594 1338 620 '0
1349 593 1403 629 γὰρ
1411 593 1462 627 τῆς
1473 592 1606 624 ἀπαθείας
1616 591 1757 627 χαρακτὴρ
1771 591 1870 626 ὁμοίως

1085 639 1247 674 ἐπιλάμπων
1260 638 1328 673 αὐτῇ
1352 645 1381 664 τε
1398 637 1443 663 καὶ
1464 637 1519 668 τοῖς
1542 636 1676 670 ἀγγέλοις,
1693 637 1733 667 είς
1747 636 1796 671 τὴν
1817 635 1871 661 τῶν

1085 685 1237 720 ἀσωμάτων
1264 683 1348 719 αὐτὴν
1366 683 1462 716 ἀνάγει
1478 681 1638 716 συγγένειάν
1650 690 1680 708 τε
1695 681 1744 707 καὶ
1758 681 1872 715 ἀδελφό-

1084 739 1164 766 τητα,
1181 730 1230 764 τὴν
1254 730 1282 755 ἐν
1302 729 1383 764 σαρκὶ
1405 728 1436 754 τὺ
1457 727 1561 758 ἀπαθὲς
1584 726 1805 762 κατορθώσασαν.
1822 726 1872 752 Διά

1084 776 1163 802 τοῦτό
1183 783 1248 809 φασι
1275 774 1341 809 πρὸς
1362 774 1465 809 αὐτήν·
1489 773 1529 799 ὅτι
1555 772 1755 806 Ἐκαρδίωσας
1781 771 1872 806 ἡμᾶς,

222 825 225 827 ·
247 818 365 850 utroque
383 816 493 843 nomine
518 817 652 851 glorians:
670 817 779 845 Sororis
791 819 901 853 quidem
922 825 1032 852 nostrae,

1090 821 1200 855 ἀδελφὴ
1222 819 1305 854 ἡμῶν
1330 821 1440 854 νύμφη.
1462 818 1570 854 Κυρίως
1595 818 1716 852 ἐκατέρῳ
1734 817 1789 843 τῶν
1814 819 1873 845 ὀνο-

247 863 358 893 propter
370 859 579 895 impatibilitatis
590 863 798 896 cognationem:
813 871 920 898 sponsae
933 868 1035 896 autem,

247 911 358 941 propter
380 914 442 934 cum
469 907 559 936 Verbo
581 909 816 944 conjunctionem.
834 911 922 945 Hujus
945 917 1034 939 autem

248 953 384 985 vocabuli,
399 953 580 989 Cordiﬁcasti,
593 957 673 983 talem
686 957 874 984 existimamus
886 965 946 985 esse
956 958 1037 992 signi-

248 998 421 1028 ficationem:
445 1000 592 1034 Animasli,
615 1002 728 1036 perinde
752 1010 783 1030 ac
801 1003 823 1030 si
839 1004 877 1030 illi
897 1003 1034 1031 dicerent:

247 1044 302 1072 Cor
315 1046 394 1072 nobis
409 1046 542 1074 indidisti.
560 1047 768 1082 Perspicuitatis
785 1053 874 1075 autem
890 1049 989 1084 gratia,
1009 1054 1037 1075 ut

248 1091 322 1125 quod
339 1092 441 1119 dicitur
454 1094 489 1120 sit
505 1093 584 1120 nobis
601 1094 760 1126 dilucidius,
775 1098 945 1122 assumemus
968 1095 1038 1122 divi—

248 1145 313 1164 num
340 1139 500 1172 Apostolum
528 1140 560 1166 ad
587 1139 645 1166 tunc
668 1139 872 1174 interpretanda
898 1141 1036 1175 mysteria.

248 1182 295 1210 llle
309 1184 381 1210 enim
397 1184 465 1211 dicit
477 1185 587 1218 alicubi,
602 1185 636 1212 de
650 1186 742 1220 seipso
756 1186 880 1213 scribens
897 1187 930 1213 ad
950 1186 1037 1221 Ephe-

248 1228 315 1260 sios,
328 1229 438 1263 quando
454 1230 534 1257 nobis
550 1231 671 1257 narravit
682 1238 807 1266 magnam
824 1231 899 1258 illam
915 1240 975 1265 qure
991 1240 1038 1266 per

248 1281 359 1300 carnem
374 1274 478 1301 exstitit
491 1274 537 1301 Dei
555 1275 763 1309 apparitioncm,
783 1275 855 1310 quod
876 1283 928 1301 nou
950 1277 1036 1302 solum

250 1318 376 1346 humanae
391 1323 506 1352 natura),
531 1321 577 1347 sed
595 1321 678 1348 etiam
697 1321 896 1355 principatibus
917 1324 943 1347 ct
961 1328 1036 1355 pote-

250 1365 368 1392 statibus
384 1373 445 1400 quze
464 1369 527 1392 sunt
552 1366 580 1392 iu
599 1365 688 1396 cadis,
705 1369 769 1391 nota
784 1366 871 1392 evasit
897 1366 1036 1400 multiplex

250 1416 276 1437 et
293 1411 367 1437 varia
380 1410 426 1438 Dci
443 1411 587 1445 sapientia,
605 1410 778 1438 manifestata
794 1418 842 1445 per
855 1411 1038 1445 dispensatio-

251 1464 313 1484 nem
337 1457 438 1484 Christi
463 1457 533 1484 inter
548 1457 683 1484 homines.
707 1456 746 1483 ita
765 1461 855 1484 autem
875 1458 956 1484 habet
968 1465 1035 1484 con-

1089 868 1182 902 μάτων
1202 865 1398 900 σεμνυνομένη.
1421 863 1534 897 ’Λδελιρὴ
1553 863 1601 898 μὲν
1616 862 1736 897 ἡμετέρα
1759 862 1801 888 διὰ
1823 863 1873 897 τὴν

1086 912 1135 946 τῆς
1147 910 1281 941 ἀπαθείας
1301 909 1474 943 συγγένειαν·
1500 908 1591 943 νύμφη
1613 908 1652 938 δὲ,
1675 907 1718 933 διὰ
1741 908 1789 943 τὴν
1805 908 1873 943 πρὸς

1086 957 1131 984 τὸν
1144 956 1230 990 Λόγον
1247 955 1403 988 συνάφειαν.
1422 954 1476 980 Τοῦ
1488 954 1516 980 δὲ
1531 953 1714 987 ἐκαρδιωσας
1728 953 1758 979 τὸ
1771 961 1873 988 σημαι-

1086 1003 1197 1038 νόμενον
1211 1001 1329 1028 τοιοῦτον
1339 998 1408 1026 εἶναι
1419 999 1573 1034 νομίζομεν,
1590 995 1644 1024 οἶόν
1659 999 1715 1024 ἐστι
1730 998 1768 1030 τὸ,
1788 997 1874 1032 Ἐ’ψὺ-

1087 1056 1198 1083 χωσιις,
1215 1047 1280 1073 ὡσεὶ
1303 1047 1395 1080 ἔλεγον
1410 1045 1476 1080 πρὸς
1492 1044 1586 1079 αὐτὴν,
1605 1045 1645 1070 ὅτι
1680 1044 1797 1079 Καρδίαν
1808 1045 1873 1078 ἡμῖν

1087 1095 1226 1130 ἐνέθηκας,
1258 1091 1410 1126 Σαφηνείας
1425 1091 1455 1117 δὲ
1477 1090 1566 1125 χάριν,
1583 1090 1620 1121 ὡς
1636 1088 1669 1115 ἂν
1685 1089 1789 1122 γένοιτο
1805 1088 1873 1123 μᾶλ-

1086 1139 1132 1166 λον
1155 1139 1309 1172 καταφανὲς
1325 1138 1392 1172 ἡμῖν
1409 1136 1440 1162 τὸ
1464 1136 1619 1170 λεγόμενον,
1643 1134 1688 1160 τὸν
1707 1133 1776 1160 θείου
1796 1133 1875 1160 Ἀπό-

1088 1185 1180 1211 στολον
1203 1183 1271 1218 προς
1293 1182 1342 1217 τὴν
1359 1182 1411 1208 τῶν
1437 1180 1593 1216 μυστηρίων
1610 1179 1712 1206 τούτων
1727 1177 1874 1213 ἑρμηνείαν

1088 1229 1313 1266 παραληψόμεοα.
1339 1227 1408 1262 Φησὶ
1431 1226 1485 1261 γάρ
1513 1235 1564 1252 που
1587 1225 1641 1251 τῶν
1668 1225 1765 1251 ἑαυτοῦ
1787 1224 1875 1257 λόγων

1088 1277 1189 1306 ἐκεῖνος
1212 1273 1280 1308 πρὸς
1310 1272 1448 1307 Ἐφεσίους
1473 1272 1597 1306 γράφων,
1620 1271 1663 1297 ὅτε
1688 1270 1736 1305 τὴν
1755 1270 1876 1304 μεγάλην

1087 1321 1241 1356 οἰκονομίαν
1261 1321 1311 1355 τῆς
1332 1319 1376 1346 διὰ
1399 1319 1498 1354 σαρκὸς
1516 1317 1699 1352 γεγενημένης
1717 1315 1876 1350 Θεοφανείας

1087 1369 1154 1403 ἡμῖν
1178 1367 1343 1402 διηγήσατο·
1365 1365 1406 1391 ὃτι
1429 1364 1459 1390 οὺ
1481 1364 1559 1398 μόνον
1583 1365 1599 1398 ἠ
1618 1362 1773 1398 ἀνθρωπίνη
1796 1361 1877 1396 φύσις

1088 1413 1233 1447 ἐπαιδεύθη
1245 1412 1279 1438 τὰ
1295 1412 1353 1438 θεῖα
1365 1410 1408 1437 διὰ
1420 1410 1470 1444 τῆς
1485 1410 1595 1444 χάριτος
1608 1408 1709 1441 ταύτης
1723 1408 1873 1442 μυστήρια·

1088 1459 1156 1486 ἀλλὰ
1180 1459 1226 1485 καὶ
1250 1458 1309 1488 ταῖς
1331 1457 1428 1492 ἀρχαῖς
1453 1455 1500 1481 καὶ
1523 1455 1582 1486 ταῖς
1607 1453 1741 1486 ἐξουσίαις
1760 1451 1795 1479 ’ἐν
1820 1452 1876 1484 τοῖς

249 1506 342 1530 textus
354 1512 360 1530 :
378 1502 410 1529 Ut
423 1503 569 1529 innotescat
580 1503 772 1536 principatibus
787 1508 811 1530 et
824 1503 997 1537 potestatibus
1010 1504 1037 1530 in

1091 1505 1261 1540 ἐπουρανίοις
1286 1502 1438 1537 ἐγνωρίσθη
1463 1503 1480 1536 ἡ
1509 1499 1698 1530 πολυποίκιλος
1724 1498 1804 1532 σοφία
1829 1497 1876 1524 τοῦ

250 1549 398 1576 caelestibus
414 1557 460 1583 per
478 1549 626 1576 Ecclesium
645 1550 818 1584 multiformia
834 1550 965 1583 sapientia
981 1550 1038 1581 Dei,

251 1593 394 1620 secundum
415 1594 618 1628 prteﬁnitionent
641 1596 811 1627 sucularum,
836 1604 914 1630 quam
935 1596 996 1629 fecit
1013 1597 1040 1622 in

252 1639 357 1667 Christo
369 1639 433 1667 Iesu
446 1640 557 1668 Domino
567 1646 656 1668 nostra
669 1641 700 1668 ".
717 1642 745 1668 In
757 1650 811 1676 quo
825 1642 954 1670 habemus
972 1642 1041 1670 (idu-

252 1686 322 1713 ciam
348 1691 375 1714 et
399 1694 540 1714 accessum
568 1687 594 1714 in
615 1687 778 1714 conﬁdentia
803 1696 850 1722 per
867 1688 946 1715 ﬁdem
969 1689 1039 1722 ejus.

253 1732 358 1759 lievera
376 1734 448 1759 enim
474 1740 522 1767 per
539 1733 688 1760 Ecclesiam
714 1734 862 1761 iunotcscit
877 1742 1041 1769 supermun-

253 1778 332 1806 tlanis
348 1779 530 1813 potestatibus
545 1780 617 1806 varia
630 1783 657 1806 ct
674 1779 815 1814 multiplex
832 1779 878 1806 Dei
895 1781 1039 1814 sapientia,

253 1833 313 1859 uiue
329 1833 377 1859 per
393 1825 531 1852 contraria
557 1833 601 1852 res
619 1825 698 1852 eﬂicit
716 1833 830 1861 magnas
843 1830 870 1852 et
893 1825 1039 1864 admirabi-

254 1871 303 1897 les.
327 1870 471 1902 Quomodo
492 1871 564 1897 enim
580 1870 650 1897 facta
664 1870 715 1897 fuit
738 1871 792 1897 vita
809 1878 856 1905 per
872 1875 997 1901 mortem,
1016 1875 1042 1897 et

254 1923 303 1950 per
325 1921 465 1950 peccatum
481 1916 601 1950 justitia,
615 1919 642 1942 et.
657 1923 706 1950 per
727 1915 945 1943 maledictionem
958 1916 1040 1944 bene-

253 1961 347 1992 dictio,
368 1965 394 1987 et
419 1969 466 1995 per
490 1961 667 1995 ignominiam
699 1961 796 1995 gloria,
825 1965 852 1988 et
879 1962 965 1988 virtus
993 1969 1040 1995 per

255 2006 488 2033 imbecillitatem?
510 2005 577 2032 Nam
606 2006 633 2033 in
653 2006 792 2041 prioribus
811 2008 978 2041 temporibus
999 2014 1042 2033 so-

255 2052 308 2078 lum
324 2052 477 2086 simplicem
496 2056 523 2078 el
540 2051 704 2079 uniformem
725 2052 772 2079 Dei
785 2052 946 2086 sapientiam
965 2060 1044 2090 novic-

255 2101 317 2123 runt
339 2098 568 2132 supramttndanm
589 2101 750 2132 potestates,
780 2103 961 2133 congruenter
987 2108 1043 2127 sua:

255 2151 360 2171 natura:
376 2143 519 2172 facientem
538 2144 679 2171 miracula.
695 2143 750 2172 Nec
767 2144 801 2171 iis
823 2153 883 2179 qua:
898 2146 1044 2173 cerneban-

257 2196 300 2218 tur
316 2195 375 2218 erat
390 2191 539 2226 quidquam
561 2190 677 2224 varium,
703 2190 730 2217 in
750 2198 783 2218 eo
806 2191 878 2225 quod
894 2199 955 2217 cum
972 2197 1044 2219 esset

254 2236 344 2263 virtus
372 2244 403 2264 ac
429 2240 551 2271 potestas
576 2240 675 2262 natura
692 2235 795 2268 divina,
825 2236 909 2263 libere
936 2244 1042 2264 omnem

257 2282 360 2309 faceret
374 2286 527 2309 creaturam
544 2282 603 2309 solo
616 2285 691 2309 motu
709 2285 736 2309 et
750 2282 867 2317 impulsu
884 2283 1043 2316 voluntatis,

255 2331 283 2354 et
301 2335 393 2355 rerum
419 2332 546 2354 naturam
567 2327 706 2355 deducens
723 2327 756 2354 ad
778 2327 992 2363 generationem,
1018 2334 1045 2355 ct

257 2373 348 2400 omnia
363 2373 465 2400 faceret
480 2373 559 2400 valde
571 2373 687 2408 pulchra
699 2373 838 2400 manantia
850 2381 882 2400 ex
897 2373 971 2400 fonte
984 2373 1045 2407 pul—

257 2418 432 2445 chritudinis.
448 2417 561 2444 Varium
577 2421 667 2445 autem
691 2417 743 2445 hoc
759 2425 791 2444 ac
806 2417 945 2452 multiplex
961 2425 1046 2452 genus

258 2464 408 2498 sapientizr,
433 2463 506 2498 quod
526 2468 636 2491 constat
650 2471 683 2490 ex
705 2464 875 2491 connexione
900 2471 963 2490 cum
980 2471 1046 2490 con-

257 2510 361 2540 trariis.
391 2517 464 2537 nunc
492 2515 586 2545 aperte
613 2510 703 2537 edocti
726 2514 790 2536 sunt
813 2517 861 2543 per
883 2509 1046 2542 Ecclesiam,

258 2563 356 2592 nempe
379 2557 606 2592 quemadmodum
623 2556 741 2584 Verbum
763 2563 828 2583 caro
849 2555 888 2586 lit,
915 2556 1046 2590 quemad-

259 2602 368 2630 modum
395 2603 476 2630 morti
500 2603 555 2630 vita
584 2602 726 2634 miscetur,
750 2600 980 2636 quemadmodum
997 2609 1047 2634 suo

259 2649 345 2677 livore
376 2649 487 2684 suisque
518 2648 654 2676 vibicibus
688 2652 782 2675 nostra
805 2652 884 2675 sanat
913 2647 1046 2674 vulnera:

259 2695 489 2730 quemadmodum
512 2693 700 2720 imbecillitate
717 2693 808 2721 crucis
824 2693 895 2720 vires
910 2699 1048 2728 expugnat

258 2741 430 2770 adversarii:
455 2739 685 2775 quemadmodum
704 2739 731 2766 in
756 2747 840 2768 carne
859 2739 1050 2767 manifestatur

297 2830 320 2847 ”
339 2829 440 2858 thes.
471 2836 512 2859 Ill.
533 2828 631 2856 10-ίὲ-

1090 1550 1168 1582 Θεοῦ,
1184 1550 1228 1576 διὰ
1237 1550 1286 1584 τῆς
1300 1549 1371 1575 κατά
1386 1547 1503 1582 Χριστὸν
1518 1547 1547 1572 ὲν
1566 1547 1621 1577 τοῖς
1638 1544 1790 1580 ἀνθρώποις
1806 1545 1877 1569 οἱκο-

1091 1597 1187 1632 νομίας
1209 1594 1404 1631 φανερωθεῖσα.
1421 1592 1499 1628 Ἔχει
1523 1593 1552 1618 δὲ
1573 1592 1590 1626 ἡ
1607 1591 1678 1623 λέξις
1692 1590 1792 1620 οὕτως·
1811 1589 1878 1616 Ἵνα

1090 1640 1240 1677 γνωρισθῇ
1255 1640 1319 1672 ταῖς
1333 1639 1438 1674 ἀρχαῖς
1454 1638 1503 1665 καὶ
1516 1637 1580 1670 ταῖς
1595 1637 1749 1668 ἐξουσίαις
1763 1635 1798 1661 ἐν
1819 1634 1878 1667 τοῖς

1091 1687 1280 1721 ἐπουρανίοις
1293 1686 1342 1712 διὰ
1355 1685 1409 1719 τῆς
1429 1683 1608 1717 Ἐκκλησιιις
1621 1682 1639 1715 ἡ
1659 1681 1879 1712 πολυποίκιλος

1091 1734 1183 1768 σοφία
1196 1732 1249 1759 τοῦ
1270 1731 1354 1762 Θεοῦ,
1372 1729 1448 1757 κατὰ
1464 1730 1607 1763 πρόθεσιν
1622 1727 1680 1753 τῶν
1700 1725 1830 1759 αἰώνων,-
1840 1723 1880 1758 ἢν·

1091 1780 1235 1812 ἐποίησεν
1248 1778 1283 1804 ἐν
1297 1775 1413 1811 Χριστῷ
1429 1774 1530 1808 Ἰησοῦ
1543 1774 1582 1806 τῷ
1600 1774 1695 1807 Κυρίῳ
1711 1771 1803 1806 ἡμῶν.
1835 1771 1880 1797 Ἐν

1091 1823 1114 1860 ᾧ
1133 1825 1231 1861 ἔχομεν
1245 1824 1294 1858 τὴν
1312 1821 1467 1858 παρρησίαν
1483 1820 1529 1846 καὶ
1544 1818 1725 1854 προσαγωγὴν
1744 1817 1771 1842 ἐν
1783 1823 1879 1861 πεποι-

1093 1873 1170 1907 θήσει
1185 1870 1229 1897 διὰ
1245 1870 1294 1904 τῆς
1317 1868 1435 1898 πίστεως
1458 1865 1550 1892 αὑτοῦ.
1572 1864 1617 1899 Τῷ
1629 1864 1686 1890 ὖντι
1701 1862 1754 1897 γὰρ
1766 1861 1810 1888 διὲι
1830 1860 1880 1894 τῆς

1099 1916 1260 1950 Ἐκκλησίας
1276 1913 1437 1949 γνωρίζεται
1451 1912 1508 1943 ταῖς
1527 1908 1721 1945 ὑπερκοσμίοις
1734 1907 1882 1941 δυνάμεσιν

1093 1963 1110 1997 ή
1125 1961 1231 1996 ποικίλη
1255 1959 1300 1986 τοῦ
1316 1958 1382 1985 Θεοῦ
1401 1957 1491 1991 σοφία,
1507 1957 1523 1991 ἡ
1538 1955 1583 1982 διὰ
1604 1955 1657 1980 τῶν
1676 1952 1804 1979 ἐναντίων
1819 1952 1882 1978 θαυ-

1095 2007 1310 2042 ματουργήσασα
1333 2002 1366 2030 τὰ
1392 2001 1496 2037 μεγάλα
1511 2000 1650 2035 θαυμάσια
1660 2008 1666 2014 ·
1693 1999 1750 2030 πῶς
1765 1997 1818 2032 γὰρ
1833 1997 1881 2031 γέ-

1092 2061 1154 2087 γονε
1168 2051 1211 2078 διὰ
1229 2050 1343 2076 θανάτου
1359 2048 1426 2082 ζωὴ,
1443 2047 1490 2074 καὶ
1503 2045 1657 2080 δικαιοσύνη
1675 2045 1717 2071 διὰ
1731 2044 1779 2078 τῆς
1791 2044 1883 2078 ἀμαρ-

1093 2099 1163 2130 τίας,
1180 2097 1226 2124 καὶ
1247 2096 1290 2122 διὰ
1317 2095 1438 2129 κατάρας
1460 2092 1579 2125 εὐλογία,
1605 2091 1651 2117 καὶ
1673 2091 1736 2122 δόξα
1759 2089 1802 2115 ad
1832 2089 1882 2122 τῆς

1095 2143 1216 2178 ἀτιμίας,
1241 2141 1287 2168 καὶ
1306 2140 1350 2166 διὰ
1376 2140 1422 2174 τῆς
1445 2137 1584 2168 ἀσθενείας
1604 2138 1620 2172 ἡ
1639 2136 1766 2170 δύναμις;
1790 2134 1882 2168 Moqu

1096 2190 1150 2226 γὰρ
1169 2190 1198 2215 ἐν
1221 2190 1276 2219 τοῖς
1293 2187 1345 2220 πρὸ
1361 2186 1453 2212 τούτου
1470 2185 1575 2220 χρόνοις
1599 2183 1648 2218 τὴν
1674 2181 1761 2216 ἁπλῆν
1782 2189 1811 2206 ἰε
1835 2181 1883 2206 καὶ

1097 2235 1218 2271 μονοειδῆ
1232 2234 1279 2260 τοῦ
1301 2232 1367 2259 Θεοῦ
1384 2231 1479 2266 σοφίαν
1500 2231 1527 2256 αἱ
1552 2229 1731 2264 ὐπερκόσμιοι
1753 2226 1883 2260 δυνάμεις

1095 2283 1258 2317 ἐγίνωσκον,
1290 2278 1463 2313 καταλλήλως
1489 2275 1652 2311 ἐνεργοῦσαν
1676 2276 1708 2309 τῇ
1742 2273 1822 2308 φύσει
1848 2272 1884 2298 τὰ

1096 2327 1239 2362 Θαύματα·
1262 2325 1309 2352 καὶ
1328 2324 1447 2350 ποικίλον
1464 2321 1497 2358 ἦν
1514 2322 1542 2347 ἐν
1558 2322 1613 2352 τοῖς
1627 2320 1775 2355 ὁρωμένοις
1795 2318 1882 2347 οὐδὲν.

1095 2375 1124 2400 ἐν
1147 2371 1185 2407 τῷ
1200 2370 1313 2405 δύναμιν
1335 2368 1448 2404 ἔχουσαν
1463 2367 1513 2402 τὴν
1530 2366 1605 2392 θείαν
1623 2365 1713 2399 φύσιν,
1730 2364 1819 2390 πᾶσαν
1835 2363 1885 2396 τὴν

1097 2419 1185 2445 κτίσιν
1202 2416 1261 2443 κατ’
1287 2415 1409 2448 ἐξουσίαν
1430 2411 1604 2448 ἐργάζεσθαι,
1631 2411 1658 2437 ἐν
1678 2409 1744 2445 μόνῃ
1761 2410 1794 2444 τῇ
1810 2410 1884 2443 ὁρμῇ

1097 2463 1144 2490 τοῦ
1153 2463 1304 2497 θελήματος
1313 2460 1361 2495 τὴν
1375 2458 1428 2485 τῶν
1437 2458 1521 2485 ὄντων
1537 2457 1616 2491 φύσιν
1634 2457 1673 2488 εἰς
1686 2455 1791 2490 γένεσιν
1805 2455 1885 2487 ἄγου-

1099 2508 1222 2539 σαν,’κα⁴ι
1245 2507 1330 2533 ποιεῖν
1353 2505 1388 2531 τὰ
1412 2504 1500 2530 πάντα
1524 2502 1594 2529 καλὰ
1617 2502 1686 2533 λίαν,
1707 2501 1743 2527 τὰ
1767 2500 1820 2526 ἀτιδ
1836 2500 1885 2534 τῆς

1097 2555 1144 2581 τοῦ
1159 2553 1241 2580 καλοῦ
1259 2552 1349 2586 πηγῆς
1368 2550 1545 2585 ὰναὸρύοντα.
1563 2549 1599 2575 Τὸ
1620 2549 1646 2574 δὲ
1669 2547 1787 2574 ποικίλον
1806 2546 1886 2573 τοῦτο

1099 2601 1148 2634 τῆς
1165 2600 1259 2633 σοφίας
1272 2596 1351 2628 εἶδος,
1365 2597 1394 2622 τὸ
1410 2597 1442 2622 ἐκ
1455 2595 1503 2628 τῆς
1522 2595 1588 2630 πρὸς
1603 2594 1636 2620 τὰ
1649 2593 1757 2619 ἐναντία
1776 2592 1886 2619 διαπλο-

1100 2646 1150 2677 κῆς
1176 2643 1377 2678 συνιστάμενον,
1394 2641 1441 2668 νῦν
1469 2639 1513 2667 διὰ
1536 2640 1585 2675 τῆς
1605 2638 1765 2673 Ἐκκλησίας
1793 2637 1886 2670 σαφῶς

1102 2690 1269 2725 ἐδείχθησαν,
1288 2688 1344 2719 πῶς
1367 2689 1379 2714 ὁ
1402 2688 1485 2721 Λόγος
1501 2685 1568 2720 σὰρξ
1582 2685 1695 2719 γίνεται,
1713 2683 1772 2715 πῶς
1795 2684 1811 2717 ἡ
1829 2682 1884 2717 ζωὴ

1103 2737 1209 2771 θανάτῳ
1225 2736 1362 2771 μίγνυται,
1383 2733 1441 2764 πῶς
1456 2732 1494 2767 τῷ
1512 2731 1568 2766 ἰδίῳ
1586 2730 1698 2766 μώλωπι
1717 2729 1766 2765 τὴν
1788 2728 1885 2764 ἡμετέ-
