1984 3068
139 121 192 151 949

644 123 675 150 l.\'
691 122 839 151 CANTICA
849 122 983 151 CANTIC.
1002 123 1145 151 IIOMILIA
1164 122 1231 150 VIII.

1707 122 1759 149 950

141 188 189 217 ραν
204 179 308 213 {Etim
327 181 448 215 πληγὴν·
475 180 531 212 πῶς
547 182 578 216 τῇ
593 181 719 217 ἀσθενείᾳ.
736 182 782 208 τοῦ
808 182 921 218 σταυροῦ

977 182 1003 209 id
1017 182 1091 218 quod
1113 189 1168 210 non
1186 180 1259 209 cadit
1277 181 1329 208 sub
1351 185 1502 216 aspectum,
1530 178 1758 214 quemadmodum

138 225 320 253 καταπαλαίει
346 225 394 252 τοῦ
409 226 596 261 ἀντικειμένου
608 226 656 261 τὴν
672 227 786 262 δύναμιν
797 236 803 242 ·
825 228 882 260 πῶς
896 228 926 254 τὸ

138 271 252 305 ἀόρατον
266 271 294 297 ἐν
310 271 391 305 σαρκὶ
415 270 593 306 φανεροῦται·
617 272 676 304 πῶς
701 273 839 304 ὲξωνεῖται
864 274 925 305 τοὺς

139 314 338 351 αἰχμαλώτους,
358 316 437 346 αὑτός
460 324 489 342 τε
513 315 551 342 ὢν
566 317 580 343 ὁ
605 316 765 350 ὠνούμενος,
784 318 830 344 καὶ
845 318 925 349 αὐτὸς

138 360 231 395 χρῆμα
252 360 408 395 γινόμενος·
431 360 525 387 ἑαυτὸν
549 361 602 396 γὰρ
632 361 714 388 ἔδωκε
732 361 828 397 λῦτρον
857 362 925 398 ὑπὲρ

139 405 216 439 ἡμῶν
240 404 278 440 τῷ
297 405 419 440 οανάτῳ’
435 405 494 437 ’πῶς
519 406 564 432 καὶ
587 408 615 433 ὲν
628 407 666 442 τῷ
682 407 790 442 θανάτῳ
812 409 923 442 γίνεται.

138 449 185 475 καὶ
199 449 249 484 τῆς
262 449 334 483 ζωῆς
354 450 403 475 οὐκ
420 449 572 481 ἐξίσταται·
586 451 643 482 πῶς
661 452 706 477 καὶ
722 453 751 478 ὲν
767 454 800 487 τῇ
820 453 925 488 δουλείᾳ

139 494 347 528 καταμίγνυται,
367 496 413 522 καὶ
427 496 454 521 ὲν
470 497 503 530 τῇ
527 495 647 531 βασιλείᾳ
665 497 748 532 μένει.
765 498 858 524 Πάντα
871 499 924 534 γὰρ

125 532 223 566 ’ταῦτα
241 541 288 567 καὶ
309 541 342 567 τὰ
362 540 473 568 τοιαῦτα
497 541 606 568 ποικίλα
630 542 694 569 ὄντα
708 543 754 570 καὶ
779 544 827 578 οὐχ
853 544 924 570 ἁπλᾶ

137 585 187 620 τῆς
204 586 299 620 σοφίας
317 586 394 621 ἔργα,
416 587 460 613 διὰ
480 587 529 622 τῆς
558 587 719 624 Ἐκκλησίας
735 589 759 615 οξ
785 589 854 623 φίλοι
877 589 923 615 τοῦ

137 630 254 670 νυμφίου
271 631 409 666 μαθόντες,
436 632 647 668 ἐκαρδιώθησαν,
665 633 744 660 ἄλλον
761 635 923 670 χαρακτῆρα

137 669 189 711 τῆς
201 676 273 707 θείας
285 677 380 710 σοφίας
395 678 424 703 ὲν
435 677 474 712 τῷ
498 678 638 713 μυστηρίῳ
652 680 866 714 κατανοήσαντες
877 689 883 694 ·
899 681 923 706 εί

137 721 166 747 δὲ
185 721 222 756 μὴ
245 721 442 757 τολμηρότερον
456 723 528 749 ἐστιν
543 724 638 756 εἰπεῖν,
654 724 722 759 τάχα
740 725 860 750 κάκεῖνοι
880 725 923 752 διὰ

137 765 187 800 τῆς
197 765 305 800 νύμφης
319 766 349 792 τὸ
359 767 404 792 τοῦ
416 767 532 802 νυμφίου
543 767 639 800 κάλλος
654 768 752 800 ἰδόντες
764 768 922 804 ἐθαύμασαν

137 810 167 837 τὸ
183 812 249 837 πᾶσι
265 813 320 842 τοῖς
332 810 406 838 οὖσιν
419 813 532 848 ἀόρατόν
545 822 574 839 τε
594 814 640 840 καὶ
654 814 854 850 ἀκατάληπτον.
875 817 921 842 Ὃν

975 228 1085 256 redimit
1097 228 1230 263 captivos,
1249 234 1311 255 cum
1327 227 1384 262 ipse
1397 227 1432 254 sit
1443 227 1489 262 qui
1508 230 1591 257 emat,
1607 229 1633 252 et
1653 225 1688 252 sit
1701 225 1759 260 ipse

976 274 1110 309 pretium:
1124 273 1245 308 seipsum
1261 272 1334 300 enim
1354 272 1428 300 dedit
1442 279 1490 307 pro
1508 271 1587 298 nobis
1606 270 1687 297 morti
1699 278 1760 305 pre-

976 319 1043 346 tium
1058 318 1265 353 redemptionis:
1280 317 1507 352 quemadmodum
1520 321 1547 343 et
1561 321 1602 342 est
1619 316 1645 342 in
1661 319 1758 347 morte,

975 368 1003 391 et
1017 372 1031 392 a
1046 364 1102 391 vita
1118 371 1172 391 non
1186 363 1307 391 recedit:
1331 362 1559 398 quemadmodum
1578 365 1604 388 ct
1627 361 1759 388 miscetur

976 409 1100 437 servituti
1117 414 1144 437 et
1157 413 1247 436 manet
1261 409 1288 436 in
1309 409 1402 444 regno:
1423 407 1490 434 Nam
1506 415 1568 434 cum
1584 407 1639 434 haec
1655 407 1758 438 omnia,

975 457 1002 480 et
1015 461 1075 488 qua:
1097 457 1162 481 sunt
1188 453 1356 488 ltujusmodi,
1381 459 1442 480 cum
1463 452 1518 479 sint
1533 452 1606 478 varia
1619 455 1645 478 et
1668 451 1759 477 multi-

975 499 1066 533 plicia,
1080 507 1127 534 per
1139 499 1289 526 Ecclesiam
1300 498 1462 526 didicissent
1470 497 1549 524 amici
1564 497 1669 532 sponsi,
1678 496 1760 523 corde

974 545 1068 572 donati
1089 549 1162 576 sunt,
1182 545 1270 580 utqui
1285 545 1367 571 alium
1389 543 1488 571 divina:
1503 543 1642 578 sapientia:
1662 542 1758 569 chara-

973 593 1076 617 cterem
1094 589 1337 616 animadverterint
1351 589 1378 616 in
1393 589 1536 624 mysterio:
1561 591 1586 614 et
1609 588 1631 615 si
1643 595 1701 614 non
1723 586 1759 614 sit

974 635 1088 662 nimium
1105 635 1218 662 audacis
1233 635 1334 665 dicere,
1356 635 1393 661 illi
1412 634 1480 661 forte
1490 641 1552 660 cum
1567 641 1615 668 per
1631 640 1758 668 sponsam

974 681 1067 716 sponsi
1089 681 1222 708 vidissent
1247 679 1489 715 pulchritudinem,
1506 679 1632 705 admirati
1653 682 1717 705 sunt
1732 677 1757 703 id

973 726 1046 761 quod
1058 725 1186 753 omnibus
1200 733 1260 760 qum
1273 729 1347 759 sunt,
1360 729 1402 752 est
1417 724 1611 759 inaspectabile
1621 728 1647 751 et
1659 724 1758 751 incom-

974 772 1165 806 prehensibile.
1190 772 1260 799 Deus
1286 772 1376 803 enim,
1403 778 1482 805 quem
1508 778 1588 798 neruo
1613 769 1680 796 vidit
1698 777 1757 795 iuu-

973 823 1065 851 quam,
1082 820 1111 843 ut
1123 815 1358 847 dicitJoannes”,
1375 823 1424 842 nec
1438 819 1526 850 potest
1540 815 1638 849 aliquis
1655 814 1756 845 videre,

136 855 190 891 γὰρ
214 856 301 888 οὐδεὶς
317 857 423 892 ἑώρακε
439 856 555 890 πώποτε,
571 859 662 890 καθώς
684 868 764 895 φησιν
786 861 920 896 Ἰωάννης,

973 861 1044 888 sicut
1055 865 1169 888 testatur
1180 860 1318 892 Paulus“,
1328 867 1427 894 corpus
1435 867 1514 887 suum
1527 859 1589 887 fecit
1599 859 1756 891 Ecclesiam,

136 902 195 928 οὐδὲ
212 902 274 929 ἰδεῖν
286 911 328 934 τις
342 903 462 934 δύναται,
477 904 567 936 καθὼς
582 905 596 944 ο
613 905 718 937 Παῦλος
734 909 920 942 μαρτυρεῖται,

135 942 213 979 οὗτος
229 947 306 983 σῶμα
322 948 416 975 ἑαυτοῦ
435 949 484 984 τὴν
502 942 665 985 Ἐκκλησίαν
682 951 803 986 ἐποίησε,
818 953 864 978 καὶ
879 952 922 979 διὰ

135 993 184 1028 τῆς
197 994 354 1029 προσθήκης
368 995 422 1021 τῶν
441 994 612 1030 σωζομένων,
637 996 772 1031 οἰκοδομεί
789 998 873 1032 αὐτὴν
893 999 921 1024 ἐν

135 1038 241 1075 ἀγάπῃ,
260 1039 354 1074 μέχρις
367 1040 399 1066 ἂν
414 1041 623 1076 καταντήσωμεν
633 1042 658 1067 οἱ
675 1041 775 1074 πάντες
790 1043 829 1074 εἰς
838 1043 920 1078 ἄνδρα

136 1084 252 1117 τέλειον,
274 1086 312 1116 εἰς
343 1086 442 1120 μέτρον
470 1085 577 1121 ἡλικίας
604 1086 649 1113 τοῦ
670 1087 850 1122 πληρώματος,
874 1088 920 1114 τοῦ

136 1129 265 1165 Χριστοῦ.
283 1130 314 1156 Et
336 1129 382 1157 οὖν
405 1131 482 1166 σῶμα
506 1131 552 1158 τοῦ
579 1131 696 1166 Χριστοῦ
716 1134 732 1168 ὴ
766 1133 920 1168 Ἐκκλησία,

136 1175 241 1210 κεφαλὴ
263 1175 292 1202 δὲ
318 1175 365 1202 τοῦ
392 1176 516 1211 σώματος
539 1177 554 1202 ὁ
581 1177 706 1212 Χριστὸς,
731 1177 768 1212 τῷ
795 1178 852 1213 ἰδίῳ
870 1187 921 1213 χας

137 1221 254 1256 ρακτῆρι
285 1221 398 1257 μορφᾶψ
427 1222 476 1256 τῆς
509 1221 671 1256 Ἐκκλησίας
699 1223 729 1248 τὸ
757 1223 918 1258 πρόσωπον·

135 1266 205 1301 τάχα
219 1265 262 1292 διὰ
276 1267 377 1293 τούτων
394 1267 462 1302 πρὸς
478 1267 564 1295 ταῦτα
581 1268 724 1303 βλέποντες
742 1271 765 1296 οἱ
780 1269 851 1304 φίλοι
874 1269 920 1296 τοῦ

135 1311 261 1345 νυμφίου,
277 1312 480 1348 ὲκαρδιώθησαν
491 1321 497 1327 ·
514 1313 555 1340 ὅτι
570 1314 736 1349 τρανώτερον
750 1315 779 1341 ὲν
796 1315 862 1351 αὐτῇ
875 1316 920 1342 τὸν

135 1355 249 1389 ἀόρατον
272 1356 409 1390 βλέπουσι.
424 1357 557 1392 Καθάπερ
575 1359 599 1384 oi
622 1359 702 1385 αὐτὸν
724 1359 770 1386 τοῦ
788 1359 862 1393 ἡλίου
876 1360 920 1386 τὸν

135 1399 234 1426 κύκλον
259 1402 321 1428 ίόεἰν
338 1402 547 1434 ἀδυνατοῦντες·
571 1403 615 1430 διὰ
639 1404 667 1430 δὲ
687 1404 735 1439 τῆς
758 1405 804 1431 τοῦ
827 1405 922 1437 ὓδατος

135 1445 222 1480 αὐγῆς
237 1447 276 1478 εἰς
289 1448 369 1474 αὑτὸν
388 1449 504 1484 ὁρῶντες
514 1457 520 1465 ⁸
537 1449 608 1475 οὕτω
627 1450 746 1477 κάκεῖνοι
760 1451 797 1482 ὡς
812 1452 840 1477 ὲν
856 1460 921 1477 κατ-

973 908 1000 931 ct
1016 912 1062 939 per
1087 905 1270 931 accessionem
1288 912 1382 932 eorum
1407 905 1453 939 qui
1469 904 1537 931 salvi
1564 904 1642 936 ﬁunt,
1671 904 1757 938 ipsam

973 949 1089 977 aediﬁcat
1109 950 1135 976 in
1154 950 1298 981 citat-itare.
1318 950 1405 977 donec
1423 957 1601 977 occurramus
1617 957 1712 977 omnes
1730 949 1757 977 in

974 996 1061 1022 virum
1082 994 1243 1030 perfectum,
1263 997 1289 1023 in
1305 1003 1461 1023 mensuram
1477 996 1565 1023 aetatis
1583 995 1757 1031 plenitudinis

973 1041 1074 1068 Christi
1086 1041 1119 1066 ⁷⁸.
1138 1040 1165 1066 Si
1177 1048 1242 1076 ergo
1252 1041 1372 1068 Ecclesia
1385 1046 1425 1068 est
1440 1048 1540 1075 corpus
1551 1041 1664 1074 Christi,
1681 1040 1759 1067 Chri-

975 1090 1033 1112 stus
1047 1089 1135 1111 autem
1154 1090 1193 1111 cst
1212 1091 1291 1119 caput
1308 1086 1442 1120 corporis,
1465 1094 1515 1112 suo
1532 1086 1688 1113 charactere
1702 1085 1759 1113 Ior-

975 1138 1053 1157 nrans
1075 1130 1170 1157 faciem
1186 1131 1323 1162 Ecclesiae,
1351 1132 1386 1158 [οι
1395 1136 1420 1158 te
1444 1139 1490 1165 per
1509 1132 1559 1158 hoc
1578 1131 1610 1158 ad
1630 1139 1661 1158 ea
1685 1131 1759 1166 aspi-

974 1175 1078 1202 cientes
1094 1175 1173 1202 amici
1191 1176 1295 1210 sponsi,
1318 1176 1401 1203 corde
1415 1176 1507 1203 donati
1523 1180 1604 1203 sunt:
1627 1175 1756 1211 quoniam

973 1228 1021 1255 per
1041 1222 1126 1255 ipsam
1145 1221 1246 1248 clarius
1268 1221 1405 1256 aspiciunt
1429 1229 1558 1256 sponsum
1579 1223 1624 1256 qui
1642 1229 1696 1248 non
1713 1229 1759 1249 ca-

974 1267 1013 1294 dit
1029 1266 1080 1294 sub
1095 1271 1245 1301 aspectum.
1265 1265 1296 1292 Et
1307 1266 1446 1302 quomodo
1467 1267 1484 1294 ii
1501 1268 1546 1302 qui
1564 1268 1651 1301 ipsum
1663 1268 1756 1295 orbem

974 1313 1040 1340 solis
1071 1320 1124 1339 non
1153 1317 1266 1347 possant
1285 1312 1393 1345 videre,
1421 1320 1467 1347 per
1487 1321 1564 1348 aqua:
1588 1313 1756 1348 splendorem

974 1359 1063 1393 ipsum
1077 1358 1189 1385 vident:
1207 1359 1243 1385 ita
1269 1358 1306 1385 illi
1334 1366 1443 1394 quoque
1464 1359 1490 1386 in
1511 1360 1612 1386 mundo
1635 1359 1757 1393 speculo,

975 1412 1072 1438 nempe
1097 1404 1165 1431 facie
1182 1404 1326 1435 Ecclesiae,
1351 1405 1444 1432 vident
1465 1405 1549 1432 solent
1568 1405 1691 1439 justitize,
1710 1405 1757 1439 qui

975 1457 1023 1486 per
1041 1450 1067 1476 id
1081 1450 1153 1485 quod
1168 1455 1290 1484 apparet,
1308 1455 1397 1478 mente
1412 1451 1660 1486 comprehenditur.

134 1490 226 1526 ὀπτρῳ
244 1493 412 1528 καθορῶντες
428 1494 550 1530 καθαρῷ,
565 1495 604 1531 τῷ
627 1497 763 1531 προσώπῳ
784 1497 832 1532 τῆς
855 1497 1024 1532 Ἑκκλησίας,
1046 1496 1090 1522 τὸν
1106 1496 1155 1530 τῆς
1171 1496 1339 1531 δικαιοσύνης
1369 1497 1443 1531 ἥλιον
1476 1496 1612 1531 βλέπουσι,
1641 1498 1685 1523 τὸν
1715 1496 1757 1524 διὰ

134 1537 182 1564 τοῦ
196 1539 357 1574 φαινομένου
373 1541 502 1568 κατανοού
507 1550 595 1577 μενον.

169 1585 270 1612 Τούτου
296 1586 374 1622 χάριν
397 1588 446 1622 οὐχ
457 1587 530 1620 stan
551 1589 655 1624 εἴρηται
681 1590 713 1623 τῇ
739 1588 831 1624 νύμφῃ
846 1589 920 1624 παρά

1012 1587 1046 1614 Ea
1063 1588 1096 1614 de
1105 1595 1186 1614 causa
1199 1595 1252 1614 non
1265 1587 1349 1614 semel
1366 1590 1472 1614 tantum
1484 1587 1586 1614 dictum
1596 1593 1637 1615 est
1651 1596 1758 1623 sponsae

134 1629 190 1656 τῶν
203 1630 297 1664 φίλων,
315 1631 355 1662 τὸ,
377 1632 584 1666 Ἐκαρὸίωσας,
598 1633 665 1668 ὅπερ
679 1634 763 1665 ἐστὶν,
777 1634 817 1660 ὅτι
826 1633 920 1669 1Ψυχήν

134 1684 194 1702 τινα
209 1677 255 1702 καὶ
265 1676 385 1703 διάνοιαν
398 1677 465 1712 πρὸς
479 1679 527 1712 τὴν
545 1678 592 1705 τοῦ
612 1679 698 1714 φωτὸς
715 1680 876 1714 κατανόησιν
888 1679 920 1705 δι’

135 1720 234 1755 ἑαυτῆς
247 1722 313 1756 ἡμῖν
329 1722 504 1757 ἐνεποίησας·
523 1723 590 1749 ἀλλᾶ
612 1724 658 1750 καὶ
683 1724 763 1750 πάλιν
776 1724 822 1750 τὸν
842 1724 921 1750 αὑτὸν

135 1765 391 1800 ἐπαναλαμϐάνουσι
414 1766 511 1800 λόγον,
538 1767 707 1799 ἀξιοπιστίαν
734 1768 922 1803 προστιθέντες

134 1810 173 1844 τῷ
185 1811 333 1846 λεγομένῳ,
358 1811 402 1838 διὰ
425 1811 475 1846 τῆς
503 1812 700 1848 δευτερώσεως.
727 1814 842 1848 Λέγουσι
868 1814 922 1849 γὰρ

135 1855 404 1890 ὲπαναλαμϐάνοντες
414 1865 421 1872 ·
437 1858 477 1884 ὄτι
501 1858 696 1892 Ἐκαρδίωσας
712 1857 789 1893 ἡμᾶς
803 1859 846 1885 ἑνὶ
862 1859 921 1886 ἀπὸ

139 1901 301 1936 ὀφθαλμῶν
320 1911 388 1930 σου.
407 1903 490 1929 Τοῦτό
504 1905 562 1930 ἐστι
587 1904 701 1939 μάλιστα
725 1904 739 1931 ὃ
754 1905 802 1940 τὴν
819 1905 922 1940 θαυμα-

139 1947 234 1982 στικὴν
249 1946 389 1983 ἐνεποίησε
411 1950 467 1980 τοῖς
482 1949 568 1983 φίλοις
593 1950 654 1985 περὶ
676 1950 724 1985 τῆς
739 1949 847 1985 νύμφης
863 1950 922 1977 διά-

136 1993 220 2019 θεσιν.
236 1993 337 2028 Διπλῆς
349 1994 402 2030 γὰρ
416 1994 498 2030 οὔσης
511 1994 544 2032 τῇ
561 1995 633 2031 ψυχῇ
647 1995 698 2030 τῆς
713 1996 827 2030 ὀπτικῆς
848 1997 921 2030 ἐνερ-

136 2040 232 2073 γείαςο
258 2041 304 2067 καὶ
324 2041 373 2076 τῆς
397 2041 448 2076 μὲν
470 2041 519 2077 τὴν
535 2040 662 2076 ἀλήθειαν
687 2041 804 2076 ὁρώσης,
822 2042 870 2076 τῆς
893 2042 920 2068 δὲ

135 2084 231 2120 ἑτέρας
256 2086 319 2121 περὶ
345 2086 378 2112 τὰ
405 2085 506 2121 μάταια
534 2086 724 2121 πλανωμένης·
748 2087 840 2121 ἐπειδὴ
860 2087 921 2122 περὶ

137 2133 221 2167 μόνην
233 2132 279 2159 τοῦ
293 2132 396 2167 ἀγαθοῦ
410 2133 458 2169 τὴν
476 2133 555 2168 φύσιν
572 2133 706 2169 ἀνέῳκται
722 2133 771 2168 τῆς
786 2134 894 2168 νύμφης
908 2134 921 2159 ὁ

135 2178 254 2214 καθαρὸς
265 2178 403 2214 ὀφθαλμός
413 2187 421 2194 ⁸
437 2180 518 2215 ἀργεῖ
531 2179 558 2205 δὲ
570 2179 677 2210 πάντως
694 2180 708 2205 ὁ
723 2178 921 2214 ἓτερος,τούτου

133 2224 214 2259 χάριν
236 2223 274 2260 τῷ
297 2225 336 2251 ἑνὶ
349 2225 403 2251 τῶν
425 2224 570 2258 ὀφθαλμῶν
595 2225 778 2259 προσάγουσιν
803 2225 826 2250 οἱ
849 2224 921 2258 φίλοι

971 1632 1006 1659 ab
1022 1631 1117 1658 amicis
1145 1631 1252 1666 sponsi,
1284 1629 1335 1658 Cor
1360 1630 1475 1658 indidisti
1501 1630 1583 1663 nobis,
1615 1633 1687 1668 quod
1705 1639 1755 1666 est,

972 1678 1093 1705 Animam
1115 1678 1255 1713 quamdam
1275 1683 1302 1706 et
1323 1678 1525 1711 cogitationem.
1544 1678 1578 1705 ad
1599 1678 1667 1706 lucis
1681 1687 1756 1706 com-

972 1722 1191 1758 prehensionem,
1208 1730 1255 1757 per
1279 1723 1393 1757 teipsam
1419 1723 1497 1750 nobis
1524 1723 1645 1751 indidiin
1671 1733 1677 1750 :
1709 1727 1756 1752 sed

972 1775 1067 1796 rursus
1077 1767 1198 1795 eamdem
1215 1771 1341 1803 repetunt
1353 1769 1515 1800 orationem,
1533 1777 1579 1803 per
1589 1777 1682 1796 eorum
1698 1778 1757 1804 qua:

971 1815 1101 1841 dicuntur
1123 1813 1292 1840 iterationem
1322 1813 1346 1840 id
1367 1815 1438 1849 quod
1455 1814 1556 1841 dicitur
1576 1814 1628 1842 ﬁde
1644 1815 1755 1850 digitum

972 1859 1112 1886 facientes.
1140 1858 1237 1886 Dicunt
1263 1859 1335 1886 enim
1367 1864 1521 1894 rcpctenics
1537 1869 1543 1886 :
1560 1861 1613 1887 Cor
1637 1861 1757 1889 indidisti

973 1905 1048 1932 nobis
1064 1913 1115 1931 uno
1131 1913 1164 1930 er
1178 1904 1260 1931 oculis
1275 1905 1336 1931 tuis.
1355 1904 1411 1931 Iloc
1432 1911 1474 1932 est
1495 1905 1566 1940 quod
1590 1906 1686 1934 amicis
1708 1907 1757 1934 ad-

973 1951 1126 1977 mirationis
1137 1951 1164 1977 in
1174 1957 1304 1985 sponsam
1318 1951 1462 1977 maximam
1473 1952 1563 1979 attulit
1575 1952 1756 1980 atfectionem.

972 1993 1038 2022 Nam
1060 2003 1120 2022 cum
1147 1997 1182 2022 sit
1202 1995 1300 2029 duplex
1317 1995 1414 2022 anima:
1435 1996 1541 2023 videndi
1562 1998 1704 2032 operatio,
1731 2003 1757 2025 et

972 2039 1056 2066 altera
1070 2039 1178 2074 quidem
1191 2039 1282 2066 videat
1294 2041 1447 2072 veritatem,
1462 2041 1546 2068 altera
1558 2049 1623 2070 vero
1635 2048 1758 2070 versetur

973 2085 1000 2112 in
1017 2085 1098 2113 rebus
1113 2085 1188 2112 vanis
1210 2095 1216 2113 :
1244 2086 1464 2122 quandoquidem
1488 2087 1562 2114 circa
1580 2088 1665 2115 solam
1694 2089 1758 2116 boni

973 2135 1097 2158 naturam
1124 2135 1235 2166 apertus
1259 2137 1300 2158 est
1326 2139 1410 2166 purus
1435 2140 1541 2167 sponsae
1557 2133 1664 2166 UCUIUS,
1692 2135 1758 2161 alter

973 2181 1062 2204 autem
1076 2176 1156 2211 plane
1176 2176 1358 2210 utiosus'cst;
1375 2177 1420 2204 uni
1441 2185 1473 2204 ex
1490 2178 1576 2205 oculis
1594 2179 1672 2206 amici
1699 2179 1758 2206 lau-

972 2222 1032 2249 dem
1049 2222 1185 2254 tribuunt,
1201 2229 1249 2257 per
1264 2230 1344 2256 quem
1361 2222 1448 2250 solum
1462 2222 1536 2249 illum
1548 2223 1757 2258 contemplatur,

133 2269 180 2296 τὸν
194 2269 313 2301 ἔπαινον,
330 2271 363 2297 δι’
378 2267 408 2298 οὗ
426 2270 506 2305 μόνου
521 2270 617 2306 θεωρεῖ
634 2270 680 2297 τὸν
705 2270 794 2305 μόνον,
819 2271 920 2296 ἐκεῖνον

974 2268 1061 2299 illum,
1083 2267 1206 2302 inquam,
1229 2268 1317 2294 solum
1331 2268 1377 2302 qui
1401 2268 1641 2302 comprehenditur
1659 2269 1685 2295 in
1706 2269 1753 2296 im-

134 2314 205 2349 λέγω
220 2316 264 2342 τὺν
278 2316 368 2350 μόνον,
383 2317 428 2343 τὸν
442 2317 470 2343 ἐν
484 2317 516 2351 τῇ
529 2316 656 2351 ἀτρέπτῳ
673 2324 701 2342 τε
719 2316 764 2342 καὶ
783 2315 860 2348 ἀϊδίῳ
873 2324 920 2342 κα-

132 2360 372 2395 ταλαμὸανόμενον
387 2362 476 2396 φύσει,
494 2362 539 2388 τόν
553 2371 582 2388 τε
595 2361 720 2396 ἀληθινὸν
735 2356 859 2396 Πατέρα,
875 2362 920 2388 καὶ

133 2405 179 2432 τὸν
194 2407 323 2441 μονογενῆ
344 2407 417 2438 Υἱον,
432 2408 478 2434 καὶ
493 2407 523 2434 τὸ
537 2408 613 2441 ἇγιον
631 2407 751 2441 Πνεῦμα.
768 2407 855 2434 Μόνον
868 2408 921 2442 γάρ

134 2451 208 2476 ἐστιν
225 2450 263 2481 ὡς
278 2450 392 2485 ἀληθῶς,
409 2451 440 2477 τὸ
452 2453 480 2477 ὲν
497 2452 546 2487 μιᾷ
559 2451 744 2488 θεωρούμενον
758 2451 848 2486 φύσει,
870 2461 920 2486 μη-

133 2495 196 2522 δένα
209 2496 347 2531 χωρισμὸν
361 2496 377 2530 ἦ
393 2497 567 2532 ἀλλοτρίωσιν
580 2498 629 2533 τῆς
646 2498 715 2524 κατά
733 2498 782 2530 τὰς
797 2498 917 2524 ὑποστά-

134 2550 191 2573 erat;
203 2541 333 2577 διαφορᾶς
349 2542 522 2577 ἐμποιούσης.
548 2543 606 2570 Εἰσὶ
629 2544 683 2579 γάρ
697 2553 768 2575 τινες
781 2544 806 2570 οἳ
826 2544 918 2578 διαφό-

134 2595 192 2622 ροις
205 2580 351 2622 ὀφθαλμοῖς
363 2588 454 2619 κακῶς
469 2588 532 2622 περὶ
545 2589 588 2614 τὸν
600 2589 768 2624 ἀνύπαρκτον
780 2589 917 2621 ὀξυωποῦ-

135 2641 186 2663 σιν,
212 2633 250 2663 είς
272 2632 371 2664 πολλὰς
393 2633 488 2666 φύσεις
509 2633 540 2659 τὺ
549 2633 580 2659 ἓν
599 2635 658 2666 ταῖς
681 2634 733 2660 τῶν
750 2633 918 2669 διαστρόφων

132 2678 278 2713 ὀφθαλμῶν
304 2679 463 2713 φαντασίαις
489 2680 729 2714 καταμερίζοντξς·
753 2677 825 2706 οὗτοί
851 2681 918 2706 εἰσιν

132 2723 157 2750 0’.
172 2722 311 2758 λεγόμενοι
331 2724 399 2750 πολὺ
413 2724 565 2759 βλέποντες,
581 2726 605 2750 οἰ
625 2725 668 2751 διὰ
689 2725 733 2751 τοῦ
755 2725 838 2752 πολλὰ
856 2725 915 2759 βλέ-

167 2813 190 2829 ⁷⁸
209 2811 312 2841 lJoan.
333 2821 371 2847 IV,
391 2813 432 2840 I2.
471 2815 490 2829 ⁷²
511 2813 518 2839 l
538 2812 656 2840 Tiumth.
674 2821 710 2846 vi,
734 2814 774 2840 id.

973 2313 1094 2340 mutabili
1110 2317 1137 2340 et
1155 2316 1256 2340 mterna
1281 2317 1390 2345 natura,
1413 2321 1510 2348 nempe
1525 2322 1618 2340 verum
1638 2313 1756 2345 Patrem,

970 2361 997 2384 et
1010 2357 1179 2392 unigenitum
1191 2357 1301 2390 Filitnn,
1315 2361 1342 2384 et
1358 2362 1483 2385 sanctum
1504 2357 1647 2393 Spiritum.
1664 2358 1756 2386 Solum

970 2403 1041 2430 enirn
1059 2411 1121 2430 vere
1134 2407 1175 2430 est
1192 2403 1216 2430 id
1234 2403 1306 2438 quod
1323 2407 1376 2435 est,
1395 2403 1468 2439 quod
1489 2405 1515 2431 in
1533 2412 1584 2431 una
1601 2405 1757 2432 considera-

971 2453 1014 2474 tur
1031 2453 1137 2480 natura,
1154 2449 1256 2476 nullam
1270 2448 1398 2476 aﬂ‘erente
1413 2450 1612 2484 separationcm
1629 2454 1675 2476 aut
1691 2450 1755 2478 alic-

973 2494 1110 2521 nationem
1127 2493 1278 2522 dill'ercnlia
1293 2502 1353 2528 quze
1369 2498 1412 2521 est
1429 2495 1455 2521 in
1471 2494 1673 2530 hypostasibus.
1688 2494 1757 2521 Sunt

971 2542 1043 2569 enim
1056 2542 1178 2569 nonnulli
1193 2542 1238 2577 qui
1256 2542 1282 2568 in
1296 2542 1410 2569 diversis
1423 2541 1511 2568 oculis
1525 2541 1594 2568 male
1608 2547 1671 2568 sunt
1684 2541 1755 2568 acris

973 2589 1047 2615 visus
1068 2588 1096 2614 in
1120 2587 1146 2615 id
1165 2587 1237 2623 quod
1256 2596 1308 2614 non
1324 2592 1411 2622 potest
1428 2587 1588 2619 consistere,
1615 2587 1641 2613 in
1656 2587 1755 2613 multm

972 2634 1163 2668 dispertientcs
1175 2639 1287 2660 naturas
1296 2633 1321 2660 id
1336 2633 1407 2668 quod
1418 2641 1501 2660 unum
1511 2636 1552 2660 est
1564 2639 1754 2668 perversurum

971 2681 1111 2707 oculorum
1142 2679 1302 2707 visionibus.
1326 2679 1345 2706 Ii
1367 2684 1431 2707 sunt
1452 2679 1498 2714 qui
1523 2679 1652 2706 dicuntur
1672 2678 1755 2704 multa

972 2726 1104 2756 videntes,
1119 2725 1164 2760 qui
1178 2729 1318 2760 propterea
1332 2725 1404 2760 quod
1421 2725 1504 2752 multa
1523 2724 1669 2758 aspiciunt,
1688 2722 1755 2750 nihil

814 2813 835 2828 "
855 2811 952 2846 I'Iphes.
975 2820 1011 2840 tv.
1037 2813 1077 2839 I5.
