1984 3068
216 127 272 156 955

826 124 854 152 3.
870 122 1035 151 GBEGOBII
1053 122 1200 150 NYSSENI

1798 118 1852 146 956

219 193 290 222 quos
305 187 430 213 nominat
444 186 526 213 ubera
543 193 591 220 per
608 185 741 220 tropicam
770 184 1007 219 significationem,

1060 181 1251 217 κατονομάζει,
1268 181 1292 206 εἰ
1307 180 1344 215 μὴ
1361 179 1468 214 πρῶτον
1483 178 1600 214 ἀδελφὴν
1613 177 1713 213 ἑαυτὴν
1732 176 1778 204 τοῦ
1795 178 1850 203 Ku-

220 233 275 260 nisi
292 233 349 266 ipsa
367 231 483 266 primum
503 231 609 257 Domini
634 238 757 257 sororem
787 238 817 257 se
846 229 1010 256 reddidisset

217 285 269 312 per
284 277 419 304 bonorum
435 284 548 311 operum
564 276 747 307 etl‘ectionem,
768 280 794 302 et
819 279 949 302 renovata
975 274 1009 300 ad

219 321 406 356 virginitatem
434 328 483 356 per
509 320 657 347 secundam
685 320 908 355 generationem,
939 319 1009 345 facta

219 371 294 395 esset
307 375 408 401 sponsa
423 367 483 401 ejus
510 367 557 402 qui
572 367 658 401 ipsam
688 367 842 401 despondit.
865 367 915 398 Qui
945 374 1010 400 ergo

221 421 280 440 eam
297 413 448 440 nominavit
463 420 586 440 sororem
603 417 630 439 et
644 420 772 447 sponsam
790 419 877 443 suam,
897 419 1007 438 causam

221 457 287 485 dicit
299 458 360 492 ejus
375 458 490 485 uberum
504 457 663 485 mutationis
679 458 712 484 ad
731 457 756 484 id
770 458 841 492 quod
855 462 896 484 est
911 457 1009 485 melius

220 507 249 531 et
270 504 428 539 perfectius,
449 512 481 531 ex
500 504 601 538 quibus
628 504 670 530 lac
701 511 754 530 non
783 503 899 538 amplius
917 506 1009 529 manat

221 549 419 577 nutrimentum
437 549 593 582 infantium,
608 547 654 577 sed
672 549 764 576 vinum
785 549 843 576 ﬂuit
855 548 1008 575 immortale

221 595 254 622 ad
272 595 392 622 laetitiam
419 594 624 629 perfectiorum,
642 595 721 629 cujus
743 595 858 630 gratiam
880 602 932 621 non
950 601 1010 620 cor-

220 639 294 674 rupit
309 647 378 674 aqua
393 643 620 673 eauponatorum.
632 639 761 665 Servatur
776 643 866 665 autem
877 638 1009 673 quodam-

219 685 300 712 modo
332 685 359 712 in
391 685 424 712 iis
446 692 505 720 qua:
531 685 670 716 dicuntur,
691 689 819 719 tanquam
850 684 877 710 in
894 683 1009 718 nuptiali

220 730 325 763 laetitia,
343 731 467 766 quaadam
485 731 629 758 charitatis
646 730 810 764 benignitas,
831 729 865 756 ab
886 729 1010 763 utrisque

220 777 272 804 sibi
299 777 417 804 invicem
439 777 599 804 amatoriam
625 776 804 811 largientibus
826 775 1007 802 allectioncm.

222 821 363 850 Similibus
383 824 455 850 enim
475 823 590 849 vocibus
614 822 737 848 vicissim
769 829 887 856 sponsus
908 821 1009 855 exeipit

1062 228 1120 262 ρίου
1138 227 1182 254 διὰ
1194 227 1247 252 τῶν
1271 225 1381 260 ἀγαθῶν
1398 225 1486 261 ἔργων
1512 225 1622 260 ἐποίησε
1633 245 1641 256 ,
1656 224 1704 250 καὶ.
1722 224 1762 255 είς
1778 232 1849 259 παρ-

1061 273 1150 299 θενίαν
1158 271 1202 298 διὰ
1213 272 1262 306 τῆς
1273 271 1375 298 ἄνωθεν
1382 271 1531 304 γεννήσεως
1540 269 1772 302 ἀνακαινισθεῖσα,
1782 277 1850 304 μνη-

1061 317 1110 352 στὴ
1125 316 1171 342 καὶ
1187 315 1281 350 νύμφη
1302 315 1348 342 τοῦ
1368 314 1560 349 ἁρμοσαμένου
1575 314 1693 347 ἐγένετο.
1715 314 1744 340 '0
1761 313 1849 340 τοίνυν

1060 360 1176 395 ἀδελφὴν
1191 359 1286 386 ἑαυτοῦ
1300 359 1346 386 καὶ
1361 359 1469 394 νύμφην
1488 357 1572 393 αὐτὴν
1586 359 1785 394 κατονομάσας,
1800 356 1848 393 τὴν

1060 406 1148 433 αἰτίαν
1164 406 1237 440 λέγει
1252 406 1300 441 τῆς
1313 405 1381 440 πρὸς
1392 405 1422 431 τὸ
1437 406 1560 440 κρεῖττόν
1576 413 1604 431 τε
1619 405 1669 430 καὶ
1681 404 1850 439 τελειότερον

1059 451 1114 477 τῶν
1125 451 1218 486 μαζῶν
1230 451 1315 485 αὐτῆς
1326 450 1504 482 ἀλλοιώσεως,
1512 450 1536 476 οἳ
1550 450 1640 477 οὖκέτι
1654 450 1724 484 γάλα
1737 450 1849 485 βρύουσι

1059 495 1108 530 τὴν
1125 495 1179 521 τῶν
1203 495 1306 530 νηπίων
1323 494 1440 529 τροφὴν,
1457 494 1524 520 ἀλλὰ
1542 495 1587 521 τὸν
1616 495 1753 529 ἀκήρατον
1777 492 1848 520 οἶνον

1059 541 1106 567 ἐπὶ
1123 540 1275 576 εὐφροσύνῃ
1288 540 1343 566 τῶν
1366 540 1540 575 τελειοτέρων
1558 540 1737 574 πηγάζουσιν,
1753 536 1783 566 οὗ
1797 541 1846 575 τὴν

1059 587 1139 621 χάριν
1152 587 1183 613 τὸ
1203 587 1256 614 τῶν
1273 587 1404 622 καπήλων
1424 587 1495 623 ὕδωρ
1515 587 1565 613 οὐκ
1582 587 1744 622 ἐλυμήνατο.
1761 586 1847 618 Σώζε-

1059 642 1104 659 ται
1118 633 1145 660 δέ
1165 642 1222 664 πως
1236 635 1264 659 ὲν
1281 635 1336 665 τοῖς
1360 634 1517 669 λεγομένοις
1536 633 1573 665 ὡς
1594 633 1623 660 ὲν
1639 635 1742 668 γαμικῇ
1761 633 1846 668 θυμη-

1059 678 1153 713 δίᾳ,ὴ
1182 680 1340 715 ὰγαπητικὴ
1360 679 1554 714 φιλοφροσύνη,
1577 679 1610 705 δι’
1638 680 1756 714 ἁμοιδῆς
1781 679 1847 714 παρ’

1060 725 1222 759 ἀμφοτέρων
1237 725 1362 760 ἀλλήλοις
1383 725 1432 760 τὴν
1448 725 1580 761 ἐρωτικὴν
1596 725 1846 760 ἀντιχαριζομένων

1060 770 1187 797 διάθεσιν.
1205 771 1269 802 Ταῖς
1294 771 1348 805 γὰρ
1371 771 1477 806 ὁμοίαις
1502 773 1604 805 φωναῖς
1619 771 1812 803 ἀντιδεξιοῦται
1831 772 1845 797 ὁ

1060 815 1175 850 νυμφίος
1195 816 1244 850 τὴν
1271 817 1443 850 Ἐκκλησίαν,
1459 813 1498 848 οἷς
1514 817 1605 851 ἐκείνη
1626 816 1797 852 προλαϐοῦσα
1815 817 1845 843 τὸ

220 868 391 901 Ecclesiam,
420 869 521 904 quibus
550 869 594 895 illa
612 871 691 894 antea
716 867 790 894 illius
817 867 844 894 iu
867 867 1007 902 prommiis

1060 862 1163 888 ἐκείνου
1179 862 1275 893 κάλλος
1286 863 1315 888 ὲν
1329 863 1384 893 τοῖς
1406 863 1559 898 προοιμίοις
1575 863 1738 897 ἁνύμνησεν.
1758 862 1845 894 Εὐθὺς

221 914 340 941 laudavit
360 915 601 948 pulchritudinem.
631 913 728 939 Statim
755 913 830 940 enim
857 913 884 939 in
913 913 1008 948 primis

182 983 188 994 ,
220 961 344 993 vocibus,
361 962 471 996 quando
490 961 608 988 Verbum
624 959 696 994 quod
716 959 837 994 procedit
855 967 886 986 ex
904 966 951 985 ore
965 958 1006 985 di-

219 1007 294 1039 vino,
311 1007 475 1035 desideravit
493 1015 555 1034 esse
572 1007 598 1033 in
614 1013 661 1033 ore
673 1006 754 1040 ejus;
782 1006 832 1032 hoc
850 1005 1008 1040 signiﬁcans

219 1061 268 1087 per
285 1054 400 1088 aenigma
414 1054 512 1085 osculi,
529 1053 597 1080 dixit
616 1060 728 1080 causam
763 1051 845 1086 hujus
861 1051 1006 1083 desiderii,

219 1106 316 1133 nempe
336 1097 408 1133 quod
437 1098 508 1125 bona
536 1098 596 1133 ejus
630 1098 686 1124 sint
702 1097 760 1132 ipsa
778 1097 873 1128 ubera,
903 1096 1007 1123 liberali

217 1143 279 1177 ejus
297 1143 517 1178 suppeditatione
535 1143 672 1170 vincentia
685 1143 742 1169 vini
758 1145 896 1174 naturam,
918 1145 945 1168 et
961 1149 1008 1169 su-

219 1189 344 1223 perantia
363 1196 471 1215 omnem
490 1188 591 1216 bonum
616 1187 730 1215 odorem
754 1192 956 1222 unguentorum
983 1192 1009 1213 et

221 1239 385 1266 aromatum,
401 1234 458 1261 haec
471 1234 513 1263 his
532 1234 624 1261 verbis
636 1234 748 1261 dicens:
763 1233 838 1260 Bona
852 1238 912 1260 sunt
929 1233 1008 1259 ubera

221 1286 267 1306 tua
284 1287 360 1314 super
376 1280 474 1310 vinum,
488 1284 513 1306 et
523 1280 588 1305 odor
603 1283 795 1314 unguentorum
812 1284 916 1304 tuorum
929 1286 1008 1312 supra

221 1325 310 1351 omnia
323 1329 453 1351 aromata.
466 1324 601 1357 Quoniam
619 1331 684 1359 ergo
697 1325 723 1351 in
741 1324 803 1351 aliis
817 1324 946 1350 omnibus
957 1324 1008 1350 hoc

220 1369 319 1405 dogma
336 1370 470 1397 discimus
487 1378 502 1396 a
523 1370 615 1396 divina
645 1370 826 1404 philosophia,
853 1369 925 1404 quod
947 1369 1008 1396 talis

219 1415 249 1443 lit
265 1417 343 1444 nobis
359 1415 442 1447 Deus,
466 1416 560 1450 quales
577 1423 626 1442 nos
653 1415 706 1442 Deo
734 1415 936 1442 ostenderiums
961 1422 1009 1449 per

219 1462 332 1489 liberam
348 1462 452 1488 arbitrii
471 1461 556 1488 nOslri
569 1461 727 1488 electionem
741 1470 748 1494 ;
767 1469 827 1488 eum
840 1461 911 1487 enim
928 1460 1008 1487 bonis

219 1515 280 1534 esse
295 1507 398 1534 bonum
421 1510 537 1534 testatur
561 1506 647 1533 David
666 1507 692 1533 in
719 1514 767 1534 sua
788 1507 930 1541 prophetia
946 1515 951 1533 :
968 1507 1008 1533 eis
1023 1519 1043 1545 ρ

219 1556 310 1579 autem
328 1553 374 1586 qui
401 1553 456 1579 vita
474 1556 538 1579 sunt
565 1551 680 1584 clIerati,
701 1552 772 1579 alius
804 1560 835 1579 ex
868 1552 1007 1586 prophetis

221 1606 313 1625 ursum
327 1598 394 1625 dicit
407 1603 434 1625 et
454 1599 578 1633 pardum,
597 1606 646 1632 per
668 1599 812 1633 aenigmata
837 1599 923 1625 multo
946 1602 1008 1624 ante

219 1643 363 1679 proferens
378 1645 535 1679 evangelica
549 1644 725 1675 documenta,
741 1644 768 1670 in
787 1644 888 1678 quibus
904 1643 974 1670 alius
993 1651 1007 1670 a

219 1689 323 1717 dextris
336 1690 467 1720 cernitur,
488 1690 559 1717 alius
575 1698 589 1716 a
611 1690 732 1717 sinistris
751 1689 894 1716 character
911 1689 1007 1716 verbo-

219 1743 280 1763 rum
299 1736 392 1770 regis:
408 1736 470 1763 aliis
481 1737 589 1771 quidem
609 1737 698 1763 bonus
714 1741 741 1763 et
755 1736 857 1767 suavis,
869 1736 929 1763 aliis
943 1743 1007 1762 vero

219 1782 351 1817 terribilis
367 1786 394 1809 et
422 1783 564 1815 insuavis,
591 1783 714 1818 seipsum
743 1786 928 1817 congruenter
960 1781 1008 1808 ad-

220 1834 318 1863 nplans
340 1828 417 1855 liberi
435 1829 539 1856 arbitrii
560 1829 685 1856 electioni
709 1836 804 1855 eorum
821 1828 867 1863 qui
880 1827 1008 1862 judican-

220 1877 273 1899 tur.
287 1872 322 1898 Ea
337 1872 371 1900 de
385 1881 468 1900 causa
484 1881 558 1900 nunc
574 1881 683 1908 quoque
701 1881 715 1899 a
731 1872 872 1906 Scriptura
900 1879 1008 1907 sponsa!

219 1925 270 1952 par
289 1917 415 1949 refertur,
430 1918 474 1944 ubi
491 1917 597 1945 Domini
622 1917 771 1945 celebravit
794 1917 922 1944 laudibus
940 1917 1007 1952 pul-

219 1964 417 1995 chritudinem,
439 1971 499 1990 eum
516 1964 568 1998 ipsi
584 1965 610 1990 in
626 1963 760 1991 similibus
776 1962 908 1990 Dominus
926 1963 1008 1990 vicis-

220 2008 271 2036 sim
290 2008 396 2034 laudem
413 2007 582 2042 rependerit.
603 2007 669 2034 Nam
687 2008 744 2042 ipse
758 2015 866 2042 quoque
882 2007 941 2041 ejus
958 2006 1007 2034 ad—

219 2055 303 2082 mittit
328 2061 487 2085 mammam,
514 2061 610 2088 nempe
625 2061 695 2085 eam,
724 2061 784 2088 quae
805 2061 852 2088 per
869 2054 1008 2088 operatio-

218 2108 281 2128 nem
316 2099 349 2126 ad
378 2100 475 2127 melius
495 2099 564 2126 facta
590 2104 642 2130 est,
667 2101 856 2130 mutationem,
877 2099 1006 2134 quoniam

220 2150 364 2174 cessantes
376 2147 446 2173 lacte
459 2147 575 2178 nutrire,
589 2148 680 2173 vinum
711 2149 738 2173 et
753 2153 806 2181 non
833 2146 874 2173 lac
893 2145 1006 2180 profano

1060 906 1113 942 γὰρ
1125 908 1153 933 ἐν
1177 909 1236 939 ταῖς
1261 907 1383 943 πρώταις
1398 909 1510 942 φωναῖς,
1527 909 1570 934 ὅτε
1585 910 1630 934 τὸν
1645 908 1699 935 ἀπὸ
1713 908 1760 934 τοῦ
1772 907 1845 934 θείου

1060 954 1193 989 στόματος
1215 954 1300 988 Λόγον
1314 954 1353 990 τῷ
1370 955 1483 990 στόματι
1508 955 1593 990 αὐτῆς
1611 955 1767 989 ἐγγενέσθαι
1781 954 1845 980 ὲπόν

1060 998 1125 1034 θησε
1135 1008 1142 1014 ·
1152 999 1191 1034 τῷ
1202 999 1248 1024 τοῦ
1261 999 1410 1034 φιλήματος
1423 999 1563 1034 αἰνίγματι
1577 999 1655 1025 τοῦτο
1665 999 1743 1033 διαση
1749 999 1846 1033 μάντις,

1059 1045 1107 1080 τὴν
1116 1045 1206 1072 αἰτίαν
1218 1045 1267 1080 τῆς
1283 1044 1429 1079 ἐπιθυμίας
1441 1043 1512 1070 εἷπε.
1528 1044 1564 1070 Τὸ
1582 1044 1700 1078 ἀγαθοὺς
1714 1042 1783 1070 εἶναι
1797 1044 1846 1069 αὐ-

1058 1090 1106 1117 τοῦ
1119 1091 1182 1122 τοὺς
1201 1092 1329 1126 μαστοὺς,
1339 1091 1472 1122 νικῶντας
1488 1091 1520 1126 τῇ
1537 1091 1602 1126 παρ’
1614 1090 1717 1117 ἑαυτῶν
1731 1091 1846 1125 χορηγίᾳ

1058 1137 1108 1172 τὴν
1135 1136 1180 1163 τοῦ
1207 1137 1278 1163 οἴνου
1297 1136 1393 1170 φύσιν,
1410 1137 1458 1163 καὶ
1479 1136 1627 1172 παριόντας
1643 1137 1732 1162 πᾶσαν
1753 1136 1846 1170 μύρων

1059 1190 1088 1208 τε
1104 1183 1151 1208 καὶ
1170 1182 1324 1217 ἀρωμάτων
1344 1181 1468 1213 εὐωδίαν,
1480 1181 1565 1213 οὕτως
1579 1181 1692 1207 εἰποῦσα
1708 1181 1747 1216 τῷ
1761 1181 1846 1215 λόγῳ·

1059 1228 1099 1253 ὅτι
1123 1227 1231 1261 Ὰτιιθοὶ
1244 1227 1355 1261 pacto!
1368 1235 1426 1253 σου
1436 1226 1511 1259 ὑπὲρ
1527 1225 1620 1258 οἶνον,
1632 1227 1681 1252 καὶ
1696 1226 1775 1260 ὀσμὴ
1792 1227 1846 1260 μύ-

1056 1280 1118 1305 ρων
1131 1279 1187 1298 σου
1201 1272 1277 1305 ὑπὲρ
1296 1271 1393 1297 πάντα
1407 1274 1442 1298 τὰ
1465 1273 1614 1307 ἀρώματα.
1634 1272 1742 1307 Ἐπειδὴ
1758 1273 1851 1299 τοίνυν.

1060 1317 1106 1343 καὶ
1123 1318 1152 1343 ἐν
1167 1318 1223 1348 τοῖς
1239 1317 1328 1348 ἄλλοις
1349 1318 1415 1343 πᾶσι
1430 1317 1509 1344 τοῦτο
1525 1318 1600 1352 παρὰ
1614 1318 1664 1352 τῆς
1685 1318 1759 1349 θείας
1775 1318 1849 1352 φιλο-

1061 1362 1154 1395 σοφίας
1171 1361 1200 1387 τὸ
1214 1361 1300 1396 δόγμα
1315 1361 1496 1396 μανθάνομεν,
1512 1362 1552 1388 ὃτι
1574 1362 1692 1389 τοιοῦτοιΙ
1714 1363 1757 1388 ἀεὶ
1772 1363 1847 1396 γίνε-

1059 1416 1104 1434 ται
1117 1406 1146 1434 τὸ
1157 1406 1233 1433 Θείον
1246 1408 1321 1441 ἡμῖν,
1339 1407 1410 1438 οἵους
1423 1407 1455 1434 ἂν
1467 1409 1579 1439 ἑαυτοὺς
1594 1408 1633 1443 τῷ
1645 1408 1705 1444 Θεῷ
1721 1409 1765 1435 διὰ
1782 1417 1847 1444 προ-

1061 1454 1192 1489 αιρέσεως
1208 1454 1347 1488 δείξωμεν.
1366 1453 1479 1487 Ἀγαθὸν
1494 1454 1542 1488 μὲν
1553 1454 1607 1490 γὰρ
1622 1455 1701 1482 αὑτὸν
1715 1453 1848 1487 εἶναιτοῖς

1061 1500 1171 1533 ἀγαθοῖς
1192 1500 1206 1524 ὁ
1225 1499 1304 1524 Δαϐὶδ
1321 1499 1348 1524 ἐν
1370 1500 1402 1534 τῇ
1426 1501 1578 1536 προφητείᾳ
1597 1501 1779 1536 μαρτύρεται’
1795 1504 1849 1533 τοῖς

1060 1545 1088 1570 δὲ
1105 1544 1259 1579 θηριωθείσι
1278 1544 1322 1570 διὰ
1338 1544 1384 1570 τοῦ
1411 1545 1483 1579 βίου,
1504 1546 1596 1581 ἕτερός
1618 1555 1660 1578 τις
1678 1546 1732 1573 τῶν
1748 1555 1851 1582 προφη-

1059 1589 1112 1615 τῶν
1126 1589 1225 1624 ἄρκτον
1240 1589 1321 1616 αὐτὸν
1335 1589 1408 1622 λέγει
1421 1591 1467 1616 καὶ
1484 1591 1626 1626 πάρδαλιν,
1638 1592 1671 1618 δι’
1681 1592 1850 1626 αἰνιγμάτων

1059 1635 1092 1662 τὰ
1105 1635 1270 1669 εὐαγγελικὰ
1295 1636 1520 1672 προεκτιθέμενος
1534 1637 1702 1672 δόγματα,ὲν
1717 1635 1757 1669 οἷς
1771 1638 1850 1669 ἄλλος

1059 1682 1114 1712 τοῖς
1134 1681 1240 1713 δεξιοῖς,
1265 1682 1311 1707 καὶ
1328 1682 1421 1717 ἕτερος
1435 1684 1490 1714 τοῖς
1506 1683 1656 1718 εὐωνύμοις
1668 1684 1682 1710 ό
1693 1684 1747 1709 τῶν
1763 1683 1848 1716 λόγων

1059 1727 1105 1753 τοῦ
1125 1726 1256 1761 βασιλέως
1275 1729 1417 1764 χαρακτὴρ
1433 1729 1583 1764 καθορᾶται
1594 1731 1666 1762 ’τοῖς
1685 1730 1734 1765 μὲν
1748 1730 1850 1763 ἀγαθός

1059 1782 1088 1799 τε
1099 1774 1146 1800 καὶ
1162 1774 1291 1808 μείλιχος,
1300 1776 1356 1806 τοῖς
1369 1775 1397 1801 δὲ
1409 1775 1524 1811 φοϐερὸς
1540 1777 1586 1802 καὶ
1601 1776 1756 1811 ἀμείλικτος
1766 1796 1772 1806 ,
1785 1784 1850 1801 κατ-

1059 1819 1182 1854 αλλήλως
1215 1821 1247 1855 τῇ
1277 1820 1436 1855 προαιρέσει
1466 1821 1520 1847 τῶν
1553 1822 1722 1856 κρινομένων
1753 1822 1850 1848 ἑαυτὸν

1061 1865 1253 1900 μεθαρμόζων.
1279 1866 1379 1893 Τούτου
1395 1868 1474 1903 χάριν
1499 1869 1546 1894 καὶ
1568 1868 1616 1895 νῦν
1637 1869 1790 1904 πρόσφορος
1813 1870 1848 1903 τῇ

1059 1911 1152 1947 νύμφῃ
1174 1911 1249 1946 παρὰ
1270 1911 1315 1938 τοῦ
1337 1912 1417 1947 λόγου
1443 1914 1459 1948 ἡ
1476 1914 1610 1946 ἀντίδοπις
1628 1914 1748 1948 γίνεται,
1765 1916 1793 1940 ἐν
1808 1912 1849 1946 οἷς

1059 1957 1164 1992 ὕμνησε
1179 1958 1226 1984 τοῦ
1243 1959 1377 1985 Δεσπότου
1393 1959 1422 1986 τὸ
1433 1959 1540 1992 κάλλος,
1554 1961 1583 1987 ὲν
1596 1963 1652 1992 τοῖς
1662 1961 1764 1996 ὁμοίοις
1780 1961 1848 1996 αὐτῇ

1058 2006 1105 2032 τοῦ
1119 2006 1222 2041 Κυρίου
1239 2007 1485 2043 ἀντιχαρισαμένου
1501 2008 1545 2034 τὸν
1562 2009 1682 2036 ἔπαινον.
1706 2009 1850 2043 Ἀποδείξ-

1058 2060 1103 2078 ται
1117 2052 1171 2087 γὰρ
1200 2053 1247 2079 καὶ
1269 2053 1348 2084 αὐτὸς
1369 2053 1422 2079 τῶν
1449 2054 1542 2088 μαζῶν
1566 2055 1651 2089 αὐτῆς
1669 2055 1718 2090 τὴν
1740 2055 1782 2080 διὰ
1801 2055 1851 2089 τῆς

1059 2098 1200 2133 ἐνεργείας
1219 2099 1287 2135 πρὸς
1301 2100 1332 2125 τὸ
1350 2101 1473 2134 κρεῖττον
1493 2102 1678 2136 γεγενημένην
1697 2100 1850 2131 ἀλλοίωσιν,

1059 2144 1100 2170 ὃτι
1120 2145 1167 2171 τοῦ
1192 2145 1406 2181 γαλακτοφορείν
1419 2147 1588 2181 παυσάμενοι
1601 2167 1607 2177 ,
1624 2145 1695 2173 οἶνον
1714 2146 1762 2173 καὶ
1789 2146 1852 2181 οὐχὶ

219 2192 299 2225 dunt,
317 2193 396 2227 cujus
415 2200 498 2227 opera
521 2192 730 2227 perfectiorihus
758 2191 889 2219 cordibus
918 2191 1006 2218 oritur

1060 2189 1129 2224 γάλα
1155 2190 1319 2226 προχέουσι,
1337 2191 1369 2217 δι’
1390 2188 1419 2217 οὗ
1436 2193 1496 2222 ταῖς
1520 2192 1702 2227 τελειοτέραις
1725 2191 1852 2223 καρδίαις

219 2239 323 2270 laetitia,
343 2247 404 2273 quae
426 2238 578 2273 juventutis
595 2245 649 2264 non
673 2237 790 2272 amplius
815 2241 933 2273 aguntur
953 2237 1006 2264 llu-

220 2285 322 2316 ctihus,
332 2283 378 2312 sed
396 2288 511 2318 possunt
530 2291 578 2311 ore
599 2283 704 2318 impleri
720 2291 752 2310 ex
771 2288 876 2310 cratere
897 2283 1007 2318 sapien-

219 2330 274 2361 tiae,
289 2335 315 2356 et
330 2330 399 2356 bona
417 2329 562 2356 attrahere.

254 2417 402 2452 Postquam
433 2417 514 2452 igitur
543 2417 665 2444 laudavit
692 2417 776 2445 ubera
819 2393 930 2452 propter
950 2417 1006 2444 viui

219 2464 428 2494 abundantiam,
454 2463 529 2490 addit
551 2464 634 2490 etiam
664 2464 772 2491 laudem
798 2464 862 2491 boni
888 2463 981 2490 odoris
998 2483 1004 2494 ,

219 2509 313 2536 dicens
325 2519 330 2536 :
349 2508 381 2535 Et
394 2509 460 2536 odor
480 2510 693 2537 vestimentorum
710 2515 815 2536 tuorum
827 2517 905 2543 super
917 2509 1007 2535 onmia

219 2560 352 2582 aromata.
378 2555 491 2591 Oportet
520 2562 610 2584 autent
633 2557 703 2583 hanc
730 2557 834 2583 laudem
857 2554 1007 2590 intelligere

219 2607 278 2632 cos,
300 2601 346 2636 qui
365 2601 512 2629 didicerint
543 2610 577 2630 ex
603 2609 682 2630 sacra
704 2601 846 2636 Scriptura
877 2606 1003 2628 naturam

219 2654 315 2674 eorum
337 2656 397 2682 quae
422 2647 599 2674 nominantur
624 2650 756 2673 aromata.
784 2645 904 2678 Quodvis
938 2646 1006 2673 bene

219 2693 329 2728 spirans
344 2701 436 2720 aroma
453 2693 482 2720 lit
501 2694 624 2728 voluptas
641 2701 738 2721 sensus
757 2693 900 2720 odoratus.
922 2691 1003 2719 intel-

219 2738 334 2773 ligamus
345 2747 409 2774 ergo
427 2739 472 2765 illa
500 2739 552 2766 diei
590 2744 722 2770 aromata,
734 2747 795 2772 qua:
814 2739 883 2766 bene
898 2739 1004 2774 spirare

220 2783 397 2812 didicimusa
425 2784 565 2818 Scriptura
596 2792 683 2812 sacra.
714 2784 747 2812 Ut
776 2783 831 2812 Noe
847 2785 926 2812 olTert
949 2784 1002 2811 Deo

228 2827 398 2857 sacriﬁcium.
416 2832 442 2856 ct
461 2828 590 2855 odoratus
608 2833 648 2856 est
678 2828 748 2856 Deus
778 2830 889 2856 odorem
916 2830 1003 2856 suavi-

1060 2233 1242 2272 ήεύφροσύνη
1269 2237 1383 2271 γίνεται,
1405 2237 1457 2263 τῶν
1482 2238 1578 2272 μηκέτι
1605 2237 1656 2264 ὑπὸ
1688 2237 1852 2271 νηπιότητος

1061 2283 1309 2318 κλυδωνιζομένων,
1326 2283 1383 2309 ἀλλ’
1400 2283 1432 2309 ἐκ
1453 2283 1501 2309 τοῦ
1525 2283 1662 2319 κρατῆρος
1682 2283 1732 2317 τῆς
1755 2283 1854 2316 σοφίας

1061 2328 1238 2364 ἐμφορεῖσθαι
1263 2328 1419 2364 δυναμένων
1439 2329 1478 2364 τῷ
1499 2329 1612 2364 στόματι
1635 2329 1680 2356 καὶ
1701 2329 1735 2355 τὰ
1761 2329 1854 2362 ἀγαθὰ

1061 2374 1230 2408 ἐφέλκεσθαι.
1419 2376 1428 2382 ‘

1104 2420 1265 2452 Ἐπαινέσας
1281 2421 1370 2446 τοίνυν
1393 2421 1456 2451 τοὺς
1479 2419 1582 2454 μαζοὺς
1594 2420 1637 2446 διὰ
1655 2420 1703 2455 τὴν
1716 2420 1763 2447 τοῦ
1776 2420 1850 2447 οἴνου

1060 2464 1156 2500 φορὰν,
1169 2464 1330 2500 προστίθησι
1346 2464 1392 2490 καὶ
1407 2464 1456 2499 τῆς
1477 2464 1606 2499 εὐοδμίας
1616 2464 1662 2491 τὸν
1677 2465 1795 2495 ἔπαινον,
1811 2466 1852 2491 εί-

1060 2509 1132 2536 πών·
1144 2509 1185 2535 ὅτι
1203 2508 1256 2535 Καὶ
1273 2508 1352 2542 ὅσμῖι
1365 2507 1423 2534 τῶν
1436 2508 1558 2542 Ιματίων
1572 2516 1630 2535 σου
1664 2507 1739 2541 ὑπὲρ
1751 2507 1852 2534 πάντα

1059 2555 1094 2581 τὰ
1113 2553 1261 2588 ἀρώματα.
1278 2553 1380 2588 Νοῆςαι
1400 2553 1427 2579 δὲ
1451 2553 1504 2588 χρὴ
1528 2553 1573 2579 τὸν
1589 2552 1707 2579 τοιοῦτον
1727 2553 1850 2584 ἔπαινον,

1060 2601 1092 2627 ἐκ
1113 2601 1161 2635 τῆς
1184 2599 1263 2634 ἁγίας
1280 2599 1389 2634 Γραφῆς
1404 2599 1457 2625 τῶν
1469 2599 1673 2633 ὀνομασθέντων
1695 2599 1852 2633 ἀρωμάτων

1061 2647 1233 2682 διδαχθέντας
1255 2646 1304 2680 τὴν
1325 2645 1414 2679 φῦσιν.
1442 2646 1500 2672 Πᾶν
1516 2645 1546 2672 τὸ
1557 2644 1671 2671 εὖπνουν
1687 2645 1785 2680 ἅρωμα
1803 2645 1854 2680 τῆς

1061 2692 1244 2728 ὁσφραντικῆς
1260 2690 1410 2726 αἰσθήσεως
1422 2690 1502 2726 ἡδονὴ
1515 2691 1618 2724 γίνεται
1638 2690 1743 2717 Οὐκοῦν
1759 2691 1853 2716 ἐκεῖνα.

1061 2738 1150 2772 λέγειν
1172 2737 1306 2772 ἀρώματα
1324 2737 1369 2762 τὸν
1389 2736 1466 2770 λόγον
1480 2737 1690 2771 νοήειι›μεν,ὄσα
1709 2735 1782 2771 παρὰ
1802 2735 1853 2770 τῆς

1061 2784 1171 2818 Γραφῆς
1192 2783 1314 2809 εὐπνοεῖν
1337 2781 1524 2816 ἐδιδάχθημεν.
1544 2779 1606 2807 Οἴον
1632 2781 1762 2816 προσάγει
1788 2781 1853 2807 Νῶε

1062 2829 1098 2862 τις,
1122 2829 1181 2862 (⁵)ςῷ
1205 2829 1253 2862 τὴν
1274 2827 1388 2864 Ουσίανκ
1401 2827 1447 2853 καὶ
1478 2827 1625 2862 ιῖισφράνοη
1643 2826 1742 2861 Κύριος
1762 2827 1852 2861 ὀσμὴν
