1984 3068
207 123 258 151 959

830 122 859 150 S.
882 122 1048 150 GREGORII
1069 120 1215 149 NYSSENI

1777 113 1832 142 960

207 180 377 214 praeclarum,
393 182 472 215 cujus
493 182 612 214 labores,
622 184 650 209 ‘et
670 189 756 217 rcges,
785 185 812 207 et
830 182 926 216 privati
945 181 991 207 ad-

1053 178 1074 216 i;
1086 181 1148 212 τοὺς
1159 180 1256 210 πόνους
1267 177 1385 213 βασιλεῖς
1398 178 1445 204 καὶ
1458 177 1559 204 ἰδιῶται
1573 176 1641 212 πρδς
1654 175 1731 210 ὑγίαν
1745 182 1833 208 προσ-

206 225 299 252 ltibeut
310 226 343 253 ad
361 227 516 259 sanitatem,
529 232 556 255 et
570 235 630 254 eam
646 227 711 254 dicit
732 227 858 254 outuihus
882 226 989 254 deside-

206 270 319 297 rabilem
336 276 361 298 et
378 273 522 307 insignem,
544 277 573 300 ιιι
601 281 662 308 quae
687 274 722 300 sit
750 273 853 299 viribus
881 272 990 307 quidem

207 314 362 342 imbecilla:
383 317 557 344 honorarerit
571 322 660 344 autem
685 317 859 351 sapientiam,
880 322 907 344 et
933 316 992 343 ideo

208 359 268 387 vitm
285 361 390 389 virtutis
410 362 536 390 studiosis
559 363 687 397 producta
713 363 749 389 sit
773 361 799 388 in
827 362 992 396 exemplum.

208 405 343 432 Producta
358 411 399 434 est
413 408 496 439 enim,
512 408 610 442 inquit,
625 414 654 435 ut
669 415 731 443 qua;
757 409 931 435 honoraverit
948 416 994 436 sa-

207 450 350 485 pientiam.
368 451 494 479 Consulit
520 456 610 479 autem
634 461 681 487 per
695 460 726 479 ea
751 460 810 487 qum
826 452 898 479 dicta
918 457 994 484 sunt,

209 503 223 522 a
238 496 313 522 nulla
329 497 398 523 bona
416 497 555 524 abstinere
571 498 726 532 disdplina,
747 497 794 525 sed
809 498 994 532 pervolantem

209 546 316 576 pratum
330 541 524 576 inspiratorum
539 550 554 569 a
575 543 629 570 Deo
645 543 829 578 cloquiorum,
844 542 997 578 colligendo

209 587 311 621 aliquid
339 592 466 622 tauquam
482 588 575 615 ﬂorent
601 597 633 616 ex
654 597 818 623 unoquoque
844 596 938 616 corum
963 588 996 615 ad

209 633 425 666 procreationem
449 634 600 668 sapientiae,
629 635 682 662 sibi
710 635 836 662 fabricari
861 643 950 663 ceram
970 636 997 662 in

209 676 292 704 corde
309 684 369 709 suo,
396 682 523 712 tanquam
551 679 653 706 alveari
683 680 814 714 quodam,
844 680 998 714 reponendo

209 721 281 748 hanc
295 721 458 749 industriam
476 727 504 750 et
518 723 637 751 laborem
662 725 851 759 multiplicium
876 725 998 759 discipli-

209 774 306 793 narum
324 768 349 794 iu
366 768 517 796 iuconfusis
533 770 560 796 in
582 771 713 797 memoria
733 771 842 803 loculis,
867 776 998 805 tanquam

209 813 374 845 quibusdam
393 815 419 840 in
437 814 497 841 lavo
516 815 603 842 mellis
620 815 718 843 listulis
733 815 891 844 fabricatis:
908 821 935 844 et
958 818 999 844 sic

211 857 298 883 instar
321 859 453 892 sapientis
470 859 543 886 illius
557 861 626 894 apis,
648 861 729 895 cujus
743 860 821 888 favus
834 862 943 896 quidem
957 866 999 889 est
1015 858 1035 884 Β

210 901 310 932 dulcis.
321 911 373 929 non
388 911 511 938 puugens
525 910 615 932 autem
629 906 770 937 stimulus,
789 911 919 941 perpetuo
932 916 1000 934 uun-

210 947 300 974 dinari
315 948 384 975 hanc
397 950 556 982 praeclaram
570 951 702 978 virtutum
717 953 916 986 operationem.
931 953 1000 980 Vere

210 993 282 1019 enim
299 993 344 1020 ille
371 995 547 1027 nundinatur,
568 996 615 1030 qui
634 997 720 1024 .hona
738 1001 840 1024 aeterna
859 998 1000 1024 laboribus

209 1038 257 1072 qui
272 1038 316 1066 ltic
336 1040 686 1075 suscipiunturpermutat,
709 1048 735 1068 et
760 1051 825 1070 suos
845 1043 952 1070 labores
969 1043 1001 1070 ad

211 1084 355 1111 sanitatem
377 1086 475 1112 animae
499 1087 640 1114 distribuit
667 1088 777 1122 regibus
808 1092 834 1115 et
866 1089 999 1122 privatis:

212 1129 280 1156 adeo
296 1135 325 1156 ut
340 1139 441 1165 sponso
457 1132 502 1158 liat
517 1132 574 1159 haec
588 1133 678 1160 anima
694 1133 896 1165 desiderabilis,
913 1134 1003 1161 clara-

210 1183 265 1209 que
279 1180 306 1202 et
321 1177 434 1211 insignis
453 1178 569 1212 angelis,
588 1179 652 1204 dum
672 1179 697 1205 iu
721 1179 880 1206 inﬁrmitate
897 1180 1003 1214 perlicit

211 1221 339 1249 virtutem
352 1227 464 1257 propter
481 1224 612 1251 honorem
630 1225 780 1259 sapientiae.
790 1225 923 1258 Quoniam
938 1233 1002 1260 ergo

211 1269 375 1297 eruditionis
393 1274 420 1297 et
437 1270 582 1305 diligentia:
596 1276 660 1298 sunt
678 1273 811 1307 exempla,
828 1281 888 1307 qua:
905 1273 938 1299 tle
952 1281 1004 1299 sa—

202 1316 297 1350 .pienti
329 1316 373 1342 illa
404 1324 453 1350 ape
470 1321 534 1344 sunt
559 1318 744 1349 narrationes.
765 1322 793 1345 et
820 1319 1002 1353 spiritualium

213 1361 412 1388 charismatum
428 1362 510 1389 varia:
528 1362 688 1394 divisiones,
707 1364 900 1390 convenienter
920 1364 1004 1390 studii

213 1411 241 1433 et
257 1407 403 1442 diligentias
420 1408 589 1442 proportioni
612 1409 745 1435 accedunt
764 1409 797 1436 iis
827 1409 874 1444 qui
899 1410 1004 1436 labora-

213 1457 277 1479 runt
290 1461 297 1485 ;
311 1457 453 1487 propterea
468 1453 534 1480 dicit
549 1461 654 1487 sponsae
669 1463 675 1480 :
690 1455 745 1481 Cor
760 1460 835 1481 tuum
852 1455 949 1482 factum
963 1459 1005 1481 est

215 1498 324 1532 plenum
343 1499 410 1525 favis
425 1506 505 1525 omne
522 1507 608 1532 genus
622 1499 796 1532 eruditionis,
813 1501 884 1527 unde
897 1500 1003 1535 profers

214 1550 248 1570 ex
262 1543 333 1569 bono
353 1543 482 1570 thesauro
497 1544 590 1571 cordis
606 1552 703 1572 suaves
720 1545 807 1572 stillas
825 1553 980 1572 sermonum
995 1555 1001 1571 :

214 1587 283 1613 adeo
306 1591 335 1613 ut
361 1587 409 1613 tibi
441 1587 476 1614 sit
502 1588 591 1615 oratio
607 1589 661 1615 mel
683 1590 795 1616 mistum
829 1597 890 1616 cum
923 1591 1001 1618 lacte.

215 1631 320 1658 Favum
336 1632 417 1663 enim,
440 1633 538 1668 inquit,
564 1633 695 1661 distillant
713 1635 783 1662 labia
809 1641 864 1664 tua.
887 1645 1003 1670 sponsa,

215 1677 307 1704 mech
331 1678 372 1704 lac
395 1678 443 1704 sub
462 1679 552 1713 lingua
579 1684 635 1706 tua.
657 1681 706 1708 Est
725 1681 796 1707 enim
828 1682 876 1708 tibi
894 1687 1005 1716 paratus

216 1730 316 1753 sermo,
333 1724 505 1751 auditoribus
522 1732 575 1751 non
596 1725 761 1753 uniformem
778 1728 928 1754 ostendens
949 1729 1004 1754 uti—

216 1768 329 1800 litatem,
355 1769 401 1795 sed
426 1776 580 1804 congruens
607 1770 713 1798 viribus
741 1778 836 1798 eorum
853 1773 899 1806 qui
917 1772 1004 1807 ipsum

217 1815 371 1849 suscipiunt
387 1824 394 1841 :
414 1815 482 1842 adeo
499 1819 528 1842 ut
542 1821 569 1843 et
583 1815 793 1850 perlectioribus
807 1818 952 1844 conveniat
979 1822 1005 1845 et

216 1860 371 1888 infantibus
384 1870 391 1888 :
406 1861 533 1895 perfectis
549 1862 660 1896 quidem
675 1863 727 1889 mel
745 1863 843 1894 factus,
863 1863 905 1889 lac
916 1869 1005 1890 autem

217 1907 380 1938 infantibus,
408 1908 564 1941 cuiusmodi
591 1913 650 1934 erat
666 1908 779 1940 Paulus,
797 1913 826 1935 ut
850 1909 897 1943 qui
917 1909 1006 1936 verbis

216 1951 325 1985 quidem
343 1951 472 1978 mollibus
500 1952 585 1978 aleret
601 1959 698 1979 recens
723 1956 814 1984 natos,
844 1953 1005 1988 sapientiam

217 2001 308 2024 autem
324 1997 481 2031 loqueretur
498 1997 628 2031 perfectis
642 1997 670 2024 in
685 1998 826 2032 mysterio,
842 1998 1006 2025 absconsum

218 2049 233 2067 ιι
253 2042 371 2071 saeculis,
387 2048 468 2075 quam
494 2049 547 2068 non
579 2041 652 2075 capit
668 2041 720 2068 hoc
747 2042 887 2074 saeculum,
921 2050 1007 2077 neque

217 2087 357 2123 principes
371 2087 451 2121 hujus
465 2087 558 2114 saeculi
569 2086 603 2114 ⁸³.
620 2086 694 2115 llane
711 2095 776 2122 ergo
790 2088 877 2115 mellis
891 2093 916 2115 et
930 2088 1008 2116 lactis

217 2132 446 2167 praeparationem
464 2131 530 2158 dicit
550 2139 611 2159 esse
626 2131 678 2159 sub
708 2132 813 2167 lingua,
845 2140 943 2168 nempe
963 2141 1007 2160 re-

217 2176 358 2202 conditum
371 2180 398 2201 et
411 2180 595 2210 opportunum
612 2184 691 2202 usum
721 2177 857 2204 sermonis
873 2185 920 2210 per
935 2177 1005 2204 hanc
1022 2192 1043 2219 Β

218 2228 313 2249 vocem
330 2221 463 2249 iudicans.
479 2221 545 2248 Nam
562 2222 609 2256 qui
621 2223 913 2257 scittquemadmodum
924 2231 1006 2258 opor—

219 2271 275 2293 teat
293 2267 440 2301 unicuique
457 2268 635 2302 rcspoudere,
650 2269 702 2296 sub
713 2269 808 2303 lingua
820 2269 923 2296 habens
935 2269 1005 2296 hanc

219 2313 323 2339 variam
353 2313 408 2339 vim
440 2314 586 2347 sermonis,
617 2319 678 2349 apte
698 2316 800 2349 prmbet
831 2315 858 2341 in
885 2320 1004 2350 tempore

220 2357 369 2391 unicuique
381 2365 415 2384 ex
435 2358 606 2385 auditoribus
623 2359 648 2385 id
668 2359 738 2393 quod
758 2366 797 2386 cst
820 2359 843 2385 ei
861 2360 932 2386 usui.

1043 227 1190 261 φέρονται’
1210 224 1335 259 ποθεινὴν
1355 223 1383 250 δὲ
1410 224 1476 250 πᾶσι
1500 223 1573 256 λέγει
1599 222 1682 258 αὐτὴν
1700 219 1768 248 εἶναι
1785 221 1833 247 καὶ

1042 271 1173 304 ἐπίδοξον,
1189 269 1356 298 ἀσθενοῦσαν
1376 270 1424 304 μὲν
1442 269 1512 295 κατὰ
1532 269 1580 304 τὴν
1602 268 1714 304 ῥώμην,
1732 267 1781 302 τὴν
1803 266 1833 293 δὲ

1044 318 1138 352 σοφίαν
1146 317 1317 351 πτιμήσασαν,
1330 315 1376 341 καὶ
1389 314 1432 341 διὰ
1439 314 1516 341 τοῦτο
1525 314 1704 350 προαχθεῖσαν
1717 313 1755 344 εἰς
1772 312 1835 339 ὑπὸ·

1043 364 1139 397 δειγμα
1165 362 1221 397 βίου
1242 363 1297 393 τοῖς
1316 361 1461 396 ὲναρέτοις.
1481 360 1536 395 Τὴν
1557 360 1611 395 γὰρ
1628 359 1733 393 σοφίαν,
1755 361 1833 392 φησι,

1043 409 1182 444 τιμήσασα
1208 407 1342 443 προήχθη.
1368 406 1551 441 Συμὸουλεύει
1567 406 1594 432 δὲ
1617 405 1661 432 διὰ
1681 404 1734 431 τῶν
1759 405 1835 439 εἰρη-

1047 455 1135 490 μένων
1155 453 1266 489 μηδενὺς
1279 452 1427 488 ἀπέχεσθαι
1453 451 1507 478 τῶν
1530 450 1639 485 ἀγαθῶν
1654 449 1833 485 μαθημάτων,

1046 500 1112 526 ἀλλὰ
1125 499 1164 534 τῷ
1179 499 1291 534 λειμῶνι
1317 497 1371 524 τῶν
1392 496 1577 524 Θεοπνεύστων
1599 495 1781 530 ὲφιπτάμενον
1791 493 1835 520 λό-

1047 554 1112 579 γων,
1134 545 1180 579 ἀφ’
1197 545 1311 571 ἑκάστου
1337 552 1362 570 τι
1388 542 1456 578 πρὸς
1482 542 1531 577 τὴν
1549 542 1645 576 κτῆσιν
1667 540 1717 575 τῆς
1741 539 1836 574 σοφίας

1049 590 1274 625 ἀπανθιζὸμενον,
1291 588 1489 624 κηροπλαστεῖν
1504 586 1592 621 ἑαυτῷ
1608 586 1638 612 τὸ
1653 585 1748 620 κηρίον
1759 604 1766 616 ,
1780 581 1836 610 οἷον

1048 638 1076 663 ἐν
1089 635 1193 671 σίμὸλῳ
1204 636 1257 662 τινὶ
1267 637 1298 670 τῇ
1309 633 1405 660 ἑαυτοῦ
1416 642 1451 660 κα
1456 633 1514 668 ρδῐᾳ
1525 633 1574 668 τὴν
1583 630 1725 666 φιλεργίαν
1735 629 1836 664 ταύτην

1048 681 1242 716 ἀποτιθέμενον
1252 689 1258 695 ·
1279 680 1373 714 ὥσπερ
1387 679 1462 710 τινὰς
1473 679 1501 704 ὲν
1520 677 1610 713 κηρίῳ
1632 676 1774 712 σύριγγας,
1783 674 1838 702 τῶν

1049 727 1196 754 πολυειδῶν
1215 725 1384 761 μαθημάτων
1403 723 1571 758 ἀσυγχύτους
1588 723 1616 748 ἐν
1630 723 1662 756 τῇ
1681 721 1774 756 μνήμῃ
1788 720 1840 751 τὰς

1051 773 1137 809 θῆκας
1147 772 1387 807 δημιουργήσαντα
1397 779 1404 785 ·
1419 771 1465 796 καὶ
1477 769 1562 800 οὕτως
1578 767 1649 794 κατὰ
1665 767 1779 803 μίμησιν
1789 766 1839 800 τῆς

1052 819 1136 853 σοφῆς
1151 817 1257 852 ἐκείνης
1270 816 1407 852 μελίσσης,
1417 814 1450 852 ἧς
1464 815 1512 850 ἡδὺ
1531 815 1579 850 μὲν
1595 814 1624 841 τὸ
1639 812 1840 848 κηρίονβπλη-

1049 873 1113 890 κτον
1126 864 1154 889 δὲ
1172 862 1203 889 τὸ
1225 863 1344 897 κέντρον⁷
1360 861 1408 896 τὴν
1425 860 1526 896 σεμνὴν
1539 859 1642 894 ταύτην
1658 858 1712 885 τῶν
1733 857 1840 892 ἀρετῶν

1051 908 1180 944 ἐργασίαν
1210 906 1356 938 διαπαντὸς
1391 904 1602 941 ἐμπορεύεσθαι.
1642 901 1841 939 Ἐμπορεύεται

1051 954 1106 989 γὰρ
1119 953 1157 984 ὡς
1171 952 1287 988 ἀληθῶς,
1301 952 1335 978 τὰ
1348 951 1437 986 ἀγαθὰ
1451 953 1485 977 τὰ
1499 949 1595 977 αἰώνια
1609 949 1663 976 τῶν
1677 949 1737 984 τῇδε
1753 947 1842 974 πόνων

1051 999 1267 1034 διαμειδόμενος,
1286 998 1332 1024 καὶ
1357 998 1421 1028 τοὺς
1447 997 1528 1028 ἰδίους
1546 996 1644 1027 πόνους
1668 997 1708 1027 εἰς
1723 994 1841 1030 ψυχικὴν

1052 1045 1157 1078 ὑγίειαν
1180 1042 1318 1078 βασιλεῦσί
1334 1051 1364 1068 τε
1380 1042 1428 1068 καὶ
1449 1041 1565 1072 ἰδιώταις
1585 1041 1689 1074 νέμων⁴
1707 1039 1776 1066 ὥστε
1792 1047 1841 1064 πο-

1053 1089 1143 1124 θεινὴν
1158 1089 1197 1123 τῷ
1209 1087 1317 1123 νυμφίῳ
1331 1088 1380 1122 τὴν
1406 1086 1533 1121 τοιαύτην
1547 1085 1673 1120 γενέσθαι
1685 1084 1782 1120 ψυχὴν,
1796 1084 1843 1110 καὶ

1052 1137 1108 1167 τοῖς
1132 1135 1259 1169 ἀγγέλοις
1279 1133 1400 1166 ἐπίδοξον
1411 1153 1418 1164 ,
1437 1135 1466 1159 ἐν
1484 1133 1609 1167 ἀσθενείᾳ⁴
1626 1131 1779 1157 τελειοῦσαν
1793 1129 1844 1165 τὴν

1052 1180 1166 1214 δύναμιν
1188 1179 1232 1205 διὰ
1249 1179 1297 1214 τὴν
1319 1179 1367 1213 τῆς
1394 1177 1489 1211 σοφίας
1509 1178 1602 1212 τιμήν.
1625 1175 1733 1210 Ἐπειδὴ
1753 1175 1844 1200 τοίνυν

1053 1224 1219 1256 παιδεύσεὼς
1232 1226 1290 1251 ἐστι
1313 1226 1360 1250 καὶ
1380 1223 1536 1255 φιλοπονίας
1556 1222 1706 1256 ὑπόδειγμα
1724 1220 1757 1247 τὰ
1778 1220 1845 1255 περὶ

1054 1271 1102 1306 τὴν
1119 1270 1203 1305 σοφὴν
1220 1270 1327 1305 ἐκείνην
1352 1269 1476 1305 μέλιτταν
1490 1268 1662 1303 διηγήματα,
1677 1267 1723 1293 καὶ
1736 1266 1763 1292 αἱ
1784 1273 1845 1291 ποι-

1054 1316 1128 1343 κίλαι
1140 1316 1194 1342 τῶν
1210 1314 1403 1350 πνευματικῶν
1417 1314 1593 1349 χαρισμάτων
1608 1312 1763 1347 διαιρέσεις,
1773 1311 1846 1337 κατὰ

1054 1363 1103 1397 τὴν
1115 1363 1164 1397 τῆς
1176 1362 1295 1397 σπουδῆς
1305 1361 1450 1394 ἀναλογίαν
1466 1361 1521 1391 τοῖς
1534 1368 1563 1385 τε
1577 1358 1744 1393 πεπονηκὸσι
1760 1365 1844 1392 προσ-

1054 1393 1240 1441 γὶνοντσιι,.διὰ
1251 1393 1330 1432 τοῦτο
1347 1393 1413 1441 φησι
1427 1405 1494 1441 πρὸς
1512 1405 1562 1440 τὴν
1573 1404 1696 1438 νύμφηνο
1708 1405 1748 1431 δτι
1766 1403 1822 1438 Ι]λὴ
1832 1417 1840 1421 -

1057 1440 1107 1488 ρης
1131 1461 1171 1479 σοι
1195 1453 1304 1487 γέγονεν
1321 1452 1337 1486 ἡ
1360 1440 1457 1486 καρδία
1480 1450 1534 1477 τῶν
1552 1451 1583 1476 ἐκ
1603 1450 1652 1484 τῆς
1672 1448 1846 1482 παντοδαπῆς

1057 1498 1222 1529 παιδεύσεως
1251 1497 1343 1533 κηρῶν
1353 1517 1360 1528 ,
1375 1497 1435 1524 ὅθεν
1457 1496 1604 1532 προφέρεις
1620 1496 1652 1522 ἐκ
1677 1494 1723 1521 τοῦ
1738 1493 1843 1528 ἀγαθοῦ

1055 1542 1193 1577 θησαυροῦ
1207 1542 1257 1577 τῆς
1273 1542 1386 1576 καρδίας
1399 1541 1449 1573 τὰς
1465 1541 1595 1576 μελιχρὰς
1610 1540 1665 1566 τῶν
1682 1539 1768 1573 λόγων
1784 1547 1848 1564 στα-

1054 1588 1135 1622 γόνας
1149 1596 1156 1603 ’
1168 1587 1205 1619 ὡς
1217 1587 1286 1614 εἷναί
1302 1596 1342 1614 σοι
1355 1587 1414 1622 μέλι
1427 1587 1471 1612 τὸν
1484 1586 1561 1619 λόγον
1573 1584 1846 1620 συναναμεμιγμένον

1053 1633 1092 1668 τῷ
1119 1633 1244 1668 γάλακτι.
1257 1633 1370 1666 Κηρίον
1384 1634 1450 1666 γὰρ,
1464 1632 1556 1666 φησὶν,
1579 1630 1739 1661 ἀποστάζει
1758 1630 1847 1664 χείλη

1054 1688 1123 1712 σου,
1132 1678 1320 1714 νύμςςη,,ιιέλι
1334 1678 1383 1705 καὶ
1394 1678 1472 1712 γάλα
1484 1677 1542 1705 ὑπὸ
1555 1677 1612 1711 τὴν·
1622 1676 1847 1711 γιιῶσσάνσου.

1055 1725 1278 1761 Παρεσκεύασται
1308 1724 1362 1760 γάρ
1383 1732 1424 1749 σοι
1449 1724 1463 1749 ὁ
1483 1723 1576 1756 λόγος,
1596 1723 1626 1749 οὐ
1654 1721 1775 1757 μονοειδῆ
1797 1719 1847 1756 τὴν

1054 1771 1187 1804 ὠφέλειαν
1198 1772 1254 1802 τοῖς
1262 1770 1406 1796 ἀκούουσιν
1420 1768 1557 1795 ὲπιδεικνύ
1563 1776 1650 1803 μενος,
1663 1767 1730 1793 ἀλλὰ
1746 1765 1847 1792 καταλ-

1055 1817 1141 1852 λήλως
1164 1816 1231 1851 πρὸς
1247 1816 1296 1852 τὴν
1317 1815 1370 1842 τῶν
1391 1814 1544 1850 δεχομένων
1561 1813 1675 1848 δύναμιν
1691 1812 1844 1848 ἁρμοζόμε-

1055 1869 1099 1892 νος
1109 1869 1116 1876 θ
1125 1860 1162 1891 ὡς
1178 1861 1224 1886 καὶ
1238 1861 1293 1891 τοῖς
1306 1859 1480 1893 τελειοτέροις
1493 1858 1539 1884 καὶ
1549 1858 1725 1893 νηπιάζουσιν
1739 1855 1849 1887 οἰκείως

1055 1906 1144 1940 ἔχειν·
1162 1907 1218 1937 τοῖς
1232 1906 1279 1940 μὲν
1296 1904 1408 1935 τελείοις
1429 1903 1508 1938 μέλι,
1528 1904 1582 1934 τοῖς
1605 1903 1633 1929 δὲ
1652 1902 1757 1938 νηπίοις
1777 1901 1849 1935 γάλα

1055 1952 1193 1987 γινόμενος
1211 1959 1217 1966 ·
1230 1950 1285 1982 οἷος
1297 1951 1311 1976 ὁ
1332 1950 1436 1980 Παῦλος
1459 1947 1503 1986 ἦν,
1517 1950 1573 1980 τοῖς
1588 1949 1637 1984 μὲν
1659 1948 1848 1983 ἁπαλωτέροις

1055 1998 1110 2023 τῶν
1135 1998 1221 2031 λόγων
1236 1997 1299 2028 τοὺς
1322 1996 1473 2031 ἁρτιγενεῖς
1489 1994 1690 2030 τιθηνούμενος,
1709 1994 1804 2027 σοφίαν
1818 1993 1849 2019 δὲ

1056 2043 1143 2070 λαλῶν
1157 2044 1185 2070 ἐν
1197 2043 1252 2073 τοῖς
1267 2042 1378 2073 τελείοις
1389 2042 1416 2069 ἐν
1433 2041 1586 2077 μυστηρίῳ,
1606 2040 1656 2074 τὴν
1671 2040 1849 2073 ἀποκεκρυμ-

1059 2089 1141 2124 μένην
1157 2088 1209 2114 ἁπὸ
1225 2087 1278 2114 τῶν
1304 2086 1419 2120 αἰώνων,
1434 2087 1468 2122 ἣν
1495 2087 1524 2113 οὺ
1552 2087 1637 2121 χωρεῖ
1649 2086 1663 2112 δ
1677 2085 1742 2112 αἰὼν
1759 2082 1847 2116 οὗτος,

1057 2135 1116 2161 οὐδὲ
1140 2136 1163 2160 ol
1181 2134 1308 2169 ἄρχοντες
1324 2133 1429 2160 τούτου.
1445 2133 1500 2168 Τὴν
1525 2130 1572 2158 οὖν
1599 2132 1726 2166 τοιαύτην
1756 2139 1848 2166 παρα-

1059 2179 1174 2215 σκευὴν,
1189 2179 1238 2215 τὴν
1257 2179 1362 2214 μέλιτος
1383 2187 1412 2204 τε
1434 2178 1481 2205 καὶ
1505 2177 1552 2203 τοῦ
1571 2178 1720 2212 γάλακτος,
1738 2176 1849 2202 ὑποκεῖ-

1060 2225 1120 2251 σθαι
1133 2225 1205 2258 λέγει
1219 2226 1252 2260 τῇ
1266 2224 1387 2259 γλώσσῃ⁹
1399 2223 1446 2259 τὴν
1461 2224 1679 2258 τεταμιευμένην
1700 2231 1730 2248 τε
1743 2223 1790 2249 καὶ
1803 2222 1849 2248 εὖ-

1059 2279 1151 2304 καιρον
1171 2270 1231 2296 τῶν
1248 2270 1333 2304 λόγων
1358 2270 1455 2304 χρῆσιν
1470 2268 1514 2296 διὰ
1535 2269 1585 2304 τῆς
1610 2269 1736 2303 τοιαύτης
1756 2268 1849 2303 φωνῆς

1058 2315 1268 2350 ἐνδεικνύμενος.
1293 2316 1322 2341 Ὀ
1344 2315 1398 2350 γὰρ
1424 2314 1502 2346 εἰδὼς
1526 2315 1583 2345 πῶς
1613 2314 1652 2340 δεῖ
1674 2315 1714 2340 ἑνὶ
1740 2314 1849 2348 ἑκάστῳ

1057 2361 1263 2396 ἀποκρίνεσθαι,
1286 2360 1354 2395 ἔχων
1370 2360 1422 2387 ὑπὸ
1441 2360 1490 2395 τὴν
1507 2361 1632 2394 γλῶσσαν
1646 2360 1694 2395 τὴν
1724 2359 1848 2394 ποικίλην

219 2403 320 2438 ταύτην
336 2403 382 2429 τοῦ
409 2403 488 2437 λόγου
514 2404 626 2439 δύναμιν
639 2425 646 2438 ,
666 2405 800 2440 ἁρμοδίως
820 2405 926 2439 ἑκάστῳ
949 2404 1002 2431 τῶν
1022 2405 1174 2433 ἀκουόντων
1202 2407 1232 2432 τὺ
1254 2406 1321 2441 πρὸς
1332 2407 1379 2441 τὴν
1391 2406 1484 2441 χρείαν
1504 2406 1549 2431 ἐπὶ
1571 2405 1667 2441 καιροῦ
1706 2405 1848 2441 προχειρίτ

219 2450 303 2482 ζεται.

255 2496 323 2523 Cum
339 2497 409 2523 hanc
423 2502 513 2523 autem
532 2496 652 2524 dedisset
667 2495 776 2524 laudem
796 2497 837 2523 ori
867 2501 894 2524 et
908 2497 1007 2530 lingua:

221 2549 339 2575 sponsae,
355 2542 454 2569 transit
465 2549 562 2569 rursus
576 2542 609 2568 ad
626 2542 731 2577 majora
745 2541 880 2572 eucomia,
891 2540 985 2567 dicens
999 2550 1005 2566 :

223 2586 295 2614 Odor
310 2587 520 2614 vestimentorum
549 2592 652 2614 tuorum
676 2592 800 2621 tauquam
820 2586 884 2612 ador
912 2585 1006 2612 lintris.

222 2632 279 2659 lloc
291 2632 364 2666 quod
380 2632 484 2659 dicitur
496 2637 538 2660 est
550 2633 672 2667 quaedam
685 2632 870 2667 philosophia,
883 2632 1007 2658 indicans

221 2678 354 2712 quidnam
374 2679 515 2707 intueatur
540 2679 698 2706 hominibus
715 2679 769 2704 vita
786 2686 847 2712 qua:
862 2686 893 2705 cx
908 2678 1008 2704 vit-tute

223 2725 324 2757 agitur.
341 2723 407 2751 Nam
437 2725 495 2751 \‘ilzl!
514 2733 573 2759 qua:
597 2731 628 2750 ev
663 2724 761 2749 \‘irtute
780 2724 869 2758 agitur
888 2723 947 2749 liuis
968 2727 1008 2749 est

264 2813 284 2827 “
310 2813 450 2841 1(Συι·.ιιι,
470 2815 494 2839 ὃ.

1095 2495 1220 2522 Τοιοῦτον
1253 2496 1281 2522 δὲ
1307 2495 1489 2530 προσαγαγὼν
1517 2494 1556 2529 τῷ
1593 2495 1707 2529 στόματι
1735 2495 1782 2520 καὶ
1813 2498 1846 2530 τῇ

1059 2541 1168 2577 γλώσσῃ
1179 2541 1228 2576 τῆς
1238 2540 1346 2576 νύμφης
1359 2541 1404 2567 τὸν
1415 2541 1535 2571 ἔπαινον,
1549 2539 1629 2566 πάλιν
1641 2540 1747 2574 πρὸςτὰ
1761 2541 1847 2574 μείζω

1060 2586 1113 2612 τῶν
1133 2585 1277 2620 ἐγκωμίων
1295 2585 1470 2621 μετέρχεται,
1487 2585 1593 2618 λέγων’
1607 2585 1647 2610 ὅτι
1670 2584 1764 2619 Ὀσμὴ
1781 2587 1847 2619 lpu-

1065 2632 1136 2657 τίων
1152 2639 1220 2661 σου,
1244 2631 1284 2663 ὡς
1309 2630 1388 2665 ὀσμὴ
1412 2630 1544 2658 λιϐάνου.
1580 2631 1609 2656 ’0
1629 2630 1656 2656 δὲ
1674 2630 1752 2664 λόγος
1769 2628 1847 2662 οὗτος

1061 2677 1203 2710 φιλοσοφία
1216 2677 1256 2708 τίς
1273 2678 1356 2709 ἐστιν,
1373 2678 1412 2709 εἰς
1429 2677 1442 2703 ὃ
1452 2686 1478 2703 τι
1490 2677 1583 2711 βλέπει
1598 2678 1653 2708 τοῖς
1665 2676 1818 2711 ἀνθρώποις
1834 2678 1848 2703 ὁ

1064 2723 1122 2749 κατ’
1137 2722 1234 2756 ἀρετὴν
1253 2723 1306 2756 fit");
1325 2722 1515 2749 ὑποδεικνύων,
1541 2722 1628 2756 Πέρας
1644 2722 1697 2755 γὰρ
1717 2722 1768 2755 τῆς
1785 2723 1845 2748 ἐνα-
