1984 3068
124 137 171 164 961
652 138 685 164 1N
704 137 851 166 CANTICA
864 136 997 165 CANTIC.
1019 135 1161 164 HOMILIA
1181 136 1226 164 IX.

1696 140 1748 168 963

125 193 203 229 ρέτου
215 193 287 228 ζωῆς
301 195 317 228 ἡ
333 194 400 229 πρὸς
413 195 444 221 τὸ
454 195 530 222 Θεῖόν
542 196 615 222 ἐστιν
627 196 756 230 ὁμοίωσις
766 216 773 228 ,
788 196 834 222 καὶ
849 195 907 222 τού-

964 193 1019 221 Deo
1032 194 1190 227 assimilari,
1204 198 1232 222 et
1250 202 1282 222 ea
1298 195 1332 223 de
1357 203 1439 224 causa
1456 195 1554 224 anima:
1580 197 1697 239 puritas,
1721 204 1748 226 et

123 245 170 264 τον
184 237 262 273 χάριν
274 239 291 273 ἦ
301 246 330 264 τε
348 239 396 274 τῆς
414 239 504 274 ψυχῆς
520 239 689 275 καθαρότης,
708 240 754 267 καὶ
770 241 801 267 τὸ
821 241 908 275 πάσης

124 284 264 318 ἑμπαθοῦς
277 284 422 316 διαθέσεως
436 286 626 321 ἀνεπίμικτον,
642 286 674 312 δι’
690 286 845 321 ἐπιμελείας
861 295 909 313 κα-

124 328 265 364 τορθοῦται
280 331 336 360 τοῖς
353 330 498 366 ἐναρέτοις,
516 331 586 357 ὥστε
602 330 664 358 τινὰ
680 330 842 366 χαρακτῆρα
862 332 910 366 τῆς

125 374 325 409 ὑπερκειμένης
340 376 448 409 φύσεως
462 376 506 402 διὰ
525 377 576 411 τῆς
589 377 762 412 ἀστειοτέρας
775 376 850 412 -ζωῆς
865 378 910 403 καὶ

124 421 152 446 ὲν
170 420 262 451 αὐτοῖς
277 420 412 454 γενέσθαι.
437 421 547 456 Ἐπειδὴ
563 423 652 448 τοίνυν
665 423 696 449 οὑ
716 422 853 457 μονοειδὴς
869 422 910 453 τίς

125 466 209 497 ἐστιν,
225 466 285 492 οὐδὲ
301 467 467 502 μονότροπος
481 468 497 502 ἡ
516 469 575 494 κατ’
591 468 690 504 ἀρετὴν
706 468 836 498 πολιτεία.
853 468 910 494 ἁλλ“

125 511 218 546 ὥσπερ
231 512 278 537 ἐπὶ
290 512 338 546 τῆς
351 511 405 538 τῶν
418 512 587 548 ὑφασμάτων
603 514 772 548 κατασκευῆς
787 513 831 539 διὰ
846 513 910 539 πολ-

125 556 177 582 λῶν
200 558 327 591 νημάτων
346 557 400 583 τῶν
423 558 472 592 μὲν
497 559 541 584 ἐπ’
566 558 674 589 εὐθείας
691 558 909 593 ἀνατεταμένων,

124 601 178 628 τῶν
202 602 229 628 δὲ
251 602 322 629 κατὰ
342 603 373 628 τὸ
395 603 509 636 πλάγιον
532 603 716 639 διῃρημένων,
741 605 758 638 ἠ
777 603 910 639 ὑφαντικὴ

124 647 202 682 τέχνη
216 647 265 682 τὴν
277 647 378 681 ἐσθῆτα
397 649 485 674 ποιεῖ·
507 647 578 674 οὕτω
592 649 639 674 καὶ
658 649 702 674 ἐπὶ
719 649 767 683 τῆς
783 648 910 684 ἐναρέτου

124 691 196 726 ζωῆς
213 691 296 718 πολλὰ
316 693 368 726 χρὴ
389 693 568 728 συνδραμεῖν,
585 693 617 719 δι’
632 690 669 719 ὧν
687 694 700 719 ὁ
724 693 830 724 ἀστεῖος
850 693 911 725 ὲξυ-

125 736 248 770 φαίνεται
263 737 336 771 βίος,
353 737 444 768 καθὼς
460 738 658 773 ἁπαριθμείται
679 738 713 764 τά
736 738 846 769 τοιαῦτα
865 739 912 773 νή-

125 789 199 815 ματα
221 782 236 807 ὁ
260 781 330 813 θεῖος
361 782 538 814 Ἀπόστολος,
554 783 588 809 δι’
611 780 648 809 ὧν
671 784 687 817 ὴ
707 783 761 809 τῶν
785 782 911 818 καθαρῶν

125 826 212 862 ἔργων
229 827 369 862 ἱστουργία
386 828 558 855 συνίσταται·
573 828 683 863 ἀγάπην
700 828 786 862 λέγων
805 829 850 854 καὶ
863 837 910 863 χα-

960 238 1027 265 nihil
1044 239 1144 267 habere
1160 239 1306 267 admistum
1323 238 1445 267 omnium
1461 241 1545 268 animi
1573 238 1696 269 motuum
1715 250 1748 270 ac

960 284 1210 318 perturbationum,
1226 292 1240 310 a
1252 285 1322 312 viris
1338 285 1418 312 bonis
1432 286 1578 320 diligenter
1590 291 1746 319 exercetur,

962 334 990 356 ut
1002 337 1049 364 per
1063 331 1202 357 meliorem
1219 330 1300 357 vitam
1318 331 1354 357 sit
1370 332 1396 358 in
1413 331 1453 358 cis
1470 331 1592 365 quaedam
1611 331 1696 366 ﬁgura
1720 335 1748 360 et

961 376 1104 404 character
1125 381 1230 403 natura:
1249 377 1492 411 superemiuentis.
1523 375 1658 409 Quoniam
1682 385 1748 412 ergo

961 429 1015 449 non
1027 426 1070 448 est
1087 422 1245 455 uniformis,
1261 430 1351 456 neque
1368 422 1450 449 unius
1468 422 1540 449 modi
1559 422 1615 448 vita
1639 430 1700 456 qum
1715 430 1748 450 ex

962 468 1061 494 virtute
1090 467 1192 502 agitur,
1220 467 1268 494 sed
1295 467 1435 502 quomodo
1460 467 1487 494 in
1509 468 1562 494 tela
1593 471 1639 493 aut
1666 467 1748 502 panni

962 517 1079 545 textura,
1104 521 1152 548 per
1177 513 1266 540 multa
1296 513 1350 544 lila,
1379 521 1494 547 quorum
1511 513 1564 539 alia
1592 513 1702 547 quidem
1721 514 1749 540 in

961 563 1066 585 rectum
1084 563 1148 586 sunt
1166 562 1291 591 extensa,
1306 558 1358 584 alia
1374 563 1464 585 autem
1485 566 1534 592 per
1559 563 1749 585 transversum

961 604 1058 635 divisa,
1077 611 1122 631 ars
1139 603 1249 631 texendi
1268 603 1332 631 facit
1353 607 1456 630 vestem
1473 613 1479 630 :
1501 603 1537 629 ita
1550 604 1630 630 etiam
1649 603 1674 630 in
1696 603 1749 629 rita

961 656 1022 682 qua:
1037 656 1070 675 ex
1097 649 1199 675 virtute
1222 648 1324 682 agitur,
1347 648 1431 674 multa
1463 652 1571 682 oportet
1600 655 1750 675 concurre-

963 701 1002 723 re,
1019 700 1067 728 per
1092 700 1152 727 quae
1181 693 1251 719 bona
1281 693 1384 719 texitur
1414 692 1469 718 vita
1495 701 1501 719 :
1537 693 1609 720 sieut
1639 693 1750 720 divinus

962 738 1064 766 Paulus
1107 739 1162 765 haec
1208 738 1252 764 lila
1286 743 1451 769 enumerat,
1484 746 1533 773 per
1575 747 1635 773 qua:
1683 747 1771 765 con-.

962 783 1035 809 sistit
1073 786 1180 809 textura
1226 782 1362 808 bonorum
1406 790 1542 816 operum,
1587 784 1750 810 charitatem

963 828 1069 859 dicens,
1088 831 1115 854 et
1129 827 1270 862 gaudium,
1290 831 1317 854 et
1331 835 1437 862 pacem,
1463 829 1708 863 longanimitatem,
1725 833 1751 856 et

127 860 176 907 pth
191 872 238 898 καὶ
255 860 376 908 εἰρήνην,
401 860 603 909 μακροθυμίαν.
615 882 644 899 τε
662 860 711 899 καὶ
730 860 910 908 χρηστότητα,

964 860 1169 907 benignitatem,
1197 877 1224 899 et
1256 860 1428 907 quacunque
1456 860 1523 900 sunt
1547 860 1750 907 huiusmodi“,

125 918 171 944 καὶ
187 918 275 946 πάντα
289 919 322 945 τὰ
338 919 458 951 τοιαῦτα,
473 917 512 951 οἷς
528 919 740 953 κατακοσμείται
755 921 768 945 ὁ
781 920 812 945 ὲκ
825 919 912 956 φθαρ-

125 963 173 989 τοῦ
185 972 214 990 τε
231 965 277 990 καὶ
293 965 387 999 γηῖνου
410 965 466 1000 βίου
488 966 537 1000 τὴν
558 965 681 1000 οὐράνιον
697 965 849 1000 ἀφθαρσίαν
866 974 912 999 με·

125 1008 308 1042 τενδυόμενος.
335 1009 436 1036 Τούτου
465 1010 544 1044 χάριν
570 1009 731 1043 ἀποδέχεται
754 1010 799 1035 τὸν
824 1010 852 1035 ἐν
879 1011 911 1044 τῇ

125 1053 216 1088 ὲσθῆτι
231 1054 331 1089 κόσμον
347 1055 395 1090 τῆς
410 1054 530 1090 νύμφης,
544 1055 581 1086 ὡς
599 1055 637 1089 τῷ
654 1054 755 1089 λιϐάνῳ
777 1055 847 1080 κατὰ
863 1055 912 1090 τὴν

125 1098 211 1132 ὀσμὴν
235 1099 420 1134 ὁμοιούμενον.
450 1099 580 1133 Καίτοιγε
610 1100 662 1134 πρὸ
687 1099 780 1125 τούτου
805 1098 912 1125 πάντων

125 1141 201 1169 εἶπεν
221 1143 275 1169 τῶν
298 1145 452 1180 ἀρωμάτων
475 1145 599 1180 προέχειν
618 1145 666 1178 τὴν
680 1144 726 1170 τοῦ
754 1144 839 1179 μύρου
865 1144 913 1178 τῆς

125 1187 232 1224 νύμφης
247 1189 414 1223 εὐωδίαν,ιῦς
425 1190 513 1216 δοκεῖν
529 1191 556 1217 ἐν
569 1190 655 1224 τούτῳ
668 1189 828 1224 καθαίρεσιν
844 1187 912 1215 εἶναι

125 1234 178 1261 τῶν
195 1235 354 1271 ἐγκωμίων,
371 1236 450 1271 εἰπερ
470 1237 486 1271 ὴ
511 1235 610 1266 παντὸς
632 1235 776 1270 ἁριέλματος
799 1235 913 1270 ὑπερτε-

125 1278 210 1312 θεῖσα,
239 1279 286 1306 νῦν
313 1280 380 1314 πρὸς
401 1280 430 1306 ἓν
451 1280 505 1307 τῶν
527 1280 680 1316 ἀρωμάτων
707 1279 846 1314 ὁμοιοῦται
870 1279 913 1305 διὰ

125 1325 310 1360 συγκρίσεως,
337 1325 422 1357 οὕτως
443 1325 566 1356 εἰπόντος
587 1325 632 1351 τοῦ
653 1325 757 1359 Λύγου¹
777 1326 817 1351 ὅτι
836 1324 913 1351 Κατὰ

125 1370 172 1404 τὴν
192 1370 285 1407 eam
294 1370 339 1396 τοῦ
355 1370 465 1397 λιὸἀνου
480 1371 534 1397 τῶν
551 1371 666 1405 ἱματίων
682 1370 728 1396 σού
748 1364 821 1396 ἔστιν
836 1371 852 1405 ἡ
870 1370 913 1395 :0-

125 1416 200 1443 ωδία.
223 1417 292 1443 ⁷Λλλ¹
315 1417 408 1452 ἐπειδὴ
426 1417 578 1449 ἰδιαζόντως
599 1418 671 1443 κατά
691 1425 753 1444 τινα.
772 1417 851 1450 λόγον
874 1417 912 1448 είς

129 1463 172 1490 τὴν
188 1463 234 1490 τοῦ
249 1462 327 1489 Θείου
350 1463 432 1498 τιμὴν
454 1463 674 1498 ἀποτεταγμένην
696 1460 730 1497 ἦν
756 1463 785 1489 τὸ
804 1462 850 1488 τοῦ
869 1462 912 1489 λι-

126 1509 206 1536 ϐάνου
218 1509 352 1544 θυμίαμα,
368 1508 460 1535 τούτου
475 1509 553 1544 χάριν
571 1510 586 1543 ἡ
602 1509 671 1544 ὑπὲρ
688 1509 776 1535 πάντα
791 1509 824 1535 τὰ
840 1508 912 1544 ἀρώ-

126 1563 198 1590 ματα
211 1553 280 1581 εἷναι
298 1554 421 1589 κριθεῖσα
435 1553 556 1586 ἀξιοῦται
570 1555 618 1589 τῆς
641 1554 709 1590 πρὸς
725 1554 755 1581 τὸ
770 1554 798 1581 ἓν
812 1554 912 1589 ἄρωμα

125 1600 288 1635 ὁμοιώσεως,
306 1601 336 1627 τὺ
348 1601 387 1636 τῷ
400 1600 458 1636 Θεῷ
471 1600 659 1635 ἀνακείμενον,
672 1600 709 1632 ὡς
723 1601 753 1627 τὸ
765 1601 853 1636 νόημα
866 1599 912 1626 τοῦ

126 1646 283 1680 αἰνίγματος
301 1646 419 1673 τοιοῦτον
441 1643 525 1672 εἶναι·
548 1646 589 1672 ὅτι
615 1642 702 1677 Σοὶ,ὦ
732 1646 836 1680 νύμφη,
860 1645 913 1671 τῶν

126 1691 228 1726 ἀρετῶν
240 1693 256 1726 ὴ
271 1691 400 1727 περιὸολὴ
415 1692 464 1727 τὴν
483 1690 558 1717 θείαν
575 1691 698 1726 μιμεῖται
714 1690 912 1726 μακαριότητα,

126 1736 168 1763 διὰ
182 1736 365 1772 καθαρότητός
380 1745 409 1763 τε
420 1737 466 1763 καὶ
479 1736 624 1768 ἀπαθείας,
638 1739 672 1772 τῇ
683 1736 821 1772 (inposito;
835 1735 913 1769 ᾳύσει

125 1784 300 1819 ὁμοιουμένη.
311 1783 427 1819 Τοιαύτη
441 1783 496 1818 γὰρ
510 1784 526 1818 ὴ
540 1783 594 1810 τῶν
609 1783 688 1809 θείων
705 1782 817 1818 ἱματίων
831 1780 913 1816 ὀσμὴ,

126 1830 164 1861 ὡς
183 1829 250 1865 πρὸς
268 1829 313 1855 τὸν
331 1828 437 1855 λίϐανον
451 1827 579 1863 ἐμφερῶς
593 1827 665 1862 ἔχειν
679 1827 724 1854 τὸν
738 1826 914 1861 ἀνακείμενον

126 1876 165 1907 εις
178 1874 226 1909 τὴν
240 1874 286 1900 τοῦ
302 1874 369 1901 Θεοῦ
382 1874 474 1909 τιμήν.

162 1920 244 1947 Πάλιν
266 1919 432 1955 μανθάνομεν
450 1919 493 1946 διὰ
511 1919 565 1945 τῶν
586 1919 684 1954 ἐφεξῆς
703 1918 830 1950 ἐπαίνων,
856 1919 914 1950 πῶς

128 1965 160 1992 ἄν
173 1975 214 1997 τις
227 1966 331 1999 γένοιτο
343 1965 390 1992 τοῦ
412 1966 515 2000 Κυρίου
535 1966 636 2001 ἀδελερὴ
657 1965 703 1991 καὶ
719 1964 861 1999 όμόζυγος,
881 1964 913 1990 δι’

126 2008 164 2038 ὧν
184 2019 275 2045 φησιν,
291 2011 331 2037 ὃτι
351 2010 452 2044 Κῆπος
474 2011 696 2045 κεκλεισμένος,
722 2009 838 2045 ἀδελφή
854 2019 914 2044 μου

126 2057 237 2090 νύμφη.
257 2055 360 2082 οὐκοῦν
377 2056 403 2082 εἴ
416 2064 457 2087 τις
477 2057 671 2090 μεταποιεῖται,
690 2055 781 2090 νύμφη
801 2055 849 2089 μὲν
872 2054 914 2081 διά

127 2102 173 2129 τοῦ
190 2101 424 2138 προσκολληθῆναι
443 2101 482 2136 τῷ
500 2101 595 2136 Κυρίῳ
610 2100 751 2135 γενέσθαι·
771 2100 872 2135 ἀδελφὴ
886 2099 914 2126 δὲ

126 2148 170 2175 διὰ
185 2148 231 2175 τοῦ
246 2148 276 2174 τὸ
291 2148 397 2183 θέλημα
409 2148 490 2174 αὐτοῦ
502 2146 728 2183 κατεργάζεσθαι,
739 2146 828 2178 καθὼς
842 2146 914 2180 λέγει

962 919 1061 952 quibus
1087 923 1201 951 ornatur
1229 918 1275 952 qui
1306 919 1446 946 ewlestem
1475 919 1599 946 induitur
1625 920 1751 947 incorru-

962 965 1092 998 ptionem,
1110 971 1141 990 ex
1162 965 1216 990 vita
1236 969 1344 990 terrena
1369 964 1395 990 in
1416 972 1499 999 quam
1520 965 1594 992 cadit
1613 966 1750 993 interitus.

961 1008 1110 1043 Propterea
1126 1009 1227 1044 accipit
1245 1011 1291 1044 qui
1311 1009 1338 1036 in
1356 1015 1431 1036 veste
1445 1015 1486 1037 est
1513 1015 1639 1037 ornatum
1668 1019 1753 1045 spon-

961 1062 1007 1085 sae,
1027 1058 1057 1080 ut
1074 1054 1121 1088 qui
1149 1054 1234 1081 odore
1263 1054 1299 1081 sit
1324 1055 1424 1082 similis
1449 1055 1535 1082 thuri.
1561 1056 1644 1090 Atqui
1675 1057 1752 1090 prius

961 1099 1030 1125 dixit
1057 1099 1187 1126 omnibus
1216 1100 1386 1128 aromatihus
1419 1101 1584 1128 antecellere
1617 1102 1752 1136 unguenti

962 1148 1069 1178 sponsae
1087 1145 1187 1171 bonum
1205 1145 1316 1172 odorem
1333 1154 1340 1170 τ
1359 1145 1426 1172 adeo
1448 1150 1478 1172 ut
1499 1146 1526 1172 in
1542 1146 1594 1173 hoc
1624 1147 1751 1174 videatur

961 1188 1051 1214 omnia
1067 1189 1162 1215 tollere
1179 1189 1318 1221 encomia,
1335 1189 1471 1224 siquidem
1492 1198 1553 1225 qua:
1577 1191 1664 1218 cuivis
1682 1199 1752 1226 prae-

962 1233 1016 1259 lata
1035 1233 1087 1259 fuit
1114 1233 1244 1266 aromati,
1273 1242 1347 1262 nunc
1368 1243 1416 1269 per
1442 1237 1676 1270 comparationem
1704 1237 1752 1264 uni

962 1278 1133 1305 assimilatur
1159 1279 1290 1311 aromati,
1317 1287 1380 1306 cum
1405 1281 1445 1307 sic
1469 1281 1567 1308 dixerit
1585 1281 1751 1317 Scriptura:

964 1323 1040 1351 Sicut
1055 1324 1124 1351 odor
1140 1325 1227 1352 thuris
1243 1329 1286 1352 est
1302 1326 1391 1353 bonus
1408 1326 1477 1354 odor
1496 1332 1604 1354 tuarum
1622 1329 1752 1356 vestium.

964 1369 1015 1396 Sed
1031 1371 1159 1405 quoniam
1174 1371 1306 1406 peculiari
1333 1373 1452 1406 quadam
1471 1373 1577 1400 ratione
1595 1373 1640 1401 Dei
1656 1374 1753 1402 honori

962 1417 1112 1450 deputatus
1127 1421 1185 1443 erat
1201 1417 1289 1444 thuris
1304 1417 1422 1449 suﬂitus,
1438 1425 1469 1444 ca
1480 1418 1514 1445 de
1529 1427 1613 1446 causa
1628 1427 1688 1453 qua:
1703 1418 1754 1446 fuit

963 1462 1074 1496 praelata
1090 1462 1218 1489 omnibus
1236 1463 1420 1495 aromatibus,
1433 1463 1516 1497 digna
1537 1470 1666 1491 censetur
1694 1473 1754 1499 qua:

963 1507 1131 1537 assimiletur
1147 1509 1193 1534 uni
1208 1508 1334 1541 aromati,
1353 1509 1426 1544 quod
1443 1509 1497 1537 Deo
1513 1509 1680 1537 dedicatum.
1694 1511 1754 1543 Quo

940 1552 947 1561 ‘
965 1553 993 1579 tit
1013 1557 1041 1579 ut
1057 1553 1094 1579 sit
1111 1553 1154 1580 hic
1184 1561 1282 1581 sensus
1298 1554 1580 1589 amigmatiszTuum,
1609 1563 1625 1583 ο
1642 1563 1753 1590 sponsa,

963 1598 1097 1626 virtutmn
1116 1599 1307 1626 indumentum
1335 1600 1459 1627 imitatur
1475 1601 1594 1628 divinant
1611 1601 1751 1629 beatitudi-

963 1650 1046 1675 nem,
1069 1651 1117 1677 per
1151 1643 1297 1677 puritatem
1325 1648 1352 1671 et
1388 1644 1619 1680 impatibilitatem
1644 1646 1754 1673 assimi-

964 1687 1017 1714 lata
1049 1693 1154 1715 naturae
1182 1688 1214 1715 ad
1241 1696 1323 1722 quatit
1354 1697 1407 1716 non
1438 1693 1513 1724 patet
1545 1690 1647 1718 aditus.
1680 1690 1754 1718 Talis

963 1737 1005 1760 est
1035 1733 1130 1766 enim,
1163 1733 1275 1768 inqltit,
1306 1733 1375 1761 odor
1422 1738 1533 1761 tuorum
1575 1735 1754 1762 vestimento-

965 1785 1044 1809 rum,
1075 1782 1104 1804 ut
1126 1778 1163 1805 sit
1192 1777 1290 1807 similis
1311 1778 1394 1809 thuri,
1423 1777 1494 1812 quod
1520 1777 1565 1805 Dei
1592 1777 1689 1804 honori
1712 1782 1754 1804 est

964 1820 1097 1847 dicatum.

1000 1911 1107 1938 Rursus
1136 1918 1184 1945 per
1223 1910 1318 1938 laudes
1347 1919 1407 1946 quae
1444 1910 1575 1945 deinceps
1601 1915 1755 1946 sequuntur

965 1956 1108 1986 discimus,
1125 1956 1357 1991 quemadmodum
1382 1957 1428 1983 ﬁat
1454 1957 1592 1992 quispiam
1622 1965 1701 1984 soror
1728 1962 1755 1985 et

964 2001 1065 2035 conjux
1085 2001 1192 2028 Domini
1212 2009 1259 2036 per
1279 2002 1330 2029 hoc
1347 2002 1420 2036 quod
1447 2002 1525 2036 dicit,
1542 2002 1577 2029 Es
1592 2003 1680 2030 [tortus
1694 2011 1755 2030 ron-

965 2048 1065 2079 clusus,
1080 2055 1156 2074 soror
1173 2055 1229 2074 mea
1248 2056 1355 2081 sponsa.
1372 2047 1400 2074 Si
1416 2048 1551 2082 quispiam
1565 2056 1629 2083 ergo
1641 2048 1692 2075 hoc
1703 2048 1755 2075 sihi

966 2093 1096 2124 vindicat,
1120 2097 1149 2119 ut
1174 2092 1209 2119 sit
1235 2093 1344 2127 quidem
1377 2101 1490 2128 sponsa,
1515 2098 1658 2128 propterea
1683 2093 1755 2127 quod

966 2139 1150 2173 eonjungatur
1167 2138 1291 2171 Domino,
1308 2146 1388 2166 soror
1403 2143 1505 2170 autem,
1522 2143 1666 2173 propterea
1682 2138 1754 2172 quod

127 2194 157 2220 τὸ
172 2193 332 2228 Εὑαγγέλιον
341 2202 347 2208 ·
364 2193 452 2226 κῆπος
465 2192 579 2228 εὐανθὴς
594 2191 712 2225 γενέσθω
726 2193 833 2228 πάντων
847 2190 912 2225 ἔχων

968 2185 1028 2218 ejus
1044 2184 1124 2211 faciat
1142 2185 1322 2216 voluntatem,
1337 2184 1410 2211 sicut
1423 2184 1490 2211 dicit
1508 2184 1696 2218 Evangelium,
1708 2184 1756 2210 ﬁat

127 2241 156 2265 ἐν
173 2239 260 2274 ἐαυτῷ
273 2239 327 2265 τῶν
345 2238 434 2272 φυτῶν
449 2238 498 2273 τὴν
515 2238 600 2273 ὦραν,
615 2238 664 2272 τήν
679 2245 708 2262 τε
726 2236 854 2270 γλυκεῖαν
869 2244 914 2261 συ-

128 2285 190 2318 κῆν,
207 2285 253 2311 καὶ
268 2284 316 2319 τὴν
336 2283 511 2318 κατάκαρπον
533 2283 634 2316 ἐλαίαν,
653 2283 700 2308 καὶ
720 2282 764 2308 τὸν
783 2282 915 2316 ὑψίκομον

128 2330 246 2363 φοίνικα.
268 2330 315 2356 καὶ
336 2329 386 2364 τὴν
407 2329 571 2363 εὐθηνοῦσαν
593 2327 724 2362 ἄμπελον,
750 2327 787 2362 μὴ
813 2326 914 2361 θάμνον

129 2374 272 2407 ἀκανθώδη
290 2375 360 2407 τινὰ,
377 2374 442 2409 μηδὲ
457 2373 582 2406 κόνυζαν,
594 2373 661 2400 ἀλλὰ
674 2373 841 2408 κυπάρισσον
857 2371 914 2398 ἀντ’

129 2418 217 2445 αὐτῶν
234 2419 280 2445 καὶ
305 2419 445 2454 μυρσίνην.
469 2418 547 2445 Οὕτω
567 2418 620 2453 γὰρ
635 2417 680 2444 τὸν
695 2417 813 2443 τοιοῦτον
829 2416 914 2451 κῆπον

129 2461 198 2489 οἶδεν
212 2462 339 2497 ὡραΐζειν
353 2464 367 2488 ὁ
387 2463 473 2497 μέγας
488 2462 577 2494 Δαὸὶδ,
588 2463 635 2489 καὶ
647 2463 661 2488 ό
674 2461 773 2496 ὑψηλὸς
786 2457 913 2491 Ἠσαῒας·

131 2509 147 2536 ὁ
159 2509 206 2544 μὲν
215 2509 301 2541 λέγων
311 2516 318 2523 ·
335 2508 451 2541 Δίκαιος
459 2508 499 2540 ὡς
510 2507 609 2542 φοῖνιξ
619 2506 753 2540 ἀνθήσει·
765 2506 821 2537 καὶ,
843 2505 916 2540 Ἐγὼ

130 2554 165 2581 δὲ
180 2554 219 2586 ὡς
231 2553 316 2580 ἐλαία
330 2553 524 2586 κατάκαρπος·
538 2553 595 2584 καὶ,
605 2552 639 2579 Ἠ
649 2552 725 2587 γυνή
738 2560 795 2578 σου
810 2551 850 2584 ὡς
863 2551 916 2585 ἀμ-

130 2601 224 2631 πελος
245 2597 431 2631 εὐθηνοῦσα·
454 2597 499 2623 καὶ
522 2598 587 2632 παρ’
613 2597 698 2632 ἑτέρῳ
720 2597 774 2622 τινὶ
790 2595 916 2633 προφήτῃ

133 2644 311 2681 μακαρίξεται
325 2645 339 2670 ὁ
351 2643 478 2669 ὑποκάτω
492 2643 540 2677 τῆς
557 2643 640 2677 συκῆς
653 2643 701 2677 τῆς
717 2642 783 2672 ἰδίας
795 2643 916 2668 ἀναπαυ-

129 2691 235 2726 όμενος.
259 2689 328 2716 Ὀδὲ
348 2688 460 2721 Ἡσαΐας
472 2689 531 2715 ἀντὶ
554 2688 655 2723 θάμνου
677 2688 736 2722 μὲν,
754 2688 803 2721 τὴν
827 2686 914 2713 κυπά-

134 2744 222 2771 ρισσον
234 2744 240 2750 ·
260 2736 319 2762 ἀντὶ
330 2735 358 2762 δὲ
375 2735 491 2770 κονύζης
504 2734 553 2766 τὴν
571 2733 700 2769 μυρτίνην
717 2733 797 2768 φησὶν
813 2733 915 2767 ἀναδή-

165 2822 187 2837 ’τί
207 2822 292 2850 Galat.
310 2819 395 2855 “"22.
438 2822 459 2838 ⁸³
481 2821 552 2849 l‘sal.
573 2829 625 2852 vel,
650 2820 688 2846 [5.

733 2819 754 2834 υ
776 2818 848 2846 Psal.
861 2826 961 2851 curn,
977 2817 1020 2845 id.

968 2230 1064 2256 hortus
1080 2228 1193 2256 ﬂoridus
1208 2233 1233 2255 et
1246 2229 1314 2256 bene
1330 2229 1500 2264 germinans,
1513 2229 1634 2255 omnium
1650 2229 1756 2256 habens

967 2277 995 2303 in
1014 2283 1043 2303 se
1064 2275 1192 2302 arborum
1208 2275 1452 2309 pulchritudinem,
1481 2283 1579 2309 nempe
1599 2279 1626 2302 et
1648 2275 1755 2309 dulcem

968 2324 1060 2359 ticum,
1090 2327 1116 2350 et
1137 2321 1252 2349 fertilem
1278 2322 1377 2352 oleam,
1394 2325 1422 2348 et
1444 2321 1599 2348 alticomam
1624 2321 1755 2356 palmam,

968 2373 995 2397 et
1021 2368 1206 2396 abundantem
1233 2368 1329 2400 vitem,
1346 2375 1399 2394 non
1431 2367 1573 2401 spinosum
1598 2367 1754 2402 quempiam

969 2415 1080 2446 rubum,
1109 2421 1197 2448 neque
1223 2420 1355 2448 conyzam
1373 2421 1420 2440 seu
1446 2412 1618 2446 pulicariam,
1644 2412 1689 2440 sed
1707 2420 1755 2446 pro

968 2461 1009 2488 eis
1022 2467 1184 2495 cupressum
1203 2464 1230 2486 et
1247 2465 1377 2494 myrtum.
1394 2458 1440 2485 Sic
1457 2458 1529 2485 enim
1547 2459 1627 2484 talem
1647 2458 1754 2483 hortum

969 2509 1100 2534 decorare
1122 2506 1219 2537 novit,
1251 2509 1278 2532 et
1305 2512 1421 2539 magnus
1450 2504 1555 2533 David,
1580 2507 1606 2529 et
1632 2502 1757 2530 sublimis

969 2551 1062 2579 Isaias.
1081 2550 1127 2578 ille
1146 2550 1254 2585 quidem
1275 2549 1370 2577 dicens
1387 2558 1393 2576 :
1410 2548 1504 2575 Justus
1522 2553 1549 2574 ut
1570 2548 1658 2582 palma
1679 2547 1759 2582 ﬂum-

969 2598 1006 2624 bit
1021 2598 1063 2630 ἠς
1084 2601 1110 2624 et
1129 2606 1134 2624 :
1151 2596 1204 2631 Ego
1218 2600 1305 2622 autent
1324 2600 1449 2630 tanquam
1470 2595 1538 2621 (ιίίιά
1555 2593 1648 2628 [ε-ιὶίίδ
1660 2593 1701 2624 ⁸⁸;
1719 2597 1756 2622 "-

972 2643 1044 2669 Uxor
1060 2648 1105 2669 tua
1124 2643 1189 2669 sicut
1203 2641 1263 2668 vitis
1283 2639 1424 2666 abundans
1437 2639 1469 2665 “⁵.
1489 2638 1555 2666 Nam
1574 2643 1601 2665 et
1616 2638 1649 2664 ah
1666 2637 1758 2671 aliquo

970 2689 1023 2714 alio
1045 2688 1176 2722 propheta
1203 2687 1301 2713 beatus
1323 2685 1465 2720 judicatur
1488 2683 1603 2719 qui.sub
1630 2688 1678 2708 sua
1705 2680 1756 2708 ﬁcu

973 2733 1087 2765 quiescit
1101 2732 1134 2758 ’⁸.
1151 2731 1234 2758 Isaias
1256 2734 1346 2758 autem
1362 2729 1427 2757 dicit
1446 2729 1566 2755 futurum
1583 2731 1610 2754 ut
1624 2732 1673 2761 pro
1689 2726 1758 2753 ruho

1060 2818 1081 2833 ⁸⁵
1093 2817 1160 2844 ibid.
1175 2817 1200 2843 ὖ.

1240 2818 1260 2832 ἰδ
1275 2815 1357 2844 Mit-h.
1380 2823 1416 2848 Iv,
1431 2815 1457 2842 4,
