1984 3068
249 155 302 183 963

881 154 908 182 S.
930 153 1092 182 GREGOlill
1113 153 1259 181 NYSSENI

1827 155 1879 184 96!

249 214 360 251 quidem
376 220 536 248 cupressus,
555 219 606 247 pro
621 219 723 248 conyza
740 216 830 240 autem
855 212 949 240 ﬂoreat
965 220 1029 248 myr-

1092 212 1192 238 σεε-θαι.
1209 213 1250 239 Τὰ
1266 213 1294 239 δὲ
1308 212 1367 239 καθ’
1380 213 1492 240 ἕκαστον
1509 213 1569 248 περὶ
1583 213 1636 240 τῶν
1651 213 1765 248 δένδρων
1776 214 1879 242 τούτων

248 268 293 289 tus
306 262 340 287 ⁸⁷.
356 260 470 296 Singula
491 263 581 286 autem
603 259 636 286 de
650 258 693 286 liis
721 259 865 287 arboribus
880 259 1035 294 enigmata,

249 315 309 342 qua:
326 306 406 333 nobis
422 310 533 332 ostensa
560 304 661 332 fuerint
682 312 698 332 a
714 305 867 340 prophetia,
885 304 968 332 fuerit
988 312 1036 331 su-

249 358 448 386 pervacaneum
467 353 595 377 accurate
609 356 755 384 exponere,
770 356 832 375 cum
857 349 894 375 sit
909 349 1038 376 omnibus

251 398 439 430 perspicuutn,
450 395 514 429 quis
531 395 567 421 sit
584 394 677 421 suavis
690 394 796 420 fructus
813 393 891 425 ﬁcus,
907 400 940 420 ex
954 401 1038 421 succo

249 442 384 469 acerrimo
410 444 576 472 maturatus,
606 440 651 474 qtti
683 440 717 466 ab
750 439 828 466 initio
854 439 962 473 quidem
995 442 1038 466 est

249 495 361 515 amarus
377 492 404 514 et
419 486 531 514 tttinime
543 487 711 518 esculentus,
729 491 822 520 postea
844 491 933 512 autem
948 485 1037 513 dulcis

247 533 356 561 fructus
379 531 510 564 effectus,
533 539 632 559 sensus
658 532 755 558 animae
777 531 859 558 allicit
880 531 1035 558 dulcedine.

248 579 319 612 Quid
334 583 423 606 autem
439 578 519 606 nobis
538 578 644 605 confert
659 578 814 612 procreatio
837 577 942 605 fructus
971 577 1037 604 olea:

248 633 299 659 per
318 625 482 652 acerrimum
501 627 528 651 et
555 623 759 650 amarissimum
786 631 910 655 succum,
929 623 976 657 qui
1004 623 1038 650 ab

249 669 327 696 initio
343 669 369 696 in
386 677 419 696 eo
432 669 524 701 alitur,
541 673 634 703 postea
656 673 745 695 autem
764 675 813 702 per
828 668 1036 695 convenientem

249 715 461 742 maturationem
488 719 515 742 et
544 715 679 741 culturam
709 718 831 741 mutatur
857 714 884 740 in
913 719 1036 741 naturam

249 760 326 787 olei?
341 761 413 795 quod
436 760 464 786 fit
483 760 553 787 lucis
569 760 694 791 materia,
713 764 818 787 recreat
834 759 1036 790 lassitudinem,

249 807 354 834 relaxat
370 806 502 839 laborem,
515 811 598 841 caput
628 806 774 836 exhilarat,
789 809 816 832 et
832 805 864 831 ad
887 805 1036 832 certamina

248 859 327 885 opem
343 851 395 878 fert
411 852 444 878 iis
457 852 503 886 qui
518 854 625 878 certant
638 851 780 885 legitime?
791 850 932 883 Quomodo
946 854 1035 877 autcttt

248 897 330 923 ellicit
350 897 452 931 palma,
482 900 510 922 ut
532 896 650 922 fructtttu
683 904 761 937 suum
789 896 863 922 fures
890 895 1036 922 ditliciliter

248 943 456 978 aggrediantur,
484 946 512 968 ut
539 947 599 976 qute
624 949 686 968 eum
717 946 847 975 tanquam
876 940 1035 968 thesaurum

247 996 358 1017 sursum
375 988 515 1020 recondat,
532 995 582 1014 nec
595 988 716 1014 vicinum
737 991 816 1014 terrm
832 994 894 1013 eum
913 986 993 1019 ferat,
1009 991 1036 1013 et

247 1034 311 1060 vitis
320 1038 361 1061 est
373 1034 458 1068 gratia
469 1040 499 1059 ac
511 1032 604 1064 decor,
617 1038 714 1067 estque
726 1031 865 1059 odorifera
876 1039 1034 1066 cupressus,

247 1083 274 1106 et
290 1083 333 1106 est
350 1080 430 1114 myrti
445 1079 587 1106 suavitas?
610 1078 672 1105 llaec
692 1077 783 1104 omnia
798 1085 846 1112 per
867 1078 1037 1112 contempla»

248 1124 350 1151 tionem
382 1124 513 1158 tropicam
542 1123 575 1150 ad
604 1124 712 1156 virtutis
742 1122 867 1149 traducta
890 1123 1034 1154 rationem,

246 1170 358 1197 evidens
374 1173 416 1196 est
433 1169 566 1196 omnibtts
580 1169 719 1207 sapienter
734 1168 922 1198 audientibus.
953 1176 1036 1203 quor-

247 1223 308 1242 sum
323 1220 456 1250 speclent.
476 1215 639 1249 llujusmodi
653 1219 694 1241 est
708 1222 772 1249 ergo
784 1214 913 1240 arborum
926 1214 1033 1245 hortus,

246 1261 292 1295 qui
309 1261 377 1288 bene
396 1261 540 1295 germinat.
558 1264 585 1287 et
599 1264 641 1287 est
655 1260 722 1286 bene
735 1259 867 1291 consitus,
880 1263 906 1286 et
923 1259 1035 1285 manda-

247 1309 337 1332 torum
361 1305 429 1331 vallo
452 1305 525 1331 omni
542 1312 575 1330 cx
592 1309 669 1338 parte
684 1305 816 1333 munitus,
834 1307 863 1329 ιιι
880 1303 987 1330 furibus
1006 1307 1034 1330 et

247 1349 343 1376 bestiis
374 1349 478 1375 nullttut
509 1349 541 1374 ad
567 1356 596 1374 se
622 1349 742 1382 prmbeat
760 1347 874 1373 aditum.
905 1347 971 1373 Nam
987 1348 1033 1382 qtti

247 1394 438 1420 mandatorum
454 1394 513 1428 Sepi
529 1398 571 1420 est
585 1394 660 1419 omni
682 1401 714 1420 ex
736 1397 814 1427 parte
834 1392 1031 1423 circumdatus,

247 1440 318 1466 adiri
334 1447 387 1466 non
403 1443 493 1474 potest
510 1447 523 1465 a
541 1439 599 1465 fero
617 1439 759 1473 singulari,
777 1445 826 1465 nec
835 1446 896 1465 eutn
909 1437 1033 1473 depascit

245 1493 277 1512 ac
298 1486 445 1520 populatur
460 1492 525 1519 aper
539 1492 570 1511 ex
587 1485 664 1511 silva.
693 1484 722 1511 Si
739 1485 875 1519 quispiam
899 1493 963 1518 ergo
990 1491 1030 1511 est

245 1531 343 1558 hortus
367 1531 444 1564 isque
460 1530 594 1561 munitus,
618 1530 641 1556 is
659 1530 688 1556 fit
712 1537 790 1556 soror
805 1534 832 1557 et
853 1538 953 1564 sponsa
972 1531 1030 1564 ejus

244 1576 290 1611 qui
308 1575 377 1603 dixit
397 1576 459 1602 huic
475 1576 572 1602 anima-
589 1583 594 1600 :
616 1574 650 1602 Es
673 1575 764 1602 hortus
782 1575 932 1606 conclusus,
955 1585 1031 1602 soror

244 1630 302 1648 mea
317 1630 424 1656 sponsa.

280 1666 333 1694 Sed
346 1667 480 1700 ejusmodi
501 1667 580 1694 horto
593 1674 662 1701 opus
678 1671 720 1694 est
732 1667 813 1693 etiam
831 1666 915 1698 fonte,
932 1671 960 1694 ut
977 1675 1030 1694 ma-

243 1716 307 1740 neat
320 1721 415 1740 nemus
426 1712 525 1740 ﬂorens
540 1721 571 1739 ac
580 1713 649 1740 bene
660 1714 826 1747 germinans,
836 1720 905 1748 aqua
917 1714 1029 1748 perenni

243 1759 404 1794 irrigatum;
431 1762 573 1793 propterea
599 1759 625 1785 in
651 1759 777 1786 laudibus
800 1759 880 1786 horto
906 1759 1029 1793 adjunxit

242 1803 356 1835 fontem,
375 1803 468 1830 dicetis
482 1813 487 1829 :
513 1803 612 1829 Hortus
627 1804 775 1834 conclusus,
790 1804 849 1837 [ous
866 1803 1026 1838 obsignalus.

242 1849 336 1876 Fontis
353 1854 441 1876 autem
459 1850 589 1876 rationem
609 1857 655 1883 per
668 1850 783 1884 aenigma
802 1857 851 1876 nos
863 1850 942 1876 docet
961 1850 1028 1876 Pru-

242 1895 376 1927 verbiuttt,
398 1903 459 1921 cum
481 1895 566 1921 dicit:
590 1893 662 1921 Fons
678 1903 753 1930 aqua:
777 1896 810 1921 sit
825 1895 919 1928 dulcis,
947 1901 970 1922 et
993 1896 1027 1922 sit

242 1939 290 1966 tibi
312 1940 373 1970 soli,
400 1948 479 1974 neque
495 1941 566 1966 ullus
591 1941 690 1967 alienus
705 1941 761 1974 ejus
779 1941 813 1967 sit
836 1946 918 1968 letum
941 1942 1027 1974 πληγή·

241 1994 300 2020 σερε
312 1985 345 2012 ⁸³.
361 1985 503 2018 Quomodo
518 1986 589 2012 enim
607 1986 661 2012 illic
677 1986 812 2020 prohibet,
830 1994 863 2013 ne.
881 1986 907 2013 in
923 1987 1026 2014 alienos

241 2036 419 2058 consumatur
443 2039 512 2065 aqua
537 2031 632 2062 fontis,
656 2031 690 2057 ita
710 2031 754 2057 hic
782 2035 898 2058 testatur
924 2032 1025 2059 fontem

241 2076 353 2103 minime
377 2076 478 2102 elTuudi
508 2076 534 2102 in
562 2076 674 2106 alienos,
705 2076 830 2107 dicendo,
859 2076 1024 2112 obsignatas,

240 2121 312 2156 quod
333 2121 444 2155 perinde
462 2125 503 2148 est
525 2128 556 2148 ac
575 2121 598 2147 si
616 2121 702 2152 dicas,
718 2122 881 2149 custoditus.
897 2122 962 2150 Tale
984 2128 1026 2150 est

240 2170 329 2193 autem
350 2166 423 2201 qttod
443 2166 561 2194 dicitur:
578 2165 659 2197 Fons.
683 2174 740 2193 mea
756 2167 864 2201 quidem
880 2169 1023 2202 sententia,

239 2211 348 2246 proprie
363 2212 520 2238 nominatur
535 2212 680 2246 cogitatira
703 2217 803 2239 nostra:
825 2213 921 2240 anima:
940 2213 1025 2240 facul-

239 2261 292 2289 tas,
310 2265 370 2291 qum
382 2265 461 2284 omne
480 2265 566 2292 genus
582 2257 806 2284 ratiocinationes
822 2258 847 2284 itt
862 2259 941 2286 nobis
957 2259 1023 2286 facit

237 2306 343 2329 scatere
361 2307 387 2329 et
399 2310 536 2330 emanare.
556 2302 607 2329 Sed
626 2307 692 2329 tunc
710 2307 803 2330 noster
819 2303 846 2330 lit
870 2308 958 2330 tnottts
974 2311 1021 2330 co-

237 2348 387 2382 gitationis,
407 2349 516 2382 quando
536 2349 626 2376 omnis
643 2354 735 2375 nostra
758 2353 882 2376 movetur
899 2349 1022 2383 operatio

237 2393 270 2419 ad
284 2401 316 2420 ea
333 2401 392 2428 qua:
411 2398 474 2420 sunt
488 2393 568 2420 nobis
583 2394 774 2426 conducibilia,
787 2400 813 2421 et
829 2395 961 2421 honorum
975 2403 1022 2422 ex-

237 2439 312 2466 hibet
339 2440 563 2473 procreationem.
598 2438 714 2472 Quando
739 2444 828 2467 autem
856 2440 1023 2466 converterit

236 2484 372 2519 quispiam
390 2485 583 2519 cogitationum
608 2486 796 2520 operationem
815 2485 848 2511 ad
862 2486 1020 2520 excogitan-

236 2530 301 2557 dum
315 2530 420 2562 vitium,
440 2535 504 2557 tttttc
521 2531 549 2557 in
567 2531 670 2558 alienos
686 2531 857 2557 consumitur
868 2530 998 2557 ﬂuentum
1012 2539 1019 2555 τ

236 2577 304 2604 adeo
322 2581 352 2603 ut
367 2577 435 2604 bene
455 2577 542 2603 alatur
559 2577 668 2612 quidem
685 2577 796 2611 spinosa
817 2577 882 2604 vita.
907 2577 1019 2612 irrigata

234 2630 286 2658 ope
315 2623 446 2649 malarum
470 2623 677 2657 cogitationum,
704 2624 856 2649 exsiccetur
882 2626 972 2650 autem
993 2628 1020 2650 et

235 2673 386 2696 marcescat
404 2669 500 2696 melior
524 2669 625 2703 planta.
648 2669 724 2696 nullo
748 2668 861 2695 humore
886 2669 1018 2696 bonarum

234 2714 429 2749 cogitationum
458 2715 594 2741 nutriente
625 2714 754 2741 radicem.
784 2713 918 2747 Quoniam
951 2722 1018 2749 ergo

234 2759 403 2794 signaculum
416 2759 439 2787 ei
457 2759 529 2794 quod
548 2766 594 2794 per
611 2759 699 2793 ipsum
719 2759 882 2790 custoditur,
902 2760 953 2787 hoc
967 2760 1018 2786 do-

285 2849 308 2864 "
324 2848 376 2876 lsa.
396 2857 439 2881 LV.
454 2849 495 2876 15.
537 2850 559 2865 ⁸⁸
576 2848 656 2876 Prov.
679 2858 705 2881 γ,
721 2849 762 2877 l7.

1090 259 1249 293 αἰνίγματα,
1261 259 1315 285 τῶν
1330 259 1382 285 ὑπὸ
1391 259 1440 294 τῆς
1452 259 1619 296 προφητείας
1630 260 1695 294 ἡμῖν
1707 258 1878 294 ὐποδειχθέν-

1087 313 1141 330 των
1158 305 1294 340 παρέλκον
1312 305 1345 332 ἂν
1366 305 1408 341 είη
1423 306 1458 332 δι’
1471 305 1613 340 ἀκριὸείας
1629 305 1794 343 ἐκτίθεσθαι,
1809 314 1878 341 προ-

1086 349 1166 384 δήλου
1185 350 1266 376 πᾶσιν
1280 349 1364 381 δντος,
1382 350 1425 381 τίς
1441 350 1491 384 μὲν
1510 350 1524 376 ὁ
1538 349 1640 384 γλυκὺς
1656 348 1706 384 τῆς
1721 349 1805 384 συκῆς
1822 349 1879 375 ἐστι

1088 394 1203 429 καρπὸς,
1225 395 1239 420 δ
1258 392 1290 421 ἐκ
1305 395 1352 421 τοῦ
1367 395 1532 430 δριμυτάτου
1549 394 1617 421 ὀποῦ
1635 394 1849 430 πεπαινόμενος,
1862 395 1878 421 ὁ

1088 440 1147 466 κατ’
1169 440 1256 476 ἀρχὰς
1276 440 1325 475 μὲν
1340 441 1439 475 πικρός
1456 449 1486 467 τε
1504 440 1551 467 καὶ
1571 440 1703 475 ᾶὸρωτος,
1719 439 1832 476 ὕστερον
1850 440 1878 467 δὲ

1088 483 1192 518 καρπὸς
1208 484 1345 519 εἱρηλικὸς
1363 485 1519 520 γινόμενος,
1541 485 1588 511 καὶ
1603 484 1829 519 καταγλυκαίνων
1846 486 1879 513 τὰ

1087 531 1136 566 τῆς
1153 532 1242 567 ψυχῆς
1259 533 1434 568 αἰσθητήρια.
1449 532 1481 558 Τί
1496 532 1524 559 δὲ
1542 533 1609 568 ἡμῖν
1623 533 1670 559 καὶ
1689 533 1705 568 ἠ
1719 533 1770 567 τῆς
1786 533 1877 565 έλαίας

1088 577 1254 612 καρπογονία
1270 577 1410 613 χαρίζεται
1427 578 1470 605 διὰ
1483 578 1529 604 τοῦ
1544 579 1708 613 δριμυτάτου
1727 587 1756 605 τε
1773 579 1820 605 καὶ
1833 588 1876 606 πι-

1088 621 1218 656 κροτάτου
1246 621 1346 656 χυμοῦ,
1370 622 1417 649 τοῦ
1434 624 1494 649 κατ’
1516 623 1602 658 ἀρχὰς
1626 623 1823 658 ὲντρεφομένου
1843 627 1876 659 τῇ

1087 666 1191 702 ὀπώρᾳ,
1211 667 1278 701 μετὰ
1297 666 1384 693 ταῦτα
1403 667 1447 694 διὰ
1464 668 1514 703 τῆς
1536 667 1701 702 καταλλήλου
1718 668 1876 700 πεπάνσεὼς

1087 718 1116 735 τε
1137 710 1184 736 καὶ
1200 710 1335 745 γεωργίας
1358 712 1397 741 είς
1420 711 1510 737 ἐλαίου
1535 711 1740 746 μεταϐάλλουσα
1757 712 1848 746 φύσιν,
1863 712 1877 739 δ

1087 755 1133 781 τοῦ
1150 755 1238 789 φωτὸς
1253 755 1356 790 γίνεται
1373 755 1421 791 ὕλη
1435 777 1442 788 ,
1464 757 1510 783 καὶ
1524 757 1654 792 καμάτων
1669 757 1806 793 λυτήριον,
1829 759 1876 784 καὶ

1087 800 1176 827 πόνων
1189 801 1290 832 ἄνεσις,
1308 802 1354 828 καὶ
1369 802 1490 836 κεφαλῆς
1503 803 1657 838 φαιδρότης.
1674 803 1720 829 καὶ⁴
1734 803 1801 838 πρὸς
1815 804 1876 835 τοὺς

1087 846 1194 880 ἀγῶνας
1209 847 1265 878 τοῖς
1279 847 1401 882 νομίμως
1415 847 1523 874 ἀολοῦσι
1541 849 1686 883 συνεργία;
1700 849 1762 880 Πῶς
1772 849 1800 875 δὲ
1810 849 1876 876 δυσ-

1094 892 1266 927 επιχείρητον
1290 892 1386 918 ἑαυτοῦ
1407 893 1512 928 καρπὸν
1541 895 1614 920 ποιεῖ
1631 895 1688 924 τοῖς
1711 893 1840 925 κλέπταις
1861 894 1876 920 ὸ

1088 937 1184 971 φοῖνιξ,
1198 938 1300 965 ἀνωθεν
1320 938 1491 973 θησαυρίζων
1503 960 1509 971 ,
1527 940 1573 966 καὶ
1591 939 1651 974 οὐχὶ
1668 939 1811 974 πρόσγειον
1826 940 1875 966 αύ-

1087 981 1132 1008 τὸν
1151 982 1274 1017 ἐκφέρων
1285 1003 1292 1014 ,
1306 983 1360 1017 ῆτε
1371 984 1417 1010 τοῦ
1433 984 1553 1018 ἀμπέλου
1571 985 1665 1019 χάρις,
1682 985 1728 1011 καὶ
1742 986 1758 1020 ἡ
1774 985 1874 1019 εὐώδης

1087 1027 1265 1062 κυπάρισσος,
1281 1028 1328 1054 καὶ
1344 1028 1374 1054 τὸ
1387 1028 1436 1063 ἡδὺ
1450 1029 1501 1063 τῆς
1515 1030 1661 1065 μυρσίνηςι
1678 1030 1770 1056 Ταῦτα
1789 1031 1874 1057 πάντα

1087 1072 1130 1098 διὰ
1154 1073 1286 1108 τροπικῆς
1309 1073 1424 1108 θεωρίας
1446 1074 1514 1109 πρὸς
1529 1075 1576 1100 τὸν
1589 1075 1648 1101 κατ’
1667 1075 1767 1110 ἀρετὴν
1790 1084 1874 1102 κατα-

1087 1118 1221 1152 ληφθέντα
1243 1118 1331 1152 λόγον,
1345 1119 1465 1154 πρόδηλα
1483 1120 1563 1146 πᾶσίν
1583 1121 1640 1146 ἐστι
1665 1122 1721 1152 τοῖς
1743 1121 1874 1156 νουνεχῶς

1087 1165 1210 1190 ἐπαΐουσι
1235 1165 1302 1200 πρὸς
1316 1165 1330 1192 ὃ
1343 1173 1368 1191 τι
1383 1165 1485 1200 βλέπει.
1506 1165 1611 1193 Οὐκοῦν
1632 1167 1646 1192 ό
1669 1167 1797 1193 τοιούτων
1816 1167 1873 1194 δέν-

1085 1210 1154 1244 δρων
1171 1210 1256 1245 κῆπος
1272 1211 1390 1244 γεγονὼς
1405 1211 1519 1245 εὐθαλὴς
1534 1211 1579 1238 καὶ
1593 1211 1756 1246 κατάρρυτος,
1771 1213 1817 1239 καὶ
1833 1213 1873 1248 τῷ

1085 1255 1137 1281 τῶν
1159 1255 1274 1281 ἐντολῶν
1296 1256 1380 1291 ἐρκίῳ
1404 1256 1571 1288 πανταχόθεν
1592 1257 1809 1292 ἠσφαλισμένος,
1835 1258 1874 1290 ὡς

1086 1302 1220 1336 μηδεμίαν
1234 1302 1294 1328 καθ’
1308 1302 1404 1328 ἑαυτοῦ
1419 1303 1569 1337 παρασχεῖν
1583 1302 1622 1337 τῷ
1638 1303 1740 1338 κλέπτῃ
1756 1304 1802 1330 καὶ
1816 1305 1872 1335 τοῖς

1083 1347 1187 1382 θηρίοις
1207 1347 1256 1382 τὴν
1278 1347 1404 1382 πάροδον.
1427 1348 1456 1374 Ὀ
1473 1347 1526 1382 γὰρ
1542 1348 1572 1374 ὲν
1587 1347 1678 1383 κύκλῳ
1696 1348 1736 1384 τῷ
1752 1349 1872 1384 φραγμῷ

1083 1392 1134 1418 τῶν
1146 1393 1259 1419 ἐντολῶν
1272 1393 1471 1428 διειλημμένος,
1486 1394 1649 1426 ἀνεπίσατός
1662 1395 1719 1421 ἐστι
1734 1395 1772 1430 τῷ
1786 1395 1870 1431 μονιῷ

1081 1439 1120 1473 τῷ
1137 1439 1234 1474 ἀγρίῳ,
1251 1439 1297 1466 καὶ
1311 1441 1325 1466 ὁ
1342 1440 1373 1465 ἐκ
1385 1440 1432 1466 τοῦ
1448 1440 1549 1475 δρυμοῦ
1565 1440 1646 1467 αὑτὸν
1655 1438 1687 1473 ὗς
1700 1442 1729 1467 οὐ
1745 1442 1873 1477 λυμαίνε-

1082 1493 1135 1510 ται.
1158 1485 1190 1511 Εἴ
1204 1494 1245 1516 τις
1257 1485 1346 1512 τοίνυν
1361 1486 1448 1520 κῆπός
1463 1487 1519 1512 ἐστι
1537 1487 1584 1513 καὶ
1599 1487 1808 1522 ἦσφαλισμένος.
1825 1485 1872 1515 οὖ-

1082 1538 1127 1562 τος
1145 1530 1244 1566 ἀδελφὴ
1256 1531 1302 1557 καὶ
1312 1531 1403 1566 νύμφη
1419 1531 1522 1565 γίνεται
1545 1533 1592 1559 τοῦ
1605 1533 1673 1568 πρὸς
1686 1533 1734 1568 τὴν
1743 1533 1872 1568 τοιαύτην

1082 1577 1203 1608 εἰπόντος
1220 1577 1326 1613 ψυχήν·
1344 1578 1383 1604 ὅτι
1398 1577 1500 1612 Κῆπος
1517 1579 1739 1612 κεκλεισμένος,
1755 1579 1871 1613 ἀδελφή

1078 1631 1137 1656 μου
1150 1623 1260 1656 νύμφη.

1121 1667 1200 1693 Ἀλλὰ
1223 1666 1261 1701 τῷ
1281 1668 1360 1702 κήπῳ
1389 1667 1492 1702 τούτῳ,
1513 1668 1559 1694 καὶ
1583 1669 1674 1703 πηγῆς
1694 1669 1751 1694 ἐστι
1772 1669 1867 1704 χρεία,

1079 1711 1116 1743 ὡς
1137 1712 1169 1738 ἂν
1188 1712 1298 1744 εὐθαλὲς
1318 1713 1441 1748 διαμένοι
1466 1713 1496 1740 τὸ
1515 1713 1594 1744 ἄλσος
1607 1733 1614 1744 ,
1643 1713 1683 1748 τῷ
1704 1714 1779 1740 ὕδατι
1802 1715 1872 1750 πρὸς

1079 1758 1109 1783 τὸ
1150 1758 1273 1793 διηνεκὲς
1308 1760 1498 1794 πιαινόμενον·
1534 1759 1577 1785 διίι
1616 1759 1694 1786 τοῦτο
1728 1760 1870 1794 συνέζευξε

1078 1805 1133 1835 τοῖς
1148 1804 1269 1835 ἐπαίνοις
1283 1804 1332 1840 τὴν
1346 1805 1437 1839 πηγὴν
1448 1804 1486 1839 τῷ
1500 1805 1589 1839 κήπῳ,
1606 1804 1699 1832 εἰπών·
1710 1806 1750 1831 ὅτι
1766 1805 1870 1840 Κῆπος

1079 1849 1300 1885 κεκλεισμένος,
1308 1850 1389 1884 πηγὴ
1399 1851 1632 1885 ἐσφραγισμένη.
1645 1851 1697 1878 Τὸν
1703 1850 1731 1877 δὲ
1742 1852 1806 1886 περὶ
1817 1852 1869 1887 τῆς

1080 1895 1169 1930 πηγῆς
1187 1894 1265 1928 λόγον
1282 1895 1298 1930 ἡ
1315 1895 1450 1930 Παροιμίαι
1466 1895 1585 1922 διδάσκει
1601 1896 1675 1930 ἡμᾶς
1694 1896 1727 1922 δι’
1742 1897 1870 1931 αἰνίγμα-

1077 1948 1132 1971 τος,
1148 1940 1176 1966 ὲν
1194 1937 1234 1972 οἷς
1249 1948 1348 1975 φησιν’
1370 1940 1402 1967 Ἡ
1418 1940 1498 1974 πηγὴ
1520 1940 1573 1967 τοῦ
1595 1940 1704 1974 ὕδατος
1723 1941 1800 1968 ἔστω
1815 1940 1870 1968 σοι

1077 1985 1171 2019 ἡδεῖα,
1185 1986 1233 2012 καὶ
1247 1986 1324 2012 ἔστω
1341 1986 1391 2012 σοὶ
1410 1987 1509 2021 μόνῳ,
1522 1986 1571 2012 καὶ
1587 1986 1694 2020 μήδεὶς
1709 1987 1868 2021 ἀλλότριος

1074 2031 1246 2065 μετασχέτω
1258 2039 1317 2058 σοι.
1339 2031 1383 2063 Ὠς
1399 2032 1453 2067 γὰρ
1470 2033 1529 2058 ἐκεῖ
1538 2031 1636 2058 κωλύει
1647 2034 1702 2064 τοῖς
1715 2032 1865 2068 ἀλλοτρίοις

1076 2077 1275 2104 ὲνδαπανᾶσθαι
1288 2077 1338 2112 τῆς
1353 2078 1445 2113 πηγῆς
1461 2077 1491 2104 τὸ
1504 2077 1586 2113 ὕδωρ,
1604 2078 1690 2110 οὕτως
1703 2079 1820 2105 ἐνταῦθα
1835 2079 1866 2106 τὸ

1077 2122 1202 2158 μηδαμοῦ
1227 2123 1376 2158 διαχεῖσθαι
1409 2123 1477 2158 πρὸς
1502 2123 1661 2158 ἀλλοτρίους
1686 2124 1736 2157 τὴν
1761 2125 1864 2159 πηγὴν,

1077 2169 1209 2203 μαρτυρεί
1222 2168 1265 2194 διὰ
1282 2168 1330 2193 τοῦ
1349 2168 1435 2194 εἰπεῖν
1449 2168 1489 2193 ὄτι
1517 2167 1771 2202 Ἑσφραγισμένη,
1796 2169 1866 2203 ὅπερ

1039 2214 1063 2244 1)
1077 2212 1133 2238 ἴσον
1143 2213 1201 2239 ἐστὶ
1219 2212 1258 2248 τῷ
1273 2213 1370 2244 εἰπεῖν,
1386 2213 1426 2239 ὅτι
1439 2213 1650 2248 Πεφυλαγμένη·
1665 2213 1696 2239 τὸ
1711 2213 1740 2239 δὲ
1755 2213 1866 2248 λεγόμε-

1077 2267 1130 2289 νον,
1145 2258 1264 2284 τοιοῦτόν
1276 2259 1334 2284 ἐστι
1345 2267 1352 2274 ·
1361 2258 1438 2294 Πηγὴ
1451 2258 1553 2294 κυρίως
1566 2259 1779 2294 κατονομάζεται
1794 2261 1865 2286 κατά

1076 2312 1106 2337 γε
1130 2303 1174 2329 τὸν
1198 2304 1262 2338 ἐμὸν
1283 2304 1371 2338 λόγον,
1399 2305 1415 2339 ἡ
1432 2304 1587 2339 διανοητικὴ
1606 2304 1656 2339 τῆς
1672 2304 1761 2338 ψυχῆς
1783 2304 1864 2339 ἡμῶν

1076 2349 1197 2384 δύναμις,
1216 2351 1231 2385 ἠ
1250 2351 1392 2381 παντοίους
1409 2350 1554 2385 λογισμοὺς
1570 2350 1598 2376 ὲν
1618 2350 1684 2384 ἡμῖν
1702 2349 1821 2384 βρύουσά
1833 2359 1864 2376 τε

1076 2395 1121 2421 καὶ
1138 2395 1308 2430 πηγὰζουσα.
1342 2395 1422 2422 Ἀλλὰ
1447 2395 1507 2422 τότε
1534 2395 1667 2430 ἡμέτερον
1691 2394 1792 2428 γίνεται
1812 2395 1864 2430 τῆς

1072 2439 1191 2471 διανοίας
1202 2441 1232 2466 τὸ
1252 2440 1365 2475 κίνημα,
1383 2440 1447 2466 ὅταν
1468 2439 1536 2475 πρὸς
1554 2439 1588 2465 τὰ
1605 2439 1775 2474 συμφέροντα
1793 2440 1862 2474 ἡμῖν

1073 2485 1190 2520 κινῆται,
1206 2486 1295 2512 πᾶσαν
1309 2486 1374 2520 ἡμῖν
1387 2485 1531 2521 συνεργίαν
1548 2485 1616 2520 πρὸς
1631 2484 1678 2520 τὴν
1695 2485 1789 2519 κτῆσιν
1803 2485 1861 2511 τῶν

1073 2530 1181 2565 ἀγαθῶν
1198 2531 1392 2566 παρεχόμενον.
1408 2530 1492 2557 Ὅταν
1515 2530 1543 2556 δέ
1558 2539 1599 2562 τις
1613 2530 1698 2566 τρέψῃ
1713 2530 1767 2557 τῶν
1787 2530 1862 2565 λογι-

1073 2576 1150 2610 σμῶν
1161 2577 1210 2611 τὴν
1225 2576 1363 2611 ἐνέργειαν
1383 2575 1450 2611 πρὸς
1464 2575 1562 2607 κακίας
1576 2575 1707 2606 ἐπίνοιαν,
1720 2575 1782 2601 τότε
1802 2577 1862 2608 τοῖς

1069 2622 1218 2656 ἀλλοτρίοις
1229 2621 1409 2648 ἐνδαπανᾶται
1424 2621 1454 2647 τὸ
1467 2621 1572 2656 ῥεῖθρον
1582 2629 1588 2635 ·
1599 2620 1636 2652 ὡς
1651 2621 1791 2655 εὐτροφεῖν
1806 2620 1858 2656 μὲν

1068 2668 1113 2693 τὸν
1136 2666 1278 2702 ἀκανθὼδη
1304 2667 1360 2702 βίον
1378 2669 1410 2703 τῇ
1438 2666 1580 2702 συμμαχίᾳ
1596 2666 1650 2692 τῶν
1669 2665 1796 2700 πονηρῶν
1813 2666 1859 2696 λο-

1068 2713 1175 2748 γισμῶν
1192 2713 1401 2748 καταρδόμενον,
1426 2711 1655 2747 ἀποξηραίνεσθαι
1679 2711 1705 2738 δὲ
1734 2712 1780 2738 καὶ
1807 2720 1861 2745 μα-

1069 2757 1205 2794 ραίνεσθαι
1216 2757 1265 2792 τὴν
1278 2758 1392 2794 κρείττω
1404 2758 1515 2792 φυτείαν
1540 2756 1674 2792 μηδεμιᾶς
1687 2757 1735 2792 τῆς
1748 2756 1777 2789 ἐξ
1790 2756 1862 2790 ἁγα-
