1984 3068
244 126 300 155 967

855 123 885 150 S.
913 123 1075 151 GREGORII
1095 122 1240 150 NYSSE‘NI

1823 121 1868 149 968

247 183 380 211 bonorum
395 188 455 216 quae
474 181 501 207 in
515 180 567 207 hoc
582 180 642 207 loco
660 179 711 207 sita
728 184 801 212 sunt,
821 179 908 215 iisque
924 180 1033 207 minime

1086 181 1229 216 φθείημεν,
1244 179 1278 206 δι’
1292 180 1389 213 ὀλίγων
1400 178 1485 212 λόγων
1498 178 1535 213 τῷ
1546 178 1617 212 λόγῳ
1632 179 1811 213 προσάξομεν,
1826 182 1867 208 αὖ-

247 230 381 259 lruamur,
406 227 502 262 paucis
521 226 683 253 accedemus
704 226 738 252 ad
753 229 908 253 contextum
932 226 1035 253 oratio-

247 282 301 305 nis.
331 275 389 308 ipso
409 273 463 300 Deo
492 272 582 300 Verbo
610 272 741 303 adhibito,
770 277 800 299 ut
820 272 854 299 sit
871 272 926 299 dux
950 273 1035 299 nostri

247 319 330 346 studii
357 327 388 346 ac
403 319 559 353 diligentiae.
582 317 733 345 Universus
758 318 879 350 laudum,
905 318 952 352 qui
975 321 1037 344 ante

246 365 337 391 dictus
353 363 414 394 fuit,
435 364 587 397 catalogus,
603 367 630 390 et
645 371 705 397 quae
718 371 791 390 nunc
803 363 837 390 de
853 363 912 397 ipsa
925 362 1037 389 adduxit

246 409 346 440 oratio,
362 416 416 435 non
434 408 560 435 videntur
577 408 677 435 intueri
695 409 830 442 praecipue
846 409 878 434 ad
890 407 1035 442 quamdam

247 455 348 482 nudam
369 462 402 480 ac
416 455 502 481 solam
524 454 716 484 laudationem,
741 455 787 482 sed
806 462 854 488 per
869 461 900 481 ea
916 462 976 488 qum
995 454 1037 481 di-

247 505 359 530 cuntur,
373 500 425 526 vim
438 499 584 533 quamdam
599 506 630 525 ac
644 499 773 526 virtutem
784 499 890 531 atl‘erre,
906 507 936 526 ac
946 500 1036 534 cordis

246 553 391 572 ascensum
409 546 441 572 ad
459 553 489 572 ea
506 553 566 580 qua:
580 550 644 572 sunt
659 546 762 579 majora
779 551 805 572 et
820 546 980 578 excelsiora,
999 551 1037 573 ιιι-

247 595 310 626 pote
326 591 484 617 nominatur
496 598 576 617 soror
593 595 620 617 et
637 599 736 625 sponsa
756 590 848 623 Verbi,
866 591 913 618 sed
932 595 1037 618 utrum-

246 645 301 670 que
325 637 421 663 horum
446 637 586 662 nominum
611 643 742 670 sponsam
758 636 899 671 conjungit
923 645 1035 671 sponso,

248 690 356 717 sponsae
369 682 478 717 quidem
493 681 692 716 significatione
704 690 775 713 eam,
791 687 821 709 ut
838 683 959 709 nominat
971 683 1037 710 Pau-

248 727 290 754 lus
302 727 336 758 ⁸³,
354 727 471 754 faciente
488 728 711 762 eoncorporalem
727 735 838 763 sponso,
854 729 900 763 qui
916 736 970 755 non
987 737 1035 763 po-

248 776 300 799 test
313 773 464 807 corrumpi,
485 776 512 800 et
529 773 555 799 in
573 782 652 808 quem
669 781 721 800 non
735 774 808 800 cadit
821 775 961 801 interitus:
980 779 1035 802 stu-

248 818 293 844 dio
308 822 398 845 autem
413 819 486 853 quod
500 824 623 846 versatur
638 819 665 846 in
679 819 827 852 voluntate,
841 820 873 846 ad
887 819 1034 847 fraternam

248 863 400 891 deducente
417 864 574 891 afﬁnitatem
587 868 614 891 et
625 864 856 898 conjunctionem,
871 867 1036 893 convenien-

248 913 290 936 ter
304 910 363 936 voci
379 909 526 944 Evangelii.
546 909 649 936 Deinde
662 910 788 936 laudatur
798 915 896 937 natura
908 911 1033 944 uberum,

247 963 309 990 qua:
328 963 377 989 pro
401 955 470 982 lacte
487 955 580 982 vinum
605 955 729 987 effundit,
756 959 782 982 et
798 955 973 983 manifestum
993 961 1035 984 cst

248 999 320 1033 quod
333 1000 391 1026 laus
403 1007 472 1034 opus
482 999 610 1027 efficitur.
624 996 683 1027 Non
695 1001 779 1031 enim,
793 1000 820 1027 id
834 1002 906 1035 quod
919 1009 973 1028 non
982 1006 1033 1034 est,

250 1045 387 1072 laudatur.
405 1045 537 1073 Przeterea
551 1046 610 1079 ejus
631 1050 798 1081 unguentum
821 1046 960 1081 judicatur
975 1055 1035 1074 esse

248 1090 375 1124 superius
397 1091 525 1118 omnibus
545 1091 722 1122 aromatibus,
751 1092 823 1126 quod
846 1092 954 1126 quidem
980 1099 1034 1119 non

250 1136 285 1161 ita
296 1143 325 1162 se
333 1135 433 1162 habere
446 1135 709 1171 fuissetjudicatum.
719 1137 806 1164 sinon
818 1145 911 1165 revera
920 1138 953 1165 ad
962 1138 1034 1165 illam

250 1185 418 1218 pervenisset
442 1185 612 1211 altitudinem
628 1192 676 1219 per
693 1185 844 1220 profectum
870 1186 898 1212 in
912 1194 945 1213 eo
962 1187 1034 1222 quod

249 1236 290 1257 est
318 1231 424 1257 nielius.
451 1230 591 1257 Habentur
611 1235 703 1265 postea
731 1232 757 1257 in
783 1232 962 1259 admiratione
982 1232 1033 1258 favi

248 1277 382 1304 arationis
395 1278 441 1311 qui
457 1277 592 1304 distillant
609 1285 641 1304 ex
659 1277 718 1311 ejus
737 1285 794 1309 ore,
808 1282 835 1304 et
847 1282 1033 1312 contempera-

249 1323 288 1349 tio
301 1327 411 1357 paratur
425 1323 566 1358 sapientiae
577 1322 701 1357 subjecta
713 1323 820 1357 linguae,
832 1327 1035 1358 contemperato

250 1368 318 1395 lacte
330 1376 392 1394 cum
418 1368 507 1395 melle.
530 1368 562 1394 Et
579 1368 634 1395 haec
649 1376 757 1403 quoque
775 1372 839 1396 sunt
856 1369 952 1400 virtus,
981 1377 1033 1396 non

251 1414 341 1443 verba,
360 1417 388 1439 ut
404 1420 464 1447 qua:
478 1420 492 1440 a
512 1412 601 1440 Veibo
618 1413 650 1439 ad
664 1414 790 1440 altiorum
806 1413 922 1441 deducta
940 1421 1035 1441 ascen-

249 1465 308 1484 sum
323 1459 390 1484 adeo
405 1463 485 1484 aucta
511 1459 556 1488 sit,
576 1463 605 1485 ut
627 1467 658 1485 os
676 1459 756 1485 faciat
773 1459 873 1486 fontem
890 1459 989 1490 mellis,
1008 1464 1035 1485 et

250 1503 369 1536 linguam
387 1504 600 1538 promptuarium
614 1504 764 1531 commista':
777 1504 926 1538 sapientiae,
941 1505 969 1531 in
981 1512 1033 1539 qua

250 1548 440 1575 consideratur
460 1553 531 1575 terra
549 1549 748 1582 promissionis,
766 1556 827 1583 qua:
844 1549 901 1575 fluit
914 1550 992 1576 melle
1009 1555 1035 1576 et

249 1593 329 1620 lacte.
345 1593 413 1620 Cum
428 1598 518 1620 autem
535 1594 652 1621 Verbum
673 1602 720 1629 per
740 1601 871 1622 ascensus
890 1602 948 1621 eam
969 1593 1037 1621 adeo

249 1638 401 1669 extulisset,
418 1639 494 1665 ducit
519 1639 608 1666 adhuc
631 1639 724 1672 altius,
745 1639 839 1666 dicens
859 1639 920 1673 ejus
934 1643 1036 1666 vestem

251 1684 318 1710 bene
333 1685 438 1719 spirare
457 1684 544 1712 thuris
559 1685 653 1717 odore.
681 1686 729 1719 pe‘r
744 1685 817 1719 quod
841 1689 955 1712 testatur
970 1684 1036 1712 Ver-

249 1729 311 1755 bum
333 1737 393 1756 eam
412 1729 550 1757 Christum
573 1729 705 1758 induisse.
726 1730 854 1764 Cujusvis
877 1730 949 1757 enini
977 1730 1037 1756 vitae

248 1782 309 1809 quae
321 1783 353 1802 ex
370 1777 472 1803 virtute
486 1776 575 1811 agitur
591 1776 652 1803 linis
664 1779 705 1803 est
718 1776 764 1803 Dei
779 1775 963 1810 participatio.
986 1774 1036 1801 Per

248 1821 312 1848 tlms
325 1822 397 1848 enim
411 1821 483 1849 Deus
497 1821 659 1850 ostenditur.
676 1821 709 1847 Et
721 1828 771 1848 nec
786 1821 813 1848 in
829 1821 863 1848 iis
878 1820 987 1855 quidem
1006 1827 1036 1847 se

249 1867 321 1894 sistit
335 1867 436 1899 anima,
459 1875 520 1902 qua:
532 1875 639 1902 semper
654 1874 669 1893 a
689 1866 778 1894 Verbo
791 1866 936 1894 deducitur
952 1867 985 1893 ad
1008 1866 1034 1893 id

248 1912 320 1946 quod
333 1916 375 1939 est
396 1913 487 1939 altius.
506 1912 558 1940 Sed
575 1917 717 1947 postquam
731 1913 886 1940 assimilata'
896 1913 945 1940 fuit
961 1912 1034 1939 thttri

248 1957 277 1983 in
292 1957 365 1984 bono
382 1957 475 1989 odore,
497 1957 525 1984 fit
549 1958 645 1985 hortus
664 1958 751 1985 instar
773 1957 904 1992 paradisi.
921 1957 1032 1989 Hortus.

249 2009 303 2029 non
318 2003 461 2029 sicuterat
485 2003 554 2030 inter
569 2003 670 2037 primos
691 2003 826 2035 homines,
851 2003 930 2031 laxus
946 2007 972 2031 et
992 2004 1033 2030 in-

247 2047 415 2079 custoditus,
443 2048 490 2074 sed
515 2048 636 2083 undique
661 2049 781 2076 munitus
802 2049 933 2076 memoria
956 2056 1033 2075 man-

248 2092 313 2119 dati.

283 2136 365 2165 Vides
393 2145 523 2173 quantam
548 2139 682 2174 acceperit
705 2140 843 2171 virtutem,
872 2140 904 2166 ad
929 2140 979 2167 hoc
1001 2144 1031 2167 ut

247 2190 356 2210 sursum
379 2184 516 2212 ferretur?
531 2184 638 2213 Rursus
650 2186 711 2213 vide
725 2186 789 2212 mihi
806 2193 866 2213 eum
880 2186 925 2221 qui
949 2193 1030 2220 supra

247 2229 313 2256 illud
331 2229 359 2256 fit
374 2238 528 2258 ascensum.
548 2231 606 2258 Non
623 2232 711 2259 solum
727 2232 799 2258 enim
816 2231 886 2259 facta
910 2236 952 2259 est
968 2232 1032 2258 hor-

246 2281 290 2302 tus
316 2277 472 2308 conclusus,
501 2278 642 2312 proprium
665 2278 755 2305 ferens
781 2277 910 2309 fructum,
940 2278 987 2304 sed
1003 2277 1032 2304 fit

245 2322 326 2348 etiam
351 2323 481 2356 potabilis
505 2324 673 2352 sitientibus.
702 2324 831 2351 translata
851 2323 878 2350 in
904 2327 1030 2350 naturam

246 2367 339 2400 fontis,
360 2368 441 2402 idque
453 2368 598 2403 obsignati.
613 2369 645 2395 Et
659 2376 710 2396 nec
724 2369 750 2395 in
766 2369 807 2395 his
820 2360 942 2396 constitit
955 2376 960 2394 :
981 2368 1030 2395 sed

246 2412 279 2438 ad
298 2412 350 2440 hoc
370 2421 456 2448 usque
472 2413 542 2441 stitit
561 2421 640 2440 suum
665 2414 691 2440 in
716 2414 804 2447 majus
821 2414 1029 2444 incrementum.

246 2462 275 2485 ut
286 2466 317 2485 ex
330 2465 376 2485 ore
389 2459 449 2493 ejus
462 2459 629 2493 germinaret
648 2459 801 2494 paradisus.
820 2458 873 2490 Qui
894 2459 966 2485 enim
983 2466 1029 2485 ac-

245 2504 364 2532 curatius
377 2504 489 2531 attendit
504 2503 651 2537 emphasim
666 2502 788 2530 dictionis
813 2502 963 2535 Hebraicaz,
988 2503 1030 2530 di-

245 2551 282 2576 rit
293 2569 300 2581 ,
318 2557 367 2583 pro
378 2557 411 2576 eo
423 2549 495 2583 quod
510 2549 655 2576 dicendum
668 2553 735 2581 erat.
750 2548 918 2576 Emissiones
933 2553 986 2576 tute
996 2556 1028 2576 οτι

246 2602 292 2622 ore
305 2599 352 2621 ttto
367 2605 373 2623 :
392 2595 536 2621 Paradisus
548 2592 676 2620 malorum
689 2593 849 2627 punitorum.
877 2595 954 2628 Quod
969 2595 1030 2630 qui-

245 2641 305 2668 dem
322 2641 434 2675 perinde
450 2644 491 2667 est
506 2647 537 2667 ac
552 2640 577 2667 si
599 2640 718 2667 diceret:
733 2640 828 2669 Sermo
843 2646 905 2669 tuus
921 2642 965 2676 qui
984 2649 1031 2676 per

244 2693 276 2712 os
291 2692 366 2712 tuttm
384 2685 529 2717 emittitur,
553 2689 595 2713 est
611 2685 753 2720 paradisus
770 2687 902 2714 malorum
918 2687 1030 2721 punico-

245 2740 316 2760 rum.
344 2732 412 2759 Mala
435 2737 525 2760 autem
553 2733 656 2767 punica
670 2734 824 2769 producunt
848 2742 928 2762 omne
944 2742 1030 2769 genus

266 2821 289 2838 "
308 2821 409 2854 Ephcs.
430 2829 455 2854 v,
485 2821 521 2848 ‘23
533 2829 591 2855 sqq.

1087 227 1132 253 τὸν
1142 220 1188 253 τὶν
1201 226 1267 252 Θεὸν
1283 226 1367 259 Λόγον
1378 224 1553 259 καθηγεμόνα
1570 224 1619 259 τῆς
1632 225 1748 260 σπουδῆς
1762 226 1867 260 ποιησά-

1089 281 1172 308 μενοι.
1194 273 1301 298 Ἔοικεν
1320 272 1391 302 ἄπας
1406 272 1419 297 ὁ
1435 271 1489 297 τῶν
1506 270 1625 297 ἐπαίνων
1644 270 1804 304 κατάλογος,
1817 271 1830 297 ὅ
1841 279 1867 297 τε

1088 319 1141 353 πρὸ
1155 318 1257 344 τούτων
1271 318 1425 353 εἰρημένος,
1441 317 1486 343 καὶ
1503 318 1553 343 ὅσα
1566 316 1613 342 νῦν
1628 317 1692 351 περὶ
1709 317 1794 351 αὐτῆς
1807 318 1867 351 ημῖν

1087 365 1100 389 ὁ
1123 363 1200 396 λόγος
1224 361 1376 397 παρέθετο,
1398 362 1435 396 μὴ
1463 361 1530 395 πρὸς
1555 360 1692 396 εὐφημίαν
1715 361 1776 387 τινὰ
1795 361 1869 397 ψιλὴν

1088 408 1158 434 κατὰ
1171 408 1202 434 τὸ
1222 407 1425 442 προηγούμενον
1439 407 1557 441 βλέπειν·
1579 406 1647 432 ἀλλὰ
1667 407 1782 441 δύναμιν
1805 408 1869 434 ἐντι-

1088 454 1163 481 Θέναι
1182 454 1225 480 διὰ
1239 453 1292 479 τῶν
1309 452 1463 487 λεγομένων
1478 452 1546 487 πρὸς
1566 451 1615 486 τὴν
1629 452 1674 477 ἐπὶ
1693 453 1727 478 τὰ
1745 452 1829 487 μείζω
1842 461 1869 478 τε

1088 500 1134 526 καὶ
1159 499 1313 534 ὑψηλότερα
1335 498 1385 534 τῆς
1408 498 1522 534 καρδίας
1535 498 1678 529 ἀνάϐασιν,
1699 496 1754 524 οἷον
1773 498 1869 533 ἀδελφὴ

1087 546 1134 571 καί
1148 545 1240 580 νύμφη
1263 544 1310 571 τοῦ
1322 545 1408 580 Λόγου
1422 544 1648 579 κατονομάζεται,
1660 543 1727 571 ἀλλὰ
1748 544 1870 570 συνάπτει

1087 591 1141 617 τῶν
1161 591 1301 625 ὀνομάτων
1320 590 1422 617 τούτων
1438 590 1568 625 ἑκάτερον
1588 589 1637 624 τὴν
1649 589 1737 625 ψυχὴν
1757 590 1796 624 τῷ
1808 599 1871 624 νυμ-

1088 637 1151 672 φίῳ,
1167 638 1215 672 τῆς
1234 637 1282 671 μὲν
1295 636 1366 663 κατὰ
1379 636 1426 672 τὴν
1436 636 1545 671 νύμφην
1562 635 1700 670 σημασίας
1733 635 1872 670 σύσσωμον

1087 683 1183 716 αὐτὴν,
1198 682 1290 714 καθὼς
1305 683 1319 709 ὁ
1334 682 1454 714 Παῦλος,
1470 681 1598 717 ποιούσης
1614 681 1652 717 τῷ
1665 681 1796 716 ἀφθάρτῳ
1809 690 1873 716 νυμ-

1088 728 1150 763 φίῳ·
1167 729 1216 763 τῆς
1238 729 1266 754 δὲ
1281 729 1344 764 περὶ
1359 728 1392 754 τὰ
1418 728 1558 763 θελήματα
1579 727 1696 762 σπουδῆς
1713 728 1752 758 εἱς
1768 727 1872 760 ἀδελφι-

1087 774 1137 809 κὴν
1151 774 1308 809 ἀγχιστείαν
1331 774 1515 809 προαγούσης,
1539 773 1608 799 κατὰ
1626 773 1674 807 τὴν
1691 772 1736 799 τοῦ
1755 773 1874 806 Εὐαγγε-

1085 819 1143 845 λίου
1161 819 1270 854 φωνήν-
1289 817 1348 845 εἶτα
1369 819 1520 845 ἐπαινεῖται
1544 818 1624 852 φύσις
1643 817 1753 853 μαστῶν
1775 819 1791 852 ἠ
1816 818 1874 844 ἀντὶ

1053 868 1072 894 Β
1087 865 1221 897 γάλακτος
1241 862 1312 891 οἶνον
1330 864 1500 900 προχέουσα,
1526 864 1573 890 καὶ
1595 864 1674 898 δῆλον
1695 863 1735 889 ὅτι
1759 863 1838 898 ἔργον
1860 863 1874 888 ὁ

1048 1533 1069 1561 C

1048 2216 1069 2242 D

1085 910 1195 941 ἔπαινος
1215 910 1329 944 γίνεται.
1359 910 1396 936 Ού
1412 909 1465 945 γὰρ
1487 909 1687 944 ὲγκωμιάζεται
1705 909 1735 935 τὸ
1753 908 1874 944 ἀνύπαρ-

1086 964 1157 982 κτον.
1172 956 1243 990 Πρὸς
1257 955 1362 987 τούτοις
1376 955 1406 982 τὺ
1420 955 1505 991 μῦρον
1517 955 1601 989 αὐτῆς
1617 955 1725 981 πάντων
1737 954 1791 981 τῶν
1805 955 1875 990 ἀρω-

1087 1001 1178 1035 μάτων
1190 1001 1339 1036 ὑπέρτερον
1353 1001 1484 1036 κρίνεται.
1496 1001 1585 1036 Ὅπερ
1598 1000 1648 1026 οὐκ
1661 999 1694 1026 ἂν
1705 998 1792 1030 οὕτως
1804 999 1874 1034 ἔχειν

1085 1047 1192 1081 ἐκρίθη,
1207 1046 1245 1081 μὴ
1260 1046 1331 1073 κατὰ
1343 1046 1472 1081 ἀλήθειαν
1486 1046 1554 1081 πρὸς
1565 1046 1653 1071 ἐκεῖνο
1668 1044 1698 1071 τὸ
1710 1044 1776 1079 ὕψος
1791 1044 1874 1078 αὐτῆς

1085 1092 1128 1119 διὰ
1151 1093 1200 1126 τῆς
1227 1093 1256 1118 ὲν
1278 1093 1316 1127 τῷ
1338 1093 1470 1127 κρείττονι
1493 1091 1634 1127 προκοπῆς
1657 1090 1873 1126 ἀναδραμούσης.

1085 1136 1258 1172 Θαυμάζεται
1276 1137 1345 1172 μετὰ
1363 1137 1440 1163 τοῦτο
1454 1136 1488 1163 τὰ
1512 1137 1595 1172 κηρία
1609 1136 1657 1163 τοῦ
1675 1136 1755 1170 λόγου
1777 1137 1811 1162 τὰ
1827 1136 1873 1162 τοῦ

1087 1180 1218 1218 στόματος
1235 1184 1320 1218 αὐτῆς
1342 1182 1546 1215 ἀποστάζοντα,
1561 1183 1607 1209 καὶ¹
1624 1183 1640 1217 ὴ
1660 1182 1811 1217 σύγκρατος
1824 1183 1875 1217 τῆς

1087 1230 1182 1264 σοφίας
1197 1229 1360 1265 παρασκευὴ
1376 1229 1540 1264 ὑποκειμένη
1553 1229 1584 1264 τῇ
1600 1227 1710 1264 γλώσσῃ
1720 1247 1727 1258 ,
1739 1227 1875 1262 γάλακτος

1087 1276 1153 1311 πρὸς
1167 1276 1228 1311 μέλι
1250 1275 1482 1311 συγκεκραμένον.
1503 1275 1557 1301 Καὶ
1569 1275 1653 1301 ταῦτα
1663 1274 1776 1308 δύναμίς
1788 1275 1873 1306 ἐστιν,

1085 1322 1115 1348 ού
1142 1323 1260 1357 ῥήματα.
1285 1321 1356 1357 Πρὸς
1375 1321 1428 1356 γὰρ
1443 1321 1492 1356 τὴν
1514 1321 1568 1347 τῶν
1587 1320 1760 1355 ὑψηλοτέρων
1784 1319 1876 1347 ἄνοδον

1086 1367 1325 1402 χειραγωγουμένη
1345 1367 1398 1393 ὑπὸ
1414 1367 1461 1393 τοῦ
1483 1366 1586 1400 Λόγου,
1607 1366 1731 1392 τοσοῦτον
1751 1365 1874 1401 ηὐξήθη,

1086 1413 1155 1439 ὥστε
1171 1413 1277 1448 μέλιτος
1295 1413 1407 1447 ποιῆσαι
1429 1413 1520 1447 πηγὴν
1532 1412 1562 1438 τὸ
1578 1411 1677 1446 στόμα,
1695 1411 1741 1437 καὶ⁸
1752 1413 1876 1446 ταμιεῖον

1085 1461 1135 1494 τῆς
1152 1459 1304 1494 συμμίκτου
1328 1458 1422 1493 σοφίας
1442 1459 1492 1494 τὴν
1511 1458 1646 1492 γλῶσσαν,
1702 1457 1876 1492 ὲνθεωρεῖται

1086 1505 1102 1539 ὴ
1118 1505 1152 1539 γῆ
1169 1505 1218 1539 τῆς
1233 1504 1409 1539 ἐπαγγελίας,
1436 1506 1454 1539 ἡ
1472 1504 1570 1540 ῥέουσα
1585 1504 1645 1539 μέλι
1666 1504 1712 1530 καὶ
1725 1503 1804 1537 γάλα.
1822 1504 1873 1530 Το-

1089 1550 1182 1576 σοῦτον
1198 1550 1282 1584 αὐτὴν
1296 1549 1341 1576 διὰ
1360 1550 1414 1575 τῶν
1426 1549 1585 1575 ἀναόἁσεων
1607 1548 1718 1583 ὑψώοας
1739 1549 1753 1574 ό
1768 1548 1856 1582 Λόγος
1868 1570 1876 1580 ,

1087 1596 1126 1621 ἔτι
1141 1596 1208 1630 πρὸς
1224 1596 1253 1622 τὸ
1274 1596 1438 1631 ὑψηλότερον
1454 1596 1515 1629 ἄγει
1525 1615 1532 1627 ,
1553 1595 1602 1628 τὴν
1618 1593 1718 1628 ἐσθῆτα
1731 1595 1815 1630 αὐτῆς
1829 1595 1877 1621 εὺο

1072 1673 1075 1675 _
1089 1640 1178 1665 πνοεῖν
1194 1638 1280 1672 λέγων
1292 1639 1360 1665 κατὰ
1377 1640 1424 1674 τὴν
1443 1639 1490 1666 τοῦ
1507 1639 1614 1666 λιΰάνου
1634 1639 1730 1674 ὀσμὴν,
1752 1640 1785 1666 δι’
1799 1637 1830 1666 οὗ
1846 1640 1878 1665 τὸ

1087 1684 1242 1710 ὲνδεδῦσθαι
1263 1684 1347 1719 αὐτὴν
1370 1684 1416 1711 τὸν
1440 1685 1556 1719 Χριστὸν
1582 1685 1715 1720 μαρτυρεῖ
1739 1685 1753 1711 ὁ
1776 1684 1874 1717 Λόγος.

1087 1729 1191 1759 Παντὸς
1205 1729 1259 1763 γὰρ
1274 1729 1402 1764 ἐναρέτου
1414 1729 1471 1763 βίου
1481 1729 1557 1761 τέλος
1572 1731 1588 1765 ἡ
1600 1729 1647 1756 τοῦ
1660 1729 1727 1756 Θεοῦ
1745 1730 1878 1764 μετουσία

1086 1774 1200 1807 γίνεται.
1220 1774 1269 1801 Διὰ
1291 1775 1346 1809 γὰρ
1367 1775 1414 1801 τοῦ
1434 1774 1542 1801 λιϐάνου
1562 1775 1592 1801 τὸ
1605 1775 1682 1802 Θεῖον
1696 1775 1875 1802 ἐνδείκνυται.

1086 1820 1141 1846 Καὶ
1161 1820 1222 1847 οὐδὲ
1239 1822 1268 1847 ὲν
1282 1821 1387 1852 τούτοις
1401 1820 1467 1855 ἔστη
1486 1822 1502 1856 ἡ
1519 1821 1586 1856 πρὸς
1602 1820 1632 1847 τὸ
1650 1820 1815 1856 ὑψηλότερον
1832 1821 1878 1848 ἀεὶ

1086 1866 1138 1892 ὑπὸ
1150 1866 1195 1892 τοῦ
1209 1866 1295 1900 Λόγου
1314 1867 1555 1901 χειραγωγουμένη
1571 1865 1644 1901 ψυχή
1655 1875 1662 1882 ·
1681 1866 1748 1892 ἀλλὰ
1760 1865 1830 1902 μετᾲ
1845 1865 1879 1892 τὸ

1084 1912 1250 1947 ὁμοιωθῆναι
1269 1912 1316 1939 τοῦ
1328 1912 1436 1939 λιϐάνου
1449 1912 1499 1946 τὴν
1516 1911 1653 1946 εὐοδμίαν,
1670 1912 1757 1947 κῆπος
1769 1912 1878 1945 γίνεται

1085 1956 1146 1983 καθ’
1164 1957 1311 1991 ὁμοιότητα
1327 1956 1374 1983 τοῦ
1396 1956 1571 1991 παραδείσου.
1589 1956 1685 1990 Κῆπος
1696 1975 1704 1985 ,
1719 1955 1767 1990 οὐχ
1781 1956 1823 1988 ’ὡς
1846 1956 1878 1981 ὲν

1084 2004 1140 2034 τοῖς
1155 2002 1272 2038 πρώτοις
1287 2002 1440 2038 ἀνθρώποις
1451 2000 1495 2037 ἦν.
1508 2002 1601 2033 ἄνετός
1611 2010 1640 2027 τε
1651 2002 1698 2027 καὶ
1708 2001 1876 2035 ἀφύλακτος,

1084 2048 1152 2075 ἀλλὰ
1175 2050 1207 2084 τῇ
1232 2049 1325 2084 μνήμῃ
1350 2049 1399 2083 τῆς
1425 2048 1535 2082 ἐντολῆς
1561 2047 1727 2082 πανταχόθεν
1751 2055 1870 2082 τετειχι-

1084 2095 1191 2130 σμένος.

1124 2140 1204 2176 Ὀρᾷς
1227 2141 1292 2175 ὅσην
1307 2139 1473 2175 προσέλαϐεν
1494 2139 1533 2170 εἰς
1546 2139 1576 2165 τὸ
1596 2139 1651 2166 ἄνω
1671 2139 1718 2174 τὴν
1739 2139 1876 2173 ὃύναμικ

1084 2186 1168 2212 Πάλιν
1192 2186 1242 2220 ὅρα
1267 2194 1311 2220 μοι
1333 2185 1382 2221 τὴν
1405 2184 1475 2220 ὑπὲρ
1495 2184 1575 2211 τοῦτο
1596 2183 1737 2221 ἀνάϐασιν.
1756 2185 1794 2210 Οὐ
1818 2184 1876 2220 γὰρ

1086 2232 1165 2266 μόνον
1181 2231 1267 2266 κῆπος
1286 2230 1479 2265 κεκλεισμένος
1494 2230 1610 2264 ἐγένετο,
1633 2229 1681 2265 τὴν
1698 2229 1790 2264 ἡδεῖαν
1803 2238 1876 2265 καρ-

1082 2277 1236 2313 ποφοροῦσα
1253 2277 1372 2312 τροφὴν,
1396 2276 1462 2303 ἀλλὰ
1485 2277 1532 2302 καὶ
1554 2276 1668 2310 πότιμος
1689 2276 1792 2309 γίνεται
1816 2277 1877 2307 τοῖς

1080 2323 1204 2358 διψῶσιν,
1227 2323 1268 2354 εἰς
1283 2322 1374 2357 πηγῆς
1391 2321 1471 2357 φύσιν
1491 2322 1667 2356 μετατεθεῖσα
1678 2342 1684 2353 ,
1700 2322 1746 2348 καὶ
1769 2321 1876 2356 ταύτης

1080 2368 1312 2403 ὲσφραγισμένης.
1338 2368 1391 2393 Καὶ
1413 2367 1473 2393 οὐδὲ
1495 2368 1523 2393 ὲν
1541 2367 1645 2399 τούτοις
1660 2367 1739 2402 ἔστη·
1754 2367 1812 2394 ἀλλ’
1833 2369 1877 2396 εἰς

1080 2413 1205 2440 τοσοῦτον
1219 2413 1319 2448 ἔφθασε
1337 2413 1385 2447 τῆς
1401 2413 1447 2439 ἐπὶ
1466 2413 1496 2438 τὸ
1511 2412 1602 2447 μεῖζον
1619 2412 1768 2446 αὐξήσεως,
1785 2413 1826 2444 ὡς
1841 2414 1877 2440 ὲκ

1082 2459 1128 2485 τοῦ
1145 2459 1276 2494 στόματος
1296 2459 1380 2493 αὐτῆς
1402 2457 1559 2494 βλαστάνειν
1577 2458 1749 2493 παράδεισον.
1773 2458 1802 2484 '0
1816 2459 1876 2493 γὰρ

1083 2505 1276 2540 ἀκριϐέστερον
1300 2504 1441 2539 προσέχων
1455 2506 1488 2540 τῇ
1509 2504 1558 2539 τῆς
1577 2504 1721 2538 Ἐϐραῖκῆς
1735 2504 1874 2538 ἐμφάσει,

1082 2551 1142 2578 ἀντὶ
1157 2551 1203 2577 τοῦ
1214 2552 1300 2577 είπεῖν
1312 2570 1319 2582 ,
1338 2551 1370 2577 Αἱ
1391 2549 1535 2578 ἀποστολαὶ
1554 2558 1600 2576 σου
1619 2549 1650 2576 ἐκ
1667 2549 1713 2575 τοῦ
1734 2550 1874 2584 στόματός

1085 2606 1130 2624 σου
1141 2619 1148 2629 ,
1167 2598 1244 2632 φησι,
1263 2595 1445 2629 Παρᾶδεισος
1452 2595 1637 2630 ροῶν.”οπερ
1653 2595 1771 2622 τοιοῦτον
1784 2597 1875 2627 ἐστιν,

1082 2643 1121 2668 ὅτι
1142 2642 1170 2669 Ὀ
1184 2642 1262 2676 λόγος
1277 2644 1291 2669 ὁ
1303 2642 1357 2668 ἀπὸ
1370 2642 1416 2668 τοῦ
1435 2641 1566 2677 στόματός
1580 2650 1625 2668 σου
1638 2641 1876 2678 ἀποστελλόμενος

1082 2689 1243 2724 παράδεισός
1261 2689 1318 2714 ἐστι
1338 2688 1416 2724 ροὦν.
1437 2688 1469 2714 Λί
1484 2687 1513 2713 δὲ
1536 2688 1594 2722 ῥοαὶ
1614 2688 1793 2723 παγκαρπίαν
1809 2689 1875 2714 τινὰ

1081 2735 1134 2762 τῶν
1159 2734 1314 2768 ἀκροδρύων
1337 2733 1484 2768 ἐκφὺουσι”
1508 2734 1541 2760 τὰ
1560 2733 1588 2759 δὲ
1606 2733 1742 2768 ἀκρόδρυα
1764 2733 1875 2770 κύπρος
