1984 3068
123 94 177 122 969

641 87 673 115 IN
690 86 838 116 CANTICA
863 86 996 114 CAM‘lC.
1019 86 1162 116 llOMILlA
1182 87 1227 116 IX.

1693 89 1745 119 970

125 146 194 182 μετὰ
208 147 315 183 νάρδου,
331 147 377 174 καὶ
400 147 508 182 κρόκος,
526 146 647 182 κάλαμος
667 147 712 173 καὶ
725 146 909 181 κιννάμωμον,

963 145 1100 173 fructuum
1118 155 1125 174 ε
1142 154 1231 181 poma,
1255 153 1367 182 cyprum
1384 154 1446 174 cum
1470 146 1566 176 nardo.
1582 149 1608 173 et
1623 152 1746 179 crocum,

123 193 171 220 καὶ
186 193 241 220 πᾶν
261 191 331 225 εἶδος
347 193 393 220 τοῦ
410 193 537 224 Λιϐάνου,
556 194 602 220 καὶ
617 192 732 228 σμύρνα,
755 192 802 220 καὶ
822 191 888 226 ἀλόη
901 212 908 222 ,

123 239 171 266 καὶ
185 239 219 266 τὰ
232 239 327 275 πρῶτα
345 239 430 275 μύρα.
452 239 560 275 Ἐπειδὴ
576 240 664 266 τοίνυν
684 239 753 266 κατὰ
773 239 818 265 τὸν
833 240 860 265 ὲν
873 238 911 272 τῷ

123 285 223 320 ψαλμῷ
244 285 464 321 διαμακαρισμὺν
481 285 531 320 τῆς
554 285 721 320 ἀντιλήψεως
745 285 814 319 αὐτῇ
835 283 910 318 παρὰ

124 329 169 356 τοῦ
182 329 249 356 Θεοῦ
267 329 413 365 γινομένης
423 350 431 362 ,
447 330 496 362 τὰς
511 330 596 359 καλὰς
613 329 713 361 ταύτας
726 329 871 361 ἀναϐάσεις
882 329 911 355 ἐν

123 376 157 411 τῇ
172 375 270 411 καρδίᾳ.
282 375 394 406 διέθετο,
411 375 525 402 πάντοτε
537 375 569 401 ὲκ
582 375 722 410 δυνάμεως
740 373 910 410 πορευομένη

123 422 165 452 εἰς
184 421 309 456 δύναμιν,
333 420 424 452 καλῶς
442 421 489 446 ἐπὶ
507 421 556 455 τῆς
579 419 747 455 τελειοτέρας
772 420 909 447 καταστά-

124 475 194 499 σεως
211 466 280 502 ῥοῶν
295 467 459 502 παράδεισος
480 467 507 493 αἱ
528 465 574 492 τοῦ
593 466 726 501 στόματος
739 465 824 501 αὐτῆς
841 466 909 492 ἀπο-

124 512 217 539 στολαὶ
238 512 424 548 ὀνομάζονται.
449 512 600 548 Προσφυῶς
625 511 653 539 δὲ
677 512 716 548 τῷ
737 511 910 547 ὑποκειμένῳ

123 559 239 593 νοήματι
255 559 272 594 ἡ
289 557 360 590 λέξις
377 558 427 593 τῆς
442 557 595 592 ἀποστολῆς
615 558 786 594 ὲιρηρμόσθη.
802 558 839 584 Τὸ
856 558 910 593 γάρ

120 603 352 638 ἀποστελλόμενον
367 603 420 630 ἀπὸ
433 603 480 630 τοῦ
499 603 653 638 πέμποντος
665 604 704 635 εἰς
722 603 767 630 τὸν
782 603 910 638 ὑποδεχό-

125 657 204 683 μενον
225 649 392 684 μεταϐαίνει.
413 650 467 676 Καὶ
487 649 566 676 τοῦτο
586 650 618 676 ἐκ
641 649 690 684 τῆς
714 649 845 684 συνήθους
862 648 908 676 τοῦ

121 693 247 727 ῥήματος
263 693 458 729 καταχρήσεως
474 691 532 720 ἐστι
547 693 651 728 μαθεῖν,
667 693 705 725 ὡς
713 693 759 720 καὶ
775 693 805 720 τὸ
821 693 908 728 Εὐαγ-

122 737 212 771 γέλιον
222 736 308 771 λέγει,
322 737 362 765 ὅτι
376 737 439 767 τοὺς
452 737 574 772 μαθητὰς
583 738 646 768 τοὺς
658 737 724 772 προς
737 738 768 763 τὸ
779 738 909 772 κήρυγμα

122 782 171 816 τῆς
183 782 312 816 ἀληθείας
336 781 578 817 ἑκπεμπομὲνους,
600 782 777 813 Ἀποστόλους
793 782 807 808 ό
822 782 908 816 Λόγος

120 827 256 864 ὠνόμασε.
277 828 308 854 Τί
328 824 464 854 οὗνίὲστιν
479 827 493 853 ὃ
517 827 676 854 ἀποστέλλει
698 827 727 854 τὺ
750 827 837 862 στόμα
859 827 908 862 τῆς
925 822 945 849 Β

121 872 231 907 νύμφης
242 880 250 905 ;
269 871 354 907 Δῆλον
367 872 408 899 ὅτι
419 872 464 898 τὸν
480 871 559 906 λόγον
571 871 620 907 τῆς
633 871 760 902 πίστεως,
773 871 802 903 ὃς
814 872 843 897 ιν
854 873 908 903 τοῖς

123 918 330 954 ὑποδεχομένοις
346 917 510 953 γενόμενος,
534 918 696 953 παράδεισος
720 916 844 951 γίνεται,
866 916 910 943 διὰ

121 964 171 999 τῆς
185 964 269 998 ἀκοῆς
283 964 343 995 ταῖς
360 963 483 999 καρδίαις
494 963 720 998 ὲμφυτευόμενος.
735 962 771 989 Τὸ
785 963 812 989 δὲ
827 963 910 990 κατά-

123 1017 204 1044 φυτον
221 1009 268 1035 καὶ
280 1010 430 1044 συνηρεφὲς
440 1009 496 1039 τοῖς
508 1008 626 1042 δένδροις
639 1007 730 1039 ἄλσος,
746 1007 909 1042 παράδεισον

120 1054 202 1081 εἴωθε
221 1053 347 1088 καλεϊνή
371 1053 508 1088 συνήθεια.
531 1053 575 1084 Ὠς
597 1053 629 1079 ἂν
653 1051 698 1079 οὖν
717 1053 764 1079 καὶ
787 1053 817 1079 τὸ
833 1053 910 1086 γένος

122 1099 255 1134 μάθοιμεν
271 1098 325 1127 τῶν
346 1098 447 1133 φυτῶν,
465 1098 533 1133 ὅπερ
554 1097 598 1124 διὰ
614 1097 661 1124 τοῦ
677 1097 764 1131 Λόγου
782 1098 842 1129 ταῖς
860 1098 910 1132 ψυ-

121 1146 184 1180 χαῖς
201 1145 255 1171 τῶν
275 1144 494 1171 πεπιστευκότων
513 1143 664 1179 κηπεύεται
677 1162 684 1174 ,
701 1143 765 1178 ῥόας
783 1143 909 1178 ὀνομάζει

122 1192 156 1218 τά
171 1191 266 1227 δένδρα
287 1191 320 1223 ἃς
335 1192 486 1226 φντηκομεῖ
505 1191 520 1217 ὁ
543 1190 641 1224 Λόγος,
659 1191 672 1216 ό
692 1191 767 1226 παρά
786 1190 832 1217 τοῦ
852 1191 910 1217 στό-

122 1246 207 1273 ματος
225 1238 274 1272 τῆς
289 1236 398 1272 νύμφης
417 1235 656 1271 ἀποστελλόμενος.
682 1236 714 1262 ’Π
731 1233 759 1262 δὲ
779 1236 828 1271 ῥόα
846 1236 909 1262 δυσ·
920 1250 927 1254 -

122 1283 294 1318 επιχείρητός
314 1283 371 1308 ἐστι
387 1282 426 1317 τῷ
449 1282 550 1318 κλέπτῃ
577 1280 741 1312 ἀκανθώδεις
763 1281 909 1317 προϐαλλο-

111 1355 114 1358 ,
121 1329 193 1365 μένῃ
215 1330 278 1360 τοὺς
292 1329 416 1364 ὄρπηκας
430 1347 437 1358 ,
456 1329 503 1354 καὶ
517 1327 563 1354 τὸν
584 1327 689 1363 καρπὸν
711 1326 838 1362 αὐστηρῴ
857 1335 907 1354 τινι

123 1374 170 1401 καὶ
178 1374 345 1409 πικραίνοντι
361 1373 431 1400 κατά
442 1373 490 1407 τὴν
506 1373 600 1407 γεῦσιν
611 1372 650 1408 τῷ
661 1372 820 1408 καλύμματι
832 1381 910 1407 περι-

123 1419 223 1455 έχουσά
238 1428 267 1445 τε
294 1418 341 1446 καὶ
355 1419 553 1453 ὑποτρέφουσα·
575 1418 604 1450 ὃς
624 1417 695 1445 κατὰ
711 1418 756 1444 τὸν
771 1418 834 1445 ἴδιον
849 1427 909 1445 και-

123 1466 170 1500 ρὸν
191 1464 259 1500 μετὰ
274 1464 304 1490 τδ
317 1463 496 1498 πεπανθῆναι,
514 1463 560 1490 τοῦ
572 1463 683 1498 ὲλύτρου
697 1463 909 1498 περιρραγέντος

123 1510 228 1537 ἔνδοθεν
244 1508 423 1542 διαφαίνεται,
438 1508 503 1543 ἡδὺς
522 1508 570 1543 μὲν
594 1507 642 1543 τὴν
659 1507 718 1542 ὄψιν
731 1508 778 1534 καὶ
790 1507 909 1534 εὐδιάθε-

123 1565 179 1587 τος,
198 1555 331 1591 μελιειδὴς
347 1555 437 1590 δὲτὴν
451 1556 544 1588 γεῦσιν
567 1553 613 1580 καὶ
634 1554 745 1588 ἄλυπος,
765 1554 810 1580 καὶ
829 1562 910 1590 κατα-

123 1601 278 1635 γλυκαίνων
294 1601 333 1636 τῷ
349 1600 471 1627 οίνοειδεί
485 1599 564 1634 χυμῷ
586 1599 620 1625 τὰ
634 1598 766 1632 γευστικὰ
779 1599 911 1634 αἰσθητή-

124 1657 181 1683 ρια.
202 1647 251 1674 Διά
273 1647 351 1673 τοῦτό
373 1655 418 1682 μοι
434 1646 508 1672 δοκεῖ
531 1645 600 1680 ῥοῶν
624 1644 786 1680 παράδεισος
809 1644 838 1670 ἐν
851 1645 912 1675 ταῖς

123 1694 178 1719 τῶν
191 1693 344 1719 ἀκουόντων
361 1692 459 1726 ψυχαῖς
473 1691 487 1718 ὸ
501 1689 730 1724 ἀποστελλόμενος
744 1689 776 1715 ἐκ
788 1689 834 1715 τοῦ
852 1688 912 1714 στό-

124 1747 209 1774 ματος
219 1738 269 1773 τῆς
282 1738 391 1772 νύμφης
405 1737 483 1770 λόγος
501 1735 676 1771 ὲργάζεσῢαι,
689 1735 731 1760 ἵνα
745 1734 911 1769 διδαχῦὦμεν

124 1784 168 1810 διὰ
176 1784 228 1810 τῶν
238 1783 403 1817 λεγομένων,
422 1782 459 1817 μὴ
472 1782 515 1808 διά
524 1789 596 1812 τινος
610 1781 744 1812 ἐκλύσεως
753 1781 799 1807 καὶ
806 1780 912 1815 τρυφῆς

126 1829 197 1855 κατά
219 1828 268 1862 τὴν
285 1826 424 1861 παροῦσαν
446 1826 518 1860 ζωὴν
542 1824 758 1860 μαλακίζεσθαι,
776 1824 844 1851 ἀλλά
867 1824 911 1850 τὸν

126 1871 330 1906 κατεσκληκότα
356 1870 399 1896 διὰ
424 1870 472 1904 τῆς
495 1869 658 1904 ἐγκρατείας
683 1868 818 1904 αἱρεῖσθαι
843 1868 908 1904 βίον.

126 1917 204 1943 οὕτω
218 1917 272 1952 γὰρ
283 1916 428 1951 ἀπρόσιτος
439 1915 541 1948 γένοιτο
552 1916 608 1946 τοῖς
623 1914 750 1945 κλέπταις
761 1914 774 1940 ὁ
787 1914 835 1948 τῆς
849 1914 912 1949 ἁρε-

126 1962 174 1997 τῆς
189 1961 303 1996 καρπὸς,
321 1962 353 1995 τῇ
370 1961 456 1995 στυφῇ
474 1959 520 1986 καὶ
544 1961 576 1994 τῇ
597 1959 646 1995 τῆς
661 1959 823 1994 ἐγκρατείας
835 1967 913 1994 περι-

126 2008 190 2043 ϐολῇ
204 2007 406 2042 πεφραγμένος,
421 2006 468 2032 καὶ
483 2005 526 2031 διὰ
540 2006 590 2039 τῆς
604 2005 706 2040 σεμνῆς
722 2014 751 2031 τε
768 2005 815 2032 καὶ
831 2005 912 2039 ἀμει-

124 2052 186 2084 δοῦς
202 2052 402 2081 καταστάσεως,
416 2048 470 2076 οἷόν
481 2058 550 2076 τισιν
562 2049 686 2075 ἀκανθῶν
701 2049 813 2084 ἀκμαῖς.
827 2048 913 2083 ἀμύσν

126 2106 181 2125 σων
207 2098 270 2128 τοὺς
291 2097 336 2122 ἐπὶ
360 2095 436 2130 κακῷ
461 2094 698 2129 προσεγγίζοντας.
724 2093 793 2119 Ἀλλ’
814 2095 877 2120 ὅταν
899 2096 913 2120 ὁ

961 190 1095 218 calamum
1109 196 1135 218 et
1147 191 1360 224 cinnamomum,
1376 196 1401 218 el
1412 199 1520 218 omnem
1532 191 1612 218 aliam
1628 190 1744 225 speciem

961 235 1065 269 Libani,
1080 240 1107 263 et
1124 237 1273 272 myrrham,
1297 241 1323 264 et
1341 237 1429 268 aloen,
1452 241 1478 264 et
1494 236 1581 271 prima
1598 241 1745 270 unguenta.

960 281 1107 317 Postquam
1124 290 1190 318 ergo
1206 283 1399 310 convenienter
1414 283 1439 310 ci
1461 290 1521 317 qua:
1535 286 1577 310 est
1592 282 1620 309 iu
1637 282 1747 309 Psalmo

961 329 1131 361 beatitudini,
1144 332 1201 366 ipsa
1208 329 1255 357 Dei
1268 329 1336 357 freta
1348 330 1461 363 auxilio,
1476 329 1611 364 disposuit
1624 329 1651 356 in
1664 328 1748 356 corde

962 375 1010 403 has
1028 375 1158 410 pulchras
1180 377 1366 408 ascensiones,
1383 383 1490 410 semper
1505 383 1519 402 a
1534 376 1634 403 virtute
1652 375 1747 402 ambu-

961 422 1020 449 lans
1039 422 1067 449 in
1081 422 1220 454 virtutem,
1234 422 1349 457 pulchre
1362 422 1389 449 in
1405 426 1477 449 statu
1492 421 1647 456 perfectiori
1664 421 1748 447 malo-

961 474 1021 494 rum
1047 467 1209 502 punicornm
1233 467 1378 502 paradisus
1399 467 1576 494 nominamur
1602 466 1658 493 oris
1688 466 1746 500 ejus

960 513 1130 541 emissiones.
1161 513 1292 548 Apposite
1323 518 1415 540 autem
1446 512 1576 546 subjectae
1606 510 1747 538 sententis

960 559 1087 593 adaptata
1112 558 1162 585 fuit
1192 558 1274 586 dictio
1293 557 1459 585 emissionis.
1482 556 1549 583 Nam
1573 555 1645 591 quod
1668 554 1746 581 emit.

961 603 1081 636 titur,ab
1107 611 1140 630 eo
1169 603 1215 638 qui
1228 603 1329 634 -mittit,
1351 603 1448 630 transit
1467 602 1501 629 ad
1528 609 1590 629 eum
1610 601 1656 635 qui
1683 609 1746 628 sus-

960 649 1035 684 cipit.
1064 648 1147 684 quue
1178 649 1240 676 licet
1268 649 1374 676 discere
1393 655 1426 676 ex
1454 652 1589 675 consueto
1618 655 1669 675 usu
1690 654 1749 673 Ver-

960 695 1005 728 bi,
1020 694 1108 729 quod,
1130 699 1160 722 ut
1172 694 1239 722 dicit
1259 694 1434 729 Evangelium
1446 713 1454 726 ,
1469 701 1517 721 eos
1537 693 1583 728 qui
1601 693 1748 720 mittuntur

960 741 993 768 ad
1007 741 1206 776 prmdicandam
1218 740 1376 773 veritatem,
1387 739 1507 767 Verbum
1520 739 1670 767 nominavit
1683 746 1747 773 apo-

961 786 1046 813 stolos
1057 805 1064 817 ,
1079 785 1107 813 id
1126 789 1168 813 est
1190 785 1301 813 missos.
1317 785 1387 818 Quid
1401 789 1444 812 est
1460 784 1544 819 igitur
1558 783 1633 819 quod
1646 783 1747 811 emittit

961 839 992 858 os
1006 831 1136 866 sponsae?
1151 831 1262 858 verbum
1280 831 1386 859 scilicet
1402 830 1462 858 ﬁdei
1477 839 1485 863 ;
1500 830 1573 865 quod
1586 837 1648 857 cum
1661 833 1704 857 est
1717 829 1745 856 in

960 877 995 904 iis
1011 877 1056 911 qui
1073 877 1246 912 suscipiunt,
1262 877 1290 904 lit
1304 877 1450 912 paradisus
1470 876 1517 911 qui
1537 876 1676 911 plantatur
1698 882 1747 910 per

961 922 1128 950 auditionem
1140 922 1166 950 in
1180 922 1321 950 cordibus.
1337 922 1440 950 Nemus
1453 927 1543 949 autem
1557 921 1708 957 plantatum
1720 924 1747 948 et

961 967 1091 1002 frequens
1116 967 1278 998 arboribus.
1302 967 1458 1002 paradisum
1482 967 1551 994 solet
1565 973 1665 994 vocare
1678 973 1746 993 con-

961 1012 1088 1041 suetudo.
1107 1011 1142 1039 Ut
1160 1019 1225 1047 ergo
1240 1013 1380 1040 discamus
1396 1013 1478 1040 etiam
1498 1020 1585 1047 genus
1600 1011 1745 1044 arborum,

961 1065 1021 1092 qua:
1038 1064 1084 1091 per
1099 1055 1218 1083 Verbum
1233 1057 1362 1084 coluntur
1378 1057 1404 1084 in
1420 1057 1509 1084 hortis
1528 1057 1682 1083 animarum
1702 1064 1748 1083 e0-

961 1102 1084 1137 rum.qui
1101 1101 1277 1129 crediderunt
1289 1121 1296 1134 ,
1315 1102 1403 1130 malos
1424 1102 1538 1137 punicas
1560 1102 1685 1130 nominat
1701 1108 1748 1128 ar-

961 1147 1041 1175 bores
1051 1167 1058 1179 ,
1075 1154 1143 1182 quas
1157 1145 1277 1178 Verbum
1293 1147 1398 1182 plantat
1413 1152 1440 1174 ct
1454 1147 1538 1180 colit,
1555 1147 1627 1182 quod
1645 1147 1747 1174 emitti-

961 1197 1006 1220 tur
1018 1201 1053 1220 ex
1067 1200 1115 1220 ore
1130 1200 1246 1227 sponse.
1264 1192 1364 1220 Malum
1380 1198 1472 1220 autem
1491 1192 1617 1228 punicam
1632 1192 1747 1220 diﬂicili—

961 1243 1002 1266 ter
1017 1238 1060 1265 l'ur
1072 1237 1238 1274 aggreditur,
1254 1242 1283 1265 ut
1295 1246 1355 1273 qum
1368 1238 1495 1274 spinosos
1508 1238 1631 1273 proferat
1644 1246 1747 1270 ramos,

960 1288 989 1312 et
1005 1285 1122 1320 quodam
1140 1285 1166 1312 in
1183 1289 1264 1320 gustu
1280 1288 1392 1312 austero
1406 1289 1434 1312 ct
1449 1285 1630 1313 amarescenti
1647 1293 1749 1321 propu-

961 1331 1077 1366 gnaculo
1092 1330 1210 1358 fructum
1226 1331 1367 1358 contineat
1379 1335 1403 1358 et
1421 1330 1523 1358 nutriat
1536 1340 1542 1358 :
1556 1331 1602 1366 qui
1617 1338 1666 1358 suo
1682 1336 1749 1358 tem-

960 1384 1036 1411 pore.
1063 1381 1206 1411 postquam
1234 1375 1408 1409 maturuerit,
1433 1374 1520 1403 tracto
1545 1377 1647 1403 cortice
1676 1377 1748 1404 intus

961 1425 1084 1457 apparet,
1105 1422 1166 1450 visu
1191 1421 1302 1457 quidem
1323 1421 1463 1456 jucundus
1483 1425 1510 1449 et
1532 1422 1600 1449 bene
1625 1421 1748 1456 aITectus,

922 1486 944 1515 α
961 1467 1052 1503 gustui
1070 1473 1159 1496 autem
1182 1468 1302 1495 mellitus
1327 1471 1353 1495 et
1375 1467 1443 1494 nihil
1463 1467 1579 1495 all‘erens
1605 1468 1747 1500 molestiae,

964 1514 1010 1549 qui
1029 1521 1127 1549 sapore
1142 1514 1259 1550 quodam
1278 1513 1332 1541 vini
1351 1513 1434 1541 simili
1451 1519 1548 1548 gustus
1568 1513 1748 1541 instrumenta

962 1559 1043 1587 adicit
1060 1559 1212 1587 dulcedine.
1230 1559 1375 1593 Propterea
1400 1558 1466 1585 mihi
1481 1559 1590 1585 videtur
1606 1559 1749 1593 paradisus

963 1605 1096 1631 malorum
1111 1604 1272 1639 punicarum
1283 1624 1289 1636 ,
1304 1611 1400 1638 nempe
1414 1610 1503 1630 sermo
1516 1603 1562 1638 qui
1575 1604 1709 1631 emittitur
1721 1604 1748 1630 in

962 1649 1070 1676 animas
1093 1649 1248 1676 auditorum
1264 1656 1297 1676 ex
1311 1656 1359 1675 ore
1373 1655 1494 1682 spensm,
1510 1648 1632 1680 allicere,
1648 1652 1677 1674 ut
1697 1648 1748 1675 do-

962 1701 1074 1721 ceamur
1084 1701 1133 1728 per
1144 1701 1175 1720 ea
1187 1701 1248 1728 qum
1258 1692 1397 1723 dicuntur,
1414 1700 1467 1719 non
1482 1700 1529 1727 per
1542 1692 1748 1720 dissolutionem

963 1739 1082 1774 aliquam
1107 1743 1134 1766 et
1149 1739 1263 1766 delicias
1291 1737 1319 1764 in
1346 1738 1400 1764 vita
1424 1737 1552 1772 praesenti
1575 1737 1693 1765 emolliri
1717 1745 1750 1764 ac

961 1783 1087 1811 encrvari
1098 1802 1106 1813 .
1120 1782 1167 1810 sed
1183 1790 1230 1815 per
1243 1782 1438 1809 continentiam
1451 1800 1458 1812 ,
1473 1781 1571 1808 durant
1584 1785 1611 1808 et
1626 1790 1749 1816 asperam

961 1829 1043 1856 vitam
1058 1828 1168 1863 eligere.
1184 1827 1222 1854 lta
1236 1827 1308 1854 enim
1326 1827 1360 1853 ad
1376 1826 1495 1853 fructum
1513 1826 1623 1855 virtutis
1641 1827 1749 1854 furibus

962 1882 1017 1902 non
1032 1875 1134 1910 patebit
1148 1874 1238 1900 aditus
1248 1893 1255 1905 ,
1267 1878 1295 1900 ut
1307 1873 1355 1908 qui
1371 1872 1406 1899 sit
1418 1873 1550 1908 obseptus
1563 1877 1673 1901 austero
1685 1882 1750 1900 con-

962 1921 1085 1949 tinentiae
1106 1920 1228 1951 ambitu,
1251 1923 1278 1946 et
1299 1926 1347 1954 per
1366 1926 1488 1946 severam
1512 1926 1544 1946 ac
1558 1919 1673 1954 rigidam
1689 1919 1751 1946 vine

963 1966 1205 1997 constitutionem,
1236 1965 1316 1992 veluti
1341 1972 1389 1999 per
1410 1964 1542 2000 quasdam
1565 1964 1678 1999 spinas,
1702 1972 1752 1993 eos

964 2020 1104 2048 pungens,
1119 2011 1165 2046 qui
1182 2017 1212 2038 ut
1228 2011 1300 2038 malo
1314 2010 1448 2043 alliciant,
1470 2010 1604 2038 accedunt
1624 2011 1748 2047 propius.

965 2059 1018 2086 Sed
1032 2058 1143 2094 quando
1156 2063 1263 2092 tempus
1278 2057 1426 2092 praebuerit
1441 2057 1675 2092 opportunitatem
1689 2058 1749 2084 fru-

964 2104 1027 2132 endi
1044 2104 1196 2134 fructibus,
1213 2103 1300 2130 malus
1316 2103 1416 2138 punica
1432 2102 1461 2129 [it
1473 2102 1595 2129 omnium
1611 2102 1750 2130 fructuum

127 2143 221 2179 καιρὸς
242 2142 370 2178 παράσχῃ
390 2142 439 2174 τῆς
463 2139 640 2171 ἀπολαύσεως
664 2139 718 2166 τῶν
744 2139 859 2174 καρπῶν
884 2139 911 2165 τὸ

966 2149 1070 2177 deliciae
1083 2156 1116 2176 ex
1133 2149 1233 2183 quovis
1246 2155 1346 2183 genere
1360 2147 1494 2175 malorum
1505 2168 1513 2179 .
1529 2155 1584 2174 non
1599 2147 1672 2182 quod
1686 2155 1752 2182 pru~

125 2190 275 2224 ἐνδόσιμον,
293 2187 458 2222 παγκαρπία
471 2187 519 2221 τῆς
533 2186 638 2221 τρυφῆς
659 2186 690 2212 ὲκ
704 2185 804 2217 παντὸς
819 2186 914 2219 γένους

126 2234 180 2260 τῶν
197 2233 354 2269 ἀκροδρύων
371 2233 419 2268 ρόα
436 2232 549 2266 γίνεται,
565 2233 615 2257 οὐκ
636 2232 664 2257 ἐν
681 2230 824 2267 βραὸὑλοις
840 2232 856 2266 ἦ
871 2232 914 2266 βα-

127 2279 232 2311 λάνοις,
249 2279 266 2314 ἦ
289 2287 343 2305 τισι
362 2280 418 2310 τοῖς
432 2277 561 2308 τοιούτοις
580 2278 629 2312 τῆς
647 2277 701 2303 τῶν
718 2277 831 2312 καρπῶν
846 2278 914 2304 ἀπο-

128 2325 249 2356 λαύσεως
263 2324 418 2360 γινομένης·
436 2323 503 2350 ἀλλὰ
523 2322 631 2357 ποικίλη
642 2331 683 2354 τις
705 2323 751 2349 καὶ
774 2322 916 2357 πολυειδὴς

129 2371 281 2406 ἀρωμάτων
293 2371 371 2404 φύσις
386 2371 418 2396 ὲκ
431 2369 484 2395 τῶν
499 2368 655 2404 ἀκροδρύων
675 2368 843 2404 εὑρίσκεται.
860 2368 915 2394 Κύ-

131 2424 198 2452 προς
214 2415 268 2450 γάρ
283 2416 340 2441 ἐστι
358 2415 427 2450 μετὰ
446 2414 550 2450 νάρδων
568 2415 584 2449 ἡ
599 2414 668 2450 καλὴ
682 2413 850 2448 συζυγία,“τὸ
865 2412 915 2448 μὲν

130 2460 240 2496 οερμὸν,
261 2460 291 2486 τὸ
306 2460 333 2485 δὲ
349 2460 456 2491 εὑῶδες.
476 2460 514 2486 Οὺ
533 2461 588 2495 γὰρ
607 2460 746 2486 ἐπαινετὸν
760 2461 802 2495 ἐφ’
817 2461 914 2488 ἑαυτοῦ

130 2507 160 2533 τὺ
172 2505 282 2541 θερμὸν,
295 2505 358 2531 ὃταν
369 2503 489 2539 δυσώδης
501 2505 623 2540 πύρωσις
635 2506 651 2541 ἡ
661 2505 795 2542 θερμότης
848 2507 915 2535 ἀλλά

131 2549 384 2586 συμμαρτυρεῑσοαι
406 2549 459 2584 χρὴ
477 2549 515 2584 τῷ
544 2550 637 2585 θερμῷ
653 2551 695 2578 διὰ
719 2551 768 2587 τῆς
788 2553 916 2585 εὐπνοίας

132 2597 179 2632 τὴν
205 2595 392 2630 καθαρότητα,
416 2593 461 2620 ἴνα
475 2595 585 2629 γένηται
605 2595 644 2629 τῷ
656 2595 794 2631 ῐινεύματι
808 2597 885 2630 ζέων,
901 2599 915 2624 ὀ

130 2642 179 2676 τῆς
197 2641 296 2676 ἀηδοῦς
316 2640 482 2676 Θερμότητος
502 2639 715 2675 κεκαθαρμένος.
748 2642 791 2668 Ὲν
813 2644 917 2675 τούτοις

132 2686 204 2713 ἔστιν
217 2686 306 2720 εὑρεῖν
319 2686 375 2716 τοῖς
390 2683 559 2719 ἀκροδρύοις,
574 2684 620 2710 καὶ
638 2685 670 2711 τὰ
692 2686 759 2713 ἀλλά
773 2687 915 2723 ἀρώματα,

130 2733 236 2769 νάρδον,
260 2733 342 2768 φησι,
367 2732 414 2759 καὶ
439 2731 546 2766 κρόκον.
581 2731 659 2758 Ἀλλά
682 2733 730 2768 τῆς
755 2734 803 2768 μὲν
821 2735 916 2770 νάρδου

131 2780 179 2814 τὴν
195 2778 320 2806 εὖπνοιαν
337 2777 364 2803 ἐν
378 2777 432 2808 τοῖς
448 2776 504 2803 ἀνω
523 2777 722 2813 μεμαθήκαμεν
739 2777 838 2812 λόγοις·
860 2779 915 2807 λοι‹

291 2825 427 2856 Ριτιιοι..
444 2823 502 2853 Gn.
520 2822 630 2854 XLW.

966 2196 1009 2224 nis
1025 2195 1200 2222 Damascenis
1211 2213 1218 2225 ,
1233 2197 1280 2221 aut
1295 2193 1440 2229 glandibus
1450 2212 1458 2225 ,
1474 2196 1523 2220 aut
1539 2193 1675 2228 aliquibus
1690 2193 1751 2221 aliis

965 2240 1101 2275 ejusmodi
1121 2240 1157 2267 sit
1171 2239 1316 2267 fruendum
1326 2257 1333 2271 ,
1348 2238 1396 2266 sed
1410 2238 1484 2265 varia
1499 2242 1527 2265 et
1541 2238 1683 2272 multiplex
1699 2245 1751 2265 na-

965 2290 1027 2312 tura
1051 2289 1204 2312 aromatum
1228 2285 1366 2313 invenitur
1393 2284 1420 2310 in
1442 2283 1522 2311 malis
1537 2293 1544 2310 :
1559 2288 1601 2311 est
1614 2283 1687 2311 enim
1704 2292 1751 2320 cy-

965 2339 1031 2366 prus
1044 2338 1106 2358 cum
1123 2330 1215 2358 nardis
1230 2330 1374 2366 pulchrum
1388 2329 1545 2364 conjugium
1556 2349 1564 2360 ,
1580 2329 1626 2356 illa
1639 2329 1750 2364 quidem

965 2375 1054 2403 calida
1063 2395 1072 2408 ,
1087 2375 1144 2402 haec
1159 2382 1222 2402 vero
1234 2374 1382 2402 odorifera.
1404 2373 1465 2401 Non
1475 2377 1518 2402 est
1531 2375 1603 2402 enim
1616 2375 1692 2402 calor
1704 2383 1753 2409 per

965 2428 996 2448 se
1010 2420 1155 2448 laudabilis
1165 2440 1172 2452 ,
1191 2421 1302 2456 quando
1316 2421 1391 2448 calor
1405 2425 1446 2448 est
1463 2419 1546 2448 fetida
1561 2419 1751 2451 inﬂammatio,

966 2466 1014 2494 sed
1030 2470 1137 2500 oportet
1151 2466 1299 2501 puritatem
1315 2474 1364 2500 per
1378 2466 1479 2493 bonum
1495 2466 1608 2493 odorem
1628 2465 1699 2493 ferre
1712 2468 1753 2492 te-

966 2511 1124 2540 stimonium
1139 2511 1173 2538 de
1187 2511 1294 2544 calore,
1307 2517 1339 2539 ut
1350 2512 1387 2539 sit
1401 2516 1496 2540 sancto
1512 2511 1614 2544 Spiritu
1631 2510 1751 2542 fervens.

966 2557 1013 2592 qui
1026 2561 1068 2584 est
1082 2564 1096 2582 a
1114 2560 1184 2583 tetro
1199 2557 1290 2584 calore
1306 2561 1483 2592 expurgatus.
1502 2556 1532 2583 ln
1550 2556 1594 2583 his
1611 2556 1691 2582 malis
1706 2556 1751 2583 in-

967 2602 1060 2630 venire
1074 2602 1138 2629 licet
1161 2602 1243 2629 etiam
1262 2602 1314 2629 alia
1333 2606 1472 2633 aromata,
1495 2601 1626 2633 nardum,
1641 2600 1731 2636 inquit
1743 2620 1751 2632 ,

967 2651 993 2674 et
1008 2655 1130 2674 crocum.
1146 2647 1199 2675 Sed
1216 2648 1294 2675 nardi
1309 2648 1420 2683 quidem
1443 2655 1553 2675 suavem
1576 2647 1688 2674 odorem
1711 2646 1754 2673 di-

967 2692 1084 2720 dicimus
1098 2693 1125 2719 in
1141 2693 1175 2720 iis
1188 2701 1250 2728 qua:
1265 2701 1348 2728 supra
1367 2693 1440 2720 dicta
1460 2697 1546 2724 sunt;
1562 2696 1646 2719 restat
1662 2696 1752 2718 autem

968 2743 998 2764 ut
1021 2739 1093 2765 croci
1121 2738 1298 2766 ostendamus
1319 2740 1473 2774 aenigmata.
1500 2739 1598 2766 Dicunt
1622 2744 1687 2771 ergo
1705 2736 1753 2771 qui

969 2783 1050 2819 Ῐιυίυε
1069 2783 1144 2813 ﬂoris
1164 2784 1292 2813 virtutem
1313 2785 1540 2814 considerarunt,
1565 2790 1627 2810 cum
1651 2782 1752 2809 habere
