1984 3068
251 105 300 135 971

870 100 898 128 S.
919 99 1082 129 GREGOBII
1101 99 1244 128 ‘NYSSENI

1825 99 1878 126 972

250 160 370 189 medium
394 159 464 186 inter
486 158 604 186 calorem
629 163 655 185 et
682 158 785 194 lrigus,
806 163 832 186 et
859 159 887 186 in
911 160 1033 193 utrisque

1088 158 1137 184 τιον
1151 159 1173 184 δ’
1194 159 1226 184 ἀν
1245 157 1289 193 εἴη
1301 157 1347 184 τοῦ
1360 157 1457 192 κρόκου
1473 157 1503 184 τὸ
1519 157 1633 192 αἴνιγμα
1651 156 1825 192 παραστῆσαι
1839 157 1878 191 τῷ

249 208 343 242 fugere
365 205 639 237 immoderationem,
664 209 690 232 et
713 205 814 233 habere
837 205 892 232 vim
918 205 1036 232 leniendi

249 252 357 279 dolores
382 259 389 277 :
415 250 482 277 adeo
507 253 537 277 ut
560 257 608 285 per
632 251 683 277 hoc
711 250 780 278 forte
807 250 987 286 (Scriptura)
1008 250 1035 277 in

251 297 397 331 :rnigmate
411 295 619 330 philosophetur
633 295 667 323 de
685 296 795 324 virtute.

285 439 433 475 Propterea
448 439 520 474 quod
536 440 622 467 virtus
636 443 678 467 est
691 439 780 466 media
794 438 865 466 inter
879 439 933 466 duo
949 438 1014 466 vitia
1025 458 1033 471 .

250 492 347 520 nempe
361 486 432 512 inter
454 484 588 512 delectum
610 485 716 512 honesti
738 489 765 511 et
785 484 1033 519 exsuperationem.

250 529 326 560 Sicut
337 529 431 557 dicunt
445 530 534 565 magni
548 530 631 556 animi
642 530 769 557 virtutem
783 535 810 557 ct
824 530 1014 557 liberalitatem
1027 549 1033 561 .

250 575 322 602 illam
341 575 451 610 quidem
475 575 645 603 considerari
667 576 693 602 in
715 575 805 602 medio
829 575 985 603 timiditatis
1008 579 1034 603 ct

249 620 390 647 audacis:
406 620 477 647 hanc
495 628 560 647 vero
573 621 600 647 in
618 621 707 648 medio
723 622 843 648 avaritiae
857 625 884 648 et
898 621 1035 656 prolusio-

249 665 310 698 nis;
325 669 351 693 et
365 665 535 693 timiditatem
549 666 657 700 quidem
672 670 699 693 et
714 666 856 693 avaritiam
868 667 963 694 dicunt
974 675 1035 695 esse

249 712 277 738 in
293 711 359 738 vitio
371 716 482 746 propter
497 711 633 738 defectum
650 712 710 746 ejus
724 712 796 747 quod
818 713 895 740 decet
909 722 916 740 :
938 713 1035 748 profu-

249 757 353 783 sionem
375 760 464 784 autem
483 761 509 783 et
531 756 673 784 audaciam
695 757 723 784 in
744 764 860 785 excessu
878 762 904 785 et
918 766 1034 794 supera-

250 801 409 830 bundantia.
423 801 540 829 Medium
556 807 647 830 autem
669 802 867 838 moderationis
890 804 949 838 ejus
973 812 1034 839 qua:

1091 203 1170 238 λόγῳ.
1187 204 1254 229 Φασὶ
1270 203 1318 238 μὲν
1333 200 1378 229 οὖν
1400 204 1423 228 oi.
1443 202 1491 238 τὴν
1509 202 1624 237 δύναμιν
1643 202 1690 228 τοῦ
1705 201 1801 234 ἀνθους
1817 201 1878 228 τού-

1090 259 1136 277 του
1151 251 1375 285 κατανοήσαντες,
1393 249 1482 284 μέσως
1497 249 1568 283 ἔχειν
1579 248 1687 282 ψύξεώς
1699 257 1729 275 τε
1749 249 1796 275 καὶ
1816 247 1879 283 θερ-

1091 295 1216 330 μότητος,
1232 295 1278 322 καὶ
1294 294 1323 321 τὸ
1339 294 1450 329 φεύγειν
1464 293 1512 329 τὴν
1533 294 1574 328 ἐφ’
1590 294 1718 329 ἑκάτερον
1733 293 1876 328 ἀμετρίαν·

1089 340 1127 372 ὡς
1145 340 1188 367 διὰ
1202 340 1297 366 τούτου
1311 341 1380 375 τάχα
1397 340 1442 366 τὸν
1459 340 1523 375 περὶ
1536 341 1585 375 τῆς
1600 341 1699 376 ἀρετῆς
1711 341 1778 375 ἡμῖν
1798 338 1878 374 λόγον

1090 379 1243 419 φιλοσοφεῖν
1257 384 1295 420 τῷ
1307 385 1459 420 αἰνίγματι.

1124 430 1196 456 Διότι
1211 431 1285 456 πᾶσα
1304 430 1387 464 ἀρετὴ
1405 429 1496 456 κακῶν
1510 430 1568 456 ἐστι
1583 430 1664 464 μέση,
1684 430 1734 464 τῆς
1747 439 1777 457 τε
1793 431 1878 457 ἐλλεί-

1087 476 1161 511 ψεως
1177 476 1224 503 τοῦ
1240 476 1334 507 καλοῦ,
1348 477 1454 511 καὶτῆς
1467 476 1680 511 ὺπερπτὼσεως.
1696 474 1757 502 Οἴον
1771 477 1819 511 τὴν
1834 477 1879 503 ἀν-

1088 522 1178 557 δρείαν
1195 522 1241 548 καὶ
1255 521 1304 557 τὴν
1325 521 1479 556 ἐλευθερίαν
1498 521 1575 555 φασὶ,
1598 521 1648 556 τὴν
1673 521 1721 556 μὲν
1736 521 1836 552 δειλίας
1850 529 1878 547 τε

1089 568 1135 594 καὶ
1157 567 1333 604 θρασύτητος,
1348 568 1396 602 τὴν
1417 568 1444 594 δὲ
1461 566 1638 602 μικρολογίας
1655 575 1684 593 τε
1698 567 1746 594 καὶ
1761 567 1878 598 ἀσωτίας

1089 615 1117 640 ὲν
1133 613 1207 649 μέσῳ
1226 613 1385 648 θεωρεῖσθαι
1396 621 1402 628 ·
1417 614 1462 639 καὶ
1479 613 1528 648 τὴν
1544 612 1593 647 μὲν
1613 612 1713 640 δειλίαν
1729 621 1758 639 τε
1773 613 1820 638 xui.
1834 621 1878 647 μι-

1089 659 1241 695 κρολογίαν,
1265 659 1325 686 κατ’
1345 658 1461 693 ἔλλειψιν
1480 658 1527 684 τοῦ
1549 658 1715 693 καθήκοντες
1727 678 1734 690 ,
1750 659 1779 684 ἐν
1793 658 1878 693 κακίᾳ

1088 706 1195 740 λέγουσι
1210 705 1342 739 γίνεσϐαν
1358 705 1407 739 τὴν
1417 705 1444 731 δὲ
1456 705 1573 732 ἀσωτίαν
1585 705 1631 731 καὶ
1645 704 1694 740 τὴν
1706 704 1874 740 Θρασύτητα,

1088 752 1158 779 κατὰ
1172 751 1338 786 πλεονασμὸν
1352 750 1398 777 καὶ
1418 750 1602 785 ὑπέρπτωσιν·
1625 750 1675 785 τῆς
1687 750 1715 776 δὲ
1740 750 1800 776 καθ’
1815 749 1877 775 ἑκά-

1087 807 1165 834 τερον
1187 798 1318 833 ἀμετρίας
1337 797 1367 823 τδ
1382 796 1473 832 μέσον,
1487 795 1587 831 ἀρετὴν
1601 795 1787 830 ὀνομάζουσιψ
1810 795 1876 821 οὒκ-

248 851 291 875 est
305 848 333 874 in
348 851 483 882 utroque,
499 848 644 874 nominant
660 848 802 876 virtutem.
825 848 910 876 Habet
929 857 994 884 ergo
1009 849 1033 876 id

1088 843 1134 869 οὖν
1153 843 1209 877 ἔχοι
1225 841 1259 869 ἄν
1281 850 1307 868 τι
1328 841 1393 877 περὶ
1412 841 1461 877 τὴν
1481 840 1580 876 ἀρετὴν
1599 841 1612 867 ὁ
1628 841 1691 876 περὶ
1715 840 1761 866 τοῦ
1776 840 1877 875 κρόκου

247 893 320 928 quod
340 892 375 920 de
395 900 477 920 croco
497 893 607 924 dicitur,
631 893 703 929 quod
723 893 756 920 ad
779 894 906 922 virtutem
923 895 1035 927 attinet.

247 938 351 972 aliquid
364 945 538 973 consequens
552 938 734 966 mediocritati
750 939 903 971 facultatis,
919 944 950 967 ut
963 940 1035 975 quod

249 985 446 1019 interpretatur
461 984 530 1011 nihil
545 985 641 1011 virtuti
659 985 776 1012 deiicere
797 989 824 1013 et
843 986 960 1013 efﬂuere.
981 985 1037 1020 Ego

248 1033 339 1057 autem
352 1029 415 1057 dico
426 1049 433 1062 ,
447 1030 555 1057 etiamsi
570 1030 669 1058 rudius
684 1034 710 1058 et
725 1031 861 1065 agrestius
875 1031 998 1059 videatur
1008 1032 1036 1058 id

248 1074 320 1109 quod
336 1074 449 1106 dicitur,
463 1075 538 1102 croci
554 1075 670 1110 aenigma
684 1074 755 1102 forte
769 1076 856 1111 magis
869 1077 980 1112 proprie
993 1084 1036 1105 as-

249 1120 321 1147 sumi
336 1119 370 1146 ad
387 1120 520 1147 rationem
542 1119 616 1148 ﬁdei.
641 1119 710 1147 Nam
724 1119 774 1148 ﬂos
789 1121 899 1155 quidem
913 1126 1037 1149 versatur

248 1166 276 1192 in
291 1165 390 1200 triplici
407 1165 563 1193 involucro.
579 1165 670 1200 lpsmn
691 1170 782 1193 autem
805 1165 977 1194 involucrum
994 1173 1036 1196 est

247 1210 298 1238 llos
313 1211 340 1238 in
356 1211 449 1239 colore
461 1218 552 1239 aereo.
567 1211 705 1238 lnvolucri
720 1215 809 1238 autem
824 1216 906 1239 exuto
919 1214 1035 1247 amictu,

247 1261 304 1284 tres
328 1257 439 1284 omnino
462 1257 639 1284 inveniuntur
662 1256 744 1284 liores
767 1257 838 1284 bene
861 1258 981 1291 olentes,
1009 1265 1036 1288 et

249 1301 329 1328 utiles
349 1300 384 1328 ad
399 1300 572 1332 curationes,
588 1300 677 1334 operti
697 1300 867 1333 involucris,
889 1303 937 1337 qui
960 1303 1036 1330 simi~

248 1346 308 1374 liter
325 1350 353 1374 et
375 1346 470 1373 eodem
492 1345 574 1372 modo
594 1345 664 1373 inter
678 1353 739 1373 sese
752 1346 866 1379 habent,
885 1347 1036 1382 pulchritu-

248 1391 313 1418 dine
327 1395 355 1417 ct
371 1391 559 1426 magnitudine
575 1394 603 1418 et
621 1391 693 1418 bono
715 1390 799 1420 odore
820 1396 847 1420 et
869 1394 1036 1428 proprietate

248 1437 374 1468 virtutis.
391 1441 418 1464 et
432 1441 488 1465 tres
505 1445 553 1472 per
567 1438 660 1465 omnia
683 1447 756 1467 unus
776 1439 969 1471 ostenduntur,
988 1447 1035 1467 co-

248 1483 315 1510 loris
330 1483 452 1509 bonitate
463 1503 470 1516 ,
487 1482 582 1510 odoris
599 1485 737 1512 suavitate
751 1504 758 1517 ,
780 1489 807 1512 et
828 1485 960 1520 qualitate
978 1485 1035 1512 vir-

248 1527 326 1555 tutis.
344 1526 449 1560 Quibus
462 1527 554 1561 agnati
567 1531 632 1555 sunt
646 1529 729 1556 etiam
746 1533 802 1557 tres
819 1529 864 1556 alii
875 1550 883 1561 ,
898 1530 958 1557 visu
973 1531 1035 1565 qui-

248 1574 308 1600 dem
323 1569 396 1601 llavi.
415 1571 448 1599 ad
464 1578 573 1599 omnem
589 1577 679 1600 autem
697 1570 776 1601 usum
800 1574 939 1601 salubrem
959 1575 1033 1602 nulla

247 1616 381 1651 qualitate
395 1617 512 1651 praediti.
538 1616 599 1650 Quo
615 1618 645 1644 ﬁt
661 1623 691 1645 ut
707 1619 849 1654 imperitos
866 1621 892 1647 in
913 1621 947 1648 iis
967 1627 1034 1647 con-

248 1662 337 1698 tingat
349 1669 454 1694 errare,
469 1663 516 1697 qui
531 1667 642 1698 propter
654 1664 754 1691 bonum
768 1666 887 1693 colorem
900 1674 949 1701 pro
962 1666 1033 1693 bono

247 1707 398 1742 decerpunt
410 1707 606 1735 adulterinum.
622 1708 701 1742 Quod
718 1718 791 1738 nunc
805 1719 912 1746 quoque
930 1711 1034 1738 faciunt

248 1753 296 1788 qui
309 1757 404 1780 errant
417 1753 491 1780 circa
508 1753 600 1786 (idem,
610 1755 656 1789 qui
670 1756 825 1791 suscipiunt
839 1765 934 1784 omnes
949 1756 1033 1784 falsas

248 1804 275 1826 et
289 1803 349 1826 arte
362 1798 514 1834 sophistica
529 1799 670 1828 confectas
685 1802 844 1835 opiniones,
860 1807 886 1828 ct
901 1810 947 1829 cas
962 1810 1032 1837 prte-

250 1844 339 1873 l‘erunt
352 1845 432 1872 hortis
446 1848 473 1872 et
490 1846 566 1873 sanis
581 1846 765 1881 dogmatibus.
791 1847 877 1882 Eligat
900 1848 1033 1875 auditoris

247 1890 382 1925 judicium
408 1891 481 1926 quod
507 1892 594 1925 velit,
620 1893 678 1920 sive
702 1893 816 1920 alterum
841 1901 874 1920 ex
899 1893 950 1927 iis,
975 1895 1033 1922 sive

249 1940 415 1971 utrumque:
441 1941 505 1964 sunt
530 1937 602 1965 enim
625 1946 709 1965 unum
733 1938 934 1972 quodammodo
958 1945 1033 1968 utra—

247 1989 316 2017 que,
343 1982 469 2017 perfectte
493 1983 624 2016 virtutis,
648 1988 674 2011 et
698 1983 849 2012 divinitatis
875 1986 1030 2020 acquisitio.

247 2027 307 2055 Non
322 2032 364 2056 est
378 2028 451 2056 enim
469 2030 557 2056 virtus
572 2032 649 2057 extra
664 2028 845 2056 divinitatem.

284 2073 340 2102 Nos
358 2077 447 2101 autem
460 2079 632 2102 transeamus
648 2075 680 2101 ad
699 2075 954 2109 contemplatimcm
977 2084 1029 2103 ca:-

246 2123 368 2147 terorum
384 2125 548 2152 aromatum,
567 2120 600 2147 de
614 2120 713 2155 quibus
732 2127 934 2156 consequenter
959 2122 1031 2150 facta

1089 886 1175 921 λόγος,
1193 886 1337 914 ἀκόλουθον
1349 887 1381 922 τῇ
1394 886 1443 921 τῆς
1455 886 1595 921 δυνάμεως
1610 885 1748 921 μεσότητι,
1764 886 1794 912 τὸ
1804 885 1877 912 ἀνελο

1089 932 1180 963 λειπές
1195 941 1224 958 τε
1243 933 1290 959 καὶ
1310 932 1454 968 ἀπέριττον
1468 931 1518 966 τῆς
1533 931 1660 967 ἐναρέτου
1685 932 1877 963 καταστάσεως

1089 978 1248 1014 ἐρμηνεῦον.
1273 978 1344 1013 Ἐγὼ
1366 978 1394 1005 δέ
1410 987 1498 1013 φημι,
1516 977 1566 1005 κᾶν
1584 978 1788 1013 ἰδιωτικώτερον
1846 977 1877 1004 τδ

1088 1025 1244 1060 λεγόμενον,
1255 1025 1325 1061 τάχα
1350 1024 1449 1060 μᾶλλον
1464 1025 1531 1060 πρὸς
1548 1024 1594 1051 τὸν
1608 1017 1658 1060 τῆς
1670 1024 1786 1056 πίστεως
1798 1024 1878 1058 λόγον

1088 1071 1250 1106 οἰκειότερον
1276 1070 1306 1097 τὸ
1329 1070 1443 1105 αἴνιγμα
1468 1070 1515 1097 τοῦ
1539 1070 1638 1106 κρόκου
1665 1069 1876 1104 παραλαμϐάνε-

1090 1116 1161 1143 σθαι.
1176 1116 1287 1152 Τριπλῷ
1302 1117 1349 1152 μὲν
1369 1117 1423 1152 γὰρ
1437 1117 1622 1152 ὑποτρέφεται
1635 1116 1665 1142 τδ
1677 1115 1756 1148 ἄνθος
1770 1115 1808 1151 τῷ
1826 1115 1876 1142 κά-

1088 1162 1159 1188 λυκι·
1175 1163 1220 1189 καὶ
1235 1162 1316 1193 αὐτὸς
1329 1162 1357 1188 δὲ
1375 1162 1390 1188 ὁ
1406 1161 1490 1195 κάλυξ
1506 1163 1534 1188 ὲν
1551 1162 1683 1197 ἀεροειδετ
1695 1163 1727 1196 τῇ
1741 1162 1818 1197 χροίᾳ.
1832 1161 1878 1188 ἀν-

1089 1207 1134 1239 θος
1148 1207 1232 1235 ἐστίν.
1263 1207 1434 1242 Ἐκλυθείσης
1447 1207 1475 1234 δὲ
1491 1208 1541 1243 τῆς
1553 1208 1607 1234 τῶν
1622 1207 1745 1234 καλύκων
1768 1207 1876 1244 περιϐο-

1089 1253 1147 1288 λῆς,
1161 1254 1224 1289 τρία
1239 1254 1394 1289 εὑρίσκεται
1407 1254 1514 1284 πάντως
1526 1252 1560 1279 τὰ
1571 1253 1736 1280 εὐπνοοῦντα
1747 1254 1794 1280 καὶ
1809 1262 1878 1289 χρη-

1091 1299 1236 1334 σιμεύοντα
1253 1299 1320 1334 πρὸς
1332 1298 1381 1330 τὰς
1396 1299 1480 1330 ίάσεις
1501 1299 1579 1334 ἀνοη,
1600 1299 1634 1326 τὰ
1645 1299 1876 1335 ὑποκεκρυμμένα

1088 1347 1145 1377 τοῖς
1159 1344 1262 1377 κάλυξι,
1282 1345 1390 1380 μεγέθει
1411 1345 1458 1370 xui.
1470 1344 1562 1371 κάλλει
1580 1340 1628 1371 καὶ
1647 1345 1759 1380 εὐπνοίᾳ
1779 1345 1826 1372 καὶ
1843 1346 1875 1380 τῇ

1089 1390 1139 1424 τῆς
1152 1390 1291 1425 δυνάμεως
1308 1389 1416 1424 ἰδιότητι
1429 1389 1559 1420 ὡσαύτως
1572 1389 1640 1424 πρὸς
1654 1389 1757 1424 ἄλληλα
1769 1390 1875 1425 έχοντα,

1090 1436 1136 1462 καὶ
1152 1435 1181 1461 ἓν
1194 1437 1227 1461 τὰ
1240 1435 1303 1469 τρία
1320 1434 1365 1461 διά
1384 1435 1493 1462 πάντων
1510 1435 1682 1470 δεικνύμενα,
1697 1436 1809 1471 εὐχροίξι
1829 1444 1857 1462 τε
1868 1456 1875 1468 ,

1090 1479 1179 1510 καθὼς
1193 1479 1310 1513 εἴρηται,
1327 1479 1374 1505 καὶ
1387 1478 1509 1514 εὖπνοίᾳ,
1529 1480 1576 1505 xui.
1592 1477 1631 1513 τῷ
1646 1479 1714 1514 ποιῷ
1729 1479 1778 1514 τῆς
1795 1479 1876 1506 δυνά-

1089 1533 1169 1560 μεως.
1186 1521 1233 1556 Οἷς
1254 1525 1507 1560 συμπαραπέφυκεν
1525 1524 1607 1560 ἕτερα
1625 1525 1699 1560 τρία,
1721 1525 1805 1558 ξανθὰ
1826 1526 1875 1560 μὲν

1083 1569 1160 1600 ίδεῖν.
1174 1570 1257 1597 ἀποια
1268 1569 1295 1595 δὲ
1308 1569 1376 1604 πρὸς
1387 1570 1478 1596 πᾶσαν
1490 1569 1609 1604 ὑγιεινὴν
1619 1570 1794 1605 εὐχρηστίαν.
1808 1570 1876 1605 Περὶ

1085 1615 1102 1642 ἃ
1117 1616 1220 1649 γίνεται
1236 1617 1292 1647 τοῖς
1313 1615 1437 1650 ἀπείροις
1457 1616 1472 1650 ἡ
1497 1615 1595 1650 πλάνη,
1618 1618 1674 1648 τοῖς
1695 1616 1738 1643 διὰ
1760 1616 1808 1652 τὴν
1831 1616 1876 1643 εὖ·

1084 1670 1180 1697 χροιαν
1206 1661 1235 1688 τὺ
1258 1660 1334 1688 νόθον
1355 1661 1531 1697 δρεπομένοις
1554 1662 1613 1688 ἀντὶ
1636 1662 1684 1688 τοῦ
1709 1662 1873 1696 κρείττονος.

1085 1707 1174 1742 Ὅπερ
1193 1708 1240 1734 καὶ
1255 1707 1301 1734 νῦν
1317 1707 1439 1734 ποιοῦσιν
1457 1708 1482 1734 οἱ
1499 1708 1562 1743 περὶ
1580 1707 1630 1743 τὴν
1652 1708 1743 1734 πίστιν
1754 1707 1874 1743 ἐξαμαρ-

1083 1753 1216 1785 τεύοντες,
1228 1752 1277 1784 τὰς
1289 1752 1487 1787 σεσοιρισμένας
1500 1753 1606 1784 ἀπάτας
1619 1753 1672 1788 πρὸ
1684 1753 1736 1779 τῶν
1749 1753 1875 1787 ὑγιεινῶν

1083 1798 1225 1834 δογμάτων
1247 1798 1412 1834 αἱρούμενοι.
1435 1798 1552 1825 Ἐλέσοω
1568 1799 1596 1825 δὲ
1612 1799 1641 1832 ἐξ
1653 1799 1784 1834 ἑκατέρου
1797 1801 1813 1834 ή
1827 1799 1874 1826 τοῦ

1084 1844 1219 1879 ἀκροατοῦ
1232 1844 1322 1880 κρίσις
1334 1844 1348 1871 ὃ
1363 1844 1497 1879 βούλεται,
1513 1845 1576 1870 εῐτε
1589 1844 1618 1870 τὸ
1631 1844 1724 1880 ἓτερον
1734 1845 1762 1878 ἐξ
1773 1845 1872 1876 αὐτῶν,

1083 1890 1110 1917 εἴ
1122 1899 1151 1917 τε
1167 1890 1319 1926 ἀμφότερα·
1337 1891 1367 1917 ἓν
1388 1889 1442 1926 γὰρ
1454 1891 1552 1925 τρόπον
1567 1890 1626 1917 τινά
1638 1891 1711 1916 ἐστιν
1723 1891 1873 1926 ἀμφότερα,

1083 1937 1100 1971 ἥ
1113 1945 1138 1962 τε
1146 1937 1195 1972 τῆς
1207 1937 1312 1968 τελείας
1331 1937 1431 1972 ἀρετῆς
1442 1957 1449 1968 ,
1466 1937 1512 1962 καὶ
1534 1937 1550 1972 ή
1565 1937 1614 1971 τῆς
1627 1935 1752 1971 θεότητος
1767 1938 1874 1971 κτῆσις.

1084 1981 1121 2007 Ob
1136 1980 1189 2016 γὰρ
1203 1980 1255 2013 ἔξω
1266 1981 1349 2016 ἀρετὴ
1363 1981 1411 2014 τῆς
1424 1980 1560 2014 θεότητος.

1124 2078 1218 2112 Ἡμεῖς
1238 2077 1266 2104 δὲ
1283 2077 1328 2103 ἐπὶ
1344 2077 1393 2111 τὴν
1407 2077 1461 2103 τῶν
1475 2076 1575 2102 λοιπῶν
1592 2077 1745 2112 ἀρωμάτων
1756 2077 1872 2110 θεωρίαν

1086 2123 1267 2158 μετέλϐωμεν,
1283 2122 1336 2149 τῶν
1352 2122 1385 2148 δι’
1402 2121 1547 2149 ἀκολούθου
1565 2121 1803 2157 μνημονευθέντων
1820 2121 1872 2148 ὑπὸ

247 2170 288 2192 est
306 2166 407 2193 mentio
423 2166 450 2192 in
463 2165 597 2193 oratione.
621 2165 758 2198 Calamus,
776 2167 874 2201 inquit,
901 2173 924 2195 et
938 2169 1031 2196 cinna-

1088 2168 1130 2194 τοῦ
1149 2168 1237 2202 λόγου.
1256 2167 1411 2202 Κὰλαιισς,
1432 2167 1515 2202 φησι,
1533 2167 1581 2193 καὶ
1600 2167 1802 2201 κιννάμωμον,
1821 2168 1870 2193 καὶ

247 2218 374 2242 montum,
397 2215 421 2238 et
436 2218 525 2244 poma.
549 2210 630 2237 Poma
653 2215 744 2238 autem
764 2216 828 2239 sunt
853 2213 958 2241 fructus
985 2216 1032 2249 qui

247 2257 437 2291 producuntur
462 2264 494 2284 ex
527 2256 606 2284 malis
635 2257 743 2291 punicis
771 2258 892 2292 paradisi
911 2267 1028 2294 sponsae.

249 2301 300 2329 Sed
327 2301 461 2328 calamum
488 2301 597 2335 quidem
613 2301 706 2329 dicunt
724 2303 795 2330 bono
815 2304 898 2331 odore
923 2306 1030 2333 caeteris

246 2347 418 2378 antecellere,
434 2347 500 2374 adeo
517 2350 572 2374 uta
596 2347 653 2382 lege
673 2354 828 2376 assumatur
847 2350 880 2377 ad
908 2351 1028 2378 sullitum

246 2392 715 2420 sacerdotalem":cinnamomum
751 2398 840 2421 autem
875 2396 976 2422 variam
1007 2401 1035 2424 et

248 2436 423 2470 multiplicem
443 2437 628 2470 operationem
647 2445 697 2473 per
713 2439 862 2473 quamdam
880 2442 1033 2468 naturalem

248 2481 401 2508 facultatem
417 2483 586 2517 promittere,
612 2491 645 2511 ex
660 2485 763 2519 quibus
787 2486 871 2513 multa
889 2486 968 2514 [idem
989 2488 1032 2514 vi-

246 2527 346 2554 "untur
367 2536 508 2563 superare.
535 2529 616 2556 Aiunt
630 2531 702 2557 enim
718 2538 788 2566 aqua
808 2532 938 2560 bulliente
951 2532 978 2559 in
995 2533 1032 2559 le—

248 2576 317 2603 uete.
347 2573 370 2601 si
385 2581 445 2601 eam
458 2574 546 2602 solum
564 2578 657 2611 tangat
675 2577 726 2604 hoc
743 2584 847 2609 aroma,
873 2585 972 2612 aquam
989 2586 1032 2606 re-

248 2618 379 2653 frigerare
394 2620 531 2654 protinus,
548 2624 574 2648 et
586 2621 689 2648 illatam
705 2622 732 2648 in
748 2622 857 2650 fervens
877 2623 1028 2656 lavacrum,

247 2664 372 2692 ardorem
388 2665 433 2699 qui
450 2670 492 2693 est
506 2666 534 2693 in
551 2673 625 2699 aere,
642 2671 827 2695 transmutare
850 2669 878 2695 in
896 2669 1028 2704 algorcm.

245 2713 274 2737 et
288 2709 387 2738 habere
400 2715 524 2738 naturam
549 2712 698 2747 perintendi
714 2719 746 2740 ea
771 2720 831 2748 quae
862 2718 1028 2747 generantur

288 2793 310 2810 ⁹⁰
319 2796 406 2826 Exod.
422 2807 484 2832 xxx,
495 2799 540 2827 ‘23.

1086 2213 1246 2247 ἀκρόδρυα.
1264 2214 1341 2240 Ἔστι
1362 2213 1396 2239 τὰ
1414 2213 1551 2249 ἀκρόδρυα
1566 2213 1600 2238 τὰ
1622 2213 1653 2238 ὲκ
1672 2212 1725 2238 τῶν
1743 2212 1810 2246 ῥοῶν
1823 2211 1870 2238 τοῦ

1086 2259 1249 2294 παραδείσου
1262 2258 1311 2292 τῆς
1328 2258 1437 2292 νύμφης
1457 2258 1711 2293 καρποφορούμενα.
1731 2257 1811 2284 Ἀλλὰ
1825 2257 1870 2284 τὸν

1087 2305 1135 2338 μὲν
1152 2304 1283 2338 κάλαμον,
1296 2303 1408 2338 εὐπνοίᾳ.
1424 2303 1551 2338 προέχειν
1564 2303 1632 2336 ὑπὲρ
1647 2303 1679 2328 τὲι
1691 2302 1758 2329 ἄλλα
1771 2302 1852 2336 φασίν
1862 2310 1869 2318 ·

1084 2350 1122 2381 ὡς
1138 2350 1185 2376 καὶ
1210 2349 1277 2385 πρὸς
1300 2349 1330 2375 τὸ
1348 2349 1419 2384 ἱερὸν
1436 2349 1560 2384 θυμίαμα
1582 2348 1634 2374 ὑπὸ
1651 2347 1697 2374 τοῦ
1718 2348 1801 2382 νόμου
1817 2357 1871 2374 πα-

1085 2394 1321 2434 ραλαμϐάνεσθαι·
1347 2394 1376 2420 τὸ
1398 2394 1427 2420 δὲ
1453 2391 1628 2429 κιννάμωμον
1654 2393 1781 2428 πολυειδῆ
1810 2402 1871 2420 τινα

1083 2441 1130 2467 καὶ
1146 2440 1270 2475 ποικίλην
1283 2440 1432 2475 ἐνέργειαν,
1452 2439 1496 2466 διὰ
1512 2448 1584 2471 τινος
1599 2440 1715 2474 φυσικῆς
1730 2440 1871 2474 δυνάμεως

1082 2486 1309 2520 ἐπαγγέλλεσθαι,
1328 2482 1365 2512 ὧν
1387 2485 1421 2512 τὰ
1444 2485 1529 2512 πολλά
1542 2486 1588 2512 καὶ
1606 2486 1677 2522 ὑπὲρ
1696 2487 1785 2513 πίστιν
1801 2484 1870 2514 εἶναι

1081 2531 1164 2558 δοκεῖ.
1186 2532 1241 2559 Καὶ
1256 2531 1310 2565 γὰρ
1334 2530 1440 2562 ζέοντος
1458 2539 1524 2567 φησι
1544 2531 1591 2558 τοῦ
1609 2532 1637 2558 ἐν
1651 2532 1689 2566 τῷ
1701 2532 1793 2567 λέϐητι
1806 2532 1870 2559 ὓδα-

1081 2586 1140 2608 τος,
1164 2577 1242 2612 εἴπερ
1259 2576 1327 2610 θίγοι
1342 2576 1421 2611 μόνον
1442 2577 1520 2603 τοῦτο
1539 2577 1569 2604 τὸ
1593 2578 1707 2612 ἄρωμα,
1726 2577 1806 2608 εὐθὺς
1821 2586 1870 2603 κα-

1082 2622 1210 2657 ταψύχειν
1231 2623 1261 2648 τὺ
1283 2621 1372 2658 ὕδωρ,
1400 2623 1446 2649 καὶ
1463 2622 1568 2658 λουτρῷ
1595 2622 1782 2656 ἐπεισενεχθὲν
1809 2622 1869 2649 δια-

1084 2668 1176 2703 πύρῳ,
1196 2669 1350 2703 μεταποιεῖν
1368 2668 1414 2694 τὸν
1431 2669 1460 2695 ὲν
1474 2668 1515 2702 τῷ
1537 2668 1596 2703 ἀέρι
1619 2668 1738 2703 φριγμὸν
1760 2669 1798 2700 εἰς
1814 2668 1867 2702 ψυ-

1082 2714 1213 2750 χρότητα,
1244 2715 1290 2741 καὶ
1319 2714 1499 2750 ἀφανιστικὴν
1522 2714 1574 2741 τῶν
1605 2715 1637 2742 ὲκ
1666 2714 1768 2752 φθορᾶς
1796 2723 1868 2748 τινος
