1984 3068
110 145 158 173 975

619 145 652 173 ΙΝ
665 146 812 175 CANTICA
832 147 969 177 CANTIC.
991 148 1134 177 HOMILIA
1155 150 1200 178 IX.

1681 149 1732 176 974

110 201 330 236 ζωογονουμένων
350 202 399 238 τὴν
421 202 501 237 φύσιν
526 202 612 238 ἔχειν,
630 204 676 231 καὶ
692 204 760 231 ἄλλα
784 205 883 233 τοιαῦτι

949 213 982 233 ex
999 207 1187 241 corruptione,
1203 210 1230 234 et
1245 207 1297 233 alia
1315 205 1470 242 hujusmodi
1498 206 1531 234 de
1546 213 1579 233 eo
1605 209 1730 236 narrant,

113 247 172 282 περὶ
193 247 276 274 αὑτοῦ
303 247 501 284 διεξέρχονται,
526 249 544 277 ἁ
563 250 633 286 ὑπὲρ
658 251 708 286 τὴν
731 251 820 278 πίστιν
840 251 894 278 τῶν

109 292 256 319 ἀκουόντων
275 290 440 320 εἶναιδοκεῖ.
456 293 572 328 Λέγουσι
585 295 655 331 γὰρ,
674 296 698 322 εί
718 296 838 331 ὲντεθείη
855 297 893 332 τῷ

110 338 218 374 στόματι
236 338 283 365 τοῦ
300 338 490 371 καθεύδοντος,
508 340 590 375 μηδὲν
611 341 803 376 ἐμποδίζεσθαι
826 342 893 377 πρὸς

107 383 152 418 τὴν
174 382 228 410 τῶν
251 383 460 418 πυνθανομένων
483 384 628 420 ἀπόκρισιν
645 385 690 412 τὸν
710 386 890 413 καθεύδοντα·

107 427 172 455 ἀλλὰ
185 428 232 455 καὶ
248 429 276 455 ὲν
291 427 329 463 τῷ
349 427 424 464 ὕπνῳ
449 428 540 464 μένειν
561 429 656 463 αὐτὸν,
679 431 725 457 καὶ
741 431 891 466 νηφαλέους

106 474 148 500 καὶ
170 473 378 509 διηρθρωμένας
391 475 526 501 ποιεῖσθαι
541 475 609 511 πρὸς
631 476 696 508 ἔπος
711 477 761 509 τὰς
777 478 891 514 ἀποκρί-

106 526 166 550 σεις.
184 518 251 553 Περὶ
263 515 301 545 ὧν
315 518 561 547 διαϐεϐαιώσασθαι
578 519 627 555 μὲν
644 520 730 554 οὕτως
741 522 824 557 ἔχειν,
844 523 890 551 τδν

106 563 140 600 μὴ
152 564 195 590 διὰ
218 564 268 599 τῆς
285 564 382 600 πείρας
403 565 523 600 μαθόντα
537 566 591 592 τῶν
607 567 805 603 ἱστορουμένων
825 568 890 604 περὶ

103 609 182 636 αὐτοῦ
206 609 255 645 τὴν
275 609 413 645 ἀλήθειαν,
439 611 574 645 προπετὲς
601 611 634 638 ἂν
649 611 691 648 είη
724 613 772 639 καὶ
794 613 890 641 ἀνεπί-

104 664 228 682 σκεπτον.
239 655 313 692 Πλὴν
325 656 382 682 ἀλλ’
394 657 488 693 ἐπειδὴ
504 657 575 684 κατά
590 666 651 685 τινα
668 660 797 694 μυστικὸν
810 660 889 695 λόγον

101 700 267 737 ὲνηριθμήθη
285 701 323 736 τῷ
340 702 483 737 καταλόγῳ
500 702 554 729 τῶν
569 704 726 740 ἀκροδρύων
747 706 793 732 καὶ
810 705 889 732 τοῦτο

101 746 130 772 τὸ
143 746 253 782 ἄρωμα,
275 747 325 774 οὐκ
344 748 452 783 ἀληθῶς
468 748 537 784 ῥοῶν
554 750 731 785 ἐκφυομένων
742 759 748 766 ·
761 751 822 778 οὐδὲ
833 752 888 788 γὰρ

99 791 183 823 οὕτως
200 792 346 827 αἰσθητοὺς
361 792 543 828 παραδείσους
564 793 595 820 τὺ
610 795 697 830 πόμα
715 795 763 831 τῆς
778 795 888 831 νύμφης

101 837 239 872 προΐεται·
263 838 321 864 ἀλλ’
344 837 415 865 ὦστε
440 838 574 874 σύμὸολον
603 840 728 874 γενέσθαι
751 841 887 876 νοήματός

945 259 1005 286 quae
1020 260 1103 287 supra
1122 252 1201 280 fidem
1218 251 1374 279 auditorum
1396 252 1525 279 videntur
1550 259 1622 279 esse.
1647 251 1730 278 Aiunt

944 297 1016 324 enim
1032 298 1055 325 si
1071 298 1152 325 fuerit
1167 298 1284 333 positum
1300 298 1327 325 in
1343 293 1390 326 ore
1414 297 1585 330 dormientis,
1607 304 1669 324 eum
1685 297 1730 332 qui

944 342 1046 370 dormit
1066 343 1317 378 minimcimpediri
1333 343 1481 378 quominus
1504 342 1669 378 respondeat
1694 341 1726 368 ad

944 396 976 416 ea
991 397 1052 424 qua:
1068 390 1292 425 interrogantur;
1311 390 1358 418 sed
1371 393 1468 417 etcum
1479 396 1589 418 manere
1607 389 1634 416 in
1657 396 1731 417 sont~

943 442 990 468 no,
1010 436 1171 471 sobriasque
1197 439 1224 464 ct
1248 435 1281 463 ad
1304 436 1417 464 verbum
1444 443 1589 470 expressas
1617 435 1729 463 reddere

951 481 1156 516 responsiones.
1173 481 1211 509 De
1223 482 1322 517 quibus
1343 479 1455 516 quidem'
1479 481 1616 508 affirmare
1639 480 1675 507 ita
1699 487 1730 508 se

942 526 1054 560 habere,
1072 527 1127 555 nisi
1142 527 1206 563 quis
1223 535 1270 563 per
1283 527 1479 561 experientiam
1497 526 1727 554 didieeriteorum

942 579 1002 607 quae
1016 572 1050 600 de
1066 580 1099 600 eo
1120 577 1268 600 narrantur
1294 572 1447 605 veritatem,
1475 572 1648 599 temerarium
1670 570 1731 599 fue-

941 617 976 644 rit
990 620 1017 644 et
1035 617 1277 644 inconsideratum.
1311 616 1364 644 Sed
1393 617 1520 652 quoniam
1540 617 1645 643 ratione
1665 622 1730 650 qua-

941 662 1003 689 dam
1019 663 1145 698 mystica,
1165 662 1217 689 hoc
1238 669 1347 697 quoque
1371 669 1465 688 aroma
1489 661 1605 688 relatum
1632 665 1674 688 est
1699 661 1726 687 in

940 713 1082 734 numerum
1110 713 1265 742 pomorum,
1287 714 1342 733 non
1362 713 1426 733 vere
1451 712 1569 733 nascens
1592 712 1625 732 ex
1648 705 1728 732 malis

939 753 1048 787 punicis
1062 752 1161 788 (neque
1185 753 1257 780 enim
1269 752 1386 780 sensites
1409 752 1554 787 paradisos
1574 750 1673 778 emittit
1693 757 1726 778 ex

938 805 986 825 ore
999 798 1124 832 sponsa),
1152 797 1199 826 sed
1215 802 1245 825 ut
1260 796 1431 825 consulendo
1458 801 1586 832 suggerat
1607 796 1727 830 aliquam

938 843 1113 876 sententiam,
1141 842 1223 870 exiis
1238 850 1300 878 quae
1317 849 1427 877 sponsa:
1451 841 1599 869 conferunt.
1613 840 1647 868 ad
1669 841 1727 867 lau-

99 890 168 914 τινος
192 882 244 910 τῶν
265 884 303 916 είς
323 883 432 912 ἔπαινον
451 884 649 912 συντελούντων
663 887 697 921 τῇ
712 875 820 922 νύμφη,
835 887 883 914 οὐκ

938 887 1010 921 dem,
1028 895 1084 916 non
1101 891 1174 916 recte
1182 887 1310 915 existimo
1328 894 1358 915 se
1379 887 1490 919 habere,
1505 887 1530 914 si
1546 894 1578 914 ea
1598 885 1728 921 rejician-

98 926 173 964 οἶμαι
186 929 276 961 καλῶς
298 929 371 965 ἔχειν
383 931 417 957 τὰ
431 930 495 966 περὶ
513 930 562 958 τοῦ
581 931 758 968 κινναμώμου
774 932 886 965 μυθολο-

97 975 231 1011 γούμενα,
254 976 341 1004 ταῦτά
364 985 395 1003 τε
412 976 430 1004 ἃ
447 975 495 1003 νῦν
519 977 583 1013 περὶ
605 977 687 1004 αὑτοῦ
710 977 846 1014 διεξῆλθεν
871 979 886 1006 ό

96 1019 172 1054 λόγος
182 1039 190 1051 ,
205 1021 253 1047 καὶ
267 1021 292 1047 εἰ
305 1029 332 1047 τι
349 1020 419 1054 μετὰ
432 1021 536 1049 τούτων
551 1021 616 1049 ἄλλο
630 1023 686 1053 τοῖς
702 1022 736 1049 τὰ
750 1023 814 1058 περὶ
834 1023 885 1050 αὐ-

95 1065 141 1092 τοῦ
152 1065 342 1100 διηγουμένοις
354 1065 482 1098 διεξιέναι
493 1067 577 1099 δοκεῖ,
596 1067 770 1103 παραλιπεῖν.

129 1110 237 1137 Γένοιτο
256 1110 311 1146 γὰρ
324 1111 356 1138 ἄν
369 1119 411 1143 τις
428 1111 498 1147 πρὸς
508 1111 554 1139 τὸν
570 1112 630 1139 κατ’
644 1112 745 1148 ἀρετὴν
758 1112 884 1145 ἔπαινον,

93 1155 126 1182 ἐκ
138 1155 192 1182 τῶν
209 1155 364 1191 λεγομένων
384 1157 549 1192 συνεισφορὰ
562 1157 677 1184 ἑκάστου
699 1157 753 1184 τῶν
777 1157 885 1194 ἱστορη-

93 1199 193 1227 θέντων
217 1200 347 1236 εὐσήμως
383 1201 657 1238 μεταλαμϐανομένου
685 1202 754 1238 πρὸς
775 1203 886 1237 ἔνδειξιν

93 1246 143 1280 τῆς
156 1244 204 1272 τοῦ
222 1245 281 1280 βίου
297 1246 357 1274 κατ’
376 1247 479 1282 ἀρετὴν
492 1247 671 1283 τελειότητος.
689 1249 767 1275 Ἐστι
781 1247 836 1284 γὰρ
856 1250 885 1276 ἐν

93 1291 147 1322 τοῖς
173 1291 401 1327 πεπαιδευμένοις
426 1301 456 1318 τε
486 1293 533 1319 καὶ¹
561 1293 777 1329 λελογισμένοις,
806 1295 886 1322 τοῦτο

92 1336 184 1372 εῡρεῐν
199 1337 228 1364 ὲν
247 1339 279 1372 τῇ
294 1337 366 1374 ψυχῇ
380 1338 410 1364 τὸ
432 1339 623 1374 κιννάμωμον,
636 1337 704 1366 ὅταν
722 1349 763 1372 τις
780 1342 837 1376 ἦτοι
851 1342 883 1369 δι’

94 1382 244 1418 ἐπιθυμίαν
268 1383 349 1416 ζέων,
367 1383 384 1419 ἢ
400 1383 440 1420 τῷ
460 1384 538 1420 θυμῷ
551 1385 775 1420 πυρακτούμενος
790 1387 828 1422 τῷ
841 1387 884 1413 λο-

91 1428 184 1464 γισμῷ
197 1429 353 1467 κατασϐέσῃ
369 1430 403 1457 τὰ
421 1430 495 1465 πάθη
505 1439 512 1445 ·
527 1430 544 1466 ἢ
559 1431 589 1457 ὲν
608 1431 648 1466 τῷ
664 1431 740 1467 ὕπνῳ
762 1432 808 1459 τοῦ
825 1433 882 1468 βίου

90 1473 137 1501 διὰ
156 1475 289 1510 στόματος
306 1475 375 1510 ἔχων
399 1475 429 1503 τὸ
443 1476 573 1511 νηφάλιον
594 1477 674 1504 τοῦτο
686 1477 732 1504 τοῦ
752 1478 882 1514 λογισμοῦ

90 1520 279 1556 κιννάμωμον,
294 1521 494 1556 παραπλησίως
506 1523 563 1554 τοῖς
576 1523 691 1555 ἀΰπνοις
701 1531 730 1549 τε
742 1524 789 1550 καὶ
800 1525 883 1560 ἐγρη-

91 1565 200 1600 γορόσιν
224 1565 367 1600 ἀγγέλοις,
400 1566 508 1602 ἀπλανῆ
539 1568 585 1594 καὶ
602 1568 756 1604 ἀσύγχυτον
782 1570 883 1597 ἐπιδει-

91 1610 168 1636 κνύει
193 1611 241 1646 τὴν
268 1611 321 1637 τῶν
336 1611 489 1646 λεγομένων
508 1610 643 1646 διάνοιαν,
661 1613 826 1649 μιμούμενος
839 1614 883 1641 διὰ

89 1655 141 1690 τῆς
168 1656 299 1691 ἀληθείας
323 1656 370 1683 τοῦ
396 1657 475 1691 λόγου
489 1657 537 1692 τὴν
560 1657 662 1684 ἀῦπνον
687 1659 741 1685 τῶν
757 1659 883 1693 ἀγγέλων

90 1701 183 1735 φύσιν,
200 1701 247 1733 οὒς
261 1701 390 1736 οὐδεμιᾶς
405 1703 556 1736 φαντασίας
569 1703 676 1739 ἀνάγκη
689 1704 738 1739 τῆς
751 1704 880 1739 ἀληθείας

89 1747 239 1782 ἐξίστησιν,
252 1745 327 1778 οὗτος
343 1747 448 1781 λέγοιτο
465 1747 612 1782 ἀναϐρύειν
626 1748 670 1775 διὰ
686 1748 733 1775 τοῦ
749 1749 882 1784 στόματος

88 1792 120 1819 τὸ
142 1793 338 1828 κιννάμωμον·
361 1793 393 1819 δι’
411 1790 441 1819 οὗ
458 1793 505 1819 καὶ
521 1795 537 1828 ἠ
559 1793 608 1829 τῆς
623 1793 771 1829 ἐπιθυμίας
788 1795 881 1830 πύρω-

90 1846 144 1870 σις,
166 1839 214 1866 καὶ
238 1839 255 1874 ἡ
279 1839 455 1875 περικάρδιος
481 1840 528 1866 τοῦ
556 1840 643 1876 θυμοῦ
667 1841 880 1867 κατασϐέννυται

88 1883 184 1916 ζέσις,
208 1885 255 1911 καὶ
283 1885 373 1920 πάσης
395 1885 444 1920 τῆς
468 1885 538 1913 κατὰ
560 1886 604 1913 τὸν
620 1886 677 1921 βίον
692 1887 785 1913 τοῦτον
810 1887 880 1913 ὀνει-

89 1929 194 1965 ρώδους
216 1930 365 1964 φαντασίας
380 1939 408 1957 τε
426 1931 473 1958 καὶ
495 1931 651 1966 συγχύσεως
673 1931 820 1967 καθαρεύει
841 1931 880 1967 τῷ

87 1975 173 2011 λόγῳ.
199 1975 252 2002 Καὶ
281 1976 376 2011 μηδεὶς
393 1977 461 2012 πρὸς
485 1977 515 2003 τὸ
539 1977 669 2005 ἀπίθανον
699 1978 805 2013 βλέπων
826 1977 880 2004 τῶν

86 2021 154 2056 περὶ
175 2021 223 2048 τοῦ
248 2022 426 2058 κινναμώμου
454 2023 623 2058 λεγομένων,
645 2023 811 2050 διαϐαλλέτω
835 2023 880 2050 τὸν

86 2065 178 2100 λόγον,
195 2066 232 2098 ὡς
247 2066 296 2093 οὐκ
311 2067 342 2093 ἐκ
357 2067 411 2094 τῶν
428 2068 536 2103 ἀληθῶν
552 2069 725 2104 προσάγοντα
736 2070 768 2104 τῇ
786 2069 880 2104 νύμφῃ

86 2110 134 2136 τὸν
150 2110 270 2137 ἔπαινον.
297 2109 358 2138 Οῐδε
379 2113 433 2148 γὰρ
451 2113 579 2146 πολλάκις
596 2115 611 2149 ἡ
628 2114 694 2148 ἁγία
715 2114 809 2149 Γραφὴ
832 2113 879 2141 καὶ

87 2154 192 2189 μύθους
208 2155 283 2187 τινὰς
308 2157 339 2182 ἐκ
353 2156 407 2183 τῶν
425 2157 522 2189 ἔξωθεν
540 2158 822 2194 συμπαραλαμόάνειν
839 2159 879 2191 είς

85 2199 136 2235 τὴν
149 2199 194 2226 τοΞ
216 2201 281 2227 ἰδίου
298 2202 399 2228 σκοποῦ
419 2204 578 2239 συνεργίαν,
595 2204 642 2230 καὶ
657 2204 878 2239 ἀνεπαισχύντως

85 2246 120 2271 ὲκ
129 2245 180 2281 τῆς
193 2246 310 2281 μυθικῆς
320 2247 437 2282 ἱστορίας
447 2249 586 2284 ὀνομάτων
599 2258 650 2285 μνη
656 2249 778 2285 μονεύειν
786 2250 877 2281 τινῶν,

84 2291 127 2322 είς
147 2291 344 2327 ἐναργεστέραν
365 2292 476 2326 ἔνδειξιν
500 2293 546 2320 τοῦ
567 2294 746 2330 προκειμένου
774 2295 877 2330 νοήμα-

76 2338 142 2368 ίτος·
158 2336 196 2368 ὡς
207 2337 254 2362 ἐπὶ
267 2336 319 2363 τῶν
335 2337 379 2364 τοῦ
396 2337 455 2364 Ἰὼϐ
470 2338 626 2373 θυγατέρων
638 2340 668 2366 τὸ
681 2340 778 2371 κάλλος
793 2340 878 2376 ὑπερ-

85 2381 230 2417 θαυμάσας
241 2383 255 2408 ό
269 2382 411 2416 λόγο;,καὶ
423 2383 466 2410 διὰ
478 2385 531 2411 τῶν
546 2386 686 2420 ὀνομάτων
697 2385 745 2420 τὴν
760 2385 878 2421 ὑπερϐο-

83 2425 136 2461 λὴν
144 2426 191 2453 τοῦ
203 2427 266 2462 περὶ
278 2428 366 2454 αὐτῶν
381 2428 519 2463 θαύματος
532 2430 692 2463 ἐνεδείξατο,
708 2430 795 2465 λέγων
806 2438 812 2445 ·
829 2430 878 2466 τὴν

87 2471 138 2506 μὲν
158 2471 278 2507 Ἡμέραν
290 2472 425 2506 λέγεσθαι,
436 2473 484 2509 τὴν
493 2474 520 2500 δὲ
534 2475 665 2507 Κασσίαν,
675 2475 723 2511 τὴν
737 2475 765 2502 δὲ
775 2468 879 2510 τρίτην,

91 2516 258 2551 ’Δμαλθείας
274 2518 375 2553 Κέρας.
393 2518 477 2545 Τοῦτο
491 2520 518 2546 δὲ
534 2521 614 2547 παντὶ
632 2521 709 2556 δῆλόν
731 2522 814 2552 ἐστιν,
840 2521 881 2548 ὅτι

86 2561 174 2596 μῦθος
203 2562 356 2598 Ἐλληνικὸς
381 2564 481 2591 ἔπλασε
507 2566 538 2592 τὸ
555 2567 624 2593 κατὰ
641 2567 689 2602 τὴν
716 2567 879 2602 Ἀμάλθειαν

83 2605 224 2642 διήγημα,
241 2608 273 2643 ἢν
287 2606 353 2643 αἶγα
367 2608 449 2636 οὖσαν
465 2611 562 2645 τροφὸν
576 2612 702 2645 γενέσθαι
714 2612 760 2639 τοῦ
772 2613 881 2647 Κρητὶς

84 2652 195 2680 ἐκείνου
209 2654 413 2689 μυθολογοῦσιν,
429 2654 463 2691 ἦς
475 2655 521 2683 τοῦ
536 2657 594 2688 se;
607 2658 769 2689 ἐκπεσόντος
780 2658 878 2693 κέρως,

84 2700 183 2737 βρύειν
200 2703 231 2729 ὲκ
241 2703 288 2730 τοῦ
306 2704 395 2730 κοίλου
408 2704 457 2739 τὴν
473 2703 652 2738 παγκαρπίαν
662 2703 676 2729 6
693 2702 776 2738 μῦθος
788 2702 880 2737 ἐποίη-

85 2755 146 2775 σεν.
166 2745 229 2783 ⁷Λρ¹
245 2746 291 2775 οὖν
309 2749 450 2777 ἐπίστευσε
476 2751 530 2781 τοῖς
555 2749 618 2784 περὶ
647 2750 694 2784 τῆς
717 2747 879 2783 ’Λμαλθείας

122 2836 148 2852 ⁹¹
166 2835 217 2863 Job
228 2835 359 2869 Χιν1,ΙΞι

939 938 984 962 tur
1007 941 1068 970 quae
1083 938 1230 962 narrantur
1246 933 1280 961 de
1302 933 1476 960 cinnamomo
1491 941 1497 959 :
1515 933 1582 964 haec,
1603 931 1726 966 inquam,

939 987 1000 1015 qua
1011 987 1084 1008 nunc
1102 979 1279 1007 narrantibus
1294 978 1424 1007 videntur
1435 977 1636 1014 persequenda.

973 1109 1010 1136 Ex
1031 1109 1065 1136 iis
1083 1110 1156 1136 enim
1169 1117 1230 1145 qua:
1244 1109 1383 1142 dicuntur,
1401 1109 1509 1136 videtur
1525 1108 1629 1143 aliquid
1644 1115 1726 1143 posse

937 1154 1060 1184 conferri
1073 1155 1107 1183 ad
1124 1156 1233 1183 laudem
1249 1156 1369 1188 virtutis,
1385 1162 1552 1190 unoquoque
1564 1161 1598 1182 ex
1617 1154 1651 1183 iis
1661 1162 1724 1189 qua:

937 1205 1003 1228 sunt
1017 1201 1113 1233 relata,
1135 1204 1245 1236 sumpto
1275 1200 1308 1228 ad
1330 1199 1504 1227 indicandam
1526 1199 1588 1226 vitae
1610 1206 1671 1234 qua:
1691 1207 1726 1227 ex

937 1248 1038 1276 virtute
1053 1247 1144 1283 agitur
1160 1246 1366 1282 perfectionem.
1390 1245 1419 1273 In
1445 1245 1480 1273 iis
1501 1245 1574 1273 enim
1591 1245 1638 1280 qui
1660 1248 1726 1272 sunt

935 1292 1036 1321 eruditi
1050 1297 1078 1321 et
1091 1291 1271 1324 considerati,
1298 1291 1362 1319 licet
1374 1291 1498 1319 invenire
1517 1290 1722 1317 cinnamomum

935 1340 964 1367 in
978 1339 1078 1372 anima,
1096 1339 1207 1374 quando
1219 1337 1355 1373 quispiam
1371 1337 1412 1364 vel
1428 1335 1537 1364 fervens
1561 1335 1723 1370 cupiditate,

935 1385 978 1413 vel
991 1385 1031 1412 ira
1044 1391 1188 1415 accensus,
1204 1383 1311 1410 ratione
1326 1382 1491 1410 exstinxerit
1514 1381 1597 1408 animi
1616 1384 1726 1416 pertur-

935 1431 1077 1463 bationes;
1108 1434 1156 1458 aut
1171 1430 1199 1457 in
1232 1436 1329 1458 somno
1349 1428 1412 1456 vitae
1436 1428 1463 1455 in
1482 1435 1530 1455 ore
1553 1427 1658 1454 habens
1679 1434 1723 1454 so-

934 1477 1024 1504 brium
1046 1475 1129 1511 hujus
1146 1475 1261 1503 rationis
1277 1475 1493 1506 cinnamomum,
1517 1473 1724 1501 ostenditincr-

935 1526 1040 1550 rantem
1057 1525 1085 1549 et
1102 1520 1278 1549 inconfusum
1304 1527 1415 1548 sensum
1431 1527 1526 1546 eorum
1549 1526 1610 1554 qua:
1626 1519 1725 1546 dicun-

896 1561 918 1590 C
935 1569 989 1598 tur,
1019 1574 1067 1601 per
1095 1565 1233 1593 sermonis
1259 1564 1402 1592 veritatem
1433 1563 1544 1591 imitans
1569 1565 1722 1591 insomnem

933 1611 1092 1645 angelorum
1110 1614 1248 1640 naturam,
1261 1616 1330 1644 quos
1352 1609 1510 1636 necessario
1535 1608 1612 1636 nttlla
1635 1608 1724 1643 phan~

935 1657 1003 1684 tasia
1022 1664 1053 1683 ac
1064 1656 1135 1684 visio
1153 1656 1274 1683 dimovet
1292 1663 1306 1682 a
1322 1655 1447 1688 veritate,
1467 1663 1499 1682 ex
1520 1655 1581 1690 ejus
1603 1663 1651 1682 ore
1665 1655 1723 1682 dici

934 1706 1023 1736 potest
1046 1705 1178 1736 tanquam
1195 1709 1211 1728 e
1233 1700 1400 1735 scaturigine
1418 1699 1558 1727 etl‘undere
1578 1701 1722 1728 cinnamo-

934 1755 1008 1774 mum
1028 1756 1034 1774 :
1048 1755 1096 1782 per
1111 1747 1183 1782 quod
1200 1751 1228 1774 et
1245 1745 1326 1772 ardor
1348 1745 1507 1780 cupiditatis
1524 1746 1721 1780 exstinguitur,

932 1797 960 1821 et
973 1793 1020 1820 ira:
1028 1793 1102 1820 circa
1115 1800 1163 1820 cor
1178 1792 1311 1823 ebullitio,
1331 1795 1357 1818 et
1377 1792 1433 1825 ipse
1444 1794 1486 1818 est
1501 1799 1587 1825 purus
1613 1791 1721 1818 ratione

932 1839 966 1866 ab
984 1839 1058 1866 omni
1074 1846 1134 1872 quae
1155 1842 1198 1866 est
1217 1837 1306 1865 instar
1334 1837 1434 1864 somnii
1460 1835 1576 1864 confusa
1602 1836 1718 1863 visione.

932 1884 1017 1912 Nemo
1050 1887 1140 1911 autem
1171 1882 1343 1910 incredibilia
1362 1883 1415 1910 ist'a
1446 1890 1506 1909 esse
1528 1881 1718 1914 considerans,

931 1938 992 1965 quae
1005 1929 1136 1956 dicuntur
1150 1929 1184 1956 de
1198 1929 1388 1959 einnamomo,
1405 1927 1557 1955 orationem
1573 1927 1720 1962 reprehen-

932 1976 989 2007 dat,
1005 1979 1036 2002 ut
1050 1982 1110 2009 quae
1124 1982 1155 2001 ex
1175 1974 1209 2001 iis
1221 1981 1282 2008 quae
1294 1980 1349 2000 non
1365 1976 1430 2001 sunt
1440 1980 1514 2003 vera,
1533 1979 1641 2006 sponsze
1660 1971 1720 1998 lau-

931 2021 993 2047 dem
1017 2020 1127 2047 tribuat.
1158 2018 1233 2046 Solet
1260 2018 1335 2045 enim
1359 2025 1430 2051 saepe
1455 2021 1552 2045 saneta
1576 2016 1719 2051 Scriptura

931 2066 1012 2093 etiam
1040 2065 1074 2092 ab
1091 2064 1212 2092 externis
1238 2063 1345 2091 fabulas
1365 2063 1490 2098 accipere
1512 2062 1545 2089 ad
1569 2070 1647 2097 opem
1668 2069 1719 2089 suo

931 2117 1015 2144 scopo
1030 2108 1182 2140 ferendam,
1208 2111 1235 2135 et.
1251 2108 1319 2135 citra
1336 2107 1468 2142 pudorem
1485 2106 1643 2133 meminisse
1664 2105 1717 2132 ali-

931 2164 1046 2192 quorum
1058 2155 1198 2182 nominum
1212 2154 1245 2181 ad
1260 2161 1370 2180 sensum
1385 2152 1554 2187 propositum
1565 2152 1719 2180 evidentius

931 2202 1120 2233 indicandum,
1138 2201 1211 2228 sicut
1224 2200 1250 2226 in
1266 2199 1375 2226 ﬁliabus
1389 2197 1451 2229 Job,
1465 2205 1582 2232 quarum
1594 2197 1718 2232 pulchri-

932 2248 1054 2275 tudinem
1069 2247 1156 2274 oratio
1173 2253 1256 2280 supra
1278 2244 1389 2271 modum
1413 2243 1540 2275 laudans,
1565 2243 1648 2270 etiam
1670 2251 1719 2278 per

933 2294 1043 2322 nomina
1062 2293 1182 2321 ostendit
1203 2282 1340 2319 excellens
1356 2298 1450 2318 earum
1478 2290 1651 2321 miraculum,
1674 2290 1720 2317 di-

935 2347 1011 2371 cens,
1026 2346 1107 2366 unam
1133 2337 1241 2373 quidem
1268 2336 1322 2364 dici
1345 2337 1431 2368 Diem,
1455 2336 1567 2362 alteram
1584 2342 1649 2362 vero
1667 2335 1719 2362 Ca-

934 2384 1012 2416 siam,
1021 2382 1130 2410 tertiam
1143 2386 1232 2409 autem
1247 2381 1340 2409 Cornu
1356 2381 1504 2408 Amalthea:
1516 2381 1550 2407 9‘.
1560 2379 1617 2408 lloc
1628 2385 1718 2407 autem

933 2432 976 2455 est
997 2427 1084 2454 cuivis
1106 2426 1293 2461 perspicuum,
1306 2426 1378 2460 quod
1398 2425 1432 2452 de
1454 2425 1603 2452 Amalthea:
1628 2424 1719 2452 fabula

935 2473 1028 2501 Grmca
1043 2471 1175 2499 confinxit
1193 2471 1391 2503 narrationem,
1410 2478 1492 2505 quam
1508 2478 1569 2497 cum
1585 2475 1659 2498 esset
1674 2477 1721 2497 ea-

933 2527 994 2555 pra,
1016 2517 1173 2544 fabulantur
1198 2516 1285 2544 fuisse
1306 2516 1442 2543 nutricem
1471 2516 1546 2543 illius
1562 2508 1714 2548 Cretensis,

932 2563 1011 2599 cujus
1027 2571 1088 2592 cum
1101 2570 1185 2590 eornu
1198 2561 1352 2592 cecidissa,
1367 2561 1459 2588 fabula
1472 2560 1536 2588 fecit
1546 2567 1579 2587 ex
1595 2566 1718 2587 concavo

932 2610 1017 2638 ﬂuere
1032 2617 1112 2637 omne
1126 2616 1213 2644 genus
1234 2607 1341 2642 frugum
1369 2615 1400 2634 ac
1427 2606 1567 2633 fructuum
1598 2606 1716 2641 copiam.

933 2656 1002 2683 Num
1020 2656 1103 2690 igitur
1118 2653 1233 2681 credidit
1247 2657 1342 2681 saneta
1357 2653 1499 2687 Scriptura
1518 2652 1551 2679 iis
1576 2659 1637 2686 qua:
1653 2658 1718 2677 nar-

933 2705 1029 2729 rantur
1056 2701 1090 2728 de
1115 2699 1278 2726 Amalthea?
1299 2697 1489 2733 Nequaquam,
1515 2697 1562 2725 sed
1586 2697 1647 2722 tiliae
1667 2693 1718 2722 Job

933 2747 1023 2774 ferens
1041 2744 1241 2776 testimonium,
1262 2743 1335 2779 quod
1356 2746 1429 2772 esset
1461 2741 1633 2770 feracissima
1657 2746 1717 2767 om-
