1984 3068
100 129 149 157 977

610 129 642 157 IN
653 130 800 159 CANTICA
812 130 948 160 CANTIC.
969 130 1109 159 HOMILIA
1129 129 1174 158 ιχ.

1660 124 1713 155 978

101 187 237 224 ποιούσης,
259 188 306 215 καὶ
328 187 357 216 τδ
372 188 489 229 καραρὺν
510 189 564 216 τῶν
584 198 699 226 πρωτων
723 192 817 228 μύρων
838 192 900 224 διὰ,

949 191 1084 219 dulterina
1097 190 1234 225 dogmata,
1245 196 1292 224 per
1303 187 1506 224 productionem
1515 185 1652 213 fructuum
1663 183 1713 218 pri-

101 234 147 268 τῆς
160 233 213 260 τῶν
227 233 352 269 πονηρῶν
364 234 506 269 νοημάτων
518 234 657 270 ἐπιμιξίας
670 236 880 272 λυμαινομένης.

107 279 237 306 Ἐνταῦθα
257 279 347 314 μέντοι
371 279 402 306 τὸ
429 279 618 316 ἅκιόδήλευτόν
637 290 666 308 τε
692 283 739 309 καὶ
765 283 883 318 καθαρὸν

102 325 154 352 τῶν
172 324 314 360 δογμάτων
332 327 465 361 μαρτυρεῖ
480 327 512 361 τῇ
529 326 622 364 νύμφῃ
642 328 656 353 ό
670 327 763 362 λόγος,
779 328 823 355 διὰ
836 328 884 363 τῆς

102 370 153 396 τῶν
169 369 284 405 πρώτων
300 370 392 406 μύρων
409 372 607 407 καρποφορίας.
627 373 682 399 Καὶ
698 374 759 400 οὐδὲ
781 375 809 400 έν
825 373 886 400 τοὺ-

103 424 156 446 τοις
179 415 242 451 ἔστη
267 415 328 442 οὕτε
352 416 368 452 ὴ
393 415 497 452 νύμφη,
521 418 578 449 τοῖς
595 417 769 454 ὑψηλοτέροις
787 419 886 454 ἑαυτὴν

104 460 309 492 ὲπεκτείνουσα,
324 459 385 487 οὔτε
399 461 413 487 ὁ
426 460 504 494 λόγος
519 462 657 497 συνεργῶν
672 464 741 499 αὐτῇ
757 463 824 500 πρὸς
837 464 886 498 τὴν

104 504 204 532 ἄνοδον.
216 501 269 535 Ἧς
283 504 337 540 γὰρ
351 505 383 531 ὲκ
393 504 439 531 τοῦ
450 505 583 540 στόματος
596 507 741 534 ἀποστολαὶ
753 508 822 543 ῥοῶν
835 509 887 535 εισι

105 549 149 575 καὶ
162 549 314 584 ἀρωμάτων
336 549 510 584 παράδεισοι,
535 550 602 586 αὕτη
615 551 662 578 νῦν
678 553 751 588 πηγὴ
766 553 885 587 γίνεται,

105 593 165 625 τοὺς
179 593 208 626 ἐξ
219 594 303 629 αὐτῆς
318 594 485 628 ἀναφυέντας
499 595 680 629 παραδείσους
696 597 868 633 κατάρδουπα
877 605 885 612 ⁸

105 638 152 673 οὐχ
166 637 203 669 ὡς
218 639 265 665 ἐπὶ
284 638 330 666 τοῦ
347 639 451 666 Παύλου
469 647 498 665 τε
518 639 565 666 καὶ
588 641 707 668 Ἀπολλῶ
730 642 889 678 μεμαθήκα-

108 688 166 715 μεν,
181 679 218 712 ὼς
237 681 284 707 τοῦ
298 681 347 716 μὲν
364 679 535 717 φυτεύοντος,
552 683 598 710 τοῦ
614 684 642 711 δὲ
657 685 750 721 ἐτέρου
765 685 888 718 ποτῐζον-

106 733 151 756 τος
160 734 167 741 ·
183 725 240 752 ἀλλ’
254 726 324 762 αὕτη
336 727 372 754 τὰ
382 728 429 755 δύο
443 729 595 766 ἐργάζεται,
610 731 713 765 φύουσα
724 731 786 763 τοὺς
803 740 890 767 παρα-

934 245 1038 265 morum
1053 240 1262 271 unguentorum.
1269 234 1320 262 Sed
1328 242 1378 263 nec
1387 234 1414 261 in
1421 233 1465 261 his
1474 230 1595 260 substitit
1604 236 1713 265 sponsa.

933 281 1080 318 quominus
1089 288 1118 308 se
1136 280 1294 308 extenderet
1306 280 1338 306 ad
1353 279 1460 310 altiora,
1474 284 1561 312 neque
1573 275 1714 309 Scriptura

933 325 1082 360 quominus
1104 325 1128 352 ei
1140 331 1218 359 opem
1233 323 1317 351 ferret
1329 322 1362 350 ad
1378 329 1530 350 ascensum.
1544 319 1630 355 Cujus
1643 318 1715 346 enim

934 379 966 398 ex
983 377 1030 397 ore
1038 374 1101 397 sunt
1113 369 1276 398 emissiones
1288 369 1421 396 malorum
1431 367 1590 402 punicorum
1604 368 1630 392 et
1639 358 1730 399 para--

935 415 987 442 disi
1010 418 1172 446 aromatum,
1183 422 1214 441 ea
1228 421 1302 441 nunc
1315 412 1551 446 ﬁtfons,irrigans
1567 410 1660 437 hortos
1671 407 1718 443 qui

936 469 968 487 ex
983 467 1014 487 ea
1029 460 1081 487 orti
1091 465 1154 487 sunt
1164 469 1170 487 ε
1181 467 1235 486 non
1251 459 1321 487 sicut
1335 459 1368 485 de
1381 458 1465 485 Paulo
1480 460 1506 484 et
1520 455 1718 491 Apollodidici-

937 511 1009 536 mus,
1027 503 1099 538 quod
1114 504 1181 530 alter
1196 503 1305 537 quidem
1328 503 1476 537 plantaret,
1501 501 1569 528 alter
1582 506 1647 526 vero
1660 498 1720 525 irri-

938 553 1029 583 garct;
1045 548 1093 576 sed
1120 549 1179 584 ipsa
1195 549 1249 576 duo
1275 551 1416 584 operatur,
1447 551 1477 574 ut
1499 553 1561 581 quae
1585 544 1667 572 simul
1694 547 1721 571 et

940 593 1040 628 plantet
1055 593 1149 621 hortos
1163 599 1190 621 et
1208 594 1312 629 irriget.
1324 592 1453 619 Fortasse
1470 594 1561 618 autem
1576 588 1721 617 sublimio-

939 645 996 666 rem
1009 646 1119 674 quoque
1130 639 1250 674 aliquam
1265 640 1399 666 rationem
1418 637 1478 664 laus
1494 636 1628 664 continet.
1650 633 1723 661 Dicit

939 684 1011 711 enim
1027 692 1089 711 eum
1105 692 1168 712 esse
1184 685 1285 712 fontem
1304 692 1358 712 non
1384 683 1478 710 ﬂuenti
1497 681 1571 717 quod
1598 679 1722 716 proﬂuit,

943 730 990 757 sed
1007 729 1148 756 hortorum
1168 739 1175 757 :
1195 738 1248 757 non
1264 730 1371 765 aliquas
1391 736 1524 764 aquarum
1551 726 1722 758 cﬂluxiones,

107 770 209 803 δείσους
220 772 299 807 ὁμοῦ,
314 774 361 801 καὶ
375 775 531 808 ποτίζουσοι.
541 777 576 803 ’Ἡ
585 777 654 812 τάχα
664 777 712 803 καὶ
726 776 891 812 ὐψηλότερόν

949 774 1095 801 ;edhortos
1115 774 1191 809 ipsos
1217 775 1387 810 irriganlem.
1409 773 1448 800 Ita
1468 773 1602 800 animatos
1629 771 1725 797 hortos

107 822 165 841 τινα
181 815 260 850 λόγον
288 818 434 854 περιέχειὸ
450 819 570 852 ἔπαινος.
582 820 676 856 Πηγὴν
691 820 745 856 γὰρ
759 821 842 855 αὐτὴν
860 819 890 846 οὐ

949 826 1070 846 amanare
1085 819 1148 846 fecit
1164 820 1272 847 divinus
1288 819 1432 854 Apostolus
1444 819 1478 851 ",
1492 826 1540 846 eos
1565 816 1635 852 apud
1656 821 1726 850 quos

107 859 224 895 νάματος
240 863 419 898 προχεομένου
433 865 515 897 τινος,
525 865 591 892 ἀλλὰ
602 865 697 901 κήπων
708 863 776 892 εἴναί
788 873 869 900 φησιν
881 873 887 879 ·

949 863 1001 896 'uit,
1017 871 1064 898 per
1075 864 1226 891 doctrinam
1240 864 1331 891 enasci
1344 863 1447 890 faciens
1460 862 1570 889 hortum
1585 859 1725 887 Ecclesiae.

106 904 155 940 οὐχ
169 906 272 933 ὑδάτων
279 907 353 939 τινὰς
365 909 682 944 άπορροἁς,ἀλλάὒτοὺς
692 910 754 942 τοὺς
767 910 872 945 κήπους
885 907 1057 942 πηγάνζουσάν
1065 917 1094 935 τε
1103 909 1150 935 καὶ
1163 908 1360 943 ἅναϐρὺουσαν.
1372 907 1464 938 Οὕτως
1479 906 1594 941 ἀνέϐρυε
1601 906 1664 937 τοὺς
1679 905 1727 939 ἐμ-

107 949 207 985 ψύχους
213 951 315 985 κήπους
325 953 338 978 ὁ
347 951 416 984 θεῖος
423 953 591 985 Ἀπόστολος,
599 954 663 989 παρ’
669 951 746 984 οἴςᾶν
754 953 872 988 ἐγένετο,
880 952 924 979 τὸν
933 951 982 987 τῆς
990 953 1150 988 Ἐκκλησίας
1158 953 1322 989 παράδεισον
1328 951 1600 988 διὰτῆςδιδασκαλίας
1609 951 1727 984 ὲκφύων.

143 991 209 1019 Εἶτα
222 994 288 1029 πρὸς
302 994 332 1021 τὸ
351 996 500 1030 ἀκρότατον
516 996 577 1030 ἄγει
589 997 638 1032 τὴν
651 996 759 1031 νύμφην
778 996 822 1023 διὰ
837 995 892 1022 τῶν
909 1000 928 1025 Β

109 1038 227 1065 ἐπαίνων
251 1040 265 1065 ὁ
294 1039 388 1074 λόγος,
413 1041 501 1077 φρέαρ
526 1041 611 1076 αὐτὴν
638 1041 774 1076 ὀνομάσας
800 1041 893 1072 ὕδατος

111 1082 225 1116 ζῶντος,
245 1084 292 1111 καὶ
318 1084 470 1120 ροιζοῦντος
492 1087 545 1113 ἀπὸ
568 1086 614 1113 τοῦ
636 1086 764 1114 Λιϐάνου.
793 1087 826 1112 Ἀ
840 1086 894 1120 γὰρ

111 1128 175 1165 περὶ
196 1129 245 1164 τῆς
260 1129 392 1161 ζωοποιοῦ
415 1130 616 1166 μεμαθήκαμεν
634 1130 741 1165 φύσεως
756 1130 831 1165 παρὰ
846 1130 895 1165 τῆς

111 1173 190 1207 ἁγίας
204 1173 325 1209 Γραφῆς,
338 1174 386 1201 νῦν
404 1175 452 1210 μὲν
469 1175 520 1210 τῆς
533 1175 700 1211 προφητείας
718 1174 851 1210 λεγούσης
865 1175 896 1200 ἐκ

113 1217 258 1253 προσώπου
273 1218 319 1245 τοῦ
334 1219 401 1246 Θεοῦ
411 1240 419 1252 ,
431 1220 472 1247 ὅτι
498 1221 567 1255 Ἐμὲ
577 1220 775 1256 ἐγκατέλιπον
794 1220 896 1254 πηγὴν

111 1262 220 1296 ὕδατος
234 1262 340 1297 ζῶντος
350 1272 358 1279 ·
376 1264 456 1292 πάλιν
475 1265 503 1291 δὲ
515 1265 562 1291 τοῦ
578 1265 681 1301 Κυρίου
696 1265 764 1300 πρὸς
775 1265 825 1300 τὴν
843 1265 895 1291 Σα-

114 1309 235 1344 μαρεῖτιν
250 1309 385 1341 εἰπόντος·
401 1311 436 1336 Et
449 1309 531 1344 ᾕδεις
545 1310 602 1345 τὴν
615 1310 728 1345 δωρεὰν
741 1310 794 1337 τοῦ
808 1310 894 1340 Θεοῦ,

113 1353 162 1380 καὶ
175 1354 222 1387 τίς
236 1354 321 1381 ἐστιν
336 1356 353 1382 ὁ
366 1355 462 1390 λέγων
482 1363 532 1383 σοι
544 1364 551 1372 ·
569 1356 626 1389 Δός
640 1365 691 1391 μοι
710 1356 788 1390 ὕδωρ
808 1355 897 1388 πιεῖν,

114 1398 154 1425 σὺ
170 1397 208 1425 ἂν
229 1399 343 1434 ᾔτησας
364 1400 473 1433 αὑτὸν,
497 1401 546 1427 καὶ
562 1401 673 1428 ἔδωκεν
686 1401 726 1428 ἅν
745 1408 796 1428 σοι
821 1400 899 1435 ὕδωρ

115 1443 184 1473 ζῶν·
202 1444 258 1476 καὶ,
273 1445 309 1472 Et
324 1453 370 1478 τις
383 1445 458 1480 διψᾷ
468 1467 475 1478 ,
493 1446 625 1480 ἐρχέσθω
643 1446 719 1480 πρὸς
734 1447 774 1481 μὲ
790 1445 838 1473 καὶ
854 1452 900 1472 πι-

114 1488 199 1517 νέτω.
224 1489 250 1516 ’0
269 1491 323 1525 γὰρ
346 1491 495 1518 πιστεύων
516 1493 558 1525 εις
582 1492 653 1526 ἐμὲ,
676 1492 773 1524 καθὼς
784 1490 868 1518 εἶπεν
880 1492 900 1525 ὴ

120 1535 235 1570 Γρσφὴ,
252 1536 377 1571 ποταμοὶ
390 1537 424 1564 ἐκ
435 1536 489 1570 τῆς
501 1537 617 1570 κοιλίας
633 1538 725 1565 αὑτοῦ
732 1535 901 1569 ῥεύσουσιν

112 1578 222 1610 ὓδατος
229 1579 344 1610 ζῶντος.
358 1579 447 1606 Τοῦτο
453 1579 487 1605 δὲ
492 1580 577 1614 ἔλεγε
585 1580 710 1614 περὶτοῦ
719 1583 901 1618 Πνεύματοςι,

112 1622 149 1651 οὗ
163 1624 293 1658 ἔμελλον
304 1624 467 1658 λαμϐάνειν
484 1626 511 1652 oi
526 1626 721 1660 πιστεύοντες
738 1628 783 1661 εὶς·
796 1630 899 1659 αὐτόν.

117 1668 257 1704 Πανταχοῦ
274 1669 362 1696 τοίνυν
381 1670 429 1705 τῆς
454 1670 529 1702 θείας
549 1671 656 1705 φύσεως
675 1671 719 1699 διὰ
734 1660 782 1698 τοῦ
802 1672 902 1704 ζῶντος
915 1660 936 1689 c

118 1713 215 1745 ὕδατος
229 1715 386 1750 νοουμένης,
401 1715 518 1743 ἐνταῦθα
540 1717 556 1752 ὴ
572 1717 690 1753 ἀψευδὴς
707 1717 842 1753 μαρτυρία
855 1716 902 1744 τοῦ

116 1759 196 1794 λόγου
213 1760 302 1795 φρέαρ
316 1759 412 1792 ὕδατος
422 1761 471 1796 τὴν
485 1761 595 1797 νύμφην
609 1759 679 1789 εἶναι
699 1762 865 1797 συνίστησιν,
881 1759 904 1796 ᾧ

118 1806 151 1832 ὲκ
175 1805 222 1832 τοῦ
244 1806 359 1833 Λιϐάνου
383 1806 455 1833 ἐστὶν
471 1807 587 1843 ἡ-φορά.ι
601 1807 687 1834 Τοῦτο
705 1807 738 1842 δὴ
755 1807 785 1834 τὺ
796 1807 904 1834 πάντων

118 1850 344 1886 παραδοξότατον.
365 1852 478 1879 Πάντων
495 1852 550 1888 γὰρ
574 1852 628 1880 τῶν
645 1852 770 1888 φρεάτων
781 1873 787 1885 ,
812 1854 842 1879 ἐν
859 1861 905 1879 συ-

120 1897 239 1931 στήματι
257 1895 289 1921 τὸ
312 1895 383 1931 ὕδωρ
395 1896 521 1931 ἐχόντων,
536 1896 603 1932 μόνη
620 1897 742 1932 ήνύμφη
760 1896 905 1929 διεξοδικὸν

121 1942 150 1968 ἐν
167 1941 249 1977 ἑαυτῇ
265 1941 320 1976 ἔχει
332 1941 363 1968 τὸ
374 1941 456 1977 ὕδωρ,
476 1941 545 1969 ὥστε
563 1941 594 1968 τὸ
609 1942 658 1977 μὲν
673 1941 753 1977 βάθος
769 1941 840 1976 ἐχειν
857 1940 904 1967 τοῦ

122 1985 250 2020 φρέατος,
263 1985 308 2012 τοῦ
319 1986 348 2012 δὲ
365 1986 487 2021 ποταμοῦ
499 1987 529 2013 τὸ
539 1987 703 2022 ἀεικίνητον.
716 1986 764 2018 Τίς
776 1986 830 2021 γὰρ
846 1986 906 2012 κατ’

122 2029 202 2062 ἀξίαν
213 2030 333 2064 ἐφίκοιτο
339 2030 392 2057 τῶν
404 2031 636 2067 ὑποδεικνυμένων
645 2031 801 2067 θαυμάτων,
815 2031 852 2062 ὡς
863 2030 907 2057 διὰ

121 2074 171 2109 τῆς
192 2073 239 2101 νῦν
263 2074 441 2110 ἐγγινομένης
453 2075 520 2110 αὐτῇ
532 2075 706 2110 ξὸμοιώσεωα
725 2076 802 2111 Τάχα
816 2076 906 2103 οὐκέτι

121 2119 178 2154 εχει
189 2120 254 2146 ὅπου
262 2119 360 2156 ἑαυτὴν
369 2120 492 2156 ὑπεράρῃ
499 2120 543 2147 διὰ
549 2120 657 2147 πάντων
665 2120 829 2155 ὁμοιωθεῖσα
841 2120 908 2155 πρὸς

122 2164 152 2190 τὸ
164 2164 314 2199 ἀρχέτυπον
329 2164 435 2196 κάλλος.
456 2164 616 2200 Μεμίμηται
629 2164 682 2198 γὰρ
705 2163 740 2190 δι’
763 2164 908 2200 ἀκριϐείας

122 2211 156 2245 τῇ
183 2209 232 2244 μὲν
256 2211 330 2245 πηγῇ
350 2209 399 2246 τὴν
418 2210 520 2245 πηγὴν,
544 2212 577 2246 τῇ
592 2210 621 2237 δὲ
641 2209 696 2244 cum
713 2209 762 2245 τὴν
779 2209 863 2245 ζωὴν.
878 2210 909 2236 τδ

124 2254 153 2281 δὲ
166 2254 238 2289 ὕδωρ
255 2254 294 2289 τῷ
315 2254 401 2282 ὕδατι.
419 2254 476 2281 Ζῶν
492 2255 506 2280 ὁ
525 2254 604 2288 λόγος
616 2253 663 2280 τοῦ
677 2253 744 2280 Θεοῦ
755 2273 762 2286 ,
778 2253 811 2289 ζῇ
830 2254 876 2280 καλ⁵
892 2254 909 2289 ἡ

124 2299 170 2326 τὸν
186 2299 272 2333 Λόγον
282 2299 413 2336 δεξαμένη
428 2299 512 2335 ψυχή.
526 2300 563 2326 Τδ
577 2299 605 2326 δὲ
619 2299 689 2334 ὕδωρ
709 2300 795 2326 ἐκεῖνο
812 2299 844 2325 ὲκ
862 2298 908 2325 τοῦ

124 2344 193 2371 Θεοῦ
209 2344 276 2380 ῥέει,
287 2344 378 2373 καθώς
395 2353 477 2380 φησιν
495 2345 512 2380 ἡ
530 2344 615 2380 πηγὴ,
631 2344 671 2370 ὅτι
698 2344 748 2371 Ἐκ
766 2343 819 2370 τοῦ
835 2343 909 2370 Θεοῦ

124 2388 257 2423 ἐξῆλθον
278 2389 327 2416 καὶ
342 2390 418 2424 ἥκω.
437 2388 511 2423 Δῦτη
527 2388 555 2415 δὲ
570 2387 691 2423 περιέχει
705 2387 736 2414 τὸ
750 2388 855 2423 εἰσρέον
871 2386 910 2422 τῷ

125 2433 174 2468 τῆς
191 2432 280 2467 ψυχῆς
303 2433 415 2467 φρέατι,
434 2433 480 2459 καὶ
503 2432 546 2459 διὰ
568 2431 646 2459 τοῦτο
665 2431 768 2465 γίνεται
787 2432 910 2466 ταμιεῖον

125 2477 173 2504 τοῦ
189 2477 290 2510 ζῶντος
309 2477 413 2504 ἐκείνου
433 2476 526 2508 ὓδατος
540 2477 586 2503 τοῦ
601 2478 632 2503 ἐκ
648 2475 694 2502 τοῦ
707 2475 822 2502 Λιϐάνου
836 2475 911 2511 ῥέον-

126 2530 183 2554 τος,
198 2522 298 2558 μᾶλλον
313 2521 341 2549 δὲ
352 2521 513 2557 ῥοιξοῦντος,
530 2521 620 2553 καθὼς
637 2521 650 2547 ὁ
667 2521 747 2555 λόγος
759 2520 910 2555 ὠνόμασεν.

128 2565 166 2594 Ob
196 2567 243 2595 καὶ
267 2567 348 2602 ἡμεῖς
371 2566 515 2601 γενοίμεθα
542 2567 665 2602 μέτοχοι,
692 2566 855 2601 κτησάμενοι
881 2566 911 2592 τὸ

128 2612 218 2648 φρέαρ
238 2612 335 2644 ἐκεῖνο,
351 2612 394 2639 ἵνα
414 2611 483 2638 κατὰ
502 2611 532 2638 τὸ
545 2612 595 2646 τῆς
611 2611 706 2646 σοφίας
728 2610 910 2652 παράγγελμα

129 2657 263 2692 ἡμέτερον
277 2657 398 2692 πίνωμεν
417 2656 499 2692 ὕδωρ,
515 2655 562 2683 καὶ
573 2655 610 2691 μὴ
627 2656 775 2692 ἀλλότριον.
794 2657 837 2682 Ἐν
849 2655 915 2691 Χρι-

131 2702 184 2736 στῷ
203 2702 290 2736 Ἰησοῦ
315 2701 409 2738 Κυρίῳ
425 2701 519 2737 ἡμῶν,
537 2697 558 2735 ᾧ
576 2702 591 2736 ἡ
607 2701 670 2734 δόξα
682 2702 721 2733 είς
736 2702 798 2733 τοὺς
815 2699 913 2732 αἰῶνας

128 2746 185 2773 τῶν
201 2746 314 2774 αίὼνων.
338 2747 432 2782 Ἀμήν.

168 2801 190 2817 ³⁸
208 2799 319 2828 |lcbr.t.
357 2800 378 2815 "
397 2799 450 2828 Jer.
471 2807 502 2833 ιι,
524 2800 563 2827 15.

1026 996 1129 1024 Deinde
1148 997 1290 1032 Scriptura
1307 997 1435 1024 laudibus
1447 997 1480 1024 ad
1496 1004 1634 1024 summum
1645 1003 1729 1030 spon-

946 1049 1003 1069 sam
1020 1042 1121 1074 evehit,
1137 1051 1198 1070 eam
1213 1043 1360 1070 nominans
1377 1047 1489 1078 puteum
1507 1050 1584 1078 aqua}
1604 1042 1682 1074 viva),
1703 1045 1730 1069 ct

944 1094 1007 1114 cum
1020 1087 1122 1122 impetu
1137 1087 1247 1116 ﬂuentis
1272 1096 1304 1115 ex
1319 1088 1431 1116 Libano.
1445 1088 1510 1121 Quae
1523 1089 1594 1116 cuitu
1606 1095 1621 1114 a
1633 1091 1728 1114 sancta

946 1131 1087 1167 Scriptura
1100 1133 1134 1161 de
1150 1137 1247 1161 natura
1269 1133 1414 1162 didicimus
1438 1134 1554 1166 vivitica,
1577 1141 1649 1160 iiunc
1668 1133 1729 1166 qui-

946 1178 1007 1205 dem
1029 1179 1171 1214 prophetia
1192 1180 1256 1207 dicit
1275 1188 1308 1207 ex
1335 1180 1381 1207 Dei
1411 1187 1547 1214 persona:
1565 1179 1607 1206 Me
1623 1180 1731 1214 relique-

947 1230 1008 1251 runt
1023 1225 1121 1259 fontem
1136 1234 1210 1261 aqum
1225 1227 1337 1260 victe";
1353 1229 1380 1253 et
1395 1233 1491 1253 rursus
1500 1225 1614 1252 Domino
1623 1225 1731 1252 dicente

947 1271 1127 1298 Samaritana:
1145 1281 1151 1298 :
1173 1270 1202 1298 Si
1225 1273 1305 1299 scires
1319 1271 1418 1298 donum
1435 1271 1493 1303 Dei,
1515 1275 1541 1296 et
1554 1270 1612 1305 quis
1634 1270 1669 1296 sit
1685 1270 1731 1305 qui

947 1317 1012 1343 dicit
1023 1317 1081 1349 tibi,
1099 1317 1139 1344 Da
1155 1318 1218 1344 mihi
1232 1322 1332 1352 potum,
1350 1322 1377 1344 tu
1392 1317 1510 1350 peliisses
1526 1315 1557 1342 ab
1572 1324 1612 1347 ιο,
1638 1322 1663 1342 et
1676 1316 1731 1350 ipsa

949 1361 997 1388 tibi
1009 1360 1126 1388 dedisset
1151 1370 1247 1397 aquam
1269 1361 1398 1393 vivam“;
1412 1365 1440 1388 et
1455 1369 1462 1388 :
1478 1360 1507 1387 Si
1523 1360 1581 1395 quis
1602 1360 1668 1390 sitit,
1691 1367 1734 1386 re-

949 1408 1005 1434 niut
1021 1407 1055 1434 ad
1070 1415 1110 1434 me
1124 1411 1149 1434 et
1161 1407 1242 1434 bibat.
1259 1407 1312 1440 Qui
1327 1407 1394 1433 enim
1406 1406 1489 1432 credit
1502 1405 1588 1436 inme,
1612 1404 1680 1430 sicut
1692 1403 1734 1429 di-

949 1453 989 1478 xit
1007 1452 1157 1486 Scriptura,
1183 1451 1295 1486 ﬂumina
1320 1459 1353 1478 ea:
1368 1455 1453 1478 ventre
1477 1450 1533 1484 ejus
1555 1449 1636 1484 ﬂuent
1657 1455 1733 1483 aqua:

950 1495 1013 1523 vim:
1027 1503 1037 1523 :
1054 1496 1110 1523 [two
1135 1501 1220 1522 autem
1245 1495 1347 1522 dicebat
1373 1495 1406 1521 de
1427 1494 1532 1528 Spiritu
1552 1501 1627 1528 quem
1659 1500 1735 1519 acce-

950 1541 1021 1576 pturi
1036 1546 1113 1569 erant
1128 1542 1173 1576 qui
1188 1541 1328 1568 credebant
1340 1543 1366 1568 in
1378 1548 1436 1568 eum
1444 1540 1477 1566 θ’.
1489 1540 1556 1567 Cum
1564 1546 1628 1574 ergo
1643 1538 1735 1566 divina

952 1591 1048 1613 natura
1063 1587 1165 1622 ubique
1186 1586 1354 1621 intelligatur
1379 1593 1428 1620 per
1443 1593 1541 1620 aquam
1559 1585 1661 1615 vivam.
1689 1583 1734 1609 hic

953 1639 1047 1659 verum
1062 1631 1211 1666 Scriptura:
1226 1632 1413 1659 testimonium
1423 1631 1519 1659 statuit
1533 1637 1662 1665 sponsam
1674 1637 1736 1656 esse

954 1681 1064 1711 puteum
1080 1684 1158 1711 aquae
1171 1677 1248 1709 vivae,
1266 1677 1312 1712 qui
1328 1685 1390 1704 cum
1416 1677 1516 1711 impetu
1543 1675 1631 1703 fertur
1643 1682 1675 1702 ex
1691 1674 1737 1701 Li-

953 1722 1034 1750 bano.
1050 1721 1106 1749 Hoc
1124 1725 1215 1748 autem
1228 1725 1270 1749 est
1281 1722 1402 1749 uumium
1422 1721 1539 1748 maxime
1563 1719 1734 1747 admirabile.

954 1766 1020 1793 Nam
1035 1774 1098 1794 cum
1115 1773 1210 1795 omnes
1232 1767 1306 1801 putei
1328 1773 1426 1801 aquam
1443 1766 1524 1793 simul
1539 1765 1659 1792 habeant
1670 1773 1737 1792 con-

955 1812 1109 1845 sistentem,
1136 1812 1196 1839 sola
1222 1818 1323 1847 sponsa
1346 1818 1444 1845 aquam
1472 1811 1499 1837 in
1520 1817 1551 1838 se
1570 1809 1653 1837 habet
1671 1817 1734 1844 per-

956 1862 1101 1890 meantem,
1119 1858 1188 1885 adeo
1202 1861 1230 1885 ut
1244 1857 1320 1892 putei
1336 1856 1503 1891 profundum
1528 1855 1639 1886 habeat,
1660 1854 1735 1881 ﬂuvii

955 1912 1020 1931 vero
1037 1911 1183 1939 perennem
1199 1904 1356 1930 motionem.
1378 1901 1446 1935 Quis
1462 1904 1553 1928 autem
1576 1908 1625 1935 pro
1643 1900 1734 1935 digni-

956 1954 1012 1977 tate
1024 1949 1115 1977 verbis
1129 1949 1217 1984 possit
1231 1940 1339 1983 assequi
1357 1947 1489 1974 miracula
1504 1953 1564 1981 quae
1584 1945 1738 1973 ostendun-

956 2000 1001 2022 tur
1014 2003 1061 2030 per
1076 2002 1135 2022 eam
1147 2002 1208 2030 qua:
1223 2001 1295 2021 nunc
1319 1994 1388 2020 facta
1414 1996 1456 2020 est
1484 1993 1544 2027 ejus
1570 1991 1741 2018 assimilatio-

957 2040 1043 2077 nem?
1070 2039 1198 2067 Fortasse
1223 2048 1277 2067 non
1295 2039 1377 2066 habet
1402 2038 1520 2073 amplius
1535 2045 1589 2072 quo
1606 2036 1688 2063 altius
1710 2042 1741 2063 se

957 2085 1080 2117 extollat,
1095 2093 1144 2121 per
1158 2085 1249 2113 omnia
1268 2086 1417 2113 assimilala
1443 2083 1592 2118 exemplari
1619 2081 1741 2117 pulchri-

958 2132 1056 2160 tudini.
1070 2131 1171 2159 Eracte
1191 2132 1262 2160 enim
1281 2135 1307 2158 et
1322 2134 1455 2158 accurate
1469 2133 1510 2157 est
1526 2129 1642 2160 imitata,
1666 2127 1741 2154 fonte

958 2177 1070 2212 quidem
1096 2176 1211 2209 fontem,
1238 2177 1292 2203 vita
1313 2180 1404 2202 autem
1430 2175 1526 2207 vitam,
1549 2180 1620 2208 aqua
1649 2177 1740 2199 autem

960 2230 1069 2258 aquam.
1088 2222 1173 2250 Vivus
1195 2225 1237 2250 est
1265 2229 1356 2249 sermo
1369 2220 1416 2248 Dei
1432 2229 1439 2248 :
1453 2220 1520 2248 vivit
1539 2219 1623 2247 etiam
1651 2218 1742 2245 anima

960 2277 1021 2304 quae
1054 2267 1172 2295 Verbum
1197 2267 1327 2301 suscepit.
1361 2266 1438 2301 Aqua
1467 2265 1512 2292 illa
1536 2264 1594 2291 ﬂuit
1616 2271 1648 2290 ex
1666 2263 1740 2296 Deo,

926 2327 946 2354 ῃ
962 2316 1035 2343 sicut
1052 2314 1113 2341 fons
1131 2313 1197 2340 dicit
1212 2322 1219 2340 :
1252 2313 1292 2340 Ea:
1303 2312 1351 2339 deo
1371 2311 1497 2347 processit,
1515 2313 1540 2337 et
1552 2308 1634 2336 venio.
1681 2309 1743 2344 Ipsa

960 2364 1050 2387 autem
1070 2366 1132 2386 eum
1149 2357 1273 2386 continet
1287 2357 1334 2392 qui
1351 2357 1440 2384 inﬂuit
1456 2357 1482 2384 iu
1501 2361 1614 2391 puteum
1632 2355 1741 2386 animae,

959 2411 987 2434 et
1006 2409 1152 2441 prepterea
1170 2404 1199 2432 tit
1228 2403 1446 2439 promptuarium
1471 2409 1550 2437 aqua:
1575 2401 1650 2428 illius
1676 2401 1743 2427 viva

961 2460 1022 2487 quae
1036 2451 1096 2478 ﬂuit
1115 2459 1148 2477 ex
1167 2449 1281 2481 Libano,
1302 2449 1345 2476 vel
1357 2448 1448 2484 potius
1461 2447 1521 2474 ﬂuit
1539 2454 1603 2474 cum
1628 2446 1744 2480 impetu,

961 2499 1033 2526 sicut
1052 2497 1194 2532 Scriptura
1209 2496 1342 2530 loquitur.
1360 2494 1446 2529 Cujus
1461 2501 1512 2521 nos
1526 2499 1636 2528 quoque
1656 2491 1743 2519 simus

962 2543 1119 2579 participes,
1132 2542 1306 2577 possidentes
1317 2541 1393 2567 illum
1409 2543 1533 2575 puteum,
1548 2541 1577 2565 ut
1588 2544 1744 2572 congruen-

963 2593 1004 2616 ter
1021 2592 1155 2624 praacepto
1174 2587 1313 2622 sapientiae
1334 2586 1460 2612 bibamus
1482 2589 1605 2611 nostram
1634 2589 1743 2617 aquam,

964 2638 992 2661 et
1005 2641 1059 2661 non
1075 2634 1201 2660 alienam.
1226 2631 1255 2659 In
1269 2630 1380 2659 Christo
1405 2630 1470 2657 Jesu
1498 2628 1614 2656 Domino
1637 2631 1744 2660 nostro,

964 2686 1043 2714 quem
1059 2678 1137 2706 decet
1153 2677 1238 2713 gloria
1259 2677 1286 2704 in
1301 2676 1401 2704 saecula
1416 2675 1592 2702 saculorum.
1608 2672 1706 2698 Amen.

602 2800 622 2813 "“
639 2798 716 2826 Joan.
739 2807 774 2832 Iv,
796 2799 837 2826 12.
864 2799 887 2815 θ’
907 2797 984 2825 Joan.
1007 2797 1100 2828 vn,37
1114 2804 1173 2830 sqq.
