1984 3068
237 102 291 131 979

535 157 677 186 HOMILIA
698 159 730 186 X.

271 202 366 238 Surge,
389 203 490 239 aquilo,
509 207 534 230 et
554 204 621 237 veni,
647 203 745 238 auster,
764 209 788 231 el
814 205 896 239 perfia
919 204 1022 231 hortum

237 256 334 280 meum,
359 253 384 275 et
409 248 494 282 [luant
521 254 641 276 aromata
669 257 736 276 mea.
759 249 823 277 Car.
851 258 875 276 ν.
909 250 936 277 1.
971 249 1023 276 De-

236 295 346 322 :cendat
368 294 496 329 patruelis
519 303 591 321 meus
608 294 642 321 ad
662 295 766 321 hortum
789 303 876 327 suum,
897 299 921 321 el
937 303 1023 322 come-

236 340 283 367 dat
301 340 403 374 fructus
422 349 559 375 pomorum
579 349 697 368 suorum.
723 340 848 368 Descendi
872 341 898 367 in
919 340 1024 367 hortum

236 394 332 419 meum,
348 394 425 413 soror
450 395 506 413 mea
530 395 637 421 sponsa,
662 387 758 414 messui
779 386 913 421 myrrham
939 395 1023 413 meam

235 429 305 459 cum}
326 432 488 459 aromatibus
513 433 589 460 meis.
617 431 724 459 Comedi
749 441 843 466 panem
857 440 942 459 meum
966 441 1023 459 cum

235 478 311 506 melle
332 485 399 510 meo,
417 478 469 504 bibi
482 479 568 504 vinum
592 486 676 504 meum
691 487 749 504 cum
765 478 832 505 lacte
848 487 913 505 meo.
930 477 1023 506 Come-

234 523 297 555 dile,
323 524 412 556 amici,
438 529 462 550 et
481 523 569 556 bibite,
594 529 618 550 et
644 524 820 557 iuebriamini,
848 524 945 559 fratres
963 525 1021 552 mei.

233 569 260 596 2.
280 568 336 603 Ego
352 568 465 600 dormio,
480 575 503 595 et
518 577 563 595 cor
578 577 661 595 meum
682 569 782 604 vigilat.

269 657 340 685 Cum
357 658 511 684 divinorum
528 653 674 684 v'erborum
698 657 778 684 nobis
800 658 939 692 proposita
956 665 1023 685 con-

235 702 378 737 templatio
409 706 437 729 et
473 703 670 736 consequentia
698 702 805 729 Cantici
832 703 1022 734 canticorum,

234 747 381 782 quasdam,
400 755 469 783 quas
489 747 598 775 dillicile
622 753 665 776 est
690 749 811 784 assequi,
832 752 859 776 et
884 757 944 784 qua:
961 754 1024 777 sunt

235 796 314 821 tecta
336 797 447 828 propter
468 793 675 827 obscuritatem,
697 794 724 821 in
748 794 858 821 arcanis
884 795 1021 822 contineat

234 839 399 871 sententias,
420 838 501 866 nobis
522 839 619 873 majori
634 846 704 873 opus
729 844 772 867 est
787 840 947 871 attentione,
969 841 1024 867 imo

235 891 300 912 vero
321 885 420 919 majori
441 892 489 920 per
506 892 602 919 preces
621 884 734 916 auxilio,
751 888 779 912 et
796 885 883 912 sancti
905 884 1023 919 Spiritus

235 929 412 962 deductione,
431 938 466 958 ne
480 930 598 965 idipsum
614 930 694 957 nobis
709 930 819 957 accidat
836 930 863 957 in
883 931 1024 965 stnpendis

235 974 280 1002 his
301 975 452 1008 miraculis,
473 976 546 1010 quod
564 976 634 1002 solet
652 975 779 1002 accidere
797 975 825 1002 in
843 975 940 1002 stellis.
956 975 1022 1002 Nam

235 1020 332 1055 procul
353 1020 461 1047 illarum
488 1019 657 1048 admirantes
685 1019 935 1054 pulchritudinem,
963 1019 1023 1045 nul-

235 1066 289 1093 lam
316 1073 464 1101 possumus
488 1065 613 1093 invenire
635 1066 769 1092 rationem
800 1065 833 1092 ad
856 1071 1024 1100 cognoscen-

234 1111 297 1138 dam
325 1119 419 1139 earum
439 1111 618 1142 creationem,
638 1111 684 1138 sed
709 1110 911 1145 pulchritudine
935 1111 1022 1138 solum

234 1157 289 1185 frui
307 1165 465 1192 possumus,
490 1161 635 1192 propterea
664 1156 737 1191 quod
757 1156 882 1184 dicamus
909 1163 960 1183 nos
983 1160 1023 1183 te-

234 1203 296 1231 neri
313 1210 408 1231 earum
430 1202 622 1230 admiratione.
649 1201 720 1230 Sunt
736 1203 808 1230 enim
830 1210 926 1230 revera
950 1210 1023 1237 qum-

233 1249 297 1277 dam
313 1248 410 1280 stellae.
427 1248 587 1283 splendores
605 1248 761 1275 divinorum
780 1247 878 1275 horum
901 1248 1024 1282 eloquio-

233 1302 296 1324 rum
318 1298 346 1323 et
368 1295 489 1330 fulgores
513 1295 657 1322 oculorum
684 1295 793 1326 animos.
821 1295 914 1322 carnis
935 1295 1023 1324 oculis

234 1340 426 1380 pmfulgentes
450 1345 478 1369 et
497 1341 701 1376 pmcellentes,
727 1341 879 1368 secundum
903 1341 1023 1368 altitudi-

234 1394 298 1414 nem
311 1386 374 1414 coeli
394 1393 409 1413 a
425 1389 511 1419 terra,
531 1390 561 1413 ut
577 1385 644 1413 dicit
667 1385 804 1420 Propheta
817 1387 837 1412 ί.
854 1385 932 1419 Quod
955 1387 978 1413 si
996 1386 1025 1414 id

234 1437 336 1463 nostrae
349 1433 447 1460 anima:
465 1432 609 1460 usuveniat
624 1431 700 1468 quod
717 1432 844 1459 audimus
861 1432 1024 1460 usuvenisse

234 1478 318 1513 Elite;
335 1483 364 1507 et
382 1479 409 1506 in
432 1479 512 1514 igneo
535 1486 618 1505 curru
644 1481 784 1512 assumpta
795 1478 926 1513 ’rquoque
945 1486 1022 1506 mens
1036 1494 1057 1523 ο

234 1527 330 1552 nostra
346 1524 472 1552 sublimis
488 1523 673 1551 transferatur
696 1522 730 1550 ad
753 1523 879 1550 crelestes
901 1522 1022 1557 pulchri-

236 1568 347 1596 tudines
373 1567 517 1604 (Spiritum
545 1571 669 1594 sanctum
691 1570 782 1594 autem
806 1574 939 1601 ponemus
961 1574 1024 1595 esse

235 1614 336 1650 ignem,
361 1620 442 1648 quem
469 1612 600 1640 Dominus
619 1612 693 1639 venit
717 1615 747 1639 ut
770 1611 888 1639 mitteret
912 1612 939 1638 in
966 1615 1022 1639 ter-

234 1667 305 1692 ram,
325 1659 374 1695 qui
390 1660 418 1686 in
433 1659 525 1694 specie
545 1658 700 1694 linguarum
714 1657 887 1685 dividebatur
901 1658 1022 1693 discipu-

234 1704 351 1741 tis),non
373 1704 453 1740 plane
477 1704 682 1739 desperabimus
699 1711 750 1731 nos
769 1703 814 1731 his
836 1704 920 1731 astris
942 1711 1023 1738 posse

235 1752 469 1787 appropinquare,
485 1750 600 1780 divinis.
616 1749 740 1785 inquam,
764 1749 908 1778 sententiis
926 1753 953 1777 et
978 1750 1022 1777 in.

235 1798 403 1833 telligentiis,
433 1804 494 1832 quae
513 1804 560 1832 per
585 1796 711 1826 cmlestia
734 1799 761 1824 et
785 1796 941 1831 spiritualia
963 1795 1022 1824 elo-

234 1843 301 1879 quia
314 1844 342 1871 in
357 1844 460 1871 nostris
477 1842 583 1878 fulgent
597 1843 707 1870 animis.
720 1843 820 1877 Aspice
833 1843 907 1870 enim
925 1842 1022 1870 anima:

234 1889 327 1922 oculo,
352 1892 379 1916 te
398 1888 533 1923 alloquor,
550 1895 568 1915 ο
583 1888 706 1920 auditor,
730 1895 825 1915 vocem
844 1895 906 1922 qua:
930 1894 945 1914 a
965 1886 1020 1915 Βο-

234 1934 310 1962 mino
324 1934 426 1962 emissa
440 1933 530 1962 estad
552 1933 734 1968 patriarcham
746 1934 767 1962 ³.
797 1933 898 1968 Aspice
916 1932 950 1960 ad
969 1933 1022 1961 hoc

233 1979 345 2012 caelum,
363 1982 391 2007 et
404 1979 465 2006 vide
485 1979 535 2007 has
555 1979 659 2010 stellas.
679 1978 701 2006 si
723 1982 801 2013 potes
820 1977 910 2005 metiri
926 1978 1020 2005 altitu-

234 2024 326 2052 dinem
340 2024 463 2059 ipsarum
479 2023 733 2058 intelligentiarum.
749 2023 849 2058 Aspice
861 2023 961 2058 reginae
976 2029 1021 2057 po-

234 2073 370 2103 testatem,
387 2077 424 2098 ex
440 2069 575 2096 mandatis
594 2068 657 2103 ejus
675 2068 806 2096 virtutem
827 2066 1021 2099 considerans;

234 2119 336 2151 quanta
349 2123 396 2150 per
413 2122 443 2142 se
463 2115 603 2150 imperans
622 2118 752 2142 cernatur
766 2114 917 2141 auctoritas
937 2113 965 2140 in
985 2113 1020 2141 iis

851 103 879 131 S.
899 103 1061 133 GREGORII
1080 104 1229 134 NYSSENI

1807 106 1860 134 980

1406 164 1502 191 MlAlA
1528 164 1554 189 l'.

1406 165 1479 191 .HAI
1528 165 1554 189 I'.

1117 209 1311 243 Ἐξεγέρθητι,
1327 165 1422 244 Βορἓ
1431 228 1438 241 ,
1452 165 1502 235 καῖ
1513 209 1612 243 ἔρχου,
1626 207 1701 235 Νότε
1712 227 1719 241 ,
1735 207 1783 234 καὶ
1799 207 1860 234 διά-

1075 258 1211 277 πνευσον
1226 250 1325 284 κῆπόν
1344 259 1402 285 μου
1414 271 1421 283 ,
1435 251 1483 278 καὶ
1503 250 1701 284 ,ῥευσάτωσαν
1723 249 1860 284 ἀρώματὰ

1071 302 1141 327 μου.
1161 293 1320 328 Ιιάταϐήτω
1337 293 1498 328 ἀδελφιδός
1509 303 1568 328 μου
1583 295 1626 326 εἰς
1644 293 1742 326 κῆπον
1754 293 1858 326 αὐτοῦ,

1074 338 1124 365 καὶ
1137 338 1251 373 ραγέτω
1264 339 1378 374 καρπὸν
1391 338 1572 373 ἀκροδρύων.
1584 338 1736 372 Εἱσῆλθον
1752 340 1795 372 εις
1806 337 1860 372 κῆ-

1074 384 1133 409 πόν
1142 392 1212 418 μου,
1233 383 1349 418 ἀδελφή
1359 393 1419 419 μου
1432 385 1533 419 ’νύμφη
1546 393 1553 399 ·
1564 384 1712 418 ἑτρύγησα
1723 385 1861 419 σμύρναν

1075 437 1134 462 μου
1152 428 1226 462 μετὰ
1251 428 1412 463 ἀρωμάτων
1435 437 1505 463 μου.
1526 429 1660 463 Ἐφαγον
1686 429 1775 462 ἄρτον
1800 437 1861 463 μου

1072 475 1146 509 μετὰ
1157 474 1276 508 μέλιτός
1284 483 1355 509 μου,
1366 475 1451 501 ἔπιον
1466 472 1549 500 οἶνόν
1560 483 1619 509 μου
1628 474 1702 508 μετὰ
1713 473 1862 508 γάλακτός

1073 529 1144 554 μου.
1159 519 1279 555 (mh-ets,
1297 521 1324 546 οἱ
1338 519 1469 553 πλησίον
1482 528 1551 554 μου,
1568 519 1616 545 καὶ
1628 519 1710 545 mare
1721 539 1728 552 ,
1746 518 1795 545 καὶ
1809 527 1861 552 με-

1075 566 1217 599 θύσθητε,
1236 565 1372 600 ἀδελφοί.
1393 564 1462 600 Ἐγὼ
1477 564 1609 592 καθεύδω
1621 585 1628 599 ,
1652 565 1700 592 καὶ
1715 566 1735 600 ἢ
1755 556 1869 599 καρδίιί

1072 619 1132 644 μου
1149 610 1304 644 ἀγρυπνεῖ.

1111 654 1168 691 Τῆς
1179 656 1226 683 νῦν
1252 655 1428 691 προτεθείσης
1445 657 1508 691 ἡμῖν
1523 656 1576 682 τῶν
1593 656 1671 684 θείων
1693 656 1781 692 ῥητῶν
1796 656 1863 682 θεω-

1077 702 1136 738 ρίας
1161 703 1193 728 ὲκ
1209 702 1258 736 τῆς
1273 701 1319 728 τοῦ
1347 701 1484 737 ’ᾼσματος
1509 703 1561 728 τῶν
1588 702 1730 737 ’ᾼσμάτων
1748 702 1862 729 ἀκολου-

1076 747 1136 779 Θίας
1147 767 1154 779 ,
1177 747 1325 782 δυσέφικτα
1339 756 1398 774 τινα
1413 747 1460 774 καὶ
1475 748 1667 783 κεκαλυμμένα
1679 748 1712 774 δι’
1729 748 1862 783 ἀσαφείας

1076 793 1104 819 ἐν
1116 793 1281 828 ἀπορρήτοις
1296 793 1474 828 περιεχούσης
1495 794 1635 828 νοήματα,
1654 793 1776 828 μείζονος
1795 795 1862 829 ἡμῖν

1075 838 1152 873 χρεία
1166 838 1213 873 τῆς
1227 838 1362 873 προσοχῆς
1372 857 1379 869 ,
1397 838 1495 873 μᾶλλον
1509 838 1537 863 δὲ
1556 837 1677 869 πλείονος
1689 837 1738 873 τῆς
1748 838 1791 864 διὰ
1806 838 1861 864 τῶν

1074 882 1160 918 εὐχῶν
1178 883 1323 918 συνεργίας
1335 903 1342 916 ,
1359 882 1405 909 καὶ
1421 882 1468 918 τῆς
1485 883 1560 917 παρὰ
1576 882 1622 908 τοῦ
1638 881 1716 916 ἁγίου
1735 882 1861 918 Πνεύμα-

1074 937 1118 960 τος
1131 928 1256 964 ὁδηγίας·
1268 928 1305 959 ὠς
1319 928 1351 955 ἂν
1371 929 1408 963 μὴ
1423 928 1519 955 ταύτὸν
1536 928 1668 963 πάθοιμεν
1682 928 1728 954 ἐπὶ
1744 928 1794 963 τῆς
1807 928 1862 955 τῶν

1076 974 1183 1010 ὑψηλῶν
1196 974 1298 1001 τούτων
1314 973 1459 1008 θαυμάτων
1477 973 1647 1008 ἐκπλήξεως,
1663 973 1729 1009 ὅπερ
1749 973 1794 1000 καὶ
1815 974 1862 1000 ἐπὶ

1073 1021 1128 1047 τῶν
1152 1020 1274 1055 ἀστέρων
1297 1020 1410 1052 πάσχειν
1437 1019 1581 1054 εἰώθαμεν.
1597 1020 1651 1046 Καὶ
1671 1020 1725 1054 γὰρ
1751 1019 1862 1046 ἐκείνων

1074 1065 1214 1101 πόρρωθεν
1227 1064 1257 1091 τὸ
1272 1064 1368 1096 κάλλος
1383 1064 1567 1099 θαυμάζοντες
1577 1085 1584 1097 ,
1598 1064 1725 1100 οὐδεμίαν
1740 1065 1863 1101 μηχανὴν

1074 1111 1217 1145 ἐπινοῆσαι
1232 1110 1370 1145 δυνάμεθα
1391 1110 1459 1145 πρὸς
1485 1109 1515 1137 τὸ
1531 1109 1633 1144 γνῶναι
1649 1110 1697 1144 τὴν
1712 1110 1800 1137 κτίσιν
1813 1111 1864 1137 αὐ-

1075 1157 1142 1184 τῶν·
1160 1156 1228 1183 ἀλλὰ
1245 1155 1288 1183 διὰ
1300 1155 1347 1182 τοῦ
1361 1155 1475 1187 κάλλους
1491 1156 1579 1183 αὐτῶν
1595 1157 1668 1183 ἐστιν
1684 1157 1749 1191 ἡμῖν
1761 1157 1778 1192 ἡ
1796 1158 1865 1184 ἀπό-

1074 1202 1184 1235 λαυσις,
1201 1201 1232 1227 τὸ
1253 1200 1446 1236 θαυμαστικῶς
1471 1201 1534 1236 περὶ
1550 1200 1580 1227 τὺ
1603 1201 1762 1237 φαινόμενον
1779 1202 1862 1238 ἔχειν.

1080 1246 1206 1282 Ἀστέρες
1222 1247 1275 1282 γάρ
1288 1246 1360 1277 τινές
1373 1246 1442 1273 εἰσιν
1455 1246 1576 1280 ἀτεχνῶς
1590 1247 1619 1273 αί
1636 1247 1689 1273 τῶν
1704 1247 1783 1274 Θείων
1803 1248 1865 1275 τοὺ-

1072 1303 1126 1321 των
1145 1294 1242 1328 λογίων
1257 1293 1436 1330 μαρμαρυγαί
1455 1301 1484 1320 τε
1497 1293 1545 1320 καὶ
1559 1285 1730 1328 λαμπηδόιλες
1742 1294 1798 1322 τῶν
1814 1295 1864 1330 τῆς

1072 1339 1160 1375 ψυχῆς
1176 1339 1306 1375 ὀμμάτων
1329 1338 1555 1374 ὑπερλάμπουσαί
1571 1347 1600 1365 τε
1625 1340 1672 1366 καὶ
1695 1340 1863 1375 ὑπερκείμε-

1073 1394 1118 1412 vat
1132 1406 1139 1417 ,
1158 1384 1228 1412 κατὰ
1246 1384 1276 1411 τὸ
1295 1384 1361 1419 ὕψος
1384 1384 1430 1411 τοῦ
1455 1383 1569 1419 οὐρανοῦ
1594 1383 1648 1410 ἀπὸ
1672 1384 1722 1419 τῆς
1739 1386 1808 1420 γῆς.
1825 1384 1864 1417 ὥς

1073 1439 1154 1466 φησιν
1167 1431 1182 1457 ὁ
1201 1430 1356 1466 Προφήτης.
1373 1430 1404 1456 Ei
1423 1429 1451 1456 δὲ
1467 1429 1572 1463 γένοιτο
1588 1429 1634 1456 καὶ
1650 1429 1714 1464 περὶ
1728 1430 1777 1463 τὴν
1792 1431 1863 1466 ἡμεε

1073 1477 1154 1512 τέραν
1167 1476 1266 1512 ψυχὴν,
1281 1476 1296 1503 ὃ
1315 1476 1380 1511 περὶ
1396 1475 1442 1503 τὺν
1466 1475 1558 1503 Ἠλίαν
1574 1475 1708 1510 ἀκούομεν
1718 1482 1724 1488 ·
1740 1476 1786 1502 καὶ
1796 1475 1864 1503 ἁνα-
1883 1479 1889 1483 ”

1076 1522 1208 1558 ληφθεῖσα
1220 1521 1259 1557 τῷ
1274 1522 1378 1557 πυρίνῳ
1396 1521 1498 1556 ἅρματι
1511 1520 1588 1556 ἡμῶν
1601 1521 1617 1556 ὴ
1633 1520 1746 1554 διάνοια,
1763 1521 1869 1556 μετάρ..

1077 1577 1133 1600 σιος
1150 1567 1218 1604 πρὸς
1231 1567 1266 1594 τὰ
1280 1567 1392 1602 οὐράνια
1412 1566 1498 1601 κάλλη
1520 1566 1677 1602 μετατεθείη
1696 1566 1825 1602 (Πνεῦμα
1835 1567 1865 1594 δὲ

1076 1615 1152 1649 ἅγιον
1164 1612 1234 1640 εἶναι
1247 1613 1278 1640 τὺ
1290 1612 1345 1648 πῦρ
1357 1613 1531 1647 ἔννοήσομεν,
1547 1612 1616 1648 ὅπερ
1634 1611 1739 1647 βάλλειν
1756 1613 1802 1639 ἐπὶ
1815 1613 1866 1649 τὴν

1075 1660 1126 1695 γῆν
1139 1657 1221 1695 ἦλθεν
1233 1659 1247 1684 ὸ
1264 1657 1367 1694 Κύριος
1377 1678 1384 1691 ,
1399 1657 1429 1685 τὸ
1443 1658 1472 1685 ὲν
1484 1657 1613 1692 γλωσσῶν
1626 1657 1690 1684 εἴδει
1706 1659 1762 1689 τοῖς
1775 1658 1865 1693 μαθη-

1075 1707 1134 1738 ταῖς
1151 1703 1338 1740 μεριζόμενον)
1352 1722 1359 1735 ,
1381 1703 1432 1730 οὐκ
1448 1703 1494 1730 ἀπ’
1510 1702 1616 1734 ἐλπίδος
1631 1703 1697 1738 ἡμῖν
1719 1703 1864 1738 γενήσεται

1074 1752 1105 1779 τὺ
1118 1751 1265 1787 πλησιάσαι
1280 1750 1385 1782 τούτοις
1398 1751 1455 1783 τοῖς
1477 1751 1603 1786 ἄστροις,
1623 1751 1681 1782 τοῖς
1699 1751 1780 1783 θείοις
1792 1751 1864 1786 λέγω

1075 1798 1191 1832 νοήμασι
1201 1817 1207 1828 ,
1221 1798 1278 1828 τοῖς
1287 1796 1332 1823 διὰ
1344 1796 1397 1823 τῶν
1419 1795 1551 1832 οὐρανίων
1562 1804 1592 1822 τε
1605 1796 1652 1823 καὶ
1670 1797 1864 1832 πνευματικῶν

1074 1843 1172 1877 λογίων
1196 1843 1246 1874 τὰς
1269 1841 1358 1877 ψυχὰς
1384 1841 1462 1877 ὴμῶν
1481 1841 1757 1876 περιαστράπτουσιν.
1783 1843 1864 1870 Ἀνά-

1074 1887 1170 1922 ϐλεψον
1185 1886 1239 1922 γὰρ
1260 1885 1298 1921 τῷ
1318 1886 1366 1922 τῆς
1386 1885 1475 1921 ψυχῆς
1489 1885 1620 1921 ὀφθαλμῷ
1632 1906 1640 1918 ,
1657 1886 1725 1922 πρὸς
1744 1887 1774 1913 σὲ
1791 1887 1864 1922 λέγω

1073 1932 1119 1959 τὸν
1134 1931 1270 1967 ἀκροατὴν
1282 1950 1290 1963 ,
1305 1930 1356 1966 τὴν
1376 1930 1444 1966 πρὸς
1460 1930 1505 1957 τὸν
1527 1931 1698 1966 πατριάρχην
1714 1931 1864 1966 γενομένην

1074 1976 1150 2012 παρὰ
1170 1975 1216 2002 τοῦ
1230 1974 1332 2010 Κυρίου
1346 1974 1438 2010 φωνὴν
1449 1993 1458 2007 ,
1471 1974 1622 2010 ἀνάὃλεψον
1637 1976 1677 2007 εὶς
1690 1975 1736 2002 τὸν
1749 1975 1863 2012 οὐρανὸν

1072 2023 1166 2049 τοῦτον
1175 2043 1183 2055 ,
1198 2022 1245 2049 καὶ
1263 2021 1301 2048 ῐδε
1315 2021 1379 2053 τοὺς
1392 2020 1509 2056 ἀστέρας
1519 2040 1526 2053 ,
1543 2021 1699 2048 είδὺνασαι
1715 2022 1803 2048 αὐτῶν
1815 2023 1862 2050 ὲκ-

1075 2068 1209 2104 μετρῆσαι
1223 2068 1277 2095 τῶν
1288 2067 1431 2103 νοημάτων
1446 2067 1476 2094 τὸ
1487 2067 1563 2102 ὕψος.
1579 2067 1663 2094 Βλέπε
1676 2068 1725 2103 τὴν
1739 2068 1862 2100 ἐξουσίαν

1073 2114 1122 2149 τῆς
1143 2113 1277 2149 βασιλίδος
1290 2113 1322 2140 ὲκ
1336 2112 1390 2139 τῶν
1414 2113 1632 2148 προσταγμάτων
1655 2113 1739 2148 αὐτῆς
1751 2113 1800 2148 τὴν
1815 2113 1861 2140 δυ-

234 2168 294 2197 (ιυιε
312 2160 451 2189 dicuntur.
467 2159 526 2187 Non
540 2160 613 2187 enim
626 2159 755 2195 precibus
773 2162 801 2187 et
820 2159 889 2186 votis
906 2158 933 2185 id
948 2157 1020 2193 quod

1075 2159 1198 2186 ναστείαν
1215 2159 1400 2194 κατανοήσας,
1413 2158 1450 2190 ὡς
1473 2158 1690 2194 αὺτοκρατορική
1706 2166 1749 2189 τις
1764 2158 1861 2184 αὐθεν-

233 2207 292 2235 vult
307 2207 398 2238 efﬁcit,
415 2206 464 2234 sed
481 2205 677 2234 convenienter
694 2205 754 2231 voci
772 2205 833 2239 ejus
857 2204 903 2238 qui
917 2204 1021 2238 promi-

235 2254 281 2287 sit,
296 2253 343 2289 qui
360 2253 472 2288 quidem
493 2252 562 2280 dicit
578 2251 683 2279 ﬁdelem
697 2255 724 2278 et
738 2250 898 2285 prudentem
912 2249 1022 2284 dispen-

235 2305 353 2327 satorem
369 2299 470 2326 [actum
488 2306 549 2326 esse
560 2298 702 2325 dominum
723 2296 843 2323 omnium
857 2303 918 2330 qua:
939 2295 1022 2322 habet

235 2345 395 2372 Dominus".
424 2344 480 2372 ilac
505 2347 618 2378 accepta
649 2345 804 2377 potestate,
836 2341 909 2375 regis
935 2340 1022 2368 instar

235 2388 305 2416 duos
327 2392 424 2416 ventos
444 2388 527 2422 regit,
552 2391 580 2415 et
599 2387 750 2421 dispensat,
768 2390 799 2412 ut
821 2385 873 2414 sibi
893 2385 1021 2412 videtur:

235 2433 391 2469 aquilonem
413 2433 522 2469 quidem
539 2433 591 2461 sibi
605 2440 762 2467 segregans,
784 2435 907 2458 austrum
931 2434 1021 2457 autem

235 2479 354 2514 benigne
377 2487 493 2512 vocans,
519 2483 546 2506 et
567 2485 668 2514 urgens
690 2481 719 2504 ut
750 2476 784 2504 ad
807 2483 836 2504 se
859 2475 959 2504 veniat.
982 2476 1022 2502 lta

236 2528 326 2552 autem
347 2524 428 2552 habet
443 2528 586 2552 contextus
608 2523 736 2551 dictionis
751 2522 861 2557 :Surge,
879 2521 979 2556 aquilo,
997 2525 1022 2549 et

235 2570 305 2603 una".
317 2576 416 2598 auster.
912 2564 923 2571 “

272 2669 346 2696 Licet
355 2668 470 2695 fortasse
486 2668 608 2695 invenire
620 2667 647 2693 in
663 2666 754 2694 verbis
769 2664 937 2693 centurionis
947 2663 1023 2691 aliud

235 2714 309 2750 quod
321 2713 440 2748 aliquam
456 2712 538 2740 habet
551 2711 741 2748 cognationem
756 2713 783 2738 et
799 2709 1019 2745 conjunctionem

1072 2205 1132 2231 τεία
1150 2205 1206 2235 τοῖς
1225 2204 1382 2239 λεγομένοις
1403 2203 1575 2239 ἐμφαίνεται.
1596 2203 1631 2230 Οὐ
1649 2203 1703 2238 γὰρ
1726 2203 1758 2229 δι’
1776 2203 1860 2238 εὐχῆς

1072 2250 1201 2286 κατορθοῖ
1211 2251 1279 2286 ὅπερ
1294 2249 1417 2285 βούλεται
1430 2270 1437 2282 ,
1455 2249 1524 2276 ἀλλὰ
1537 2249 1606 2276 κατὰ
1625 2248 1673 2283 τὴν
1692 2248 1795 2283 ἀψευδῆ
1811 2248 1859 2275 τοῦ

1072 2296 1304 2331 ἐπαγγειλαμένου
1320 2296 1411 2331 φωνὴν
1421 2315 1428 2327 ,
1442 2296 1470 2327 ὃς
1488 2303 1553 2330 φησι
1566 2294 1610 2320 τὸν
1625 2294 1718 2320 πιστὸν
1732 2293 1779 2320 καὶ
1794 2294 1860 2329 φρό-

1073 2350 1149 2376 νιμον
1163 2341 1303 2376 οἰκονόμον
1318 2342 1424 2367 πάντων
1434 2340 1487 2366 τῶν
1500 2338 1673 2374 ὑπαρχόντων
1687 2338 1726 2373 τῷ
1737 2339 1859 2374 Δεσπότῃ

1074 2387 1168 2426 κύριον
1190 2386 1322 2421 γίνεσθαι.
1346 2385 1453 2419 Ταύτης
1467 2383 1647 2418 ἐπιλαϐομένη
1662 2383 1711 2418 τῆς
1725 2382 1859 2416 ἐξουσίας,

1076 2433 1222 2469 βασιλικῶς
1238 2433 1320 2468 ἑαυτῇ
1345 2432 1484 2459 διοικεῖται
1505 2431 1540 2457 τὰ
1563 2429 1719 2465 καταθύμια.
1746 2429 1799 2456 τῶν
1814 2429 1861 2456 δύο

1075 2480 1201 2514 ἀνέμων
1220 2479 1266 2506 τὸν
1290 2479 1338 2514 μὲν
1353 2478 1458 2514 Βορρᾶν
1482 2476 1526 2504 διὰ
1551 2476 1760 2512 προστάγματος
1778 2475 1860 2510 ἑαυτῇ

1076 2525 1243 2561 ἀφορίζουσα
1254 2533 1261 2539 ·
1276 2524 1320 2550 τὸν
1334 2523 1361 2550 δὲ
1376 2523 1471 2556 Νότον,
1487 2522 1654 2557 φιλοφρόνως
1669 2521 1796 2551 καλοῦσα,
1813 2521 1860 2547 καὶ

1077 2570 1145 2606 πρὸς
1159 2570 1257 2605 ἑαυτὴν
1281 2568 1368 2595 ἐλθεῖν
1383 2568 1592 2602 κατεπείγουσα.
1615 2568 1691 2602 Ἔχει
1705 2567 1734 2593 δὲ
1749 2567 1766 2600 ἡ
1789 2565 1860 2598 λέξις

1074 2615 1160 2647 οὕτως
1171 2621 1179 2629 ⁸
1192 2614 1387 2650 Ἐξεγ-έρθητι,
1404 2614 1510 2648 Βορῤᾶ,
1528 2614 1575 2640 καὶ
1590 2613 1693 2648 ἔρχου,
1709 2613 1794 2639 Νότε.

1109 2661 1184 2696 Τάχα
1207 2669 1233 2687 τι
1253 2659 1383 2694 συγγενὲς
1409 2659 1463 2686 ἔστι
1480 2661 1536 2691 τοῖς
1551 2658 1706 2694 λεγομένοις
1725 2657 1814 2692 εὑρεῖν
1831 2658 1860 2683 ἐν

1073 2709 1129 2739 τοῖς
1151 2706 1347 2742 ἑκατοντάρχου
1373 2705 1478 2740 λόγοις,
1497 2705 1544 2737 οὒς
1567 2704 1648 2736 αὺτὶς
1667 2705 1682 2731 ὁ
1695 2703 1761 2736 Θεὸς
1774 2702 1859 2737 Λόγος

277 2801 287 2817 ¹
306 2800 378 2828 Psal.
399 2808 446 2834 cn,
465 2801 507 2829 il.
546 2801 556 2817 '
575 2799 607 2828 ιν
626 2799 691 2836 Reg.
707 2807 738 2833 ιι,
753 2799 795 2827 ll.
834 2799 844 2815 ³
857 2798 955 2826 Cenes.
970 2804 1014 2831 xv,

1075 2803 1132 2831 Sqq.
1172 2795 1180 2811 ⁸
1192 2794 1257 2823 Luc.
1274 2801 1321 2827 xu,
1338 2793 1382 2820 42.
