1984 3068
104 151 152 179 981

631 161 665 188 1N
680 161 829 191 CANTICA
848 161 983 190 CANTIC.
1005 161 1145 190 HOMILIA
1165 164 1198 192 Χ.

1673 165 1725 192 98:!

103 209 252 244 ἐθαύμασε,
268 212 358 245 καθὼς
373 214 387 240 ὁ
401 215 600 253 Εὺαγγελιστὴς
614 219 775 255 διηγήσατο,
788 221 890 256 λέγων·

943 227 1002 246 eum
1028 220 1062 248 iis
1086 228 1146 255 quae
1171 219 1216 247 hic
1241 220 1380 248 dicuntur.
1415 220 1480 253 Qua:
1507 220 1617 256 quidem
1643 221 1725 250 verba

102 256 142 282 ὅτι
164 256 307 291 Ἀκούσας
318 259 352 286 δὲ
372 260 488 295 Ἰησοῦς
499 263 660 298 ἐθαύμασε,
675 267 721 293 καὶ
737 267 890 303 ύπερέθηκε

100 303 150 337 τῆς
169 303 237 349 γτοῦῗ
258 305 366 340 Ἰσραὴλ
392 307 511 340 πίστεως
535 309 585 345 τὴν
615 311 662 338 τοῦ
691 312 889 349 ἑκατοντάρχου

102 348 205 384 φωνήν.
221 348 259 376 Οὺ
277 350 332 386 γὰρ
352 352 420 386 πρὸς
435 353 480 381 τὸν
496 354 560 381 λαόν
571 364 615 390 μοι
630 356 704 384 δοκεῖ
716 358 761 385 τὸν
783 348 889 395 Ἰσραη-

99 398 198 426 λτικὸν
221 400 353 426 ποιεῖσθαι
371 401 417 427 τὸν
446 402 656 437 Ἑκατόνταρχον
673 403 722 438 τὴν
746 403 887 439 σύγκρισιν

94 443 175 479 ἐντῷ
190 443 240 479 τῆς
263 444 381 476 πίστεως
395 445 484 481 λόγῳ,
509 447 577 474 ἀλλὰ
594 448 661 483 πρὸς
678 449 759 476 αὑτὸν
785 450 887 476 ἐκεῖνον

97 490 143 517 τὸν
163 491 271 527 Ἰσραήλ
282 500 288 506 ·
303 491 333 523 ὃς
357 493 385 518 ὲν
399 494 431 528 τῇ
454 493 522 529 πρὸς
533 494 579 521 τὸν
596 495 781 530 ἀντικείμενον
803 496 886 531 πάλῃ,

101 536 170 572 μετά
185 537 236 572 τῆς
251 536 298 564 τοῦ
321 537 388 565 Θεοῦ
408 540 566 574 συμμαχίας
583 541 661 575 μόγις
678 541 707 567 τὸ
724 541 825 576 πτῶμα
836 541 888 568 διέ-

99 591 198 617 φυγεν,
218 584 268 610 οὐκ
291 583 412 619 ἀκριϐῶς
424 586 472 619 τῆς
488 585 535 612 τοῦ
549 586 696 613 ἀντιπάλου
713 586 814 623 βλάϐης
837 587 889 619 ἔξω

99 629 253 664 γενόμενος.
273 631 317 657 Ἐν
336 631 391 667 γὰρ
409 631 448 666 τῷ
465 632 544 668 μηρῷ
558 633 590 659 τὸ
605 633 691 665 πάθος
706 633 824 666 ἐδέξατο.
839 632 889 661 Οὗ-

99 685 146 708 τος
161 676 189 702 δὲ
204 677 218 702 ὁ
235 677 452 713 Ἐκατοντάρχης
465 698 471 709 ,
490 679 554 714 περὶ
578 677 609 706 οὗ
629 680 676 707 νῦν
691 681 706 707 ὀ
729 680 806 714 λόγος
820 680 887 711 ἐστὶ,

101 722 227 758 βασιλικῇ
251 731 303 750 τινι
332 724 445 759 δυνάμει
470 724 500 751 τὸ
520 725 658 760 ἀλλότριον
681 726 740 753 κατ’
767 726 889 758 ἐξουσίαν

100 768 346 803 ἀποπεμπόμενος,
360 769 506 796 οἰκειοῦται
521 770 551 796 τὸ
565 770 742 806 καταθύμιον,
757 771 819 797 Ἐπὶ
829 771 891 797 τού*

101 821 140 849 τῳ
152 813 206 849 γάρ
223 823 268 849 μοι
281 814 355 841 δοκεί
373 815 489 850 μάλιστα
500 818 679 852 τετυχηκέναι
691 817 737 844 τοῦ
753 817 890 852 θαύματος

100 858 115 884 ό
130 859 215 894 ἀνήρ·
231 860 272 886 ὅτι
298 860 381 895 φησὶν
402 862 431 888 ὲν
446 862 501 893 τοϊς
521 863 688 897 προχειρίοις
708 862 790 889 αὑτοῦ
806 871 889 898 στρα-

101 904 211 936 τιώταις
225 907 253 932 ὲν
270 905 414 942 αὐθεντικῇ
433 906 541 942 ἐξουσίᾳ
557 908 767 943 ἀποπέμπεσθαι
783 909 812 935 ὂν
829 908 890 943 βού-

101 951 175 977 λεται
188 971 196 984 ,
212 951 259 978 καὶ
279 952 494 987 προσκαλεῖσθαι
511 953 556 979 τὸν
579 954 745 989 καταθύμιον
758 973 765 985 ,
791 954 836 981 καὶ
851 953 890 988 τῷ

100 996 186 1032 δούλῳ
202 997 252 1034 τὴν
275 997 447 1033 καθήκουσαν
467 998 620 1026 ἐπιτάττειν
643 999 804 1035 ὑπηρεσίαν.
833 1000 891 1026 Κά-

102 1044 145 1069 κεῖ
157 1043 210 1079 γὰρ
225 1044 369 1078 φιλοσοφία
386 1053 428 1075 τις
445 1045 474 1070 ὲν
489 1045 522 1079 τῇ
538 1044 585 1071 τοῦ
604 1045 817 1081 Ἐκατοντάρχου
833 1054 890 1080 φω-

101 1089 134 1124 νῇ
146 1108 153 1120 ,
170 1089 211 1115 ὅτι
226 1088 271 1116 τὸν
287 1088 361 1121 auat
379 1089 594 1126 ἀποπεμφθέντα
609 1091 700 1118 οὐκέτι
717 1091 784 1126 πρδς
798 1091 892 1118 ἑαυτὸν

102 1134 251 1168 ἐπανάγει·
270 1135 337 1162 ἀλλά
356 1135 451 1162 τούτου
475 1135 708 1171 ἀποφοιτὴσαντος
720 1137 813 1172 ἕτερον
834 1136 891 1163 ἀντ’

102 1179 187 1206 αὐτοῦ
205 1180 390 1212 είσοικίζεται.
406 1180 490 1207 Τοῦτο
503 1181 557 1216 γάρ
574 1177 892 1213 εἶπὼν,δτιΠορεύθητι.

102 1227 152 1254 καὶ
169 1226 337 1260 πορεύεται,
354 1226 432 1253 ἄλλον
453 1226 666 1262 προσκαλεῖσθαι
680 1235 762 1262 φησιν
776 1246 784 1258 ,
800 1227 848 1262 οὐχ
862 1226 892 1252 ὃν

103 1271 294 1306 ἀπεπέμψατο.
311 1271 488 1303 Παιδεύοντος
507 1268 583 1306 οἶμαι
593 1272 640 1298 τοῦ
662 1271 743 1306 λόγου
756 1271 787 1298 τὸ
804 1271 891 1299 τοιοῦ-

103 1325 148 1343 τον
169 1316 275 1352 δόγμα,
293 1316 334 1343 ὅτι
355 1316 390 1343 τὰ
413 1316 538 1351 ἀλλήλοις
565 1316 738 1352 ἀντικείμενα
759 1317 799 1352 τῷ
819 1316 892 1352 αὐτῷ

103 1363 162 1398 μετ’
180 1361 302 1397 ἀλλήλων
319 1361 560 1398 συνεπιχωριάζιιν
576 1361 657 1396 φύσιν
677 1362 727 1389 οὐκ
744 1362 809 1398 ἔχει.
833 1363 893 1389 Οὑ-

103 1407 185 1443 δεμία
206 1408 259 1442 γὰρ
289 1407 417 1434 κοινωνία
445 1407 515 1442 φωτὶ
538 1409 608 1443 πρὸς
634 1400 745 1440 σκότος,
770 1409 852 1444 φησιν
877 1410 892 1436 ὸ

109 1453 270 1485 ’Λπόπολος
282 1461 289 1469 ο
307 1453 364 1480 ἀλλ’
378 1453 484 1488 ἀνάγκη
500 1453 575 1479 πᾶσα
582 1452 629 1479 τοῦ
645 1453 755 1485 σκότους
770 1454 893 1489 ἐκχωρή-

103 1506 198 1530 σαντος
207 1519 215 1532 ,
229 1498 286 1533 φῶς
299 1495 368 1525 εἷναι
382 1498 413 1525 τὸ
424 1499 482 1525 ἀντ’
500 1498 603 1525 ἐκείνου
619 1498 767 1534 ὁρώμενον,
780 1499 827 1526 καὶ
843 1501 892 1535 τῆς

103 1545 200 1577 κακίας
224 1544 344 1572 ἐκποδὼν
363 1544 527 1580 γενομένης,
546 1544 595 1581 τὴν
620 1544 721 1581 ἀρετὴν
739 1545 892 1579 ἀντεισάγε-

104 1591 182 1618 σθαι·
196 1591 291 1618 τούτου
308 1591 336 1618 δὲ
351 1590 582 1627 κατορθωθέντος,
601 1591 699 1627 μηκέτι
714 1592 744 1618 τὸ
764 1592 892 1628 φρόνημα

103 1636 151 1671 τῆς
166 1637 266 1672 σαρκὸς
279 1636 415 1672 ἀνταίρειν
436 1636 475 1672 τῷ
489 1636 632 1672 πνεύματι.
652 1637 724 1672 Μηδὲ
747 1638 802 1672 γὰρ
814 1638 893 1665 δύνα-

104 1682 166 1709 σθαι
183 1682 366 1718 νεκρωθείσης
379 1683 460 1710 αὑτοῦ
476 1683 525 1717 τῆς
541 1684 580 1714 είς
595 1682 624 1709 τὺ
634 1683 794 1710 ἀντιτείνειν
810 1683 891 1711 δυνὰ-

103 1737 192 1764 μεως,
209 1728 278 1755 ἀλλὰ
293 1728 363 1763 πρὸς
382 1729 471 1755 πᾶσαν
487 1728 660 1764 καθήκουσαν
677 1729 828 1765 ὑπηρεσίαν
852 1729 893 1757 εὖ·

103 1775 180 1802 θετον
196 1774 319 1810 γίνεσθαι
332 1797 340 1808 ,
355 1776 388 1811 τῇ
404 1775 549 1810 δυναστείᾳ
562 1775 609 1801 τοῦ
630 1775 784 1810 πνεύματος
802 1776 893 1802 εὐπει-

103 1821 149 1853 θὲς
164 1821 286 1857 ὑπάρχον
300 1821 347 1848 καὶ
370 1821 539 1857 ὑποχείριον.
558 1821 642 1847 Ὅταν
663 1821 717 1856 γὰρ
738 1821 892 1857 ἀπδιωχθῇ

106 1867 155 1902 μὲν
168 1868 182 1894 ὁ
199 1868 248 1902 τῆς
263 1867 362 1898 κακίας
381 1866 524 1902 σύμμαχος
537 1865 704 1902 στρατιώτης
714 1887 721 1898 ,
736 1867 892 1902 ἅντεισέλθῃ

104 1911 133 1938 δὲ
148 1912 163 1938 ὁ
175 1911 224 1947 τῆς
239 1912 341 1947 ἀρετῆς
352 1911 465 1946 ὁπλίτης
475 1932 482 1944 ,
496 1910 643 1943 ἐνδεδυκὼς
651 1911 697 1938 τὸν
711 1911 823 1945 θώρακα
843 1914 893 1947 τῆς

103 1957 292 1992 δικαιοσύνης.
310 1957 356 1984 καὶ
379 1957 428 1992 τὴν
455 1957 592 1992 μάχαιραν
607 1957 655 1983 τοῦ
679 1957 832 1993 πνεύματος
848 1958 892 1985 διὰ

103 2003 193 2039 χειρὸς
221 2003 327 2038 φέρων,
351 2002 569 2038 προῦαλλόμενος
589 2002 618 2029 δὲ
643 2003 678 2029 τά
703 2004 893 2040 σκεπαστήρια

102 2049 156 2076 τῶν
168 2049 268 2081 ὃπλων,
281 2050 332 2085 τήν
341 2057 371 2075 τε
390 2048 608 2084 περικεφαλαίαν
622 2049 668 2076 τοῦ
681 2050 814 2085 σωτηρίου
825 2070 832 2082 ,
846 2051 892 2077 καὶ

103 2095 148 2122 τὸν
162 2095 258 2131 θυρεὸν
273 2095 324 2130 τῆς
344 2095 463 2127 πίστεως
476 2115 482 2127 ,
500 2096 546 2122 καὶ
559 2097 650 2123 πᾶσαν
661 2096 750 2132 φέρων
763 2098 791 2124 ὲν
804 2097 893 2133 ἑαυτῷ

103 2142 153 2176 τὴν
168 2141 355 2176 πνευματικὴν
377 2141 526 2168 πανοπλίαν
536 2162 544 2174 ,
557 2142 618 2168 τότε
634 2143 755 2176 φοϐεῖται
768 2144 813 2170 τὸν
834 2144 894 2171 ἐαυ-

104 2187 150 2214 τοῦ
171 2187 266 2222 κύριον
292 2187 306 2214 ὁ
321 2187 414 2219 δοῦλος
435 2187 465 2214 τὸ
485 2187 584 2222 σῶμα,
604 2188 650 2214 καὶ
672 2189 819 2224 προθύμως
845 2189 892 2216 τοῦ

939 266 1126 298 centurionis.
1161 266 1219 298 ipse
1244 265 1315 294 Deus
1343 265 1461 294 Verbum
1488 271 1530 295 est
1557 266 1725 301 admiratus,

939 312 1011 339 sicut
1028 311 1196 345 evangelista
1217 312 1357 344 narravit,
1377 313 1472 340 dicens
1488 322 1494 340 :
1512 311 1578 346 Qui:
1593 321 1652 340 cum
1678 321 1727 339 au-

938 357 1020 385 disset
1042 357 1133 387 Iesus.
1159 357 1271 385 miratus
1295 363 1334 386 est
1346 359 1367 389 '.
1389 363 1417 386 et
1437 366 1529 387 vocem
1555 359 1725 386 centurionis

938 405 1058 439 praetulit
1074 404 1135 432 ﬁdei
1155 404 1273 432 lsraelis.
1295 404 1354 432 Non
1368 405 1441 433 enim
1454 405 1521 432 mihi
1539 405 1644 432 videtur
1657 413 1724 433 eon-

939 450 1011 478 l'erre
1032 451 1220 478 centurionem
1244 459 1306 478 cum
1333 451 1434 486 populo
1457 450 1608 478 Israelitico
1629 451 1656 478 in
1681 458 1726 478 ra-

940 495 1015 523 tione
1031 496 1103 528 ﬁdei,
1120 496 1166 524 sed
1182 504 1244 523 cum
1262 496 1322 531 ipso
1336 495 1434 524 lsraele
1449 505 1455 523 :
1471 496 1518 531 qui
1533 496 1560 523 in
1573 496 1644 523 lucta
1660 503 1724 523 cum

940 542 1099 569 adversario
1112 549 1174 569 cum
1191 541 1237 569 Dei
1260 542 1363 569 auxilio
1385 542 1430 570 vix
1445 542 1533 569 evasit
1554 550 1588 569 ne
1603 541 1725 573 caderet.

939 594 988 614 nec
1018 588 1085 615 abiit
1103 588 1212 623 penitus
1244 588 1345 615 illa-sus
1377 588 1412 615 ab
1437 588 1595 616 adversario
1619 588 1725 616 :‘lazsus

938 635 1010 660 enim
1029 633 1081 661 fuit
1105 634 1132 661 in
1156 634 1269 662 femore.
1287 633 1335 661 llic
1350 638 1440 672 autem
1461 634 1594 665 centurio,
1619 634 1653 661 de
1671 641 1726 668 quo

941 688 1032 707 sermo
1042 684 1084 707 est
1100 680 1126 707 in
1141 680 1295 714 praesentia,
1312 680 1384 714 regia
1402 684 1534 715 potestate
1547 688 1595 715 pro
1611 681 1727 716 imperio

941 726 1070 753 amandat
1094 725 1120 752 id
1144 726 1217 760 quod
1243 729 1284 753 est
1307 725 1436 757 alienum,
1458 725 1570 753 asciscit
1593 729 1683 753 autem
1699 730 1726 753 et

940 772 974 799 ad
998 779 1076 800 suam
1100 771 1219 798 admittit
1239 770 1450 798 familiaritatem
1471 771 1497 798 id
1517 771 1591 806 quod
1611 776 1653 799 est
1674 771 1725 798 sibi

939 822 1056 854 gratum.
1072 819 1098 845 ls
1115 818 1187 845 enim
1198 821 1340 852 propterea
1357 816 1473 844 maxime
1487 817 1593 844 videtur
1607 817 1727 844 adrnira-

945 864 1019 891 tione
1030 863 1130 898 dignus
1151 862 1246 894 fuisse.
1271 862 1345 897 quod
1369 862 1442 889 dicat
1466 870 1496 890 se
1520 863 1548 889 in
1567 863 1610 892 his
1629 862 1676 897 qui
1699 863 1727 889 in

944 909 1005 943 ejus
1029 911 1092 935 sunt
1113 910 1248 943 potestate
1275 906 1418 938 militibus,
1437 914 1486 934 sua
1509 906 1672 934 auctoritate
1696 905 1726 932 li-

941 953 1004 981 bere
1020 960 1100 988 quem
1126 952 1189 980 velit
1213 951 1373 984 amandare,
1394 954 1422 979 ει
1444 958 1586 978 accersere
1601 958 1662 978 eum
1681 950 1728 986 qui

941 1003 984 1027 est
1006 999 1058 1026 sibi
1077 1002 1174 1034 gratus
1192 1007 1198 1025 :
1215 1002 1242 1025 et
1260 993 1340 1024 servo
1354 996 1427 1032 quod
1444 997 1572 1024 convenit
1593 997 1729 1032 imperare

941 1043 1134 1072 ministerium.
1159 1042 1226 1070 Nam
1254 1042 1310 1069 illic
1333 1049 1442 1077 quoque
1464 1041 1587 1076 quaedam
1607 1041 1729 1076 philoso-

941 1090 1005 1126 phia
1025 1094 1067 1117 est
1089 1089 1116 1116 in
1132 1095 1198 1116 voce
1221 1088 1401 1120 centurionis,
1427 1089 1498 1123 quod
1522 1095 1583 1115 eum
1606 1087 1652 1122 qui
1679 1087 1728 1113 fuit

942 1137 1114 1166 amandatus,
1138 1144 1191 1163 non
1211 1135 1329 1170 amplius
1351 1135 1385 1162 ad
1406 1142 1435 1162 se
1452 1134 1568 1165 reducit.
1591 1132 1640 1160 sed
1665 1140 1727 1159 cum

944 1182 968 1210 is
989 1181 1112 1214 abiissct,
1132 1189 1181 1216 pro
1198 1182 1257 1216 ipso
1286 1181 1313 1208 in
1335 1181 1446 1208 domum
1469 1179 1586 1206 admittit
1601 1178 1729 1205 alterum.

944 1227 1012 1254 Nam
1038 1234 1100 1254 cum
1125 1227 1150 1254 ei
1183 1227 1321 1254 dixisset:
1345 1225 1427 1258 Vade,
1454 1229 1478 1251 et
1501 1223 1583 1256 vadit,
1608 1223 1675 1250 dicit
1700 1230 1730 1250 se

947 1275 1030 1302 alium
1046 1280 1198 1305 accersere,
1215 1280 1270 1299 non
1292 1279 1354 1299 eum
1367 1278 1446 1306 quem
1461 1269 1639 1297 amandavit:
1655 1267 1730 1296 Scri-

942 1324 1033 1354 ptura,
1053 1321 1083 1346 ut
1108 1318 1214 1352 opinor,
1241 1317 1357 1344 docente
1376 1317 1429 1344 tale
1451 1315 1560 1351 dogma,
1581 1314 1653 1350 quod
1669 1321 1730 1348 qua:

943 1366 996 1393 sibi
1014 1365 1131 1392 invicem
1147 1363 1338 1396 adversantur,
1356 1370 1410 1389 non
1424 1362 1483 1396 ejus
1500 1364 1565 1389 sunt
1579 1365 1682 1388 natura:
1701 1364 1730 1387 ιιι

943 1411 1050 1448 possint
1065 1410 1146 1439 simul
1174 1410 1201 1437 in
1217 1417 1272 1437 uno
1294 1413 1321 1436 et
1341 1408 1437 1436 eodem
1452 1407 1566 1435 versari.
1592 1406 1671 1433 Nulla
1687 1411 1730 1434 est

941 1457 1014 1485 enim
1039 1455 1156 1484 societas
1177 1454 1231 1482 luci
1251 1461 1313 1482 cum
1330 1453 1461 1485 tenebris,
1483 1453 1523 1479 ait
1544 1452 1728 1488 Apostolus“,

943 1502 992 1531 sed
1006 1509 1120 1530 necesse
1135 1504 1177 1529 est
1191 1500 1315 1533 omnino,
1331 1503 1361 1526 ut
1377 1499 1400 1527 si
1417 1499 1536 1526 tenebrae
1552 1497 1729 1527 recesserint.

944 1550 979 1577 sit
997 1549 1044 1576 lux
1068 1555 1129 1583 qua:
1154 1554 1204 1581 pro
1225 1546 1265 1574 eis
1287 1544 1409 1573 cernitur
1425 1547 1472 1571 :et
1494 1543 1517 1571 si
1532 1543 1628 1570 vitium
1650 1542 1732 1569 fuerit

945 1594 1130 1626 amandatum,
1152 1600 1202 1628 pro
1216 1600 1249 1621 eo
1264 1592 1352 1619 virtus
1374 1590 1582 1622 introdueatur;
1596 1593 1623 1616 et
1639 1588 1663 1616 si
1680 1588 1731 1615 hoc

945 1641 997 1668 rite
1019 1640 1121 1667 factum
1146 1638 1239 1670 fuerit,
1260 1636 1405 1672 prudentia
1420 1635 1512 1663 carnis
1535 1642 1590 1662 non
1614 1633 1731 1668 amplius

944 1688 1054 1716 resistat
1072 1684 1199 1720 spiritui;
1220 1690 1308 1718 neque
1320 1683 1394 1710 enim
1416 1684 1515 1716 potest,
1533 1684 1619 1707 morte
1633 1679 1731 1706 aﬁ‘ecta

945 1733 1005 1768 ejus
1028 1730 1175 1758 resistendi
1200 1731 1345 1764 potestate,
1367 1727 1415 1754 sed
1438 1725 1471 1753 ad
1490 1732 1571 1752 omne
1589 1724 1661 1759 quod
1682 1731 1732 1759 par

943 1783 986 1806 est
1008 1776 1192 1805 ministerium
1216 1775 1246 1802 ﬁt
1264 1778 1327 1810 apta
1346 1777 1373 1802 et
1394 1776 1502 1808 parata,
1519 1776 1548 1798 ut
1563 1779 1624 1806 qua:
1636 1773 1732 1805 pareat

923 1828 972 1859 ret
997 1823 1162 1858 subjiciatur
1186 1819 1338 1848 dominatui
1361 1818 1486 1854 spiritus.
1515 1815 1630 1849 Quando
1657 1815 1732 1842 enim

943 1871 1074 1908 expulsus
1101 1869 1211 1905 quidem
1236 1867 1317 1896 fuerit
1343 1867 1422 1894 miles
1447 1865 1507 1893 vitii
1532 1863 1642 1895 socius;
1671 1861 1732 1896 ejus

944 1923 1033 1946 autem
1056 1918 1117 1944 loco
1142 1917 1283 1951 ingressus
1311 1913 1392 1941 fuerit
1414 1912 1493 1939 miles
1508 1909 1629 1942 virtutis,
1645 1908 1731 1936 lorica

941 1965 1056 2000 justitim
1082 1963 1207 1994 indutus,
1233 1965 1260 1989 et
1287 1961 1314 1988 in
1341 1959 1467 1987 manibus
1493 1957 1583 1985 ferens
1611 1955 1732 1991 gladium

944 2012 1068 2047 spiritus,
1088 2009 1211 2037 munitus
1225 2012 1315 2035 autem
1336 2007 1406 2042 aptis
1423 2005 1456 2033 ad
1475 2003 1619 2040 tegendum
1636 2002 1731 2033 armis.

944 2065 1042 2092 nempe
1055 2057 1131 2092 galea
1145 2054 1259 2083 salutari
1275 2074 1282 2086 ,
1297 2056 1325 2081 et
1336 2055 1415 2080 scuto
1428 2050 1500 2082 ﬁdei,
1515 2052 1542 2077 et
1556 2049 1583 2076 in
1597 2055 1626 2076 se
1643 2047 1732 2075 ferens

944 2111 1051 2132 omnem
1076 2101 1244 2136 spiritualem
1272 2104 1449 2128 armaturam,
1467 2100 1533 2123 tunc
1556 2094 1631 2121 timet
1651 2099 1732 2120 suum

944 2150 1095 2180 dominum,
1112 2154 1209 2181 nempe
1230 2149 1359 2176 mentem,
1379 2150 1476 2171 servus
1491 2141 1597 2169 scilicet
1619 2145 1731 2173 corpus,

945 2200 1124 2232 promptuque
1140 2198 1167 2221 et
1190 2192 1274 2219 alacri
1293 2191 1384 2218 animo
1407 2187 1566 2222 exsequitur
1588 2184 1731 2219 imperium

105 2233 267 2268 κρατοῦντος
278 2233 312 2260 τὰ
326 2233 544 2269 παραγγέλματα
556 2233 672 2268 δέχεται,
681 2234 714 2260 δι’
725 2230 762 2260 ὧν
776 2235 792 2270 ἠ
807 2236 891 2271 ἀρετὴ

945 2229 1004 2276 ejus
1018 2229 1065 2275 qui
1075 2238 1233 2266 dominatur
1246 2246 1252 2263 :
1267 2243 1321 2270 quo
1338 2235 1377 2266 ﬁt,
1394 2238 1424 2260 ut
1439 2231 1592 2260 ministerio
1606 2229 1733 2264 corporis

104 2279 283 2315 κατορθοῦται
299 2281 331 2315 τῇ
359 2279 494 2315 ὑπουργία
510 2278 556 2306 τοῦ
573 2279 696 2314 σώματος
709 2288 716 2296 ⁸
743 2281 822 2307 τοῦτο
837 2281 891 2316 γὰρ

104 2324 271 2350 ἐνδείκνυται
295 2324 342 2351 τοῦ
363 2324 578 2360 Ἐκατοντάρχου
601 2326 615 2351 ὁ
629 2325 707 2359 λόγος
728 2326 830 2357 εἰπὼν,
851 2327 892 2353 ὃτι

104 2369 158 2396 Καὶ
173 2369 214 2402 τῷ
239 2369 339 2403 δούλῳ
355 2378 414 2404 μου
431 2369 508 2404 λέγω
519 2389 525 2400 ,
552 2369 686 2402 Ποίησον
711 2371 798 2397 τοῦτο
809 2391 816 2403 ,
842 2372 891 2398 καὶ

103 2414 190 2442 ποιεῖ.

145 2461 214 2487 Ἀλλ’
228 2461 388 2496 ἀκούσωμεν
399 2461 448 2496 τῆς
462 2461 596 2496 βασιλίδος
606 2482 612 2493 ,
625 2462 698 2494 ὅπως
713 2463 892 2498 ἀπανίστησιν

103 2507 150 2542 ἀφ’
164 2508 264 2543 ἑαυτῆς
290 2508 334 2534 τὸν
348 2507 453 2543 Βορρᾶν
464 2530 470 2541 ,
496 2509 536 2540 εἰς
553 2509 584 2535 τὸ
607 2509 725 2544 ἔμπαλιν
740 2510 824 2536 αὑτοῦ
844 2510 894 2545 τὴν

104 2553 188 2587 πνοῂν
204 2553 406 2588 ἀναστρέψασα.
419 2554 457 2580 Οὐ
474 2554 528 2589 γὰρ
541 2554 655 2589 ἠρεμεῖν
668 2555 811 2581 ἐπιτάσσει
821 2576 827 2587 ,
844 2564 893 2582 κα-

103 2599 193 2635 θάπερ
213 2599 259 2625 ἐπὶ
283 2599 329 2626 τοῦ
355 2599 498 2626 κλυδωνίου
523 2600 571 2635 τῆς
593 2599 730 2636 θαλάσσης
756 2602 770 2627 ὁ
793 2600 894 2635 Κύριος

102 2644 218 2680 ἡσυχίαν
231 2645 307 2679 ἄγειν
316 2645 365 2680 τὴν
379 2645 507 2675 λαίλαπα,
523 2645 627 2680 σιωπὴν
640 2646 828 2681 παραγγείλας
837 2648 892 2678 τοῖς

103 2691 236 2726 κύμασιν·
249 2691 306 2718 ἀλλ’
319 2691 470 2726 ἀποχωρεῖν
485 2690 531 2716 καὶ
545 2690 654 2724 φεύγειν
664 2692 891 2726 παρακελεύεται,

107 2736 140 2768 ὣς
153 2736 186 2764 ἂν
201 2737 347 2768 ἀκωλύτως
361 2738 376 2763 ὁ
392 2737 476 2768 Νότος
487 2736 543 2772 ῥέοι
554 2755 561 2767 .
589 2736 723 2772 μηδεμιᾶς
736 2738 893 2771 ἀντιπνοίας

104 2781 305 2818 ὶμποδιξούοης
332 2782 406 2818 αὖτῷ
430 2782 480 2817 τὴν
497 2782 583 2817 φοράν
597 2789 604 2796 ·
627 2782 811 2818 Ἐξεγέρθητι
826 2805 832 2816 ,
850 2785 893 2811 λέ-

133 2872 143 2888 ⁹
163 2871 256 2900 Matth.
279 2881 337 2904 rm,
362 2873 392 2900 l0
407 2882 465 2909 sqq.
507 2875 516 2888 "
539 2873 558 2899 li
579 2873 639 2898 (ζον.
663 2880 699 2903 γι,
725 2874 764 2898 ιιι.

947 2273 1035 2314 virtus
1055 2290 1130 2312 recte
1155 2282 1371 2310 administretur.
1397 2279 1454 2306 Iloc
1481 2277 1553 2305 enim
1577 2275 1680 2303 indicat
1705 2273 1733 2301 id

947 2331 1019 2368 quod
1032 2331 1134 2358 dicitur
1154 2337 1169 2355 a
1182 2327 1342 2369 centurione
1355 2335 1361 2352 :
1374 2325 1441 2352 Nam
1456 2329 1480 2350 et
1492 2331 1566 2350 servo
1584 2329 1640 2348 mea
1654 2319 1732 2347 dico:

948 2380 1004 2407 Fac
1018 2379 1076 2409 hoc,
1093 2382 1114 2404 el
1129 2375 1202 2411 facit.

979 2466 1031 2494 Sed
1047 2465 1191 2492 audiamus
1210 2459 1438 2498 quemadmodum
1453 2458 1546 2493 regina
1561 2463 1675 2491 surgere
1693 2453 1734 2482 fa-

943 2513 980 2539 cit
995 2511 1151 2547 aquilonem
1171 2511 1198 2536 ct
1212 2516 1227 2535 a
1245 2514 1276 2534 se
1293 2505 1433 2536 amandat,
1458 2503 1518 2538 ejus
1546 2501 1639 2529 ﬂatum
1658 2507 1734 2527 aver-

943 2564 1003 2586 tens
1018 2558 1045 2585 in
1067 2556 1224 2583 adversum.
1242 2553 1300 2579 Non
1315 2552 1388 2579 enim
1408 2557 1469 2578 eum
1484 2549 1561 2583 jubet
1580 2547 1732 2583 quiescere.

945 2603 1084 2640 quomodo
1100 2602 1127 2629 in
1145 2600 1230 2628 maris
1254 2601 1418 2633 tempestate
1435 2595 1518 2630 jussit
1535 2594 1667 2621 Dominus
1685 2592 1734 2619 llu-

947 2639 1038 2676 ctibus
1060 2647 1203 2683 quiescere
1225 2650 1252 2672 et
1269 2644 1408 2671 silentium
1430 2648 1529 2677 agere;
1548 2640 1595 2667 sed
1620 2639 1735 2672 imperat

948 2698 977 2722 ut
996 2694 1106 2722 recedat
1127 2697 1154 2720 et
1175 2691 1270 2725 fugiat,
1293 2693 1321 2716 ut
1336 2689 1439 2723 absque
1460 2687 1516 2713 ullo
1539 2683 1734 2719 impedimento

947 2740 1014 2768 ﬂuat
1039 2743 1142 2769 auster,
1166 2737 1242 2764 nullo
1268 2735 1383 2762 adverso
1412 2732 1476 2759 ﬁatu
1497 2730 1649 2758 obsistente
1674 2727 1735 2761 ejus

949 2786 1071 2822 impetui,
1087 2785 1182 2813 dicens
1196 2793 1202 2810 :
1220 2782 1313 2818 Surge,
1328 2779 1427 2815 aquilo.
1443 2777 1572 2810 Qumnam
1587 2778 1629 2802 est
1645 2777 1734 2801 autem
