1984 3068
254 117 308 147 985
857 120 886 148 S.
903 119 1066 149 GREGORII

1087 119 1109 148 Ν
1114 120 1230 149 YSSENI
1817 117 1858 150 934

252 182 335 203 causa
351 182 401 203 cur
417 175 580 203 amandatur
596 175 641 204 hic
653 177 771 205 ventus?
784 177 882 213 Aquilo
897 183 939 207 est
953 179 1029 207 duru:

1090 188 1175 214 γουσα
1187 179 1227 214 τῷ
1244 179 1348 215 Βορῤᾁ·
1365 177 1406 210 τίς
1417 177 1445 204 δὲ
1459 176 1476 213 ἡ
1490 177 1563 204 αἰτία
1573 177 1623 212 τῆς
1638 176 1685 203 τοῦ
1701 175 1796 211 ἀνέμου
1809 178 1856 202 τού-

251 226 277 248 et
298 228 379 256 asper
394 225 504 254 ventus,
531 226 561 249 ut
584 222 684 250 alicubi
704 223 806 254 dicitur
828 224 855 252 in
879 224 1038 253 Proverbio.

251 266 372 293 Vocatur
389 270 481 294 autem
496 268 593 295 dexter
606 268 726 296 nomine.
746 268 800 297 Sed
817 278 873 298 non
891 275 933 299 est
945 272 1040 299 dexter

251 311 354 347 aquilo,
371 312 423 340 nisi
437 313 500 348 quis
513 320 528 339 a
542 317 618 349 tergo
637 314 735 341 habeat
747 316 891 349 orientem,
907 325 1040 352 peragens

250 365 361 385 cursum
388 358 422 385 ad
449 359 631 387 occidentem.
656 360 775 388 Omnino
795 366 883 389 autem
911 363 1039 399 intelligis

249 403 366 438 :enigma
378 412 473 432 eorum
487 414 547 440 quae
562 406 704 439 dicuntur,
720 407 793 442 quod
813 408 920 435 scilicet
932 410 978 444 qui
994 417 1037 437 re-

249 450 333 477 cessit
351 451 385 478 ab
398 451 504 479 oriente
531 452 583 486 (sic
603 453 675 480 enim
694 453 853 481 nominatur
876 455 1003 483 Christus
1023 464 1037 483 ιι

248 494 391 529 prophetia
412 493 482 528 "),et
497 502 527 524 se
541 498 677 532 protrudit
693 499 726 526 ad
744 506 873 527 occasum
894 501 975 532 lucis,
991 502 1037 529 ubi

248 543 291 566 est
324 543 449 574 potestas
484 543 678 574 tenebrarum,
705 544 758 572 sibi
783 545 924 573 dexterum
956 547 1060 574 habet'

248 585 416 619 aquilonem,
439 586 572 622 improbis
590 589 740 617 insultibus
759 598 821 618 eum
843 591 1034 627 excipientem,

247 638 296 665 per
319 639 388 666 quos
411 640 511 661 cursus
536 633 682 662 conﬁcitur
705 635 738 662 ad
759 636 896 664 tenebras.
919 636 958 664 Ita
982 638 1035 665 sibi

246 678 388 704 dexterum
404 679 560 713 aquilonem
576 680 680 708 inVenit
694 681 847 716 impudicus
859 686 887 710 et
901 683 1035 719 intempe-

246 731 321 754 rans.
342 724 546 760 conspirantem
564 726 672 753 aﬁectui
699 730 726 754 et
742 728 941 762 perturbationi
962 729 1036 764 igno-

247 769 348 796 miniaa.
364 771 402 797 ita
425 778 507 798 avaro
528 772 558 798 ﬁt
575 772 672 799 dexter
687 772 802 807 spiritus
822 773 875 802 iste
894 775 1035 810 nequitiae,

245 815 357 848 quando
384 817 524 844 materiam
548 818 680 851 avaritiae,
702 824 832 854 tanquam
855 827 966 848 arenam
988 821 1035 848 ali-

1091 233 1136 251 του
1167 225 1408 260 μεταναστάσεως;
1436 221 1556 257 Σκληρδς
1572 221 1671 258 ἄνεμός
1697 222 1772 253 ἐστι,
1796 221 1849 256 φησι

1091 270 1159 306 πρὸς
1176 270 1254 296 τοῦτο
1265 269 1313 304 τῆς
1326 268 1479 304 Παροιμίας
1501 268 1580 301 λόγος
1590 276 1597 283 ·
1614 267 1724 303 ὀνόματι
1739 267 1767 293 δὲ
1786 266 1858 292 ἐπιδέ-

1091 315 1145 348 ξιος
1161 315 1299 342 καλεῖται·
1323 315 1380 341 ἀλλ’
1401 315 1488 342 οὐδενὶ
1511 314 1596 346 δεξιὸς
1617 313 1750 349 Βοῤῥὲας,
1768 312 1826 348 πλὴν
1838 311 1860 338 εί

1089 371 1131 394 τις
1147 362 1216 389 κατὰ
1231 362 1325 388 Νώτου
1337 361 1386 396 τὴν
1401 360 1532 396 ἀνατολὴν
1544 360 1611 395 ἔχοι,
1627 361 1694 395 πρὸς
1709 359 1758 390 τὰς
1771 358 1859 393 δυσμὰς

1088 409 1134 434 τὸν
1149 408 1247 443 δρόμον
1268 407 1438 442 ποιούμενος.
1453 406 1532 437 Νοεῖς
1555 405 1583 432 δὲ
1601 404 1708 435 πάντως
1724 403 1777 430 τῶν
1797 403 1860 436 λεγο-

1091 453 1177 488 μένων
1191 453 1221 479 τὸ
1235 453 1358 488 αἴνιγμα,
1371 452 1412 478 ὅτι
1424 453 1438 478 ὁ
1451 452 1501 486 τῆς
1516 451 1647 484 ἀνατολῆς
1658 449 1778 480 ἀποστάς
1793 448 1862 482 (οὕτω

1088 498 1143 534 γὰρ
1159 497 1233 534 παρὰ
1252 497 1302 532 τῆς
1325 497 1493 533 προφητείας
1509 498 1523 523 ὁ
1544 496 1658 531 Χριστὸς
1704 495 1859 533 ὀνομάζεται)

1088 543 1135 570 καὶ
1148 543 1215 579 προς
1229 543 1278 575 τὰς
1300 542 1404 578 δυσμὰς
1416 541 1463 569 τοῦ
1479 541 1567 576 φωτὸς
1585 540 1682 567 ἑαυτὸν
1695 538 1859 570 συνελαύνων,

1087 590 1153 616 ὅπου
1171 589 1244 616 ἐστὶν
1261 588 1371 621 ἐξουσία
1387 588 1433 615 τοῦ
1448 586 1659 622 σκότους,δεξιὸν
1672 586 1729 621 ἔχει
1747 585 1787 619 ἐφ’
1806 585 1860 614 ἐαυ-

1086 635 1133 662 τοῦ
1146 635 1191 661 τὸν
1207 635 1312 670 Βορρᾶν
1328 635 1383 665 τοῖς
1398 634 1526 668 πονηροῖς
1543 632 1624 658 αὐτὸν
1646 631 1761 666 ἐφοδίοις
1776 629 1862 663 δεξιού-

1088 689 1177 716 μενον,
1195 681 1226 709 δι’
1239 678 1276 707 ῶν
1288 681 1302 706 ὁ
1317 679 1384 716 πρὸς
1399 679 1429 705 τὸ
1439 679 1533 710 σκότος
1548 678 1650 712 γίνεται
1662 676 1770 712 δρόμος.
1781 674 1861 706 Οὕτως

1086 727 1207 762 εὑρίσκει
1221 727 1266 754 τὸν
1286 726 1392 761 Βορρἄ
1405 724 1502 752 ἑαυτοῦ
1537 723 1624 757 δεξιὸν
1633 724 1646 749 ὁ
1661 723 1814 754 ἀκόλαστος,
1828 720 1863 755 τῷ

1086 772 1166 800 πάθει
1190 772 1239 807 τῆς
1263 771 1374 806 ἀτιμίας
1399 770 1581 805 συμπνέοντα.
1610 769 1688 795 οὕτω
1708 771 1809 803 γίνεται
1828 767 1862 803 τῷ

1086 817 1234 852 πλεονέκτῃ
1263 815 1349 849 δεξιὸν
1375 815 1405 842 τὺ
1433 815 1541 850 πνεῦμα
1558 814 1640 841 τοῦτο,
1652 813 1702 848 τῆς
1727 811 1862 847 πονηρίας,

244 868 326 894 quam
346 866 371 889 cl
389 862 526 896 pulverem
544 863 567 890 ei
591 864 724 899 congerit.
746 864 785 891 ita
805 865 839 892 ad
860 867 1029 902 unumquod-

1085 863 1148 889 ὅταν
1162 862 1233 896 αὐτῷ
1248 861 1297 893 τὰς
1311 861 1377 893 ὕλας
1391 861 1440 896 τῆς
1456 860 1611 892 πλεονεξίας
1624 856 1680 886 οἷόν
1691 867 1750 884 τινα
1761 857 1862 893 ψάμμον

245 914 297 940 que
317 911 458 941 peccaturo
477 916 557 935 suum
574 910 699 943 prmbens
721 910 852 938 auxilium
875 911 904 938 ﬁt
926 912 1031 940 dexter.

245 952 312 978 Cum
328 957 418 979 autem
433 953 469 980 sit
483 954 592 988 quidem
611 955 697 983 durus
718 961 824 990 natura,
840 957 967 985 duritiem
984 966 1032 985 au-

243 1000 297 1024 tem
311 997 430 1024 occultet
441 999 638 1034 voluptatibus,
656 1005 799 1036 propterea
820 1010 835 1029 a
851 1011 901 1030 suo
918 1004 1032 1039 imperio

243 1042 319 1076 fugat
342 1043 508 1077 aquilonem,
525 1052 557 1071 ea
583 1053 645 1080 quae
667 1046 800 1075 adversus
817 1048 900 1075 animi
923 1053 1031 1083 perturo

241 1086 368 1114 bationes
383 1091 410 1115 et
425 1088 491 1115 vitia
510 1088 631 1117 obtinuit
651 1091 835 1124 dominatum,
852 1093 972 1127 aquiloni
991 1094 1031 1121 di-

241 1139 308 1159 cens
326 1141 332 1159 :
349 1132 444 1167 Surge;
462 1132 543 1166 Quod
556 1139 648 1162 autem
666 1135 718 1163 hoc
733 1137 844 1164 nomine
861 1138 1032 1172 signiﬁcetur

242 1182 364 1212 potestas
381 1178 550 1213 adversaria,
571 1181 660 1208 cuivis
680 1181 764 1209 fuerit
781 1184 967 1217 perspicuum,
983 1183 1030 1217 qui

239 1224 458 1252 consideraverit
475 1229 602 1252 naturam
618 1234 710 1254 rerum
729 1219 948 1262 aspcctabilium.
962 1228 1030 1261 Quis

241 1269 314 1296 enim
335 1279 388 1298 non
404 1271 481 1298 novit
492 1271 558 1299 solis
573 1276 689 1306 motum,
707 1272 779 1307 quod
802 1273 907 1300 scilicet
920 1273 954 1300 ab
967 1276 1029 1300 ortu

239 1323 289 1349 per
317 1320 442 1344 austrum
462 1324 573 1344 cursum
599 1318 759 1351 conﬁciens,
781 1319 900 1346 declinat
925 1319 958 1346 ad
982 1326 1029 1347 oc-

239 1361 452 1389 casum?'l‘erra
468 1366 558 1389 autem
573 1363 657 1398 ﬁgura
685 1371 747 1390 cum
771 1364 808 1391 sit
830 1364 975 1399 sphaerica,
999 1369 1029 1392 ut

239 1408 334 1436 dicunt
354 1409 402 1444 qui
430 1409 458 1436 in
485 1409 527 1436 his
555 1417 636 1436 suum
666 1410 787 1438 studium
813 1416 973 1446 posuerunt,
1000 1412 1027 1438 in

238 1462 293 1488 qua
313 1458 392 1488 parte
415 1462 430 1481 ο
449 1455 507 1481 sole
528 1455 696 1486 illustratur,
723 1457 750 1483 in
768 1457 828 1490 ejus
842 1457 959 1485 adversa
980 1465 1028 1485 ne-

238 1501 359 1526 cessario
371 1499 579 1533 obtenebratur,
596 1504 626 1528 ut
645 1509 706 1535 qua
720 1502 901 1530 adnmbretur
916 1503 1027 1531 obstru-
1041 1520 1062 1548 ο

238 1545 328 1572 ctione
344 1545 404 1579 ejus
420 1545 492 1580 quod
510 1549 552 1573 est
578 1547 784 1575 intermedium.
804 1548 940 1582 Quoniam
961 1557 1027 1584 ergo

239 1590 316 1618 locus
333 1591 378 1618 ille
393 1595 527 1626 perpetuo
544 1597 637 1620 manet
654 1593 717 1621 luce
734 1601 833 1622 carens
854 1599 881 1622 et
898 1595 1025 1630 frigidus,

239 1637 328 1672 utqui
345 1645 359 1664 a
382 1638 468 1666 radiis
491 1639 559 1667 solis
574 1648 663 1675 neque
687 1641 860 1668 illuminetur
879 1649 968 1676 neque
985 1641 1027 1669 fo-

237 1685 352 1711 veatur:
376 1689 519 1718 propterea
543 1685 697 1720 principem
723 1686 868 1721 potestatis
896 1687 1026 1715 tenebra-

238 1736 311 1760 rum,
328 1729 375 1764 qui
391 1730 500 1758 mollem
523 1731 679 1760 animarum
696 1736 821 1759 naturam
840 1733 929 1760 instar
947 1741 1024 1768 aquae

236 1781 416 1802 concrescere
439 1774 506 1802 facit
527 1780 554 1803 et
570 1777 668 1804 duram
686 1777 786 1810 reddit,
807 1779 932 1805 nominat
959 1779 1024 1805 Ver-

236 1819 300 1846 bum
322 1819 420 1846 durum
444 1821 614 1856 aquilonem,
639 1823 796 1851 cﬂ'ectorem
823 1824 943 1852 tristitia!
970 1825 1024 1851 hic-

236 1865 300 1896 mis,
319 1865 347 1892 in
363 1873 417 1901 qua
434 1866 503 1894 dicit
519 1867 696 1904 Evangelium
718 1870 793 1897 nulla
814 1870 924 1898 ratione
941 1871 1022 1906 cll‘ugi

236 1919 318 1945 posse
333 1913 466 1946 pericula.
481 1913 510 1940 in
527 1922 558 1941 ea
573 1916 645 1942 enim
667 1917 813 1945 marcescit
827 1917 911 1945 decor
926 1925 1021 1946 eorum

234 1956 279 1990 qui
296 1956 394 1985 ﬂorent
408 1965 441 1987 ex
458 1959 569 1987 virtute.

271 2091 351 2121 ﬂecte
362 2097 453 2121 autem
475 2102 523 2123 sua
540 2097 703 2124 auctoritate
714 2105 766 2124 vox
779 2105 840 2125 eum
855 2099 966 2134 expellit
978 2108 1021 2127 re-

234 2139 318 2173 ginze;
337 2139 453 2166 accersit
469 2145 559 2168 autem
580 2146 689 2169 ventum
704 2143 896 2178 meridianum,
913 2145 961 2179 qui
979 2151 1022 2173 est

233 2183 339 2212 calidus
354 2188 381 2212 et
398 2193 505 2220 semper
521 2187 638 2220 lucidus,
656 2196 736 2222 quem
750 2190 873 2216 nominat
885 2196 1021 2225 austrum,

233 2236 282 2263 per
296 2237 378 2263 quem
388 2229 447 2256 ﬁuit
462 2235 569 2259 torrens
581 2231 754 2266 deliciarum,
772 2234 867 2263 dicens
883 2245 890 2263 :
911 2235 944 2262 Et
957 2237 1022 2269 ueni,

234 2278 332 2306 auster,
344 2275 428 2309 ρει-[ια
442 2275 546 2302 hortum
565 2285 660 2309 meum.
676 2282 701 2305 et
711 2279 796 2313 ﬂuant
811 2286 934 2308 aromata
949 2290 1023 2310 mea:

233 2318 302 2345 adeo
314 2323 343 2345 ut
354 2320 473 2346 violento
485 2321 594 2354 spiritu,
610 2322 681 2350 sicut
697 2323 825 2352 audimus
839 2325 941 2353 factum
956 2326 1023 2354 fuis—

233 2371 263 2390 se
280 2363 306 2390 in
321 2365 464 2392 cmnaculo
478 2365 633 2401 discipulis,
648 2368 676 2395 in
695 2369 803 2404 plantas
815 2371 941 2399 incidens
963 2373 1022 2399 ani-

232 2413 332 2441 matas,
347 2415 453 2438 moveat.
468 2412 514 2439 Dei
530 2413 726 2448 plantationem
739 2416 771 2443 ad
784 2422 939 2445 aromatum
955 2426 1020 2453 pro-

232 2455 400 2489 ductionem,
416 2461 442 2484 et
457 2457 555 2486 efficiat
569 2464 597 2486 ut
612 2467 661 2494 per
674 2467 706 2487 os
719 2460 786 2488 ﬂuat
801 2461 937 2489 odorifero
955 2471 1020 2498 pro-

232 2500 324 2535 phetia
340 2506 368 2529 et
383 2503 514 2531 salutaria
531 2504 592 2532 ﬁdei
610 2505 748 2541 dogmata,
773 2515 821 2541 per
838 2515 919 2535 omne
934 2516 1020 2543 genus

233 2545 332 2579 linguae
363 2545 529 2575 eﬁ‘umlentia
560 2549 629 2576 citra
661 2550 884 2584 impedimentum
918 2553 1019 2580 bonmn

231 2592 344 2620 odorem
357 2593 597 2623 documentorum.
611 2596 657 2625 Sic
667 2603 776 2625 centum
789 2598 887 2633 viginti
902 2598 1022 2634 discipu-

233 2638 261 2671 li,
276 2640 323 2674 qni
339 2640 500 2674 plantantur
516 2642 543 2669 in
559 2643 641 2671 domo
656 2644 714 2676 Dei,
731 2644 794 2672 ﬁatu
819 2645 901 2680 hujus
917 2645 1002 2673 austri
1013 2665 1021 2677 .

231 2693 292 2720 qua:
306 2693 356 2720 per
371 2686 480 2720 linguas
495 2688 624 2722 traditur,
640 2690 792 2718 doctrinam
811 2691 934 2718 fecerunt
949 2691 1024 2718 eﬁio-

231 2739 304 2759 rere.
318 2732 467 2768 Propterea
480 2742 546 2770 ergo
554 2735 618 2764 huic
634 2741 729 2766 austro
744 2737 811 2770 dicit
824 2746 929 2774 sponsa
940 2748 946 2766 :
957 2738 1023 2766 Per—

266 2818 275 2832 ⁷
289 2819 372 2848 Zach.
390 2829 426 2855 vt,
442 2822 485 2850 ιν.

1083 908 1100 943 ἡ
1114 908 1187 934 κόνιν
1203 907 1391 943 περισωρεύει.
1404 906 1497 938 Οὕτως
1513 906 1581 941 πρὸς
1590 905 1704 932 ἕκαστον
1719 903 1772 930 τῶν
1786 903 1864 938 πλημ-

1085 954 1248 989 μελημάτων
1261 953 1310 989 τὴν
1327 953 1391 988 παρ’
1407 951 1504 979 ἑαυτοῦ
1520 951 1664 987 συνεργίαν
1683 949 1864 985 χαριζόμενος,

1083 1000 1216 1032 ἐπιδέξιος
1230 999 1345 1033 γίνεται,
1362 996 1403 1030 οἷς
1418 998 1451 1025 ἂν
1466 998 1589 1032 γένηται.
1603 996 1723 1032 Σκληρὺς
1741 995 1788 1030 μὲν
1800 993 1865 1022 κατὰ

1082 1047 1130 1082 τὴν
1146 1047 1226 1081 φύσιν
1246 1045 1294 1078 ὢν,
1312 1045 1489 1080 ἐπικρύπτων
1506 1044 1535 1071 δὲ
1548 1045 1608 1075 ταῖς
1632 1043 1737 1078 ἡδοναῖς
1753 1041 1782 1067 τὸ
1796 1040 1865 1067 ἀντί-

1082 1100 1178 1122 τυπον,
1191 1091 1234 1118 διὰ
1249 1091 1327 1117 τοῦτο
1343 1089 1490 1125 φυγαδεύει
1501 1089 1550 1124 τῆς
1565 1088 1631 1119 ιδίας
1642 1088 1729 1123 ἀρχῆς
1742 1086 1787 1113 τὸν
1803 1085 1868 1121 Both

1084 1138 1149 1172 ρᾶν,
1173 1137 1189 1172 ή
1209 1137 1279 1164 κατὰ
1302 1136 1356 1162 τῶν
1382 1135 1476 1162 παθῶν
1493 1134 1680 1169 ἀναδυσαμένη
1708 1133 1738 1159 τὸ
1753 1132 1866 1167 κράτος.

1088 1182 1415 1217 Ἐξεγέρθητι,λέγουσα,
1428 1179 1452 1209 ὦ
1465 1180 1571 1214 uappa.
1589 1181 1650 1206 Ὀτι
1665 1179 1694 1205 δὲ
1708 1178 1746 1214 τῷ
1760 1178 1866 1212 ὀνόματι

1080 1228 1167 1263 τούτῳ
1186 1229 1202 1263 ὴ
1223 1227 1396 1262 ἀντικειμένη
1413 1226 1619 1262 διασημαίνεται
1636 1225 1749 1259 δύναμις
1762 1245 1769 1256 ,
1790 1223 1868 1250 παντὶ

1079 1273 1157 1308 δῆλον
1173 1273 1206 1299 ἂν
1221 1273 1262 1308 εἴη
1278 1273 1316 1307 τῷ
1331 1272 1540 1307 κατανενοηκότι
1556 1271 1604 1306 τὴν
1622 1270 1676 1296 τῶν
1693 1269 1798 1305 ὁρατῶν
1817 1268 1867 1303 φύ-

1081 1327 1132 1345 σιν.
1150 1319 1198 1350 Tt;
1208 1317 1262 1353 γὰρ
1281 1317 1331 1344 οὐκ
1343 1315 1397 1343 οἶδε
1411 1316 1458 1343 τοῦ
1479 1317 1553 1352 ἡλίου
1576 1316 1626 1352 τὴν
1649 1315 1755 1350 κίνησιν
1766 1335 1773 1347 ,
1787 1314 1826 1341 ὅτι
1837 1315 1869 1341 ἐκ

1078 1365 1133 1391 τῶν
1150 1364 1285 1392 ἀνατολῶν
1299 1364 1343 1391 διὰ
1356 1364 1404 1391 τοῦ
1419 1364 1507 1390 νοτίου
1524 1363 1570 1390 τδν
1584 1363 1684 1399 δρόμον
1699 1362 1868 1398 ποιούμενος,

1079 1411 1147 1446 πρὸς
1161 1410 1210 1442 τὰς
1226 1410 1332 1445 δυσμὰς
1348 1410 1514 1437 ὲπικλὶνεται
1527 1418 1534 1442 ;
1550 1409 1586 1436 Τὸ
1600 1409 1628 1435 δὲ
1644 1409 1736 1443 σχῆμα
1755 1409 1804 1442 τῆς
1819 1408 1870 1442 γῆς

1079 1457 1247 1492 σφαιροειδὲς
1260 1457 1300 1489 ὃν,
1315 1456 1407 1489 καθώς
1421 1466 1501 1491 φασιν
1521 1457 1545 1484 οἱ
1562 1457 1595 1483 τὰ
1608 1456 1721 1482 τοιαῦτα
1737 1455 1872 1490 κατανοή-

1079 1512 1190 1536 σαντες,
1203 1503 1231 1529 ὲν
1244 1499 1321 1539 ᾧπερ
1335 1503 1373 1538 τῷ
1400 1503 1467 1538 ἡλίῳ
1480 1502 1657 1538 περιλαμφθῇ
1671 1522 1678 1533 ,
1695 1501 1764 1528 κατὰ
1780 1501 1873 1528 πᾶσαν

1078 1549 1201 1585 ἀνάγκην
1216 1550 1244 1576 ὲν
1257 1549 1296 1584 τῷ
1307 1549 1490 1584 ἀντικειμένῳ
1505 1548 1657 1580 σκοτίζεται
1668 1568 1676 1580 ,
1693 1548 1726 1583 τῇ
1740 1546 1872 1580 ἀντιφρά-

1077 1594 1117 1627 ξει
1132 1594 1178 1621 τοῦ
1191 1595 1274 1630 μέσου
1297 1595 1485 1630 σκιαζόμενον.
1509 1594 1585 1620 Ἐπεὶ
1601 1592 1647 1620 οὖν
1662 1593 1786 1628 ἀφεγγὴς
1799 1593 1814 1619 ὁ
1827 1592 1873 1618 τό·

1077 1649 1126 1672 πος
1139 1642 1242 1673 ἐκεῖνος
1267 1642 1314 1668 καὶ
1329 1641 1537 1676 κατεψυγμένος
1553 1641 1639 1667 εἰσαεὶ
1661 1640 1782 1673 διαμένει
1800 1639 1873 1674 μήτε

1075 1686 1249 1722 λαμπόμενος
1266 1687 1318 1714 ὑπὸ
1337 1687 1391 1713 τῶν
1405 1686 1528 1722 ἡλιακῶν
1544 1686 1662 1713 ἀκτίνων
1685 1685 1753 1720 μήτε
1767 1684 1873 1710 θαλπό-

1079 1740 1159 1767 μενος
1173 1740 1178 1745 ·
1193 1732 1237 1758 διὰ
1250 1732 1330 1758 τοῦτο
1344 1731 1390 1758 τὸν
1406 1732 1523 1767 ἄρχοντα
1540 1732 1589 1766 τῆς
1605 1730 1728 1764 ἐξουσίας
1743 1728 1790 1756 τοῦ
1808 1728 1875 1755 σκό-

1077 1785 1153 1809 τους,
1167 1777 1212 1804 τον
1227 1778 1276 1813 τὴν
1295 1777 1402 1812 ἁπαλὴν
1416 1777 1470 1803 τῶν
1481 1776 1573 1812 ψυχῶν
1590 1777 1670 1811 φύσιν
1684 1776 1778 1807 ὓδατος
1791 1774 1875 1808 δίκην

1078 1821 1256 1855 ἀπολιοοῦντα
1268 1822 1311 1848 διὰ
1335 1823 1384 1857 τῆς
1401 1822 1522 1857 πήξεως.
1546 1822 1594 1848 καὶ
1617 1821 1737 1857 σκληρὰν
1754 1819 1876 1854 ἐργαζό-

1079 1875 1158 1902 μενον
1172 1888 1178 1900 ,
1198 1867 1317 1903 Βορρἐν
1343 1877 1373 1894 τε
1389 1868 1436 1894 καὶ
1453 1868 1569 1903 σκληρὸν
1588 1867 1716 1902 ὀνομάζει
1740 1866 1755 1892 ὁ
1769 1866 1875 1900 Λόγος,

1076 1912 1121 1939 τὸν
1137 1914 1186 1948 τῆς
1200 1913 1350 1948 κατηφείας
1369 1913 1415 1940 τοῦ
1441 1913 1574 1948 χειμῶνος
1600 1913 1737 1949 ἐργάτην,
1761 1913 1876 1939 ἐκείνου

1077 1958 1149 1992 λέγω
1163 1959 1209 1985 τοῦ
1236 1959 1370 1994 χειμῶνος
1387 1959 1415 1985 ἐν
1468 1959 1518 1994 τὴν
1543 1958 1631 1994 φυγὴν
1658 1959 1712 1985 τῶν
1738 1958 1877 1985 κινδύνων

1076 2004 1216 2039 ἀμήχανον
1232 2004 1307 2038 λέγει
1332 2004 1362 2031 τὺ
1379 2004 1554 2038 Εὐαγγέλιον.
1578 2004 1621 2030 Ἐν
1645 2003 1720 2039 αὐτῷ
1736 2003 1791 2038 γὰρ
1816 2003 1878 2030 τῶν

1076 2050 1136 2076 κατ’
1153 2050 1253 2086 ἀρετὴν
1271 2049 1423 2077 ἀνθούντων
1439 2051 1455 2086 ή
1475 2050 1534 2085 ὥρα
1552 2049 1724 2085 μαραίνεται.

1111 2096 1210 2128 Καλῶς
1226 2094 1272 2123 οὖν
1282 2096 1428 2123 ἀπελαύνει
1442 2095 1534 2123 τοῦτον
1553 2096 1613 2123 κατ’
1626 2095 1749 2128 ἐξουσίαν
1763 2095 1779 2129 ἡ
1796 2094 1880 2128 βασι-

1075 2141 1144 2173 λίδος
1157 2141 1232 2176 φωνή
1244 2149 1251 2156 ·
1264 2140 1495 2176 προσκαλεῖταιδὲ
1506 2139 1535 2166 τὸ
1548 2139 1732 2175 μεσημϐρινὸν
1745 2138 1878 2171 πνεῦμα,

1038 2175 1060 2203 θ
1074 2188 1104 2214 τὸ
1120 2187 1219 2222 θερμόν
1228 2175 1263 2213 τε
1276 2175 1324 2213 καὶ
1338 2186 1563 2221 ἁειφεγγὲς,ὅπερ
1577 2184 1703 2219 ὀνομάζει
1717 2183 1805 2210 Νότον
1816 2201 1825 2214 ε
1840 2182 1878 2208 δι’

1073 2231 1103 2261 οὗ
1120 2234 1134 2259 ὁ
1151 2233 1318 2269 χειμάρρους
1329 2234 1377 2268 τῆς
1392 2232 1499 2267 τρυφῆς
1515 2230 1583 2266 ῥέει,
1597 2230 1728 2263 λέγουσα·
1748 2229 1805 2255 Καὶ
1823 2229 1882 2261 ἕρ-

1072 2288 1139 2313 χου,
1154 2279 1240 2309 Νότε,
1252 2277 1439 2304 διάπνευσον
1451 2275 1505 2302 τὸν
1516 2275 1615 2309 κῆπόν
1619 2283 1688 2309 μου,
1700 2272 1884 2307 καὶρευσά-

1071 2334 1172 2353 τωσαν
1186 2324 1324 2360 ἀρώματά
1349 2333 1409 2359 μου
1419 2331 1425 2338 ·
1444 2322 1513 2349 ὥστε
1526 2323 1559 2357 τῇ
1574 2321 1649 2356 βιαίᾳ
1667 2321 1733 2355 πνοῇ
1745 2340 1752 2351 ,
1774 2319 1883 2352 καθὼς

1071 2373 1100 2398 ὲν
1115 2371 1154 2406 τῷ
1170 2370 1286 2406 ὑπερῴῳ
1299 2369 1462 2404 γεγενῆσθαι
1474 2369 1530 2399 τοῖς
1545 2366 1680 2402 μαθηταῖς
1697 2365 1884 2400 ἠκούσαμεν,

1073 2418 1130 2448 τοῖς
1159 2416 1291 2452 ἐμψύχοις
1315 2416 1409 2450 φυτοῖς
1427 2413 1593 2441 ἐπιπεσόντα
1617 2412 1727 2447 κινῆσαι
1752 2411 1806 2447 τὴν
1826 2411 1886 2438 τοῦ

1074 2464 1141 2490 Θεοῦ
1167 2463 1279 2497 φυτείαν
1294 2462 1363 2497 πρὸς
1383 2461 1434 2497 τὴν
1459 2461 1513 2487 τῶν
1531 2458 1789 2495 ἀρωμάτωνφοράν
1804 2466 1812 2473 ⁸
1830 2458 1889 2484 καὶ

1076 2509 1147 2544 ῥέειν
1176 2507 1385 2543 παρασκευάσαι
1413 2506 1457 2532 διὰ
1478 2505 1524 2532 τοῦ
1555 2505 1685 2540 στόματος
1709 2503 1758 2538 τὴν
1778 2503 1886 2538 εὐώδη

1074 2553 1253 2589 προφητείαν.
1272 2553 1318 2579 καὶ
1341 2553 1375 2579 τὰ
1393 2552 1514 2586 σωτήρια
1528 2550 1576 2585 τῆς
1593 2550 1710 2581 πίστεως
1731 2548 1888 2583 δόγματα,

1072 2599 1142 2627 κατὰ
1157 2600 1211 2626 πᾶν
1229 2597 1299 2630 εἶδος
1316 2598 1441 2633 γλώσσης
1458 2596 1606 2628 ἀκωλύτως
1622 2596 1670 2631 τὴν
1685 2595 1804 2621 εὐωδίαν
1820 2594 1890 2621 τῶν

1072 2645 1242 2680 διδαγμάτων
1269 2643 1428 2679 προχέονται.
1447 2643 1542 2675 Οὕτως
1563 2643 1586 2669 οἱ
1607 2641 1704 2669 ἑκατὸν
1717 2641 1764 2667 καὶ
1780 2640 1891 2667 εἴκοσι

1074 2690 1202 2728 μαθηταὶ,
1216 2691 1240 2716 οἱ
1252 2690 1281 2717 ὲν
1295 2689 1361 2724 οἴκῳ
1373 2688 1420 2715 τοῦ
1435 2688 1503 2715 Θεοῦ
1517 2688 1716 2723 πεφυτευμέναι
1725 2708 1733 2720 ,
1747 2688 1781 2722 τῇ
1801 2687 1890 2722 πνοῇ

1072 2737 1105 2772 τῇ
1119 2735 1166 2763 τοῦ
1181 2734 1307 2762 τοιούτου
1319 2734 1404 2762 Νότου
1417 2753 1424 2765 ,
1443 2733 1492 2769 τὴν
1517 2732 1563 2760 διὰ
1581 2733 1636 2759 τῶν
1654 2732 1785 2767 γλωσσῶν
1797 2730 1890 2758 διδα-
