1984 3068
137 119 193 147 985

666 117 699 145 IN
710 117 861 146 CANTICA
872 116 1010 145 CANTIC.
1034 117 1176 146 HOMILLA
1191 119 1225 146 Χ.

1709 117 1764 146 986

137 174 252 201 «χιλίαν
264 173 422 210 ἐξήνθησαν,
440 174 488 201 Διὰ
512 174 589 202 τοῦτο
602 175 690 202 τοίνυν
705 176 771 211 φησὶ
783 175 822 211 τῷ
836 175 924 202 τοιού-

977 176 1012 209 για
1020 175 1125 203 hortum
1142 185 1237 209 meum,
1247 176 1468 212 quandoquidem
1483 176 1563 203 horto
1578 175 1630 203 fuit
1643 179 1730 203 mater
1746 183 1762 203 a

135 228 175 255 τῳ
182 221 258 255 Νότῳ
274 221 290 255 ἠ
306 220 412 256 νύμφη·
427 221 467 247 ὅτι
478 220 665 248 Διάπνευσον
679 221 732 248 τὸν
745 221 844 255 κῆπόν
853 230 923 255 μου.

144 266 252 301 Ἐπειδὴ
274 267 365 302 μήτηρ
378 267 458 302 κήπῳ
474 267 583 301 ἐγένετο
596 267 671 302 παρὰ
685 267 733 302 τῆς
747 267 793 293 τοῦ
808 266 926 302 νυμφίου

137 311 229 346 φωνῆς
240 310 287 337 τοῦ
299 312 462 347 ποιήσαντος
474 313 569 348 αὐτὴν,
582 312 672 344 καθὼς
683 313 806 348 περιέχει
819 313 833 338 ὀ
849 312 926 346 λόγος

137 357 227 392 κήπου
245 357 293 385 καὶ
318 358 418 392 πηγῆς.
437 353 474 384 Ob
491 358 571 393 χάριν
593 357 639 384 τὺν
666 357 754 392 κῆπον
776 358 861 392 αὐτῆς
877 358 926 392 τὴν

143 401 306 436 Ἐκκλησίαν
320 403 369 437 τὴν
379 404 435 434 τοῖς
448 402 579 438 ἐμψύχοις
593 402 727 438 βρύουσαν
741 402 858 437 δένδροις
869 402 927 428 δια-

137 447 302 482 πνευσθῆναι
317 447 451 482 βούλεται,
465 448 535 474 ὥστε
549 448 644 482 ῥεῦσαι
658 445 801 475 ἀπἀὐτῶν
812 447 847 473 τὰ
858 447 927 482 ἀρώ-

139 500 222 526 ματα.
244 493 273 518 Ὀ
291 493 340 527 μὲν
357 493 410 528 γὰρ
427 494 572 529 Προφήτης
587 493 685 531 φησὶν,
695 494 736 522 ὅτι
751 493 878 520 Πνεύσει
893 493 926 519 τὸ

138 537 255 571 πνεῦμα
271 538 375 571 αὑτοῦ,
392 539 441 565 καὶ
457 538 604 572 ρυήσεται
620 539 725 566 ὕδατα.
743 539 774 566 'H
787 539 815 565 δὲ
829 538 867 574 τῷ
883 538 927 573 βα-

138 582 233 617 σιλικῷ
251 583 356 618 πλούτῳ
374 584 488 618 κομῶσα
502 584 593 620 νύμφη
604 605 613 617 ,
627 584 694 620 πρὸς
715 584 745 610 τὸ
761 584 927 619 μεγαλοερυέ-

138 636 232 663 στερον
249 628 405 661 ἐξαλλάσσει
421 629 455 655 τὰ
469 629 602 664 ῥεύματα,
620 629 773 665 ἀρωμάτων
788 629 927 663 ποταμοὺς

138 673 252 702 ποιοῦσα
265 673 319 700 τῶν
334 673 380 700 τοῦ
405 675 494 709 κήπου
511 674 626 710 δένδρων
641 674 785 710 ὲκρέοντας
797 695 803 706 ,
820 674 864 700 διὰ
878 675 927 709 τῆς

139 718 200 753 βίας
223 718 270 745 τοῦ
296 720 468 754 πνεύματος·
484 719 554 747 ὥστε
581 719 624 747 διὰ
645 719 738 746 τούτου
766 719 860 754 μαθεῖν
878 719 926 754 τῆς

134 762 255 797 Παλαιᾶς
266 764 400 802 Διαθήκης
420 766 488 801 πρὸς
507 766 555 801 τὴν
563 763 666 801 Καινὴν
681 765 711 792 τὸ
725 766 851 800 διάφορον
864 773 871 780 ·
886 766 926 792 ὅτι

136 812 151 836 ὁ
165 811 214 846 μὲν
236 811 402 846 προφητικὺς
419 811 540 846 ποταμὸς
560 810 704 847 ἐπληρώθη
720 811 823 838 ὑδάτων
835 820 842 826 ·
866 811 879 836 ὁ
898 811 926 837 δὲ

137 856 311 890 εὐαγγελικὸς
318 857 481 892 ἀρωμάτων.
495 857 621 888 Τοιοῦτος
636 857 756 892 ποταμὸς
771 856 924 892 ἀρωμάτων

136 898 180 936 ἦν,
193 902 224 928 ἐκ
236 902 282 928 τοῦ
295 902 384 937 κήπου
396 903 446 937 τῆς
455 901 621 937 ,Ἑκκλησίας
640 902 708 936 ῥέων
729 901 772 928 διὰ
788 901 834 927 τοῦ
848 901 925 927 πνεύ-

138 954 240 979 ματος,
267 948 281 973 ὁ
306 947 392 982 μέγας
415 947 534 980 Παῦλος,
562 944 592 973 οὖ
619 946 649 972 τὸ
674 946 779 982 ῥεῖθρον
806 945 924 981 Χριστοῦ

137 990 235 1022 εὑῶδες
251 989 295 1027 ἦν.
317 992 443 1024 Τοιοῦτος
463 993 542 1024 ἄλλος
564 993 706 1028 Ἰωάννης.
730 994 743 1019 ὁ
760 993 884 1023 Λουκᾶς,
911 993 925 1018 ὁ

136 1035 283 1069 Ματθαῐος,
295 1037 309 1062 ὁ
322 1037 444 1072 Μάρκος,
456 1038 503 1064 καὶ
519 1038 543 1063 οί
560 1037 647 1064 λοιποὶ
664 1037 764 1069 πάντες
776 1037 808 1063 τὰ
828 1037 925 1072 εὐγενῆ

978 228 1043 248 voce
1057 221 1150 256 sponsi
1165 222 1210 256 qui
1223 222 1307 256 ipsam
1327 222 1400 253 fecit.
1417 223 1489 249 sicut
1517 222 1641 249 continet
1670 228 1763 249 sermo

977 266 1049 294 horti
1077 271 1103 294 et
1130 267 1223 294 fontis.
1248 266 1429 300 Quamobrem
1453 267 1510 294 vult
1533 275 1613 294 suum
1639 266 1762 298 hortum,

978 319 1074 347 nempe
1089 311 1251 345 Ecclesiam,
1272 321 1331 347 qn;e
1345 316 1432 340 scatet
1446 312 1591 340 arboribus
1617 312 1761 342 animatis,

977 358 1059 385 etiam
1078 358 1198 392 perﬂari,
1215 362 1245 385 ut
1259 367 1291 386 ex
1307 361 1346 386 eis
1362 359 1447 386 ﬂuant
1461 361 1592 385 aromata.
1619 357 1685 384 Nam
1697 356 1763 383 Pro-

978 404 1058 437 pheta
1076 403 1185 438 quidem
1201 403 1284 430 dicit:
1303 403 1392 431 Ftabit
1418 403 1526 436 spiritus
1545 402 1616 436 ejus,
1631 407 1655 428 et
1682 402 1763 436 [luent

977 457 1052 484 aqua:
1061 449 1083 476 ⁸.
1113 449 1218 484 Sponsa
1237 453 1326 477 autem
1342 449 1424 484 regiis
1438 452 1533 476 ornata
1547 448 1659 478 divitiis,
1676 452 1764 474 mutat

977 494 1077 521 ﬂuenta
1101 494 1134 522 ad
1161 495 1292 529 majorem
1320 494 1527 529 amplitudinem
1546 497 1573 520 et
1589 492 1764 527 magnificen-

978 540 1054 572 tiam,
1072 540 1175 568 faciens
1190 545 1341 567 aromatum
1357 540 1453 566 ﬂuvios
1469 539 1609 566 eﬂluentes
1636 545 1684 572 per
1708 537 1765 564 vim

978 586 1090 621 spiritus
1099 594 1132 613 ex
1144 587 1288 613 arboribus
1301 586 1381 613 horti.
1397 585 1457 618 Quo
1476 585 1514 616 ﬂt,
1533 588 1560 611 ut
1580 591 1627 618 per
1641 584 1692 610 hoc
1718 582 1762 610 di-

977 638 1087 657 scamus
1102 629 1208 657 Veteris
1233 629 1399 657 Testamenti
1426 637 1445 656 a
1463 629 1538 656 Novo
1565 627 1761 654 diﬂcrentiam,

977 676 1105 711 quoniam
1120 675 1218 703 ﬂuvius
1232 675 1342 710 quidem
1359 674 1535 710 propheticus
1562 673 1691 707 impletus
1713 671 1763 698 fuit

980 722 1078 756 aquis,
1093 721 1267 756 evangelicus
1289 724 1379 747 autem
1402 719 1580 746 aromatihus.
1613 716 1689 744 Talis
1712 715 1764 742 ﬂn-

977 768 1039 794 vius
1053 771 1204 794 aromatum
1221 774 1252 793 ex
1266 767 1345 793 horto
1363 764 1491 792 Ecclesia)
1505 763 1594 790 ﬂuens
1613 770 1661 797 per
1685 761 1761 796 spiri-

979 817 1047 844 tum,
1062 816 1120 840 erat
1132 820 1246 847 magnus
1261 811 1370 841 Paulus,
1382 810 1461 844 cujus
1475 809 1604 836 ﬂuentum
1615 812 1671 835 erat
1688 807 1768 834 Chri-

978 858 1012 885 sti
1028 858 1114 885 bonus
1129 858 1205 884 odor.
1229 857 1304 884 Talis
1319 857 1389 884 alius
1413 856 1467 882 fuit
1490 854 1626 884 Joannes.
1656 853 1755 882 Lucas.

979 901 1131 933 Matthmns,
1143 901 1261 932 Marcus,
1273 905 1298 927 et
1310 900 1354 926 alii
1371 899 1477 926 nobiles
1488 899 1585 933 plantae
1598 897 1667 923 horti
1684 904 1752 930 spon

979 954 1025 979 sar,
1041 947 1087 981 qui
1105 946 1249 981 perspirati
1268 945 1359 972 lucido
1386 949 1480 971 austro
1505 943 1666 974 meridiano,
1698 941 1762 968 facti

979 997 1042 1019 sunt
1067 992 1156 1019 fontes
1180 995 1343 1022 aromatum,
1372 994 1479 1018 scatere
1504 989 1635 1016 facientes
1663 989 1767 1015 bonum

979 1038 1091 1064 odorem
1111 1037 1261 1071 Evangelii.

136 1081 209 1114 ῗυτὰ
223 1081 269 1108 τοῦ
292 1082 381 1117 κήπου
398 1083 448 1117 τῆς
462 1082 584 1117 νύμφης,
609 1083 633 1108 οί
652 1082 691 1117 τῷ
702 1082 824 1117 φωτεινῷ
840 1082 936 1116 ἐκείνῳ
961 1082 1001 1117 τῷ
1021 1081 1198 1117 μεσημϐρινῷ
1218 1082 1294 1116 Νότῳ
1313 1080 1554 1113 διαπνευσθέντες,
1583 1080 1669 1114 πηγαὶ
1692 1079 1767 1115 ἀρω-
1791 1088 1795 1091 ’

137 1127 229 1165 μάτων
245 1128 384 1162 ἐγένοντο,
401 1128 527 1164 βρύοντες
541 1130 589 1164 τὴν
601 1129 653 1156 τῶν
668 1130 838 1164 Εὑαγγελίων
855 1129 978 1160 εὐωδίαν.

171 1174 340 1207 Καταϐήτω,
354 1176 445 1210 φησὶν,
457 1177 473 1203 ό
488 1176 648 1211 ἀδελφιδός
665 1186 725 1212 μου
737 1196 744 1209 ,
766 1178 809 1210 εἰς
825 1177 925 1211 κῆπον

136 1219 247 1252 αὑτοῦ,
275 1220 325 1246 καί
348 1221 465 1255 φαγέτω
490 1222 608 1255 καρπὸν
627 1221 798 1256 ἀκροδρύων
819 1222 921 1249 αὑτοῦ.

136 1262 172 1291 Ὦ
186 1267 465 1302 πεπαῤῥησιασμένης
491 1267 583 1301 φωνῆς
597 1268 603 1294 !
617 1266 652 1293 Ὦ
678 1267 817 1302 φιλοτίμου
832 1276 861 1293 τε
877 1267 924 1293 καὶ

139 1311 326 1346 μεγαλοδώρου
348 1312 435 1347 ψυχῆς
447 1333 454 1344 ,
473 1313 561 1339 πᾶσαν
584 1312 735 1348 ὑπερϐολὴν
753 1313 923 1347 μεγαλοφρο-

139 1355 221 1391 σύνης
241 1356 358 1392 νικώσης
375 1358 381 1384 l
396 1358 463 1387 Τίνα
488 1358 620 1391 δεξιοῦται
640 1358 706 1394 πρὸς
733 1358 848 1392 εὐωχίαν
868 1359 923 1389 τοῖς

140 1400 216 1432 tam;
226 1402 421 1436 καρποῖς-Τίνι
434 1403 637 1438 παρασκευάζει
651 1403 694 1429 διὰ
701 1403 754 1429 τῶν
768 1403 839 1430 ἰδίων
854 1403 924 1436 ἀγα-

138 1445 191 1477 θῶν
204 1446 252 1485 τὴν
267 1447 443 1481 πανδαισίαν;
459 1448 524 1475 Τίνα
542 1448 620 1475 καλεῖ
634 1449 702 1484 πρὸς
718 1449 766 1484 τὴν
793 1449 847 1475 τῶν
871 1457 925 1474 πα-

1015 1174 1171 1206 Deacendat,
1197 1173 1294 1207 inquit,
1310 1173 1437 1206 patruelis
1454 1181 1526 1199 meus
1541 1173 1575 1199 ad
1592 1174 1705 1204 hortum.
1723 1182 1764 1200 co-

979 1220 1066 1247 medat
1079 1221 1180 1254 fructus
1193 1225 1328 1252 pomorum
1346 1226 1465 1244 suorum.
1494 1216 1516 1244 Ο
1532 1224 1624 1243 vocem
1649 1217 1763 1244 liberam

977 1271 1004 1294 et
1034 1265 1203 1292 confidenter
1226 1263 1373 1298 prolatam!
1401 1261 1425 1290 0
1446 1263 1564 1290 animam
1582 1263 1719 1289 liberalem
1736 1265 1764 1289 et

978 1309 1158 1346 splendidam,
1171 1315 1231 1343 quae
1242 1315 1347 1335 onmem
1361 1308 1538 1343 quantumvis
1550 1315 1675 1343 magnam
1687 1315 1764 1342 supe-

979 1360 1020 1382 rat
1042 1353 1291 1389 magniﬂcentiam!
1311 1353 1461 1385 Quemnam
1479 1353 1512 1380 ad
1532 1353 1687 1380 convivium
1705 1353 1763 1380 suis

976 1401 1077 1435 excipit
1104 1399 1259 1427 fructibus?
1273 1399 1381 1426 cuinam
1399 1407 1447 1433 per
1462 1399 1533 1426 bona
1550 1399 1659 1434 propria
1685 1404 1762 1434 parat

976 1446 1105 1481 epulum?
1129 1445 1280 1478 Quemnam
1296 1448 1374 1472 vocat
1393 1444 1426 1471 ad
1442 1444 1607 1471 vescendum
1636 1445 1672 1472 iis
1698 1452 1760 1479 qua:

139 1493 361 1527 ρεσκευασμένων
377 1493 516 1527 ἐςτίασιν;
532 1494 583 1521 Τὸν
609 1495 639 1527 ἐξ
653 1491 682 1521 οὗ
698 1495 731 1521 τὰ
753 1495 842 1521 πάντα
855 1516 861 1527 ,
880 1495 924 1521 καὶ

979 1496 1042 1520 sunt
1056 1491 1172 1526 parata?
1189 1490 1255 1517 Eum
1268 1498 1301 1517 ex
1317 1497 1372 1525 quo
1387 1493 1452 1517 sunt
1466 1489 1566 1523 omnia,
1583 1493 1610 1516 et
1620 1497 1668 1524 per
1682 1497 1763 1524 quem

137 1535 170 1562 δι’
183 1533 213 1563 οὗ
230 1537 264 1564 τὰ
279 1538 375 1572 πάντα,
388 1539 434 1565 καὶ
452 1539 481 1566 ὲν
493 1536 515 1573 ᾧ
530 1539 564 1566 τὰ
575 1540 674 1570 πάντα,
692 1540 736 1567 τὸν
751 1539 855 1567 διδόντα
871 1541 925 1572 τοῖς

976 1538 1077 1569 omnia,
1089 1540 1115 1564 et
1128 1537 1154 1564 in
1166 1543 1221 1571 quo
1233 1535 1337 1567 omnia,
1349 1536 1395 1570 qui
1407 1534 1452 1561 dat
1462 1535 1590 1562 omnibus
1603 1535 1762 1562 alimentum

138 1582 204 1609 πᾶσι
229 1584 332 1619 τροφὴν
355 1585 383 1611 ὲν
399 1584 527 1620 εὐκαιρίᾳ
539 1605 546 1617 ,
563 1585 609 1611 τὸν
626 1585 766 1619 ἀνοίγοντα
781 1586 829 1621 τὴν
847 1587 924 1622 χεῖρα

977 1580 1005 1612 ﬁt
1020 1588 1143 1618 tempore
1157 1590 1217 1615 suo,
1231 1581 1278 1616 qui
1292 1581 1379 1615 aperit
1392 1588 1501 1608 manum
1515 1588 1605 1612 suam,
1629 1584 1656 1607 et
1670 1581 1763 1615 implet

138 1627 219 1654 αὑτοῦ
231 1649 237 1658 ,
250 1629 297 1655 καὶ
313 1629 468 1665 πληροῦντα
482 1631 535 1657 πᾶν
552 1630 621 1662 ζῶον
636 1631 758 1663 εὐδοκίας
770 1651 776 1662 ,
789 1631 834 1658 τὸν
845 1631 926 1666 ἄρτον

137 1672 183 1699 τὸν
198 1674 229 1701 ὲκ
241 1673 287 1700 τού
302 1674 416 1710 οὐρανοῦ
431 1675 629 1705 καταϐαίνοντα
641 1697 648 1708 ,
666 1677 712 1701 καὶ
728 1676 799 1710 ζωὴν
823 1676 926 1703 διδόντα

136 1717 175 1752 τῷ
187 1718 291 1754 κόσμῳ,
309 1719 353 1746 τὸν
364 1720 431 1747 πᾶσι
446 1722 501 1752 τοῖς
510 1718 569 1747 οὖσι
587 1720 636 1756 τὴν
650 1721 721 1756 ζωὴν
734 1721 766 1747 ὲκ
788 1723 838 1756 τῆς
856 1723 926 1754 ἰδίας

137 1763 229 1798 πηγῆς
251 1764 429 1800 ἐπιρρέοντα·
448 1765 535 1801 τούτῳ
552 1767 568 1801 ἡ
591 1765 683 1801 νύμφη
698 1766 841 1802 προτίθησι
858 1758 925 1802 τράέ

137 1808 232 1841 πεξαν.
244 1810 339 1845 Κῆπος
352 1811 380 1838 δέ
392 1812 466 1838 ἐστιν
477 1812 494 1846 ὴ
508 1811 641 1846 τράπεζα,
655 1812 669 1838 ὁ
681 1811 725 1838 διὰ
733 1811 787 1838 τῶν
797 1812 925 1847 ἐμψύχων

137 1854 251 1890 δένδρων
265 1857 476 1892 πεφυτευμένος.
498 1858 592 1893 Ἡμεῖς
609 1858 636 1884 δὲ
658 1857 691 1884 τὰ
712 1857 823 1893 δένδρα,
846 1859 925 1893 εἴπερ

136 1898 226 1940 δὴκαὶ
238 1901 317 1936 ἡμεῖς
329 1902 354 1928 οἱ
367 1902 468 1938 τροφὴν
482 1903 555 1938 αὐτῷ
569 1902 741 1938 προτιθέντες
753 1902 800 1937 τὴν
814 1902 867 1928 τῶν
879 1903 925 1937 ψυ-

138 1944 192 1980 χῶν
206 1946 285 1981 ὴμῶν
298 1947 444 1982 σωτηρίαν,
461 1947 548 1979 οὕτως
564 1948 685 1978 εἰπόντος
701 1947 747 1973 τοῦ
765 1947 815 1983 τὴν
827 1947 925 1982 ἡμετὲ-

139 1999 188 2025 ραν
197 1992 383 2027 εὐωχουμένου
393 1992 465 2027 ζωήν
483 1998 490 2006 ⁸
509 1991 549 2019 ὅτι
559 1992 758 2027 Ἑμ‹“·ν,βρῶμιί
769 1992 864 2023 ἐστιν,
875 1993 926 2019 ἵνα

137 2035 212 2062 ποιῶ
221 2036 253 2064 τὸ
272 2036 385 2074 θέλημα
395 2037 448 2064 τοῦ
459 2038 573 2072 Πατρός
580 2046 649 2071 μου.
663 2036 744 2072 Δῆλος
755 2037 783 2063 δὲ
794 2037 808 2063 ὁ
823 2037 922 2069 σκοπὸς

137 2081 183 2107 τοῦ
199 2081 270 2108 θείου
282 2082 441 2117 θελήματος,
455 2086 489 2115 ὃς
501 2082 616 2115 πάντας
626 2082 705 2109 θέλει
720 2082 864 2116 σωθῆναι,
875 2082 924 2108 καὶ

137 2127 181 2160 εις
195 2127 358 2161 ἐπίγνωσιν
371 2128 515 2161 ἀληθείας
529 2127 638 2154 ἐλθεῖν.
655 2127 729 2162 Αὕτη
754 2125 799 2154 οὖν
811 2128 892 2161 [ἔστιν
907 2128 923 2162 ὴ

138 2172 328 2207 ἐτοιμασθείσα
341 2173 441 2208 βρῶσις
457 2173 569 2209 αὑτῷιτὸ
580 2173 700 2208 σωθῆναι
712 2174 796 2210 ἡμᾶςτ
812 2173 924 2208 Καρπὺς

136 2216 164 2243 δὲ
186 2217 297 2253 ἡμῶνή
324 2216 482 2254 προαίρεσις
512 2218 614 2252 γίνεται
628 2238 636 2250 ,
662 2219 678 2253 ἡ
710 2218 749 2253 τῷ
767 2218 925 2253 δρεπομένῳ

137 2264 210 2298 ἡμᾶς
224 2263 282 2299 Θεῷ
295 2264 328 2290 δι’
340 2264 438 2300 ἑαυτῆς
453 2265 491 2296 ὡς
502 2265 546 2291 διά
562 2274 635 2296 τινος
652 2265 802 2301 ἀκρεμόνος
813 2264 860 2300 τὴν
873 2265 925 2299 ψυ-

136 2307 186 2344 χὴν
201 2310 397 2345 ἐγχειρίζουσα,
414 2310 473 2346 Χρὴ
493 2310 521 2336 δὲ
538 2310 581 2337 διὰ
593 2310 694 2337 τούτων
713 2310 776 2337 ἰδεῖν
799 2310 839 2336 ὃτι
858 2311 924 2344 πρό-

136 2362 213 2389 τερον
229 2355 246 2390 ἡ
260 2355 351 2391 νύμφη
369 2355 407 2391 τῷ
428 2355 527 2390 καρπῷ
538 2355 584 2381 τοῦ
605 2356 690 2391 μήλου
707 2355 923 2389 καταγλυκαίνε-

135 2408 179 2426 ται
195 2399 325 2427 εἰποῦσα·
344 2401 399 2428 Καὶ
421 2402 437 2428 ὁ
452 2400 567 2435 καρπὸς
587 2400 681 2427 αὑτοῦ
700 2400 814 2435 γλυκὺς
833 2401 868 2427 ἐν
884 2399 923 2434 τῷ

136 2443 263 2476 στόματι
285 2452 344 2478 μου
358 2452 365 2458 ·
392 2445 439 2470 καὶ
455 2445 514 2471 τότε
533 2444 637 2480 καρπὸς
655 2445 702 2471 καὶ
727 2445 795 2480 αὑτὴ
819 2445 923 2479 γίνεται

136 2486 239 2523 ὥριμος
253 2497 283 2515 τε
298 2489 345 2516 καὶ
363 2489 524 2523 γλυκαίνων,
545 2491 591 2516 καὶ
606 2490 644 2526 τῷ
659 2490 774 2526 γεωργῷ
794 2491 861 2527 πρὸς
882 2491 925 2517 εύ-

137 2534 272 2569 φροσύνην
287 2535 476 2570 προκείμενος.
499 2536 531 2562 Ἦ
555 2536 583 2562 δὲ
600 2536 646 2562 τοῦ
661 2536 820 2570 Καταόήτω
839 2536 921 2569 λέξις,

137 2579 266 2615 εὐκτικὴν
289 2580 344 2615 ἔχει
358 2580 407 2614 τὴν
424 2581 560 2616 σημασίαν
574 2602 581 2613 ,
598 2582 783 2617 ὁμοιοτρόπως
797 2582 922 2618 ἐκφωνη-

137 2624 212 2650 θείσα
236 2624 474 2660 τῷνᾺγιιισθήτω
495 2626 527 2653 τὸ
545 2627 638 2662 ὄνομά
661 2635 718 2655 σου
733 2636 740 2643 '
766 2629 813 2655 καὶ
836 2637 921 2662 γενη-

137 2670 213 2704 θήτω
226 2671 259 2697 τὸ
286 2671 400 2706 θέλημά
423 2680 491 2699 σου.
515 2672 559 2704 Ὧς
578 2673 632 2708 γὰρ
656 2674 713 2700 ἐκεῖ
728 2673 776 2709 τὴν
793 2674 921 2709 εὐκτικὴν

136 2715 253 2751 ἔμφασιν
267 2717 282 2742 ὁ
295 2716 349 2743 τῶν
361 2717 449 2753 ῥητῶν
463 2717 573 2744 ἐκείνων
586 2719 772 2753 σχηματισμὸς
787 2718 918 2753 περιέχει,

165 2805 174 2819 ¹
195 2802 267 2831 Psal.
288 2812 388 2837 CXLVII,
410 2805 449 2832 18.
489 2804 585 2831 'Jonn.
602 2806 702 2833 |\'.5L'
743 2806 862 2833 l'l'l‘ixn.
884 2807 951 2838 tl,a'-.

975 1636 1056 1655 omne
1069 1628 1169 1655 animal
1185 1627 1256 1653 bona
1271 1626 1422 1658 voluntate,
1451 1632 1548 1659 panem
1574 1625 1619 1660 qui
1639 1624 1672 1651 de
1691 1626 1763 1652 cmlo

975 1672 1126 1705 descendit,
1153 1676 1180 1698 et
1203 1671 1250 1698 dat
1273 1671 1355 1697 vitam
1385 1671 1497 1703 mundo,
1524 1671 1570 1704 qui
1594 1678 1627 1697 ex
1652 1671 1762 1705 propitio

976 1719 1050 1745 fonte
1064 1717 1097 1744 ad
1113 1717 1204 1743 omnia
1221 1723 1281 1750 qum
1298 1720 1361 1742 sunt
1384 1717 1464 1742 vitam
1491 1714 1555 1743 facit
1582 1724 1709 1744 emanare
1735 1721 1758 1743 et

976 1764 1126 1797 scaturire;
1156 1763 1219 1789 huic
1242 1769 1342 1797 sponsa
1373 1761 1486 1796 apponit
1505 1769 1638 1789 mensam.
1659 1763 1760 1789 Hortus

976 1814 1068 1837 autem
1085 1813 1128 1837 est
1144 1815 1250 1839 mensa,
1264 1809 1404 1843 plantatns
1417 1812 1468 1842 per
1487 1808 1599 1834 arbores
1616 1808 1759 1835 animatas.

975 1856 1031 1884 Nos
1057 1860 1147 1883 autem
1176 1861 1272 1882 sumus
1302 1854 1433 1885 arbores,
1463 1853 1680 1887 quamluquidem
1711 1861 1761 1880 nos

975 1910 1084 1939 quoque
1102 1909 1196 1930 sumus
1223 1900 1270 1935 qui
1286 1899 1311 1927 ei
1333 1899 1422 1926 cibum
1448 1900 1623 1933 apponimns,
1646 1898 1761 1926 salutem

975 1953 1133 1975 nostrarum
1148 1946 1313 1978 animarum,
1331 1951 1393 1971 cum
1411 1944 1450 1971 sic
1463 1944 1562 1971 dixerit
1579 1945 1601 1971 is
1614 1944 1660 1979 qui
1673 1944 1763 1971 convi-

975 1994 1019 2021 vio
1034 1997 1156 2020 nostram
1167 1992 1266 2026 excipit
1281 1990 1398 2017 animam
1413 1999 1420 2017 :
1436 1989 1509 2017 Meus
1524 1994 1561 2016 est
1574 1990 1657 2022 ribus,
1674 1994 1702 2015 ut
1717 1990 1761 2024 fa-

976 2039 1044 2065 ciam
1062 2038 1221 2066 voluntatem
1237 2037 1327 2065 Patris
1338 2036 1416 2063 mei”.
1433 2035 1481 2062 Est
1491 2040 1581 2062 autem
1600 2035 1761 2063 manifestus

976 2093 1077 2119 scopus
1098 2085 1197 2112 divina).
1224 2083 1382 2115 voluntatis,
1408 2082 1518 2117 quivult
1534 2090 1620 2108 omnes
1643 2081 1761 2108 homines

976 2130 1062 2157 salvos
1078 2130 1147 2164 ﬁeri,
1165 2134 1189 2156 et
1203 2130 1288 2156 venire
1303 2128 1337 2155 ad
1351 2128 1509 2162 agnitionem
1525 2127 1642 2153 veritatis
1653 2126 1685 2152 ¹⁰.
1712 2125 1761 2153 llic
1796 2136 1800 2141 ·

976 2180 1018 2202 est
1032 2182 1097 2210 ergo
1112 2175 1136 2202 ei
1155 2168 1265 2209 paratus
1278 2174 1398 2203 cibnsmt
1415 2180 1465 2200 nos
1481 2173 1548 2199 salvi
1575 2172 1670 2199 simus.
1686 2169 1753 2198 Fru-

977 2225 1039 2248 ctus
1056 2209 1145 2246 autem
1156 2223 1250 2246 noster
1262 2224 1302 2246 est
1316 2217 1504 2245 libet-iarbitrii
1518 2217 1625 2247 electio,
1635 2215 1701 2249 Deo,
1713 2209 1760 2251 qui

976 2274 1026 2293 nos
1039 2267 1115 2292 metit
1132 2273 1162 2292 ac
1177 2264 1309 2298 decerpit,
1325 2267 1453 2297 tanquam
1469 2270 1516 2298 per
1542 2261 1687 2297 quemdam
1712 2269 1758 2288 ra-

976 2320 1049 2339 mum
1063 2312 1174 2338 tradens
1189 2311 1319 2337 animam.
1330 2308 1379 2336 Per
1394 2309 1451 2335 hanc
1466 2312 1555 2335 autent
1564 2307 1709 2335 videndum
1718 2311 1760 2335 est

975 2357 1048 2392 quod
1060 2365 1159 2392 sponsa
1179 2356 1255 2391 prius
1270 2355 1385 2382 aﬂicitur
1399 2354 1541 2382 dulcedine
1558 2354 1663 2380 tructus
1676 2353 1758 2389 pomi.

975 2407 1005 2430 ut
1018 2411 1079 2438 qua).
1094 2403 1215 2430 dixerit:
1234 2401 1268 2428 Et
1283 2402 1385 2436 {ructus
1402 2401 1458 2435 ejus
1487 2400 1571 2428 dulcia
1599 2401 1627 2427 in
1656 2405 1760 2435 gutture

974 2456 1039 2481 meo,
1055 2452 1081 2475 et
1096 2453 1159 2475 tunc
1182 2447 1241 2482 ipsa
1264 2454 1373 2482 quoque
1396 2446 1504 2474 fructus
1523 2450 1565 2473 est
1589 2445 1711 2480 pulcher,
1731 2449 1758 2472 et

973 2494 1117 2520 dulcedine
1131 2493 1259 2525 aﬂiciens,
1271 2498 1298 2521 et
1310 2492 1435 2528 agricola!
1451 2492 1607 2527 propositus
1630 2490 1663 2518 ad
1690 2491 1757 2517 laeti-

973 2540 1048 2566 tiam.
1085 2539 1151 2566 lllud
1177 2543 1267 2566 autem
1291 2539 1462 2571 vocabulum,
1494 2537 1651 2569 Desceudat,
1679 2536 1759 2563 habet
1784 2545 1786 2547 ’

975 2585 1085 2619 optandi
1102 2584 1338 2620 significationem,
1356 2592 1389 2611 eo
1405 2583 1485 2610 modo
1498 2583 1632 2617 prolatum
1646 2588 1700 2616 quo
1726 2581 1760 2607 il-

975 2630 1019 2657 lud
1029 2631 1229 2664 :Sanctiﬁcetur
1238 2638 1329 2657 nomen
1341 2634 1430 2661 tuum;
1444 2631 1470 2655 et
1481 2628 1528 2662 ﬁat
1540 2627 1658 2654 voluntas
1672 2630 1717 2651 tua
1727 2623 1757 2650 ".

974 2676 1116 2710 Quomodo
1130 2676 1202 2704 enim
1217 2676 1272 2704 illic
1284 2675 1396 2710 optandi
1419 2673 1645 2709 significationem
1670 2668 1759 2697 conti-

973 2725 1019 2748 net
1035 2722 1142 2748 illorum
1158 2721 1301 2749 verborum
1320 2719 1415 2755 figura,
1442 2719 1480 2746 ita
1497 2718 1541 2745 hic
1556 2723 1663 2752 quoque
1679 2714 1756 2748 illud,

986 2809 1003 2822 "
1023 2808 1116 2834 Matth.
1135 2816 1172 2840 vn,
1191 2808 1233 2835 ll.
