1984 3068
201 126 252 155 987

817 123 846 152 S.
863 122 1026 151 GREGORll
1045 123 1192 152 NYSSENI

1775 123 1825 153 988

201 182 359 215 Descendat,
393 187 435 210 est
464 187 557 210 votum
593 190 710 217 spousm.
740 182 793 210 Deo
819 183 986 210 ostendentis

1055 182 1109 209 ῢτω
1124 183 1170 208 καὶ
1185 182 1300 209 ἐνταῦθα
1315 182 1345 208 τὸ
1366 181 1524 215 Καταϐιξτω
1537 202 1544 214 ,
1569 182 1636 218 εὒχὴ
1654 183 1703 218 τῆς
1718 181 1828 217 νύμφης

203 228 352 255 ubertatem
366 234 506 261 pomorum
523 227 643 255 virtutis.
662 227 815 255 Descensus
840 233 929 255 autem
950 229 988 256 si—

201 273 313 308 gnificat
327 280 396 307 opus
410 273 587 307 benignitatis
602 277 629 300 et
642 273 784 301 charitatis
798 275 825 301 iu
852 274 986 301 homines.

202 321 337 353 Quoniam
353 320 425 347 enim
438 320 495 347 fieri
506 328 561 347 non
577 324 676 355 potest,
688 324 718 348 ut
729 321 806 347 aliter
817 329 990 348 assumamur

202 366 236 393 ad
253 367 436 399 Altissimum,
451 367 504 394 nisi
530 368 677 394 inclinetur
699 368 732 395 ad
762 368 941 395 humilitatem
959 376 990 395 ac

203 413 419 448 depressionem,
444 413 489 447 qui
517 417 674 441 mansuetos
704 413 820 440 assumit
845 413 989 446 Dominus,

203 463 347 494 propterea
361 459 388 485 in
404 459 520 486 sublime
535 459 688 486 ascendens
712 467 824 494 sponsa,
844 460 990 489 ,adrocaus

203 506 395 533 dedttctionem
413 505 564 533 faciendam
580 505 614 532 ab
631 513 664 533 eo
679 506 725 540 qui
740 506 899 539 inclinatur,
915 511 992 542 optat

203 554 233 578 ut
244 551 302 586 ipse
314 551 462 578 descendat
477 558 491 577 a
508 559 557 578 sua
573 551 769 586 magnitudine,
786 557 814 580 ut
827 560 888 580 eum
917 560 991 580 asse-

203 597 250 632 qui
274 597 379 631 possint
391 596 437 631 qui
451 596 566 624 inferius
579 601 733 625 versantur.
750 597 801 630 Qui
815 604 904 625 autem
922 598 989 625 dixit

203 650 252 677 per
275 641 454 677 prophetam:
479 643 514 670 Te
529 642 616 669 adhuc
630 644 685 669 illic
703 643 833 677 loquente,
859 653 916 672 ecce
941 645 991 671 atl-

203 696 260 715 sum
271 688 293 703 "
308 696 314 714 :
331 689 490 722 priusquam
506 689 593 716 exiret
607 693 699 716 votum
713 698 829 724 sponsae,
845 690 947 717 audivit
961 699 992 718 ea

203 740 263 767 quae
280 737 322 760 est
335 739 457 768 precata,
472 738 499 761 et
516 736 743 769 pratparationem
769 737 859 764 cordis
876 738 934 769 ejus
949 742 991 763 at-

204 778 300 810 tendit,
316 779 379 805 etin
397 779 476 806 horto
493 778 543 806 fuit
559 780 673 814 perflato
687 782 720 807 al)
734 787 839 815 austro,
850 788 876 810 et
889 783 993 810 fructus

204 829 356 851 aromatum
371 824 516 859 decerpsit,
532 829 559 852 et
577 826 704 860 impletus
728 828 776 854 fuit
800 829 887 862 pomis
905 830 991 856 virtu-

206 868 251 900 tis,
266 872 291 895 et
302 869 487 897 narrationem
503 871 634 899 instruxit
647 873 812 906 convivium,
831 882 938 908 sponsa:
952 876 991 903 sic

205 913 317 941 dicens:
339 914 464 942 nascendi
483 916 509 942 in
524 917 629 943 hortum
648 926 742 951 meum,
757 910 832 946 so-rur
846 928 902 947 mea
916 928 992 955 spon-

206 967 246 985 sa.
262 958 361 986 Messut‘
381 961 516 995 myrrham
537 970 621 988 meam
647 971 705 989 cum
725 964 890 991 aromalibtts
919 967 992 993 meis.

206 1004 316 1031 Comedt‘
331 1014 425 1040 panem
448 1015 534 1033 meum
554 1015 610 1033 cum
629 1008 703 1034 melle
731 1016 797 1035 meo.
816 1009 876 1035 Bibi
909 1011 994 1037 riuum

207 1057 293 1076 meum
306 1058 364 1076 cum
383 1050 449 1077 lacte
467 1059 532 1077 meo.
550 1051 694 1085 Contedile,
711 1055 851 1089 propinqui
880 1055 939 1088 mei,
972 1061 995 1082 et

211 1094 298 1126 bibite,
316 1100 339 1122 et
357 1096 536 1129 iuebriamini,
554 1097 652 1131 fratres
671 1099 731 1125 mei.

244 1223 327 1253 Vides
340 1226 568 1260 quemadmodum
581 1228 643 1256 doni
654 1230 840 1265 magnitudine
850 1237 998 1267 exsuperat

209 1271 389 1305 petitionem?
405 1271 515 1307 Optavit
539 1282 641 1309 sponsa
672 1275 729 1302 ficri
754 1276 805 1303 sibi
827 1276 915 1305 fontes
935 1285 999 1305 aro—

211 1318 326 1349 malum,
351 1323 416 1344 suas
432 1317 460 1343 in
486 1317 563 1345 horto
580 1319 688 1353 plantas
704 1320 811 1353 perflari
840 1325 934 1348 austro
951 1322 998 1356 qui

210 1357 258 1385 ﬂat
272 1366 287 1385 a
307 1360 431 1392 meridie,
450 1365 477 1389 et
494 1361 583 1390 frttctu
601 1371 744 1397 pomorum
761 1365 908 1400 agricolam
925 1367 1000 1394 exci-

211 1413 286 1440 pere.
303 1406 359 1435 Hoc
372 1412 463 1436 autent
478 1409 566 1437 cuivis
590 1414 632 1437 est
648 1411 834 1446 perspicuum,
851 1413 924 1448 quod
942 1421 1001 1441 om-

212 1452 256 1479 nis
271 1453 359 1481 bonus
379 1454 447 1481 odor
461 1457 502 1481 est
516 1456 642 1489 voluptas
658 1464 755 1484 sensus
771 1457 898 1485 olfactus.
917 1459 1000 1486 Poma

213 1502 304 1525 autem
319 1503 384 1526 sunt
396 1500 430 1527 ad
446 1507 523 1527 esum
538 1501 724 1529 irubecillioris
742 1503 851 1531 virtutis
867 1512 948 1539 quain
959 1505 1001 1534 ,sit

213 1544 303 1579 panis,
323 1545 395 1579 quod
417 1546 514 1573 attinet
532 1546 565 1573 ad
580 1547 680 1574 bonam
703 1556 797 1576 eorum
821 1550 867 1584 qui
882 1552 1001 1583 .aluutur

215 1589 413 1617 habitudinem.
426 1590 472 1618 ille
480 1599 544 1620 vero
558 1597 620 1620 cum
634 1593 660 1621 in
672 1602 752 1622 suum
764 1595 873 1623 hortum
889 1584 1003 1624 desecti:

215 1635 311 1668 disset,
328 1639 354 1663 et
377 1636 405 1664 in
432 1637 458 1664 id
474 1639 547 1672 qttod
566 1642 608 1666 est
634 1640 722 1675 majus
740 1645 767 1669 et
781 1643 927 1677 pretiosius
944 1643 1002 1670 fru-

216 1684 309 1708 ctuum
324 1686 456 1710 mutasset
468 1687 606 1716 naturam,
622 1685 744 1721 decerpit
758 1687 868 1722 quidem
879 1696 912 1716 ex
923 1689 1003 1717 horto

216 1727 356 1762 myrrham
379 1728 515 1762 inventam
537 1738 599 1758 cum
616 1732 673 1759 suis
688 1734 866 1762 aromatibus.
883 1735 924 1762 Ab
945 1736 1005 1771 ipso

217 1773 289 1800 enim
303 1774 404 1802 esse.si
430 1774 496 1809 quid
516 1776 553 1804 sit
575 1778 721 1812 pulchrum
740 1786 772 1806 ac
789 1779 946 1814 honestum,
978 1782 1005 1809 in

218 1826 383 1855 quocunque
400 1820 481 1848 fuerit
499 1820 650 1854 inventum,
667 1830 756 1852 sermo
771 1825 927 1859 praedicavit
942 1835 1006 1861 pro-

219 1866 354 1900 pheticus.
368 1866 421 1893 Pro
437 1868 525 1902 pomis
536 1872 626 1896 autem
641 1869 722 1896 efﬁcit
737 1874 765 1897 ut
784 1871 896 1899 arbores
910 1880 1005 1907 panem

220 1910 309 1939 ferant
327 1913 438 1940 mistum
462 1920 525 1941 cum
549 1914 628 1942 melle
651 1923 712 1943 suo.
740 1916 773 1942 Et
791 1916 831 1944 sic
856 1918 1008 1953 explicetur

221 1958 411 1993 propheticum
431 1959 509 1990 illud,
535 1960 608 1994 quod
625 1960 684 1994 ejus
702 1962 765 1993 mel,
779 1966 806 1989 et
825 1968 922 1990 caetera
948 1965 1008 1999 pul-

221 2003 288 2030 chra
304 2011 335 2030 ac
351 2004 431 2035 bona,
454 2009 482 2032 et
499 2005 591 2033 vinum
610 2006 644 2033 ab
661 2007 721 2042 ipso
744 2007 871 2035 hauritur
887 2013 1010 2037 contem-

223 2053 346 2084 peratum
363 2049 432 2077 lacte
454 2050 524 2084 ejus.
553 2050 595 2077 Ex
615 2052 671 2086 iszo
695 2053 775 2085 enim,
805 2057 830 2079 et
850 2061 896 2088 per
912 2055 1007 2088 ipsum,

221 2100 248 2124 et
273 2096 300 2123 in
323 2097 380 2131 ipso
406 2102 467 2124 sunt
492 2098 626 2125 omnia".
655 2097 677 2126 0
698 2099 793 2127 beatos
817 2100 878 2127 illos
904 2101 1009 2133 hortos,

186 2138 190 2143 ”
222 2148 338 2177 quorum
363 2142 470 2176 plantas
491 2143 560 2171 tales
587 2143 693 2171 fructus
714 2144 864 2179 producere
883 2151 1010 2173 testatum

1040 227 1111 253 ἐστὶν
1134 227 1354 262 ἐπιδεικνυμένης
1367 227 1405 262 τῷ
1423 226 1482 261 Θεῷ
1495 226 1548 253 τῶν
1567 227 1617 262 τῆς
1632 228 1731 263 ἀρετῆς
1743 227 1828 262 ἀκρο-

1039 272 1126 308 δρύων
1140 273 1188 308 τὴν
1204 273 1342 308 εὐφορίαν.
1361 272 1393 299 Ἥ
1414 272 1443 299 δὲ
1458 273 1608 305 κατάσασις
1623 273 1652 299 τὸ
1672 273 1720 308 τῆς
1735 273 1829 306 φιλαν-

1040 319 1161 355 θρωπίας
1182 320 1260 355 ἔργον
1283 319 1465 354 διασημαίνει.
1486 319 1594 354 Ἐπειδὴ
1611 318 1665 354 γὰρ
1682 319 1731 345 οὐκ
1755 319 1828 351 ἔστιν

1040 366 1127 398 ἄλλως
1141 366 1329 401 ἀναληφθῆναι
1346 366 1414 402 πρὸς
1436 366 1482 393 τὸν
1498 362 1639 397 Ὕψιστον,
1663 367 1686 392 εἰ
1706 365 1742 401 μὴ
1759 366 1828 400 πρὸς

1040 413 1070 438 τὸ
1099 411 1307 447 χθαμαλώτερον
1334 411 1484 447 ἐπικλιθείη
1506 412 1520 438 6
1545 411 1742 445 ἀναλαμϐάνων
1766 411 1829 442 τοὺς

1042 459 1139 493 πραεῖς
1153 458 1254 493 Κύριος
1269 479 1275 489 ,
1293 458 1337 484 διὰ
1359 457 1438 484 τοῦτο
1463 458 1480 492 ἡ
1507 456 1618 483 ἀνιοῦσα
1637 456 1703 492 πρὸς
1718 456 1751 482 τὰ
1773 456 1829 482 ἄνω

1041 504 1132 539 ψυχὴ,
1163 503 1211 539 τὴν
1246 504 1320 539 παρὰ
1345 504 1391 530 τοῦ
1420 503 1618 538 ὑπερκειμένου
1646 503 1829 537 χειραγωγίαν

1043 549 1265 585 προσκαλουμὲνη
1277 570 1284 581 ,
1299 549 1504 584 ὑποκαταϐἧναι
1527 547 1608 574 αὐτὸν
1623 547 1670 574 τοῦ
1697 547 1761 573 ἰδίου
1786 555 1831 582 με-

1043 595 1138 629 γέθους
1153 594 1275 630 εὔχεται,
1302 595 1344 622 ἵνα
1360 596 1416 627 τοῖς
1436 594 1511 621 κάτω
1533 593 1642 628 ὲφικτὸς
1658 593 1779 627 γένηται.
1801 592 1830 619 '0

1042 643 1069 669 δὲ
1092 642 1175 669 εἰπὼν
1199 642 1242 669 διὰ
1265 642 1311 669 τοῦ
1339 643 1495 678 προφήτου-
1516 641 1556 668 ὅτι
1584 641 1648 667 Ἔτι
1662 640 1831 671 λαλοῦντός

1044 696 1100 715 σου
1114 688 1194 720 ἐκεῖ,
1211 688 1274 714 ὶδοὺ
1299 687 1434 722 πάρειμι·
1457 687 1520 722 πρὶν
1536 685 1687 717 ἐπεξελθεῖν
1714 686 1747 721 τῇ
1765 685 1830 720 εὐχῇ

1044 736 1076 770 τῇ
1091 734 1194 769 νύμφῃ,
1210 734 1256 760 καὶ
1269 734 1382 768 ἤκουσεν
1401 729 1438 759 ὧν
1453 732 1559 768 ἐδεήθη,
1573 731 1621 758 καὶ
1634 732 1667 766 τῇ
1687 731 1832 766 ἑτοιμασίᾳ.

1044 781 1093 815 τῆς
1106 780 1217 815 καρδίας
1234 780 1317 815 αὐτῆς
1342 780 1475 815 προσέσχε
1488 799 1495 811 ,
1512 779 1557 805 καὶ
1571 779 1600 804 ὲν
1615 776 1653 813 τῷ
1674 778 1755 812 κήπῳ
1771 777 1832 811 ἐγέο

1046 834 1105 851 νετο
1118 825 1156 860 τῷ
1167 825 1366 851 διαπνευσθέντι
1383 825 1434 850 ὑπὸ
1450 824 1497 850 τοῦ
1512 824 1598 850 Νότου
1610 844 1617 855 ,
1632 822 1754 853 καὶτοὺς
1768 830 1834 857 καρ-

1049 872 1114 903 ποὺς
1128 871 1182 897 τῶν
1197 870 1349 906 ἀρωμάτων
1364 870 1494 906 ὲδρέψατο
1504 889 1510 901 ,
1533 869 1581 895 καὶ
1597 864 1720 902 τῶν”τῆς
1735 867 1835 902 ἀρετῆς

1048 918 1205 953 ἀκροδρύων
1220 916 1368 952 ἐνεφορήθη
1382 936 1388 948 ,
1406 916 1452 942 καὶ
1464 916 1586 951 διήγημα
1601 915 1649 950 τὴν
1663 914 1777 949 εὐωχίαν
1791 921 1836 939 πε-

1048 965 1157 999 ποίηται
1169 985 1175 996 ,
1202 963 1287 996 λέγων
1303 962 1402 989 οὑτωσὶ
1416 961 1484 996 πρὸς
1498 960 1546 996 τὴν
1559 960 1667 995 νύμφην
1679 968 1685 975 ·
1703 958 1837 991 Κατέϐητ⁸

1048 1011 1091 1042 εὶς
1104 1008 1212 1043 κῆπον,
1226 1007 1343 1041 ἀδελφή
1356 1015 1415 1041 μου
1431 1007 1544 1041 νύμφη.
1568 1005 1735 1039 Ἐτριῖγησα
1747 1004 1837 1038 σμύρ-

1049 1063 1107 1081 ναν
1114 1063 1173 1089 μου
1186 1053 1260 1088 μετὰ
1273 1052 1434 1086 ἀρωμάτων
1444 1059 1514 1085 μου,
1532 1051 1666 1084 Ἔφαγον
1682 1049 1771 1082 ἄρτον
1781 1056 1837 1081 μου

1048 1102 1122 1135 μετὰ
1139 1099 1257 1134 μέλιτός
1275 1107 1345 1132 μου.
1372 1098 1478 1123 Ἔπιον
1501 1094 1584 1122 οἶνόν
1606 1103 1665 1129 μου
1687 1094 1761 1128 μετὰ
1785 1091 1837 1127 γά-

1050 1147 1162 1179 λακτός
1172 1154 1242 1180 μου.
1257 1144 1376 1178 Φάγετε,
1398 1144 1425 1169 ei
1443 1142 1577 1175 πλησίον
1592 1149 1661 1175 μου,
1682 1139 1730 1166 καὶ
1746 1138 1838 1168 πίετε,

1051 1194 1099 1221 καὶ
1109 1193 1289 1228 μεθύσθητε,
1306 1189 1431 1223 ἀδελφοί
1451 1197 1520 1222 μου.

1093 1240 1173 1274 Ὁρᾷς
1189 1237 1246 1268 πῶς
1264 1234 1426 1270 ὑπερϐάλλει
1444 1234 1477 1268 τῇ
1491 1231 1681 1268 μεγαλοδωρεᾷ
1695 1230 1744 1266 τὴν
1762 1229 1840 1262 αἴτη-

1053 1294 1108 1317 σιν;
1130 1282 1297 1319 Ἀρωμάτων
1318 1279 1412 1312 εὔξατο
1435 1276 1562 1312 γενέσθαι
1585 1276 1676 1311 πηγὰς
1697 1276 1714 1309 ἠ
1735 1274 1840 1309 νύμφη,

1052 1331 1086 1357 τὰ
1099 1329 1198 1363 ἑαυτῆς
1210 1329 1238 1353 ὲν
1251 1326 1289 1361 τῷ
1314 1325 1395 1359 κήπῳ
1419 1323 1491 1357 φυτὰ
1518 1320 1733 1348 διαπνευσθέντα
1755 1319 1794 1354 τῷ
1810 1320 1842 1345 ἐκ

1055 1375 1228 1414 μεσημϐρίας
1254 1371 1408 1399 ὲπιπνέοντι
1432 1369 1521 1404 Νότῳ,
1547 1368 1594 1395 καὶ
1613 1365 1775 1414 τῷγκαρπῷ
1789 1364 1842 1414 τῶν

1054 1412 1211 1459 ακροδρύων
1224 1420 1268 1447 τὸν
1283 1417 1405 1454 γεωργὸν
1421 1415 1610 1449 δεξιώσασθαι.
1622 1412 1752 1459 Τοῦτονδε
1762 1412 1844 1459 ςιταντ)⁸

1054 1457 1144 1505 alim,
1158 1469 1197 1494 ὅτι
1213 1466 1287 1491 πᾶσα
1298 1463 1420 1494 εΰπνοια,
1430 1461 1480 1496 τῆς
1494 1459 1676 1495 ὀσφραντικῆς
1692 1457 1845 1492 αἰσθήσεως

1014 1530 1035 1557 C
1054 1502 1135 1556 ὴέονὴ
1149 1514 1262 1547 γίνεται,
1278 1510 1318 1557 1:6
1325 1509 1361 1557 -δὲ
1381 1507 1519 1557 ἀκρόδρυα
1542 1506 1591 1557 τῇς
1605 1504 1651 1555 τοῦ
1665 1504 1746 1539 ἄρτου

1020 1608 1031 1617 ι

1054 1546 1209 1600 μξεωςᾌξατὰ
1220 1556 1269 1590 τὴν
1287 1553 1387 1589 βρῶσιν
1404 1552 1441 1583 ὡς
1460 1551 1529 1587 πρὸς
1544 1550 1593 1585 τὴν
1606 1549 1660 1575 τῶν
1671 1546 1846 1600 τρεφομένων

1052 1593 1157 1641 ὲὺεξίαν
1183 1603 1255 1630 ἐστὶν
1278 1599 1454 1635 ἀτονώτερον.
1485 1598 1513 1624 '0
1531 1596 1559 1623 δὲ
1587 1594 1708 1626 καταϐὰς
1729 1594 1775 1641 ἐπὶ
1800 1593 1847 1619 τὸν

1054 1639 1151 1682 ἑαυτοῦ
1169 1651 1268 1684 κῆπον,
1287 1645 1411 1681 καὶπρὸς
1421 1645 1452 1671 τδ
1474 1642 1565 1679 μεῖζόν
1578 1650 1607 1668 τε
1623 1641 1671 1668 καὶ
1686 1639 1848 1675 τιμιώτερον

1053 1701 1103 1735 τὴν
1115 1697 1169 1725 τῶν
1180 1694 1296 1730 καρπῶν
1319 1690 1479 1727 μεταϐαλὼν
1493 1688 1598 1735 φύσιν.
1608 1687 1736 1735 δρέπεται
1753 1686 1801 1735 μεν
1816 1685 1851 1734 é—x

1054 1730 1101 1772 τόδ
1129 1743 1218 1778 κήπου
1233 1739 1355 1775 σμύρναν
1383 1734 1471 1771 εὑρὼν
1494 1734 1564 1769 μετὰ
1587 1732 1741 1778 ἀρωμάτων
1754 1730 1848 1778 atavos).

1055 1789 1124 1826 Παρ’
1142 1774 1225 1816 αύτοῦ
1238 1774 1293 1820 γίὰρ
1313 1781 1382 1809 εἶναι
1396 1780 1422 1807 εἴ
1440 1789 1467 1806 τι
1485 1779 1626 1826 καλὺνπεν
1644 1774 1721 1826 ᾧπερ
1738 1774 1848 1826 εὑ-ρερῇ,

1056 1839 1071 1864 6
1089 1820 1257 1871 προφητικὺς
1268 1830 1372 1865 ὕμνησε
1384 1827 1473 1861 λόγος.
1495 1823 1677 1871 Ἀντὶγδὲλτῶν
1691 1820 1850 1856 ἀκροδρύων

1057 1869 1132 1917 apri.)
1156 1878 1248 1915 βρύειν
1279 1872 1485 1911 παρασκευάζει
1510 1871 1544 1897 τὰ
1570 1869 1849 1917 δὲνλδραρσυναναμεο

1060 1913 1184 1963 μ-ιγμένῴ
1195 1923 1264 1960 μετὰ
1275 1921 1322 1948 τοῦ
1339 1920 1446 1956 μέλιτος
1460 1917 1557 1963 αύτοῦι
1570 1915 1625 1963 καὶ
1639 1914 1725 1963 τούτω
1742 1913 1771 1963 1:6
1783 1920 1850 1963 7:90:

1059 1959 1176 2008 ξρητ-ικδν
1205 1965 1440 2001 συνεκφωνείσϐω,
1462 1964 1503 1990 ὅτι
1530 1961 1611 1988 αύτοῦ
1627 1960 1657 1987 τὸ
1672 1959 1742 1995 μέλι,
1753 1959 1790 2008 ως
1805 1959 1853 1985 ml:

1059 2004 1181 2045 λοιπὰ
1188 2015 1242 2041 τῶν
1256 2013 1354 2043 ἄλλων,
1365 2011 1413 2037 καὶ
1425 2009 1470 2035 τὸν
1481 2007 1550 2035 οἶνον
1562 2007 1609 2033 ἀπ’
1621 2005 1711 2032 αὐτῶν
1725 2004 1850 2040 ἀρύεται,

1061 2057 1330 2094 συνανακεκραμένον
1342 2055 1379 2090 τῷ
1390 2054 1503 2089 γάλακτι
1520 2050 1612 2079 αὑτοῦ.
1631 2050 1679 2082 Ἐξ
1692 2049 1785 2077 αὺτοῦ
1797 2048 1854 2083 γὰρ

1061 2107 1110 2134 καὶ
1124 2106 1160 2133 δι’
1172 2103 1265 2132 αὐτοῦ
1281 2102 1329 2129 καὶ
1345 2102 1389 2134 εὶς
1405 2100 1498 2127 αὑτὸν
1506 2097 1542 2125 τὰ
1555 2094 1700 2123 πάντα.Ὦ
1712 2094 1854 2130 μακαρίων

1062 2154 1157 2188 κήπων
1173 2150 1294 2181 ἐκείνων,
1308 2144 1345 2174 ὧν
1360 2147 1394 2173 τὰ
1405 2145 1476 2180 φυτὰ
1491 2143 1621 2175 τοιούτοις
1636 2143 1727 2178 βρύειν
1738 2142 1855 2176 καρποῖς

223 2191 274 2220 est,
293 2192 323 2215 ut
342 2188 369 2214 iu
383 2195 464 2215 omne
479 2196 564 2223 genus
580 2189 751 2222 nutrimenti,
774 2197 826 2224 pro
844 2190 950 2218 fruendi
965 2192 998 2219 de

1067 2187 1283 2234 μεμαρτύρηται,
1301 2194 1338 2225 ὡς
1354 2192 1422 2228 πρὸς
1433 2191 1505 2218 ἆπαν
1523 2188 1591 2221 εἶδος
1600 2189 1701 2224 τροφῆς
1716 2187 1786 2234 κατὰ

225 2234 326 2262 siderio
346 2239 529 2269 congruenter
544 2235 796 2262 transformenturl
817 2236 847 2263 Ei
874 2237 947 2264 enim
967 2238 1011 2265 cui

225 2281 314 2307 bonus
325 2279 392 2307 odor
402 2284 465 2306 sunt
477 2280 592 2312 delicite,
608 2280 636 2306 lit
648 2281 767 2315 myrrha,
782 2289 829 2315 per
841 2285 1011 2309 tcrrcuorum

226 2326 411 2352 membrorum
421 2326 657 2353 mortiﬁcationem
669 2333 765 2361 puram
775 2331 802 2353 et
818 2326 886 2353 bene
896 2327 1012 2355 oleutetu

226 2376 356 2406 tanquam
380 2375 549 2406 unguentum
573 2379 730 2407 excoqueus
765 2372 859 2405 vitam,
893 2377 1016 2401 contem-

227 2421 350 2452 peratam
367 2425 400 2444 ex
415 2417 500 2444 variis
520 2421 547 2444 et
570 2417 687 2445 diversis
711 2418 821 2446 virtutis
836 2420 1013 2446 aromatiluts.

227 2462 259 2490 Ei
278 2467 368 2490 autem
384 2463 430 2498 qui
449 2463 546 2498 quaerit
574 2464 772 2491 nutrimentum
800 2465 959 2499 perfectius,
987 2466 1017 2491 fit

227 2509 316 2544 panis,
345 2509 392 2544 qui
416 2516 471 2536 non
500 2509 618 2544 amplius
635 2509 788 2547 comeditur
813 2517 875 2537 cuin
902 2510 1017 2537 lactucis

229 2556 392 2591 agrestibus,
420 2560 450 2582 ut
468 2556 510 2583 lex
525 2555 652 2591 jubet“:
681 2555 709 2582 in
726 2556 852 2590 praesenti
877 2556 948 2583 eniut
977 2559 1018 2582 est

230 2602 384 2629 amaritudo
399 2602 511 2629 lactuca:
523 2611 527 2628 :
539 2602 585 2630 sed
599 2603 742 2637 opsonium
760 2602 811 2630 sibi
831 2602 882 2637 ipsi
900 2601 1019 2630 meleﬂi-

230 2648 329 2680 cietur,
348 2647 458 2683 quando
474 2656 524 2675 suo
537 2651 659 2682 tempore
674 2647 779 2676 fructus
795 2647 905 2675 virtutis
920 2656 1018 2675 sensus

231 2695 329 2729 animae
344 2694 444 2721 afﬁciet
468 2694 620 2727 dulcedine,
648 2693 727 2728 cujus
751 2693 790 2721 rei
808 2697 912 2720 certum
939 2701 1019 2728 argu—

233 2746 355 2770 mentum
375 2744 416 2769 est
430 2741 509 2775 panis
525 2741 571 2775 qui
592 2745 654 2775 post
669 2739 898 2767 resurrectionem
912 2738 1019 2765 Domini

277 2830 299 2847 “
318 2830 381 2858 lsai.
408 2838 484 2863 Lvttt,
501 2830 527 2857 9.
573 2829 594 2845 ”
627 2828 705 2855 Rom.
733 2827 829 2861 xt,56.

1062 2232 1139 2270 ἐπιθυ
1145 2242 1207 2277 μίαν
1213 2241 1261 2275 τῆς
1269 2238 1443 2268 ἀπολαύσεως
1450 2236 1586 2271 ἁρμοδίως
1594 2232 1855 2270 μεταποιεῖσθαιίτῷ

1062 2286 1174 2321 μὲνγὰρ
1184 2283 1227 2310 διὰ
1237 2283 1286 2318 τῆς
1294 2282 1408 2313 εὐωδίας
1415 2280 1552 2315 τρυφῶντι
1565 2278 1672 2314 σμύρνα
1682 2278 1795 2312 γίνεται,
1812 2277 1856 2303 διὰ

1064 2332 1113 2366 τῆς
1128 2330 1180 2356 τῶν
1197 2329 1326 2362 ἐπιγείων
1340 2327 1429 2363 μελῶν
1439 2326 1611 2361 νεκρύτητος,
1625 2324 1669 2350 τὸν
1678 2323 1795 2358 καθαρὸν
1810 2322 1857 2348 καὶ

1065 2376 1151 2409 εὐώδη
1168 2374 1295 2410 μυρεψῶν
1308 2374 1374 2409 βίον,
1387 2373 1431 2399 τὸν
1447 2373 1478 2398 ὲκ
1486 2371 1616 2398 ποικίλων
1629 2379 1658 2396 τε
1669 2369 1714 2396 καὶ
1723 2368 1858 2403 διαφόρων

1065 2421 1118 2448 τῶν
1127 2421 1176 2455 τῆς
1185 2420 1284 2453 ἀρετῆς
1292 2418 1444 2453 ἀρωμάτων
1452 2415 1714 2452 συγκεραννύμενον.
1723 2414 1767 2450 Τῷ
1774 2414 1801 2440 δὲ
1809 2414 1858 2449 τὴν

1066 2467 1234 2501 τελειοτέραν
1248 2463 1422 2499 ὲπιζητοῦντι
1440 2462 1554 2497 τροφὴν,
1569 2462 1651 2497 ἄρτος
1665 2461 1779 2495 γίνεται,
1796 2460 1860 2486 οὐκ·

1069 2512 1108 2538 ἐτι
1119 2512 1164 2538 ἐπὶ
1178 2510 1308 2545 πικρίδων
1317 2509 1483 2544 ὲσθιόμενος,
1493 2508 1530 2539 ὡς
1542 2508 1556 2533 6
1569 2507 1650 2543 νόμος
1664 2505 1857 2532 διακελεύεται’

1070 2557 1137 2593 πρὸς
1149 2556 1203 2590 γὰρ
1220 2555 1250 2581 τὸ
1264 2554 1349 2590 παρόν
1363 2554 1435 2580 ἐστιν
1452 2554 1468 2588 ἡ
1491 2553 1585 2588 πικρίς
1597 2561 1603 2566 ·
1626 2551 1682 2578 ἀλλ’
1694 2551 1757 2586 ὄψον
1772 2549 1861 2584 ἑαυτῷ

1070 2604 1100 2630 τὸ
1116 2602 1176 2638 μέλι
1190 2601 1361 2636 ποιούμενος,
1377 2601 1440 2627 ὅταν
1459 2601 1486 2626 ἐν
1500 2598 1539 2634 τῷ
1557 2599 1613 2633 ἰδίῳ
1625 2596 1713 2633 καιρῷ
1728 2597 1741 2622 ὸ
1756 2595 1862 2630 καρπὸς

1071 2648 1120 2682 τῆς
1136 2647 1236 2683 ἀρετῆς
1257 2645 1461 2681 καταγλυκαίνη
1477 2645 1510 2670 τὰ
1519 2644 1568 2679 τῆς
1588 2643 1675 2677 ψυχῆς
1687 2642 1861 2675 αὶσῠητήριαν

1072 2691 1102 2720 οὗ
1122 2691 1255 2723 ἀπόδειξις
1269 2692 1283 2717 6
1302 2690 1369 2726 μετὰ
1388 2690 1436 2725 τὴν
1451 2690 1596 2716 ἀνάστασιν
1609 2687 1655 2714 τοῦ
1671 2686 1773 2721 Κυρίου
1795 2692 1862 2719 προ-

1075 2737 1169 2772 φανεὶς
1181 2738 1238 2767 τοῖς
1255 2735 1387 2771 μαθηταῖς
1408 2735 1488 2769 ἄρτος
1511 2734 1580 2764 ἐστὶ,
1594 2731 1633 2767 τῷ
1648 2730 1736 2766 κηρίῳ
1750 2727 1797 2755 τοῦ
1815 2727 1862 2761 μέ-

871 2827 891 2842 ¹⁸
908 2825 994 2852 Exod.
1007 2833 1057 2857 xu,
1072 2825 1098 2852 8.
