1984 3068
111 112 160 142 989

630 111 662 139 IN
676 111 824 140 CANTICA
837 108 974 139 CANTIC.
995 107 1139 136 llOMlLIA
1158 107 1191 134 Χ.

1685 102 1735 133 930

111 171 364 207 λιτος¹ήδυνόμενος.
375 172 420 207 Τῷ
431 172 542 207 διψῶντι
552 172 580 198 δὲ
597 171 702 208 κρατὴρ
711 172 814 206 γίνεται
827 171 897 206 πλή-

952 168 1075 204 apparuit
1093 166 1236 201 discipulis
1250 165 1278 193 in
1302 164 1363 192 favo
1380 163 1469 191 mellis
1487 162 1624 191 conditas.
1645 161 1673 189 Ei
1689 170 1737 189 au-

111 228 160 256 ρης
176 219 248 246 οἴνου
267 219 312 244 καὶ
323 218 467 252 γάλακτος,
480 219 510 244 οὗ
526 217 645 252 σπογγιὰ
658 218 723 254 χολῇ
738 227 767 245 τε
781 217 828 245 καὶ
842 217 896 249 ὄξει

110 264 260 299 διάϐροχος,
270 263 330 290 οἵαν
346 264 370 289 οξ
386 263 509 289 Ἰουδαῖοι
525 263 565 298 τῷ
578 263 710 298 εὐεργέτῃ
724 263 774 298 τὴν
787 263 897 297 φιλοτη-

111 310 170 336 σίαν
198 309 396 344 ἐνδεικνύμενοι
419 309 463 336 διὰ
491 308 538 335 τοῦ
565 308 688 343 καλάμου
716 308 896 344 προτείνουσι.

111 355 222 386 Πάντως
241 355 269 381 δὲ
283 355 333 382 οὐκ
361 355 511 390 ἀγνοοῦμεν
529 354 562 381 τὰ
583 355 638 381 τῶν
661 354 813 390 εἰρημένων
828 353 898 381 αἰνι-

110 408 215 435 γματα·
233 400 292 432 πῶς
321 400 428 436 δένδρον
446 398 480 435 ἦν
508 400 702 436 σμυρνηφόρον
720 402 735 427 ὁ
754 399 870 431 Παῦλος,
884 400 899 426 ὁ

111 445 169 471 καθ’
185 446 292 481 ἡμέραν
321 445 508 480 ἀποθνήσκων,
532 445 578 472 καὶ
593 446 674 478 αὐτὸς
699 445 788 480 ἐαυτῷ
812 445 899 476 διδοὺς

111 491 140 517 τὸ
169 491 215 517 τοῦ
241 491 356 519 θανάτου
376 491 526 525 ἀπόκριμα,
545 491 592 517 καὶ
610 490 655 517 διὰ
671 490 855 526 καθαρότητός
869 498 899 516 τε

111 536 158 563 καὶ
173 536 305 568 ἀπαθείας
320 536 510 572 ἀρωματίξων,
532 536 603 572 ὀσμὴ
619 536 690 571 ζωῆς
706 537 762 567 τοῖς
775 535 899 570 σωζομέ-

112 588 167 611 νοις
181 581 320 615 γινόμενος
333 588 340 595 ·
353 579 413 612 πῶς
428 580 456 606 δὲ
469 576 645 608 σιτοποιεῗτὰ
662 581 772 616 ἔμψυχα
785 581 830 607 τοῦ
849 580 899 615 κή-

113 633 163 651 που
174 625 248 659 φυτὰ
257 626 295 660 τῷ
308 625 424 661 δεσπότῃ
446 626 494 652 τοῦ
515 627 614 662 κήπου,
627 627 664 658 ὡς
679 627 812 663 μαρτυρεῖ
826 627 840 653 ὁ
852 616 899 653 ixi.

112 670 157 697 τοῦ
165 669 259 706 θρόνου
273 671 428 707 καθήμενος
440 679 447 687 °
466 672 506 698 ὅτι
524 672 697 703 Ἐπείνασα,
713 672 760 698 καὶ
771 671 898 698 ἐδώκατέ

111 725 159 750 μοι
177 716 292 751 φαγεῖν.
309 717 408 752 Ἀρτος
420 717 474 752 γὰρ
489 718 657 752 εὐφροσύνης
672 714 898 749 ὲστὶνή-εὑπΟιϊα,

111 761 150 796 τῷ
164 761 252 796 μέλιτι
266 763 315 798 τῆς
326 763 434 798 ἐντολῆς
449 762 661 798 γλυκαινόμενος
671 772 677 779 ·
696 763 753 796 πῶς
770 763 797 789 δὲ
819 762 899 789 πάλιν

111 807 224 842 οἰνοχοεῖ
239 807 277 842 τῷ
291 808 399 843 νυμφίῳ
409 808 442 835 τὰ
464 809 561 844 εὐερνῆ
573 809 620 835 τοῦ
634 810 722 844 κήπου
734 810 814 844 φυτὰ,
830 808 898 844 πρὸς

949 220 1002 242 tem
1021 213 1066 248 qui
1088 212 1146 240 sitit
1164 212 1194 240 ﬁt
1211 215 1300 247 crater
1319 210 1376 238 vitii
1391 213 1418 237 et
1436 208 1526 240 lactis,
1552 216 1606 235 non
1623 208 1736 243 spongia

949 260 1010 288 felle
1024 264 1051 287 et
1066 263 1142 287 aceto
1157 258 1260 286 imbuta
1274 257 1306 288 "‘,
1324 263 1404 292 quant
1420 254 1526 282 llebrzei
1550 261 1626 281 suam
1645 257 1733 280 osten-

949 305 1044 333 dentes
1059 302 1273 331 muuilicentiam
1296 309 1344 336 per
1359 300 1520 326 arundinem
1538 298 1680 333 porrigunt
1692 297 1725 324 be

950 351 1092 379 uel'actori.
1110 349 1228 378 Omnino
1247 351 1336 374 autem
1354 354 1407 373 non
1426 345 1583 380 ignoramus
1595 345 1737 379 aenigmata

948 403 1043 424 eorum
1060 402 1121 430 quae
1135 394 1207 422 dicta
1228 386 1311 420 sunt':
1330 398 1428 425 nempe
1447 390 1674 425 quemadmodum
1692 396 1738 415 ar-

949 442 1000 470 bor
1015 441 1153 476 myrrham
1173 439 1264 466 ferens
1279 441 1337 465 erat
1353 436 1464 467 Paulus,
1479 435 1525 470 qui
1546 435 1666 470 quotidie
1680 442 1738 461 mo-

950 487 1117 519 riebatur”,
1140 489 1168 514 et
1193 485 1251 520 ipse
1273 483 1324 511 sibi
1343 483 1426 511 dabat
1445 489 1610 516 responsum
1631 480 1737 512 mortis.

950 538 977 561 et
989 541 1037 569 per
1051 533 1196 568 puritatem
1209 534 1236 559 et
1252 530 1372 557 divinam
1386 529 1447 556 vitae
1460 528 1660 555 institutionem
1679 533 1740 553 aro-

950 580 1096 612 matizans,
1127 578 1208 605 ﬁebat
1232 575 1433 612 quodammodo
1461 573 1528 600 odor
1547 573 1609 599 viue
1635 572 1669 598 iis
1693 571 1740 606 qui

950 627 1018 654 salvi
1036 627 1105 653 tiunt
1117 626 1153 650 ‘7:
1169 623 1399 659 quemadmodum
1416 618 1542 648 animata:
1557 619 1629 645 horti
1642 619 1741 653 plantae

950 673 1060 700 domino
1077 671 1148 698 horti
1170 677 1266 705 panem
1285 669 1398 699 iaciunt,
1420 671 1449 693 ut
1467 669 1583 693 testatur
1596 664 1642 698 qui
1666 664 1741 690 sedet

951 718 977 745 in
1001 718 1110 747 throno,
1125 716 1219 743 dicens
1239 724 1245 742 :
1273 713 1389 744 Esurivi.
1405 716 1428 739 et
1443 711 1553 738 dedistis
1569 709 1633 736 mihi
1646 708 1680 735 ad
1696 717 1741 735 co-

951 763 1105 796 medendum
1117 762 1148 788 ¹⁸.
1172 761 1253 789 Panis
1278 760 1350 787 enim
1372 757 1469 785 lietitim
1492 761 1534 784 est
1551 754 1739 784 beneficentia,

952 808 1078 837 conditus
1105 807 1183 835 melle
1211 805 1358 842 prmccpti;
1390 801 1620 839 quemadmodum
1649 804 1740 827 autem

112 853 157 885 οὓς
168 854 247 880 τοῦτό
261 841 358 889 ignaui;
381 841 421 882 δτι
439 841 596 889 Ἐδιψηᾶα,
614 841 834 882 καὶ-ἐποτίσατέ
846 841 895 890 με.

953 861 1050 881 rursus
1070 860 1171 888 sponso
1188 841 1281 887 potum
1299 849 1420 886 praebent
1436 848 1563 876 ﬂorentes
1574 845 1645 873 horti
1664 845 1741 880 plan-

112 898 225 932 γάλακτι
249 900 295 926 τὸν
320 897 391 927 οἶνον
420 901 606 936 κεράσαντες,
632 901 681 935 οὐχ
710 900 798 933 ὕδατι,
828 901 904 928 κατὰ

111 943 160 979 τὴν
175 944 230 971 τῶν
253 945 383 980 καπήλων
407 946 561 981 συνήθειαν.
590 945 627 971 Τὸ
643 945 671 971 δὲ
686 945 756 978 γάλα
773 946 790 980 ἡ
803 945 899 981 πρώτη

111 990 161 1024 τῆς
171 989 343 1025 ἀνθρωπίνης
357 989 466 1024 φύσεώς
478 991 536 1017 ἐστι
552 990 649 1025 τροφὴ,
661 991 677 1025 ἡ
692 990 800 1025 καθαρά
813 999 842 1016 τε
854 989 899 1016 καὶ

112 1034 194 1069 ἁπλῆ,
209 1034 320 1070 ήὸντως
332 1034 469 1070 νηπιώδης
478 1035 525 1062 καὶ
538 1035 639 1067 ἄδολος,
653 1035 700 1061 καὶ
712 1035 801 1070 πάσης
818 1044 900 1071 πονη-

113 1079 162 1114 ρᾶς
178 1079 267 1106 αἰτία(
282 1079 484 1115 κεκαθαρμένη.

146 1166 240 1209 Ταῦτα
248 1166 332 1193 εἰπὼν
347 1167 414 1201 πρὸς
426 1166 474 1202 τὴν
485 1167 594 1203 νύμφην
607 1168 622 1193 ὁ
634 1167 722 1202 λόγος,
734 1167 900 1202 περιτίθεται

111 1213 167 1244 τοῖς
181 1212 295 1247 πλησίον
311 1212 345 1239 τὰ
364 1213 411 1239 τοῦ
436 1214 603 1248 Εὑαγγελίου
626 1214 774 1249 μυστήρια,
793 1214 880 1248 λέγων
892 1222 898 1228 ”

111 1258 232 1293 imi-rats,
241 1259 267 1285 οί
277 1259 411 1292 πλησίον
419 1267 488 1293 μου,
498 1259 548 1285 καί
558 1259 650 1291 πίετε,
661 1258 710 1286 καὶ
720 1259 898 1293 μεθύσθητε,

111 1303 236 1339 ἀδελφοί
247 1313 317 1338 μου.
333 1304 379 1339 Τῷ
392 1304 446 1340 γὰρ
461 1305 692 1340 ὲπισταμένῳτὰς
707 1304 840 1340 μυστικὰς
854 1303 900 1330 τοῦ

111 1348 276 1384 Εὑαγγελίου
299 1350 401 1383 φωνὰς,
417 1350 531 1385 οὐδεμία
544 1350 694 1385 φανήσεται
712 1350 827 1384 διαφορὰ
847 1349 900 1376 τῶν

112 1394 228 1424 ἑνταῦθσ.
244 1395 343 1430 ῥητῶν,
356 1396 423 1431 πρὸς
437 1395 487 1431 τὴν
499 1396 556 1422 ἐκεῖ
570 1397 625 1427 τοῖς
638 1395 773 1431 μαθηταῖς
788 1394 900 1430 γινομέ-

112 1448 160 1475 ww
186 1441 390 1475 μυσταγωγίαν.
413 1441 551 1472 Ὡσαύτως
572 1440 626 1476 γὰρ
643 1440 759 1467 ἐνταῦθα
774 1441 821 1468 καὶ
843 1441 901 1467 ἐκεῖ

950 903 995 931 tat,
1014 897 1114 933 quibus
1136 897 1187 924 hoc
1204 897 1285 928 dicit,
1306 894 1394 926 Silivi,
1408 898 1432 921 et
1442 898 1530 928 potum
1542 891 1605 918 mihi
1615 889 1734 920 dedistis,

950 945 1044 972 vinum
1071 944 1142 970 lacte
1164 945 1358 977 temperatum,
1384 947 1439 967 non
1463 944 1545 973 aqua,
1567 940 1597 963 ut
1620 943 1678 962 mos
1699 938 1740 962 est

951 997 1115 1025 cauponum.
1143 988 1197 1015 Lac
1222 991 1312 1015 autem
1339 989 1382 1014 est
1401 985 1518 1020 primum
1543 982 1740 1010 nutrimentum

951 1035 1076 1062 humanae
1091 1038 1205 1064 naturae.
1225 1040 1323 1068 purum
1337 1035 1364 1059 et
1387 1031 1514 1065 simplex,
1530 1032 1557 1057 et
1571 1035 1634 1056 vere
1651 1026 1742 1054 infan—

951 1080 999 1107 tile
1025 1083 1052 1107 et
1072 1079 1131 1107 sine
1151 1079 1225 1111 dolo,
1255 1083 1283 1105 et
1308 1079 1486 1112 expurgatum
1513 1075 1547 1102 ab
1571 1074 1646 1102 omni
1671 1073 1742 1100 mala

951 1133 1046 1153 causa.

987 1170 1049 1197 Haec
1076 1176 1138 1196 cum
1163 1169 1252 1196 oratio
1269 1167 1385 1195 dixisset
1402 1174 1521 1202 sponsae,
1550 1164 1661 1200 apponit
1679 1172 1743 1199 pro-

951 1215 1063 1252 pinquis
1077 1214 1206 1250 mysteria
1220 1213 1372 1248 Evangelii,
1387 1213 1483 1240 dicens
1497 1220 1503 1238 :
1523 1210 1666 1244 Comcdite,
1684 1218 1743 1243 pro-

951 1263 1042 1297 pinqui
1058 1261 1117 1294 mei,
1137 1266 1161 1287 ει
1185 1259 1361 1292 inebriamiui,
1384 1257 1566 1297 [ratres_tnei.
1597 1256 1676 1291 Apud
1693 1263 1742 1283 eos

952 1310 1024 1337 enim
1039 1307 1085 1343 qui
1100 1307 1190 1334 sciunt
1205 1305 1335 1341 mysticas
1349 1312 1430 1332 voces
1443 1293 1592 1337 Evangelii,
1612 1302 1686 1329 nulla
1700 1305 1744 1329 est

952 1353 1102 1382 differentia
1129 1359 1222 1380 corum
1248 1358 1309 1386 qtue
1333 1350 1377 1377 hic
1403 1353 1468 1378 sunt
1485 1349 1631 1376 verhorum
1650 1348 1683 1375 ab
1712 1354 1744 1374 ea

953 1408 1013 1436 quae
1027 1399 1083 1427 illic
1102 1397 1246 1426 exhibetur
1267 1396 1411 1431 discipulis
1437 1394 1617 1430 mystagogia,
1647 1401 1745 1428 nempe

952 1445 1146 1481 mysteriorum
1164 1450 1212 1470 seu
1225 1444 1460 1470 sacramentorum
1478 1439 1660 1467 institutione.
1675 1438 1743 1465 Nam

112 1487 194 1534 φησὶν
206 1487 221 1513 ὁ
237 1486 315 1521 λόγος
338 1487 494 1522 τὺ,Φάγετε
507 1487 558 1514 καί
573 1487 665 1515 πΙετε.
687 1487 719 1513 Ἦ
734 1487 761 1514 δὲ
773 1487 840 1522 πρὸς
851 1486 900 1522 τὴν

954 1493 1079 1521 similiter
1101 1497 1126 1518 et
1140 1490 1206 1522 illic,
1230 1492 1257 1517 et
1275 1489 1319 1516 hic
1339 1488 1406 1515 dicit
1427 1487 1590 1523 Scriptura:
1610 1485 1745 1513 Comedile

114 1530 201 1567 μέθην
228 1531 368 1567 προτροπὴ
393 1532 426 1567 ἣν
444 1531 560 1559 ἐνταῦθα
583 1533 639 1563 τοῖς
660 1531 809 1567 ἀδελφοῖςὸ
823 1531 901 1566 λόγος

112 1576 376 1611 πεποίηται,δόξειεν
395 1577 428 1604 ἂν
438 1578 494 1609 τοῖς
514 1577 621 1608 πολλοῖς
637 1577 727 1604 πλεῖόν
740 1585 765 1603 τι
781 1577 856 1612 παρὰ
871 1576 901 1602 τὸ

112 1621 276 1657 Εὑαγγέλιον
294 1623 375 1658 ἔχειν.
396 1623 427 1649 Εἰ
439 1623 466 1649 δέ
485 1632 527 1655 τις
540 1623 661 1658 ἀκριϐῶς
679 1622 839 1655 ἐξετάσειεν,
856 1623 906 1648 καὶ

113 1668 192 1696 τοῦτο
200 1669 345 1704 σύμφωνον
353 1670 408 1701 τοῖς
417 1669 603 1704 εὐαγγελικοῖς
617 1669 645 1696 εὑ
651 1668 804 1705 ρεθήσεται.
814 1668 883 1694 ’Όπε
887 1677 902 1703 ρ

111 1714 167 1750 γὰρ
186 1715 302 1742 ἐνταῦθα
320 1716 359 1751 τῷ
387 1716 458 1751 λόγῳ
487 1717 544 1748 τοῖς
564 1715 650 1749 φίλοις
672 1714 902 1750 παρεκελεύσατο,

111 1760 192 1788 τοῦτο
206 1761 265 1788 ἐκεῖ
277 1761 322 1789 διὰ
335 1761 389 1788 τῶν
404 1761 492 1797 ἔργῳ
504 1761 641 1796 ἐποίησεν,
666 1759 732 1788 διότι
746 1762 820 1788 πᾶσα.
834 1761 903 1796 μέθη

112 1807 240 1836 ἔκστασιν
250 1807 328 1834 εἴωθε
338 1809 424 1834 ποιεῖν
435 1807 484 1842 τῆς
494 1806 611 1838 διανοίας
616 1806 678 1841 ,τῆς
695 1806 902 1842 κεκρατημένης

112 1852 166 1879 ὑπὸ
187 1852 234 1879 τοῦ
257 1852 340 1880 οἴνου.
359 1851 463 1879 Οὐκοῦν
487 1852 554 1888 ὅπερ
569 1850 686 1878 ἐνταῦθα
707 1851 902 1887 προτρέπεται,

111 1897 191 1926 τοῦτο
199 1898 243 1926 διὰ
250 1898 299 1933 τῆς
313 1898 387 1930 θείας
396 1898 503 1934 ἐκείνης
510 1896 639 1933 βρώσεώς
648 1906 678 1923 τε
687 1897 734 1923 καὶ
741 1897 844 1929 πόσεως
856 1898 903 1925 καὶ¹

111 1943 172 1970 τότε
181 1943 294 1978 ἐγίνετο,
304 1943 351 1971 καὶ
357 1944 471 1971 πάντοτε
479 1943 594 1977 γίνεται,
601 1951 662 1969 συνε
668 1942 786 1978 ισιούσης
791 1944 824 1979 τῇ
834 1943 904 1979 βρώ-

113 1997 192 2016 σειτε
202 1989 249 2015 καὶ
260 1990 294 2024 τῇ
304 1989 381 2016 πόσει
394 1989 443 2024 τῆς
452 1989 506 2016 ἀπὸ
519 1987 573 2015 τῶν
586 1988 715 2024 χειρόνων
726 1988 794 2024 πρὸς
803 1988 904 2024 τὰβελ-

112 2035 162 2061 τίω
172 2034 321 2069 μεταϐολῆς
332 2034 629 2066 καὶὲκστὰσεως.οὖτω
637 2033 775 2069 μεθύουσι,
785 2034 877 2066 καθὼς
886 2035 904 2070 ἡ

113 2079 267 2115 προφητεία
280 2080 373 2115 φησιν,
386 2081 410 2106 0i
423 2080 471 2115 τὴν
488 2080 604 2114 πιότητα
620 2079 667 2106 τοῦ
683 2080 757 2107 οἴκου
772 2079 819 2106 τοῦ
835 2079 902 2107 Θεοῦ

113 2126 246 2158 πίνοντες,
266 2124 367 2162 καὶ-τῷ
380 2125 521 2160 χειμάρρῳ
537 2125 586 2159 τῆς
599 2125 704 2160 τρυφῆς
720 2124 901 2160 ποτιζόμενοι.

953 1542 977 1564 et
995 1537 1083 1564 bibite.
1097 1534 1258 1562 Adltortatio
1273 1537 1365 1560 autem
1382 1532 1414 1560 ad
1427 1532 1586 1560 ebrietatem
1602 1538 1683 1566 quam
1699 1531 1745 1558 hic

954 1582 1084 1610 fratribus
1103 1580 1166 1608 fecit
1181 1579 1334 1615 Scriptura,
1347 1578 1468 1614 potuerit
1481 1577 1565 1605 videri
1583 1577 1678 1605 multis
1694 1577 1744 1604 ha-

954 1629 1018 1655 bere
1030 1625 1131 1662 aliquid
1147 1625 1264 1660 autplius
1279 1632 1360 1660 quam
1376 1623 1564 1659 Evangelium.
1583 1622 1635 1650 Sed
1653 1622 1675 1649 si
1692 1622 1743 1649 hoc

955 1674 1097 1708 diligenter
1112 1676 1139 1698 et
1152 1675 1281 1698 accurate
1296 1669 1382 1698 fuerit
1398 1669 1596 1701 examinatum,
1620 1667 1745 1695 invenie-

954 1725 999 1747 tur
1022 1724 1178 1746 consonare
1198 1716 1290 1744 verbis
1312 1714 1489 1750 cvangelicis.
1505 1714 1583 1747 Quod
1609 1713 1681 1741 enim
1700 1713 1744 1740 hic

954 1764 1037 1793 verbo
1048 1763 1133 1798 jussit
1148 1761 1255 1793 amicis,
1276 1760 1328 1787 hoc
1342 1759 1398 1787 illic
1417 1759 1507 1794 reipsa
1528 1759 1602 1790 fecit,
1619 1758 1744 1793 quando-

955 1808 1064 1845 quidem
1085 1806 1175 1834 omnis
1187 1805 1307 1833 ebrietas
1331 1805 1399 1832 solet
1414 1804 1530 1835 eilicere,
1548 1808 1578 1830 ut
1596 1810 1673 1830 mens
1694 1810 1743 1830 ex-

954 1859 1064 1880 cessum
1090 1850 1211 1886 patiatur
1228 1857 1242 1876 a
1257 1850 1321 1876 vino
1343 1853 1483 1884 superata.
1510 1846 1589 1881 Quod
1615 1855 1681 1882 ergo
1700 1848 1744 1876 hic

955 1899 1128 1929 adhortatur,
1145 1897 1196 1923 hoc
1220 1901 1288 1923 tunc
1301 1902 1411 1930 quoque
1431 1894 1533 1921 factum
1552 1898 1593 1921 est
1610 1901 1657 1928 per
1676 1893 1744 1920 divi-

954 1951 1019 1971 num
1041 1942 1116 1969 illum
1133 1941 1225 1968 cibum
1251 1945 1277 1967 et
1292 1944 1396 1975 potum,
1423 1942 1450 1965 et
1466 1945 1574 1974 semper
1595 1937 1633 1969 ﬁt,
1662 1938 1743 1965 sintut

954 1988 1134 2018 conveniente
1147 1994 1209 2014 cum
1221 1986 1282 2014 cibo
1297 1989 1326 2012 et
1340 1990 1404 2020 potu
1419 1984 1570 2012 mutatione
1585 1987 1612 2011 et
1627 1991 1742 2012 excessu

955 2043 970 2062 a
987 2033 1169 2062 deterioribus
1182 2027 1225 2060 ad
1244 2039 1275 2059 ea
1306 2038 1367 2066 quae
1392 2033 1457 2058 sunt
1476 2030 1599 2057 meliora.
1629 2029 1675 2057 Slc
1696 2030 1741 2056 in—

954 2080 1107 2112 ebriantur,
1119 2081 1149 2105 ut
1161 2077 1227 2104 dicit
1236 2076 1388 2112 prophetia,
1403 2076 1450 2111 qui
1465 2075 1563 2102 bibunt
1575 2083 1608 2102 ex
1621 2075 1745 2102 ubertate

956 2128 1064 2158 domus,
1097 2129 1125 2152 et
1151 2127 1283 2158 potantur
1308 2127 1431 2150 torrente
1458 2121 1617 2149 deliciarum
1630 2121 1663 2148 ".
1684 2121 1744 2154 Quo

113 2171 218 2207 Ὠσπερ
230 2170 367 2206 ἐμεθύσθη
381 2170 446 2197 ποτὲ
460 2170 508 2198 καὶ
522 2171 536 2197 ὁ
553 2170 641 2205 μέγας
658 2170 750 2203 Δαὸὶδ,
762 2171 806 2197 ὅτε
819 2171 900 2203 ὲκὸὰς

955 2172 1104 2200 inebriatus
1128 2168 1275 2204 aliquando
1291 2167 1342 2194 fuit
1357 2166 1438 2194 etiam
1454 2174 1569 2201 magnus
1592 2166 1687 2197 David,
1714 2170 1744 2193 ut

112 2217 194 2249 αὐτὸς
218 2217 326 2249 ἑαυτοῦ,
353 2216 401 2244 καὶ
424 2216 452 2243 ὲν
480 2217 608 2242 ἐκστάσει
625 2216 780 2251 γενόμενος.
800 2214 853 2243 εἶδε
872 2216 902 2242 τὸ

112 2263 226 2291 ἀθέατον
245 2263 352 2295 κάλλος,
365 2263 411 2290 καὶ
422 2262 471 2298 τὴν
484 2262 604 2297 ἀοίδιμον
620 2262 726 2297 ἐκείνην
739 2262 830 2298 φωνὴν
843 2261 901 2295 ἐξε-

113 2308 228 2344 ϐόησεν·
254 2309 294 2335 ὅτι
321 2308 383 2342 Πᾶς
411 2308 565 2342 ἅνθρωπος
586 2308 742 2342 ψεύστης·
762 2307 834 2343 λόγῳ
847 2307 901 2334 τῶν

113 2353 259 2389 ἁφράστων
268 2352 409 2388 θησαυρῶν
421 2353 576 2388 ἐπιτρέπων
582 2353 630 2388 τὴν
639 2353 796 2388 ἑρμηνείαν.
807 2353 900 2385 Οὕτως

112 2398 250 2434 ἐμεθύσθη
275 2400 321 2425 καὶ
346 2400 359 2425 ὁ
377 2399 507 2434 νεώτερος
525 2398 651 2434 Βενιαμὶν
673 2399 788 2431 Παῦλος,
805 2399 850 2426 ὅτε
872 2400 901 2426 ὲν

112 2444 240 2474 ἐκστάσει
252 2445 355 2479 ἐγένετο
371 2445 472 2477 λέγων·
486 2445 554 2472 Εἷτε
568 2444 622 2480 γὰρ
634 2444 810 2479 ἐξέστημεν,
828 2444 899 2477 Θεῷ·

112 2491 181 2526 πρὸς
195 2492 297 2517 ἐκεῖνον
309 2491 361 2527 γὰρ
379 2491 459 2518 αὑτὸν
471 2491 488 2526 ἡ
497 2491 623 2523 ἔκστασις
634 2488 668 2526 ἦν
678 2498 684 2505 ·
703 2491 767 2517 εἴτε
783 2498 900 2525 σωφρο-

112 2536 235 2571 νοῦμεν,
264 2536 352 2571 ὑμῖν*
382 2536 419 2567 ὡς
446 2536 564 2563 ἐδείκνυε
585 2537 640 2568 τοῖς
661 2535 729 2572 πρὸς
739 2535 784 2562 τὸν
797 2536 900 2570 Φῆστον

111 2582 211 2617 λόγοις,
226 2582 322 2608 ἑαυτὸν
340 2582 377 2618 μὴ
403 2582 573 2617 μαινόμενον,
597 2582 665 2609 ἀλλὰ
682 2582 859 2619 σωφροσύνης
869 2591 899 2609 τε

111 2629 159 2655 καὶ
171 2627 345 2663 δικαιοσύνης
372 2627 611 2662 ἁποφθεγγόμενον
627 2628 747 2664 ῥήματα.
766 2626 830 2655 Οἶδα
853 2629 900 2655 καὶ

110 2673 158 2701 τὸν
176 2673 309 2709 μακάριον
323 2672 423 2708 Πέτρον
440 2673 469 2699 ὲν
486 2671 522 2707 τῷ
537 2672 648 2708 τοιούτῳ
668 2673 717 2708 τῆς
736 2673 821 2708 μέθης
835 2672 900 2699 εἴδει

151 2774 174 2791 ¹⁹
185 2773 252 2801 Lur.
269 2782 347 2805 χχιιι,
365 2775 408 2802 56.
436 2774 459 2790 ¹⁶
473 2773 481 2800 Ι
495 2773 559 2801 Cor.
581 2772 676 2803 “.51.

115 2816 179 2839 cxv.
199 2809 243 2836 11.
299 2811 319 2826 ¹¹
336 2810 356 2837 ll
369 2811 433 2837 (lor.
452 2809 529 2841 v,i5.
565 2809 588 2823 ¹¹
609 2808 668 2834 Act.
692 2814 767 2834 xxvi.
784 2806 819 2833 25
832 2815 891 2842 sqq.

732 2772 754 2787 ιτ
767 2771 786 2798 ΙΙ
804 2771 868 2798 Cor.
884 2781 903 2803 ι,
915 2772 958 2799 16.
988 2773 1009 2788 ¹⁸
1025 2771 1119 2800 Matth.
1139 2779 1202 2804 xxv,
1230 2770 1274 2798 55.

952 2218 998 2254 qui
1019 2224 1080 2244 cum
1095 2223 1110 2243 a
1128 2223 1157 2243 se
1174 2213 1350 2244 excessisset,
1366 2216 1393 2240 et
1408 2211 1506 2238 fuisset
1521 2212 1547 2239 in
1560 2211 1678 2244 exstasi,
1704 2213 1744 2239 vt-

953 2263 992 2290 dit
1020 2259 1249 2297 pulchritudinem
1268 2266 1327 2293 quae
1351 2265 1406 2285 non
1428 2257 1500 2284 cadit
1516 2257 1567 2284 sub
1590 2261 1741 2292 aspectum,

953 2308 1142 2343 insignemque
1157 2309 1184 2333 et
1204 2305 1339 2332 celebrem
1361 2303 1435 2330 illam
1452 2303 1614 2330 exclamavit
1628 2310 1741 2332 vocem:

955 2353 1047 2381 Omnis
1064 2352 1140 2378 homo
1164 2349 1276 2377 mendaci:
1289 2349 1324 2381 ιθ,
1347 2348 1465 2376 orationi
1490 2349 1679 2376 thesaurorum
1699 2350 1742 2376 in-

954 2397 1098 2426 etlahilium
1126 2396 1287 2432 permittens
1316 2395 1578 2430 interpretationem.
1611 2394 1656 2421 Sic
1693 2397 1738 2422 in-
1774 2399 1779 2404 ‘

953 2443 1075 2472 ebriatus
1086 2449 1195 2477 quoque
1208 2440 1259 2468 fuit
1269 2447 1356 2468 novus
1368 2444 1462 2467 noster
1475 2440 1614 2475 Benjamiu
1630 2440 1741 2474 Paulus,

953 2491 1080 2525 quoniam
1099 2488 1150 2515 l‘uit
1163 2487 1190 2514 in
1207 2486 1309 2514 exstasi
1323 2493 1387 2513 cum
1402 2486 1520 2514 diceret:
1536 2485 1595 2514 Sive
1611 2488 1680 2513 enim
1695 2494 1742 2514 ex-

953 2537 1089 2567 cessimus,
1112 2534 1165 2561 Deo
1186 2533 1235 2566 (ad
1253 2533 1327 2560 illum
1347 2532 1419 2560 enim
1436 2536 1494 2560 erat
1517 2533 1677 2568 excessus),
1691 2534 1744 2560 sive

953 2581 1035 2609 sobrii
1049 2589 1151 2612 sumus,
1166 2579 1237 2606 vobis
1247 2580 1286 2612 *';
1302 2579 1374 2606 sicut
1393 2586 1454 2606 cum
1470 2578 1497 2605 in
1516 2578 1549 2606 iis
1560 2586 1620 2613 quae
1636 2579 1743 2605 dicebat

953 2625 1045 2657 Festo,
1063 2632 1093 2652 se
1112 2632 1165 2651 non
1182 2623 1302 2651 insanire
1315 2623 1479 2658 enuntiaret.
1502 2623 1550 2651 sed
1571 2623 1643 2658 loqui
1660 2623 1742 2650 verba

955 2671 1113 2700 sobrietatis
1124 2675 1151 2699 et
1161 2670 1275 2705 justitia:
1285 2670 1318 2696 ²².
1336 2668 1404 2696 Novi
1414 2669 1496 2696 etiam
1508 2669 1616 2696 beatum
1629 2669 1741 2696 Petrum

1310 2769 1414 2798 "Psalu
1444 2777 1526 2802 un,
1546 2769 1573 2797 9.
1621 2768 1645 2784 ὀ
1666 2763 1736 2794 Psal.
