1984 3068
132 148 184 174 995

652 143 683 170 iN
699 141 848 172 CANTICA
865 140 1000 170 CANTIC.
1023 140 1162 168 iiOMlLlA
1181 139 1226 166 XI.

1699 138 1751 166 994

132 201 218 229 οὐδενὶ
232 200 285 226 τῶν
309 200 490 236 αἰσθητηρίων
508 199 766 235 παρεπχλούμενος,
789 200 826 231 ὡς
843 199 919 234 ὕπνῳ

974 198 1072 226 Revera
1089 199 1161 227 enim
1189 198 1309 233 quandiu
1335 196 1392 225 sola
1418 196 1508 224 anima
1534 196 1561 223 in
1581 203 1611 224 se
1628 195 1705 228 vivit,
1734 202 1750 222 λ

132 248 185 274 τινὶ
200 247 246 273 καὶ
253 246 483 282 κώματιπάρετος
496 246 564 282 ἢτοῦ
580 246 704 281 σώματος
719 245 915 280 γίνοιτοφύσις,

132 294 179 320 καὶ
195 293 302 327 ἀληθῶς
319 292 392 319 ἐστιν
416 293 513 324 ειπεῖν,
529 292 570 318 ὃτι
585 292 712 327 κοιμᾶται
733 291 766 317 δι’
782 290 917 326 ἀπραξίας

132 339 149 374 ἠ
162 339 267 373 ὅρασις,
286 337 492 373 ἀτιμαζομένων
500 337 553 364 τῶν
568 337 711 372 θεαμάτων
728 336 849 366 ἐκείνων,
867 336 917 362 ὅσα.

132 384 181 414 τὰς
196 383 323 414 παιδικὰς
339 382 414 417 ὄψεις
427 382 588 416 ἐκπλήττειν
599 382 702 409 εἴωθεν.
718 382 754 408 Οὐ
773 381 858 408 ταῦτα
873 381 917 408 λέ-

133 436 173 462 γω
191 428 258 462 μόνα
272 427 290 454 a
309 427 359 462 τῆς
379 427 496 461 γεώδους
513 427 579 462 ὕλης
596 428 679 458 ἐστὶν,
695 424 750 453 οἷον
766 427 876 462 χρυσίον
888 435 918 452 τε

135 474 182 500 καὶ
199 473 341 508 ἀργύριον,
357 474 404 500 καὶ
423 473 477 500 τῶν
499 473 580 499 λίθων
603 474 696 500 ἐκεῖνα
716 473 766 499 ὅσα
782 473 826 499 διά
846 481 918 504 τινος

134 520 259 555 εὐχροίας
273 521 342 546 κινεῖ
351 520 406 550 τοῖς
420 518 567 554 ὀφθαλμοῖς
581 518 630 554 τὴν
640 518 770 554 λιχνείαν,
790 517 858 545 ἀλλὰ
872 519 919 545 καὶ

134 564 168 591 τὰ
184 564 249 598 περὶ
261 564 306 590 τὸν
320 564 434 599 οὐρανὸν
458 563 606 599 φαινόμενα
631 561 845 598 θαύματα,αῒτε
864 564 918 590 τῶν

134 610 257 645 ἀστέρων
270 610 363 644 αὐγαὶ,
380 609 481 636 καὶτοῦ
492 609 566 643 ἡλίου
582 610 596 635 ὁ
611 608 719 641 κύκλος,
733 608 781 635 καὶ
794 609 824 635 τὸ
839 608 918 635 πολύ-

136 664 238 691 μορφον
257 657 306 690 τῆς
320 655 433 689 σελήνης
451 652 530 686 εἶδος,
545 655 593 681 καὶ
608 654 633 680 ετ
642 663 668 680 τι
680 654 742 680 ἄλλο
752 655 807 686 τοῖς
821 653 919 688 ὀφθαλ-

137 703 197 737 μοῖς
216 702 312 736 ήόονὴν
325 701 413 736 φέρει,
426 700 470 727 διὰ
487 701 518 727 τὸ
531 700 613 734 μηδὲν
628 701 666 731 εἰς
678 700 720 726 ἀεὶ
736 700 836 735 μένειν,
853 700 919 726 ἀλλὰ

136 745 394 780 συμμετακινεῖσθαι
410 746 443 780 τῇ
462 745 569 779 παρόδῳ
579 744 624 770 τοῦ
633 744 738 779 χρόνου,
754 744 799 770 καὶ
816 753 920 779 συμπε-

136 790 288 826 ριάγεσθαι.
302 790 414 817 Πάντων
431 789 484 815 τῶν
503 789 629 815 τοιούτων
648 789 864 824 ὑπεροφθέντων,
877 789 920 815 διὰ

134 837 185 872 τὴν
200 836 253 863 τῶν
267 836 400 871 ἀληθινῶν
414 835 522 869 ἀγαθῶν
547 835 672 870 θεωρίαν,
688 835 803 869 πάρετός
820 835 893 861 ἐστιν
907 835 920 860 ὁ

967 244 1092 272 sensibus
1117 243 1228 270 minime
1246 243 1416 278 perturbata,
1433 246 1563 277 tanquam
1585 241 1636 269 sub
1652 247 1749 268 somno

967 295 993 318 et
1008 297 1105 325 sopore
1117 289 1235 325 quodam
1255 292 1362 316 tenetur
1376 293 1472 316 natura
1489 287 1623 322 corporis,
1644 291 1674 314 et
1688 294 1751 314 vere

967 336 1021 363 dici
1039 339 1137 371 potest,
1152 335 1225 370 quod
1243 334 1360 362 dormiat
1374 335 1450 362 visus
1463 341 1510 369 per
1524 333 1705 361 cessationem
1716 331 1751 358 ab

967 390 1059 417 opere.
1087 381 1254 416 contemptui
1278 379 1379 408 habilis
1407 380 1462 407 illis
1491 379 1666 413 spectaculis,
1691 385 1751 412 qua:

968 433 1115 461 puerorum
1135 425 1223 453 oculis
1241 425 1328 453 solent
1343 423 1439 451 alferre
1452 427 1601 457 stuporem.
1628 422 1688 449 Non
1708 430 1749 451 ea.

969 473 1090 506 inquam,
1108 472 1165 499 sola
1179 478 1239 506 qua:
1251 474 1315 499 sunt
1327 474 1430 497 natura:
1442 469 1591 499 terrestris,
1607 473 1636 495 ut
1654 475 1750 494 aurum

968 522 994 545 et
1010 522 1161 552 argentum,
1173 520 1200 544 et
1216 523 1328 552 gemma:
1342 523 1402 550 qua:
1422 515 1536 550 pulchro
1556 514 1647 548 aliquo
1661 513 1752 540 colore

968 562 1109 590 oculorum
1126 566 1236 589 movent
1250 561 1417 593 aviditatem,
1437 559 1484 588 sed
1511 564 1536 586 et
1559 559 1689 586 miracula
1706 558 1750 584 illa

968 616 1028 644 qua:
1045 612 1187 636 moventur
1205 608 1232 635 in
1249 607 1328 639 coelo,
1345 610 1372 633 et
1386 606 1525 634 stellarum
1540 605 1710 640 splendores,
1727 607 1753 630 et

968 656 1043 683 orbis
1065 654 1142 685 solis,
1162 652 1357 687 multiplexque
1378 655 1405 678 et
1429 650 1504 677 varia
1524 651 1595 677 luna:
1611 649 1709 680 forma,
1727 653 1753 675 et

970 702 991 728 si
1017 700 1082 736 quid
1106 700 1180 726 aliud
1199 698 1277 726 aﬂ‘ert
1299 698 1463 732 voluptatem
1482 696 1581 728 oculis,
1610 699 1753 730 propterea

970 747 1043 782 quod
1064 745 1133 773 nihil
1153 748 1286 780 perpetuo
1301 746 1418 776 maneat,
1444 742 1491 770 sed
1509 742 1589 769 simul
1614 744 1754 768 moveatur

969 797 997 820 et
1011 792 1211 826 circumagatur
1224 798 1285 817 cum
1298 790 1416 816 motione
1428 794 1455 816 et
1471 795 1598 815 mensura
1610 786 1751 821 temporis.

971 837 1020 865 liis
1039 837 1166 864 omnibus
1187 834 1323 870 despectis
1346 837 1455 868 propter
1472 840 1599 860 verorum
1620 833 1753 859 bonorum

135 882 182 908 τοῦ
196 881 319 918 σώματος
334 881 480 916 ὁφθαλμὺς,
500 881 568 916 πρὸς
595 881 670 907 οὐδὲν
684 881 737 908 τῶν
755 880 818 915 παρ’
838 880 918 906 αὑτοῦ

974 881 1239 916 contemplationem.
1254 880 1360 907 otiosus
1377 883 1419 907 est
1432 879 1527 906 oculus
1541 878 1674 912 corporis,
1691 884 1753 904 cum

137 927 369 962 ὑποδεικνυμένων
392 927 440 961 τῆς
455 925 628 960 τελειοτέρας
648 925 737 960 ψυχῆς
753 925 919 959 καθελκομέ-

135 981 194 1007 νης.
212 972 256 999 διὰ
267 972 298 999 τὸ
319 972 387 1008 μόνα
409 972 518 1007 βλέπειν
531 973 563 1007 τῇ
578 971 681 1006 διανοίᾳ.
699 971 732 998 τὰ
746 972 801 998 τῶν
816 971 919 1006 ὁρατῶν

136 1016 330 1052 ὑπερκείμενα..
345 1015 422 1043 Οὕτω
433 1017 478 1042 καὶ
493 1017 509 1051 ἡ
521 1016 588 1051 ἀκοὴ
600 1017 684 1052 νεκρά
698 1025 741 1048 τις
754 1016 801 1043 καὶ
813 1016 920 1052 ἁνενέρ-

136 1069 219 1096 γητος
231 1061 346 1096 γίνεται,
365 1061 433 1097 πρὸς
447 1061 481 1088 τὰ
495 1062 565 1097 ὑπὲρ
580 1061 658 1096 λόγον
670 1062 719 1097 τῆς
738 1062 826 1097 ψυχῆς
839 1062 919 1096 ἀσχο-

133 1114 181 1133 mu
185 1115 280 1142 μενης.

171 1197 212 1223 Τὰ
228 1196 256 1222 δὲ
273 1196 475 1231 κτηνωδέστερα
491 1197 542 1223 τῶν
565 1196 716 1232 αἰσθήσεων
728 1217 734 1229 ,
759 1196 818 1223 οὔτε
833 1196 921 1230 λέγειν

136 1243 222 1276 ἄξιον,
238 1244 279 1269 ὅτι
297 1244 435 1279 πόρρωθεν
458 1244 581 1279 καθάπερ
595 1253 637 1275 τις
653 1243 790 1280 νεκρὼδης
806 1243 921 1270 δυσωδία

137 1289 186 1324 τῆς
205 1289 294 1323 ψυχῆς
323 1289 520 1324 ἁπορῤίπτεται
535 1310 541 1320 ,
567 1290 583 1324 ἦ
608 1298 638 1315 τε
662 1289 849 1325 ρηνηλατοῦσα
872 1289 921 1320 τὰς

137 1334 223 1369 ὀσμὰς
257 1334 410 1369 ὗσφρησις,
437 1334 483 1361 καὶ
504 1335 521 1370 ή
545 1336 577 1370 τῇ
603 1334 715 1370 λατρεία
746 1334 796 1369 τῆς
820 1334 922 1366 κοιλίας

138 1379 350 1415 προσκαθημένη
366 1379 469 1413 γεῦσις,
491 1380 538 1406 καὶ
560 1381 576 1415 ὴ
600 1379 655 1415 ἁφὴ
679 1380 747 1416 πρὸς
761 1380 874 1412 τούτοις,
892 1381 923 1406 τὸ

134 1425 339 1459 ’ἀνδραποδῶδες
363 1427 409 1452 καὶ
436 1425 533 1460 τυφλὸν
559 1425 743 1461 αἰσθητήριον,
766 1426 780 1452 ὃ
795 1426 864 1460 τάχα
879 1426 922 1452 διὰ

138 1472 199 1502 τοίς
217 1471 332 1504 τυφλοὺς
355 1471 433 1506 μόνον
454 1472 471 1506 ἡ
487 1471 566 1505 φύσις
587 1471 722 1506 ἐποίησεν.
749 1468 799 1498 ’Ὡν
815 1472 922 1498 πάντων

138 1515 231 1551 ὥσπερ
244 1517 271 1542 ἐν
284 1516 359 1552 ὕπνῳ
372 1517 423 1543 τινὶ
437 1517 470 1543 δι’
484 1517 619 1552 ἀπραξίαν
636 1517 856 1553 κεκρατημένων,
872 1526 921 1544 κα-

140 1560 208 1595 θαρὰ
221 1562 270 1596 τῆς
283 1562 392 1597 καρδίας
409 1562 481 1589 ἐστὶν
493 1563 509 1597 ἡ
529 1562 662 1598 ἐνέργεια,
677 1563 724 1589 καὶ
741 1563 808 1597 πρὸς
822 1563 853 1588 τὺ
867 1562 923 1589 ἄνω

140 1606 232 1641 βλέπει
246 1608 259 1633 ὁ
273 1607 410 1642 λογισμὸς,
424 1608 607 1643 ἀπεριήχητος
622 1608 709 1643 μένων
724 1610 756 1635 ἐκ
770 1608 819 1643 τῆς
830 1607 924 1643 αἰσθη-

139 1653 216 1688 τικῆς
234 1653 365 1688 κινήσεως
384 1653 431 1679 καὶ
446 1653 589 1685 ἀθόλωτος.
604 1655 706 1689 Διπλῆς
726 1655 780 1690 γὰρ
798 1654 881 1690 οὔσης
896 1656 924 1681 ὲν

137 1700 172 1734 τῇ
189 1699 345 1735 ἀνθρωπίνῃ
360 1699 439 1733 φύσει
462 1700 512 1734 τῆς
535 1700 648 1735 ήδονῆς”
671 1701 720 1735 τῆς
745 1701 792 1736 μὲν
810 1703 838 1728 ὲν
850 1701 922 1737 ψυχῇ

134 1744 172 1771 δι’
186 1745 320 1776 ἀπαθείας
337 1745 543 1780 ἐνεργουμένης,
554 1746 603 1781 τῆς
617 1746 646 1772 δὲ
655 1746 698 1772 διὰ
715 1746 816 1778 πάθους
831 1748 858 1773 ὲν
871 1747 923 1773 σώ-

142 1798 217 1825 ματι,
234 1791 322 1825 ἤνπερ
336 1790 368 1817 ἂν
391 1790 421 1822 ἐξ
440 1791 602 1826 ἀμφοτέρων
615 1793 631 1826 ἡ
648 1792 806 1827 προαίρεσις
821 1793 923 1828 ἕληται,

138 1834 207 1870 αὕτη
221 1835 291 1862 κατὰ
302 1836 350 1870 τῆς
364 1836 457 1872 ἐτέρας
471 1835 501 1862 τὺ
514 1836 612 1871 κράτος
625 1836 690 1871 ἔχει.
711 1837 754 1869 Ὡς
767 1837 793 1863 εί
805 1846 846 1869 τις
858 1838 924 1874 πρὸς

139 1879 187 1914 τὴν
209 1879 334 1914 αἴσθησιν
353 1879 455 1914 βλέποι,
471 1880 520 1915 τὴν
541 1880 574 1906 δι’
589 1881 673 1916 αὐτῆς
695 1882 870 1917 ἐμφυομένην
886 1883 925 1917 τῷ

140 1922 246 1958 σώματι
260 1923 354 1958 ἡδονὴν
367 1924 556 1959 ἐφελκόμενος,
574 1925 706 1959 ἄγευστος
720 1927 769 1962 τῆς
788 1927 861 1959 θείας
878 1927 924 1954 εὐ-

139 1968 277 2004 φροσύνης
293 1969 473 2002 διαϐιώσεται,
497 1969 563 1997 διότι
577 1971 682 2006 πέφυκέ
698 1981 755 2003 πως
773 1974 924 2000 ἐπισκοτεῖ-

140 2013 203 2040 σθαι
217 2013 246 2039 ct
260 2015 381 2048 κρεῖττον
394 2015 445 2041 ὑπὸ
456 2015 502 2041 τοῦ
512 2016 642 2051 χείρονος.
659 2014 706 2048 Οἷς
716 2017 737 2043 δ’
750 2017 782 2044 ἂν
794 2017 925 2052 ἐπιθυμία

139 2058 188 2092 τὴν
204 2058 271 2093 πρὸς
285 2058 314 2084 τὸ
322 2058 398 2085 Θεῖον
414 2059 469 2094 ἔχει
485 2060 580 2095 ῥοπὴν,
594 2060 698 2093 τούτοις
714 2062 925 2097 ἀνεπισκότητον

142 2104 216 2139 μένει
236 2103 266 2130 τὸ
281 2104 392 2138 ἀγαθὸν,
411 2105 458 2132 καὶ
480 2106 594 2140 φευκτὸν
617 2107 688 2133 ἅπαν
705 2108 842 2142 νομίζεται
856 2107 924 2134 εἶναι

140 2149 170 2175 τὸ
184 2150 384 2184 καταγοητεῦον
407 2150 457 2185 τὴν
474 2151 608 2186 αἴσθησιν.
635 2153 684 2179 Διὰ
706 2153 784 2179 τοῦτο
803 2155 819 2187 ἡ
841 2154 923 2190 ψυχὴ,

970 928 1002 954 ad
1018 927 1086 954 nihil
1099 934 1193 955 eorum
1208 934 1268 961 quae
1287 926 1321 954 ab
1340 926 1400 961 ipso
1418 925 1598 952 ostenduntur
1622 922 1755 958 perfectio

970 971 1122 998 attrahatur
1148 971 1255 1004 auinue,
1284 975 1426 1005 propterea
1453 969 1524 1004 quod
1541 968 1707 1003 cogitatione
1723 975 1755 995 ea

970 1018 1027 1045 sola
1041 1018 1157 1052 aspiciat
1172 1024 1233 1052 qua:
1252 1020 1315 1044 sunt
1331 1016 1473 1051 superiora
1496 1015 1530 1042 iis
1546 1021 1606 1049 qua:
1620 1013 1753 1040 videntur.

971 1063 1008 1089 ita
1027 1063 1108 1090 etiam
1121 1066 1244 1089 mortuus
1258 1066 1298 1089 est
1317 1061 1426 1088 auditus
1443 1066 1469 1087 et
1484 1067 1596 1087 cessans
1612 1059 1645 1086 ab
1657 1065 1754 1093 opera-

969 1107 1055 1140 tione,
1072 1114 1135 1134 cum
1155 1107 1183 1134 in
1202 1107 1239 1135 iis
1255 1114 1316 1141 qua:
1335 1110 1398 1134 sunt
1416 1113 1498 1140 supra
1518 1105 1651 1132 rationem
1671 1111 1753 1131 occu-

970 1156 1050 1187 petur
1064 1153 1165 1180 anima.
1422 1159 1427 1164 '

1005 1196 1044 1224 De
1057 1198 1181 1225 sensibus
1196 1201 1286 1225 autem
1301 1198 1386 1233 magis
1403 1197 1528 1225 belluims
1544 1205 1598 1225 non
1624 1197 1755 1225 convenit

972 1242 1073 1277 aliquid
1092 1243 1198 1276 dicere,
1222 1243 1292 1278 quod
1323 1243 1427 1270 scilicet
1453 1247 1583 1278 tanquam
1613 1244 1753 1271 morticini

972 1287 1107 1322 quispiam
1127 1288 1196 1316 fetor
1208 1289 1242 1315 ab
1260 1289 1350 1316 anima
1369 1289 1405 1316 sit
1421 1289 1555 1323 abjcctus,
1582 1293 1609 1316 ct
1641 1290 1755 1317 naribus

972 1333 1071 1360 odores
1085 1338 1197 1367 captans
1214 1333 1361 1366 odoratus,
1377 1337 1404 1361 et
1418 1334 1520 1362 ventris
1545 1335 1656 1362 servitio
1685 1336 1756 1362 assi-

972 1377 1040 1405 dens
1056 1382 1164 1412 gustus,
1176 1383 1203 1406 et
1219 1383 1348 1414 prazlerea
1364 1383 1461 1411 lactus,
1479 1380 1524 1415 qui
1546 1381 1644 1408 servile
1659 1386 1685 1408 et
1701 1389 1753 1408 ca:-

973 1431 1034 1450 cum
1049 1428 1089 1450 est
1119 1424 1252 1451 sentiendi
1285 1425 1507 1457 instrumentum,
1539 1425 1611 1460 quod
1644 1426 1753 1460 quidem

974 1469 1042 1496 forte
1057 1473 1167 1504 propter
1183 1477 1269 1497 caecos
1286 1470 1348 1498 fecit
1370 1475 1476 1498 natura.
1506 1471 1571 1504 Qua:
1585 1473 1677 1498 omnia
1693 1480 1754 1499 cum

974 1519 1085 1550 propter
1098 1515 1276 1543 cessationem
1298 1517 1332 1543 ab
1349 1524 1439 1551 opere,
1454 1521 1582 1551 tanquam
1598 1525 1695 1545 somno
1711 1518 1758 1544 ali-

974 1566 1028 1594 quo
1047 1558 1101 1585 sint
1115 1559 1185 1586 victa
1199 1563 1225 1586 et
1240 1567 1381 1594 oppressa,
1407 1569 1474 1596 pura
1498 1565 1540 1590 est
1552 1562 1643 1590 cordis
1660 1570 1756 1597 opera-

975 1605 1022 1637 tio,
1038 1607 1064 1630 et
1078 1611 1187 1631 rursum
1203 1605 1302 1640 aspicit
1321 1606 1460 1641 cogitatio,
1477 1611 1507 1634 ut
1532 1616 1592 1643 quae
1614 1616 1629 1635 a
1657 1616 1756 1636 sensus
1802 1611 1808 1619 '

975 1650 1095 1676 motione
1110 1649 1145 1676 sit
1159 1649 1242 1677 libera
1258 1654 1284 1677 et
1300 1651 1409 1679 minime
1430 1653 1596 1686 perturbata.
1611 1653 1677 1680 Nam
1692 1662 1754 1682 cum

975 1693 1002 1720 in
1019 1694 1158 1721 hominum
1170 1701 1267 1722 natura
1279 1696 1377 1731 duplex
1394 1697 1430 1724 sit
1447 1698 1579 1733 voluptas,
1596 1700 1679 1727 allera
1695 1700 1756 1734 qui-

975 1739 1036 1766 dem
1050 1747 1111 1775 quae
1126 1745 1269 1768 exercetur
1284 1742 1311 1768 in
1330 1743 1418 1770 anima
1437 1752 1485 1778 per
1510 1745 1736 1779 impatibilitalem
1747 1765 1755 1777 ,

975 1784 1060 1811 altera
1079 1793 1143 1812 vero
1158 1793 1205 1820 per
1225 1788 1455 1820 perturbationem
1472 1789 1555 1816 animi
1572 1790 1599 1816 in
1630 1798 1753 1825 corpore,

975 1837 1056 1864 quam
1072 1837 1103 1856 ex
1118 1830 1248 1857 alubabus
1263 1831 1377 1859 liberum
1405 1833 1516 1868 elegerit
1545 1834 1698 1867 arbitrium,
1725 1844 1756 1864 ea

975 1875 1129 1903 dominatur
1143 1875 1169 1902 in
1182 1877 1305 1904 alteram.
1321 1877 1372 1910 Qui
1390 1878 1461 1905 enim
1477 1879 1574 1914 aspicit
1587 1880 1619 1906 ad
1633 1888 1769 1913 sensum,

975 1920 1021 1954 qui
1038 1928 1085 1954 per
1099 1928 1128 1948 se
1143 1921 1254 1949 innatus
1272 1927 1314 1950 est
1334 1924 1456 1958 corpori,
1473 1924 1496 1952 is
1521 1928 1625 1953 tractus
1644 1933 1659 1952 a
1678 1927 1756 1954 volu-

974 1970 1056 2001 ptate,
1070 1967 1153 1994 vitam
1167 1968 1293 1995 transibit
1310 1977 1407 2004 expers
1423 1976 1519 2004 gustus
1532 1971 1631 2000 divinm
1646 1973 1754 2005 laetitiae.

976 2016 1118 2047 propterea
1136 2013 1206 2048 quod
1219 2015 1288 2041 solet
1308 2015 1470 2050 plerumque
1484 2018 1555 2052 quod
1583 2020 1757 2053 praestantius

976 2062 1030 2090 est,
1049 2066 1063 2084 a
1089 2058 1217 2086 deteriori
1248 2061 1399 2088 obscurari.
1420 2062 1525 2094 Quibus
1544 2068 1632 2091 autem
1650 2064 1757 2093 deside-

977 2105 1045 2131 rium
1059 2105 1091 2131 ad
1110 2105 1192 2132 Deum
1206 2110 1248 2133 est
1270 2105 1445 2141 propensum,
1465 2109 1498 2137 iis
1528 2117 1581 2136 non
1607 2110 1757 2139 involutum

976 2149 1096 2177 tenebris
1112 2155 1201 2178 manet
1214 2151 1326 2184 bonum,
1341 2157 1368 2179 et
1383 2158 1510 2180 censetur
1524 2161 1585 2182 esse
1602 2155 1758 2189 fugiendum

140 2195 203 2220 ὅταν
227 2195 294 2230 μόνῃ
317 2197 349 2230 τῇ
369 2195 470 2232 θεωρίᾳ
492 2196 538 2222 τοῦ
560 2196 635 2228 ὄντος
648 2198 836 2234 εὐφραίνηται,
857 2201 921 2235 πρὸς

977 2193 1108 2229 quidquid
1120 2196 1203 2222 veluti
1216 2197 1379 2231 quibusdam
1398 2199 1511 2233 magicis
1531 2201 1697 2229 carminibus
1712 2202 1759 2230 dc-

139 2240 215 2266 οὗδὲν
241 2241 374 2277 ἐγρήγορε
392 2242 446 2268 τῶν
468 2242 669 2277 ἐνεργουμένων
695 2243 755 2270 καθ’
777 2244 873 2280 ἡδονὴν
891 2246 923 2272 δι’

141 2285 308 2320 αἰσθήσεως·
333 2286 401 2313 ἀλλὰ
417 2287 505 2313 πᾶσαν
522 2288 679 2324 σωματικὴν
698 2291 924 2326 κατακοιμήσασα

140 2332 256 2366 κίνησιν,
273 2333 363 2367 γυμνῇ
380 2341 409 2358 τε
427 2333 473 2359 καὶ
500 2334 607 2369 καθαρᾷ
627 2335 660 2369 τῇ
683 2334 786 2371 διανοίᾳ
808 2335 852 2362 διὰ
876 2337 924 2371 τῆς

140 2377 214 2408 θείας
229 2378 420 2413 ἐγρηγόρσεως
442 2379 548 2414 δέχεται
563 2380 609 2406 τοῦ
624 2380 691 2407 Θεοῦ
703 2380 751 2416 τὴν
765 2382 924 2416 ἐμφάνειαν.

140 2419 194 2453 Ἦς
206 2422 252 2449 καὶ
268 2424 348 2458 ἡμεῖς
359 2422 540 2459 ἀξιωθείημεν
553 2424 597 2452 διὰ
611 2425 657 2452 τοῦ
681 2426 739 2461 είρη
746 2426 825 2460 μένου
842 2426 924 2454 ὕπνου

140 2469 334 2504 κατορθοῦντες
368 2469 417 2504 τῆς
457 2470 546 2506 ψυχῆς
581 2471 630 2506 τὴν
664 2472 838 2508 ἐγρήγορσιν.
883 2473 926 2499 Ἐν

140 2513 248 2548 Χριστῷ
271 2513 369 2548 Ἰησοῦ,
389 2510 410 2548 ᾧ
425 2515 441 2549 ή
458 2514 520 2546 δόξα
537 2515 576 2547 είς
591 2517 651 2548 τοὺς
673 2515 774 2548 αἰῶνας
795 2516 848 2544 τῶν
863 2516 925 2542 αἰώ-

139 2566 201 2584 νων.
210 2557 306 2594 Ἀμήν.

437 2648 558 2674 ΘΜῘᾹΙᾹ
579 2649 628 2675 lA'.

175 2691 260 2724 Φωνὴ
284 2691 446 2726 ἀδελφιδοῦ
469 2703 528 2727 μου
555 2696 654 2728 κρούει
674 2696 723 2722 ἐπὶ
745 2697 802 2731 τὴν
822 2698 925 2732 θύραν.

143 2737 281 2768 Ἀνοιξόν
289 2746 350 2771 μοι,
360 2739 378 2771 ἡ
387 2738 502 2773 ἀδελφή
512 2749 583 2774 μου,
596 2739 615 2773 ἠ
625 2742 757 2775 πλησίον
766 2751 836 2776 μου,
847 2752 927 2777 περι-

140 2781 312 2816 erepti-110v,
331 2785 429 2810 τελεία
444 2793 514 2818 μων
532 2785 577 2812 ὅτι
593 2786 612 2820 ἠ
631 2786 746 2820 κεφαλή
759 2796 818 2821 μου
835 2788 926 2820 ἐπλή-

139 2829 200 2861 σθη
212 2825 335 2862 δρόσου,
353 2829 400 2856 καὶ
417 2831 445 2856 ol
455 2830 625 2865 ﬁdc'rfvxol
641 2841 700 2866 μου
721 2832 861 2866 ψεκάδων
875 2843 924 2863 νυ-

978 2240 1037 2266 linit
1052 2247 1084 2266 ac
1095 2240 1195 2274 decipit
1217 2249 1338 2269 sensum.
1367 2242 1513 2277 Propterea
1531 2246 1621 2273 anima
1650 2249 1759 2282 quando

978 2286 1128 2313 delectatur
1145 2287 1203 2314 sola
1226 2288 1286 2321 ejus
1316 2289 1388 2322 quod
1404 2295 1446 2317 est
1469 2292 1708 2327 contemplatione,
1725 2296 1757 2322 ad

978 2331 1045 2358 nihil
1061 2332 1160 2359 dicitur
1189 2333 1301 2367 vigilare
1317 2341 1411 2361 eorum
1443 2343 1503 2370 quae
1531 2337 1565 2364 ad
1594 2337 1759 2373 voluptatem

979 2377 1045 2404 tiunt
1062 2385 1110 2412 per
1122 2385 1243 2412 sensum.
1266 2379 1312 2406 sed
1328 2380 1401 2406 omni
1417 2388 1499 2408 sensu
1519 2384 1653 2417 corporali
1669 2390 1759 2418 exuta,

977 2422 1049 2448 nuda
1063 2425 1090 2449 et
1106 2430 1172 2456 pura
1191 2427 1281 2451 mente
1295 2431 1343 2458 per
1363 2424 1482 2453 divinam
1499 2427 1617 2462 vigiliam
1636 2429 1682 2457 Dei
1698 2439 1760 2460 sus-

980 2467 1045 2501 cipit
1069 2468 1276 2502 apparilionem.
1306 2470 1392 2502 Quam
1410 2479 1460 2499 nos
1474 2480 1583 2508 quoque
1598 2474 1672 2510 digni
1696 2483 1761 2504 cen-

978 2520 1086 2539 seamur
1119 2514 1229 2548 assequi
1261 2522 1310 2549 per
1337 2523 1462 2543 somnum
1497 2519 1656 2553 praadictum
1690 2526 1763 2549 recte

977 2562 1087 2593 agentes
1103 2559 1200 2586 animae
1217 2559 1347 2594 vigiliam.
1361 2560 1390 2588 In
1404 2562 1512 2591 Christo
1526 2563 1601 2597 Iesu,
1615 2565 1659 2593 cui
1676 2566 1762 2602 gloria

977 2604 1004 2630 in
1017 2604 1116 2631 saecula
1132 2606 1303 2632 saeculorum.
1323 2606 1419 2634 Amen.

1266 2650 1408 2679 HOMILIA
1433 2653 1476 2681 XI.

1013 2693 1078 2722 CAP.
1094 2703 1120 2727 ν,
1135 2704 1162 2722 v.
1182 2695 1208 2722 2.
1227 2696 1281 2722 V0:
1298 2699 1427 2731 patrueli:
1442 2701 1492 2726 mei
1507 2701 1640 2735 pulsalad
1654 2703 1762 2731 ouium.

979 2741 1057 2774 Aperi
1080 2741 1159 2773 milii,
1188 2750 1264 2769 soror
1286 2751 1353 2774 mea,
1377 2746 1524 2779 propinqua
1549 2755 1616 2779 mea,
1642 2747 1762 2776 columba

981 2795 1048 2818 mea,
1063 2787 1176 2821 perfecta
1188 2796 1244 2815 mea
1258 2796 1266 2815 :
1282 2791 1404 2824 quoniam
1420 2797 1497 2826 caput
1506 2800 1589 2819 meum
1604 2793 1709 2828 plenum
1724 2800 1762 2822 est

981 2843 1049 2876 rare,
1069 2841 1092 2863 et
1109 2835 1223 2864 cincinni
1240 2838 1290 2865 mei
1312 2839 1392 2874 guttis
1409 2840 1503 2867 noctis.
1518 2839 1544 2868 5.
1562 2839 1633 2868 Exui
1647 2841 1761 2870 tunicam
