1984 3068
127 97 174 125 991

641 95 673 122 IN
689 94 836 122 CANTICA
854 95 988 123 CANTIC.
1010 95 1151 123 llOMlLIA
1172 95 1217 122 XI.

1692 98 1749 127 998

123 152 186 182 νίοις
202 150 299 181 πύλαις
309 151 469 186 ἐγρηγορότι
482 150 518 186 τῷ
532 151 662 186 ὀφθαλμῷ
678 152 905 187 προσκαθήμενοι,

961 153 1100 188 gradiatur
1116 153 1170 180 Rex
1187 153 1280 188 gloria:
1297 160 1423 181 reversus
1441 161 1456 180 a
1483 155 1586 190 nuptiis
1603 163 1631 184 In
1648 162 1743 190 super-

125 200 165 226 ἴνα
176 198 258 224 πάλιν
273 197 379 232 εἰσέλοῃ
390 197 425 223 δι’
439 196 528 223 αὐτῶν
541 197 604 223 ὅταν
616 197 735 233 ἀναλύσῃ
748 198 778 224 ἐκ
790 198 844 225 τῶν
857 199 907 232 γὰο

124 252 180 279 μων
193 244 206 270 6
221 242 347 277 βασιλεὺς
361 242 411 277 τῆς
433 242 510 277 δόξης
532 243 571 274 εἰς
591 243 639 278 τὴν
652 243 846 278 ὑπερουρὰνιον
880 243 908 268 ἐ-

124 288 504 323 κείνηνμακαριότητα.”ΟΘεν
525 288 596 314 κατὰ
614 288 663 324 τὴν
682 288 849 324 ψαλμῳδίαν,
870 290 907 322 ὡς

124 336 154 360 ἐκ
168 334 303 365 παστάδος
323 333 336 359 ὁ
357 335 473 368 νυμφίος
485 333 662 368 ὲκπορευθεὶς
688 333 828 369 ἡρμόσατο
845 335 907 362 ἑαυ-

122 378 159 414 τῷ
185 378 319 413 παρθένον
335 378 408 413 ἡμᾶς
426 377 469 404 διὰ
488 377 535 413 τῆς
561 378 693 414 μυστικῆς
705 379 907 415 ἁναγεννήσεως

125 424 170 460 τὴν
191 426 246 456 τοῖς
273 424 392 456 εἰδώλοις
419 424 666 460 ὲκπορνευθεῖσαν,
692 426 732 458 εις
755 427 907 462 ἀφθαρσίαν

123 464 290 506 παρθενικὴν
310 469 536 504 ἀναστοιχειὼσας
553 470 603 506 τὴν
617 470 706 505 φύσιν.
725 470 784 498 Τῶν
797 469 842 498 οὖν
856 472 906 505 γά-

124 525 180 552 μων
201 517 252 551 ήδη
268 516 466 551 τετελεσμένων
477 536 484 548 ,
507 515 554 544 καὶ
577 517 776 553 νυμφευοείσης
791 517 843 544 ὑπὸ
859 518 905 544 τοῦ

122 563 207 597 Λόγου
226 562 275 597 τῆς
294 561 466 597 Ἑκκλησίας,
482 561 573 594 καθώς
587 571 668 598 φησιν
681 564 695 589 6
715 563 851 599 Ἰωάννης,
865 563 906 589 ὃτι

127 607 158 633 '0
170 607 249 641 ἔχων
260 607 318 641 τὴν
337 607 460 641 νύμφην
474 607 604 642 νυμφίος
619 608 702 635 ἐστι·
724 607 772 634 καὶ
796 609 835 640 εἰς
860 608 906 634 τὸν

121 653 174 680 τῶν
191 653 345 688 μυστηρίων
361 652 482 688 θάλαμον
503 653 587 688 αὐτῆς
612 653 837 689 παραδεχθείσης,
861 654 907 681 ἅν-

122 699 216 734 ἐμενον
229 700 254 725 οἱ
278 698 387 733 ἄγγελοι
410 699 459 735 τὴν
482 699 609 726 ἐπάνοδον
630 698 676 726 τοῦ
698 699 838 734 βασιλέως,
856 700 906 735 τῆς

128 743 289 778 Ἐκκλησίας
302 742 501 778 ὲπαναχθείσης
515 743 561 770 ἐπὶ
577 744 627 779 τὴν
637 744 708 770 κατὰ
722 744 801 778 φύσιν
819 752 906 779 μακα-

123 787 243 824 ριότητα.
262 789 373 822 Τούτοις
388 787 435 816 οὖν
455 787 515 815 εἷπε
537 789 591 816 δεῖν
615 789 772 825 ὁμοιοῦσθαι
794 789 841 816 καὶ
860 789 906 816 τὸν

961 199 1099 226 cmlestem
1129 199 1202 226 illam
1233 199 1438 226 beatitudinem.
1462 199 1538 228 Unde
1561 203 1746 236 congruenter

960 243 984 270 ei
1000 243 1071 277 quod
1091 244 1200 270 canitur
1227 243 1255 270 in
1271 243 1392 277 psalmis,
1409 245 1535 279 tanquam
1565 253 1599 272 ex
1624 246 1745 273 thaiamo

960 288 1111 322 procedens
1131 296 1250 323 sponsus
1261 288 1294 320 ",
1311 296 1362 315 nos
1377 289 1430 316 sibi
1447 290 1592 325 despondit
1610 291 1742 325 virginem

960 341 1009 368 per
1022 334 1162 368 mysticam
1177 334 1409 369 regenerationem
1425 342 1484 369 qua:
1500 342 1559 362 cum
1580 335 1659 363 idolis
1684 335 1744 362 fuc—

960 382 1003 405 rat
1024 378 1167 411 fornicata,
1183 378 1217 406 ad
1243 379 1476 414 incorruptionem
1502 380 1660 414 virginalem
1686 381 1744 415 ipsa

961 424 1111 451 reformata
1140 429 1249 452 natura.
1266 424 1389 452 Peractis
1405 433 1470 460 ergo
1486 425 1543 460 jam
1574 426 1686 460 nuptiis,
1715 430 1744 453 et

960 467 1080 496 Ecclesia
1104 476 1120 496 a
1133 468 1222 496 Verbo
1240 469 1375 504 desponsa
1391 479 1397 496 :
1416 470 1487 496 sicut
1512 469 1577 496 dicit
1605 469 1741 497 Joannes:

961 515 1013 548 Qui
1029 515 1106 542 habet
1124 524 1257 548 sponsam,
1274 524 1386 550 sponsus
1401 522 1439 543 est
1453 515 1494 543 ":
1523 519 1551 543 et
1576 523 1607 542 ca
1624 515 1743 543 admissa

959 561 987 588 in
1004 560 1152 588 thalamum
1168 562 1361 598 mysteriorum
1382 569 1414 589 ac
1429 566 1675 593 sacramentorum,
1696 568 1745 588 ex-

959 606 1120 639 spectabant
1140 607 1229 643 angeli
1252 606 1370 634 reditum
1386 607 1467 642 regis,
1495 606 1607 634 reducta
1622 606 1744 634 Ecclesia

960 650 993 678 ad
1007 651 1201 679 beatitudinem
1226 660 1287 688 quae
1300 656 1341 680 est
1355 652 1507 680 secundum
1533 656 1670 680 naturam.
1696 651 1745 680 liis

959 704 1025 734 ergo
1038 697 1107 725 dixit
1121 702 1247 733 oportere
1265 699 1349 726 vitam
1376 702 1497 726 nostram
1527 705 1587 726 esse
1615 698 1744 729 similem.

959 745 990 768 ut
1006 742 1077 770 sicut
1091 743 1130 770 illi
1144 744 1239 778 procul
1254 751 1269 771 a
1283 744 1350 771 vitio
1367 747 1393 771 et
1408 751 1501 772 errore
1517 744 1600 771 vitam
1621 747 1743 778 ageittes.

959 792 1026 815 sunt
1043 789 1131 824 parati
1144 790 1177 817 ad
1191 789 1340 817 adventum
1356 790 1463 817 Domini
1481 789 1687 824 excipiendum:
1707 789 1744 816 ita

123 833 254 869 ἡμέτερον
269 833 342 869 βίονι
363 834 406 861 ἵνα
422 834 547 870 καθάπερ
571 835 669 861 ἐκεῖνοι
695 835 789 870 πόρρω
808 834 905 866 κακίας

958 840 1009 862 nos
1022 841 1130 869 quoque
1145 834 1298 863 assidentes
1311 835 1453 863 vestibulis
1477 839 1634 862 nostrorum
1661 834 1745 861 domi-

121 879 168 905 καὶ
186 879 293 915 ἀπάτης
309 880 521 915 πολιτευόμενοι,
545 880 613 915 πρὸς
627 880 759 916 ὑποδοχήν
779 881 846 906 εἰσιν
861 880 906 906 εὐ-

119 925 228 958 τρεπεῖς
240 925 291 960 τῆς
307 924 468 960 δεσποτικῆς
482 926 647 960 παρουσίας·
668 925 739 952 οὕτω
758 926 804 952 καὶ
824 926 905 962 ἡμεῖς

119 969 174 999 τοῖς
198 968 343 1004 προθύροις
365 968 418 996 τῶν
442 969 619 1004 καταγωγίων
645 969 723 1005 ἡμῶν
749 978 905 1005 προσαγρυ-

120 1013 257 1045 πνοῢντες,
271 1013 395 1048 ἑτοίμους
405 1015 472 1050 προς
483 1014 604 1050 ὑπακοὴν
615 1015 727 1046 ἑαυτοὺς
737 1015 904 1050 ποιήσωμεν,

958 878 1096 912 ciliorum,
1115 887 1166 907 nos
1184 880 1331 908 reddamus
1346 884 1486 915 promptos
1500 879 1534 906 ad
1549 878 1743 912 obedicndum,

958 924 1069 960 quando
1083 925 1231 954 adveniens
1244 926 1364 961 pulsabit
1375 926 1488 953 ostium.
1504 925 1580 952 Beati
1601 924 1685 958 enim,
1701 925 1744 952 in-

954 970 1026 1005 quit,
1049 972 1135 1005 servi,
1155 980 1220 1007 quos
1241 980 1301 999 tum
1316 973 1414 999 venerit
1434 971 1558 998 dominus
1577 972 1687 998 inveniet
1705 972 1744 998 sic

956 1015 1082 1049 facientes
1093 1017 1127 1043 ’⁸.

118 1059 181 1087 ὅταν
192 1059 305 1092 ὶπιστὰς
315 1059 402 1096 κρούῃ
411 1060 459 1096 τὴν
471 1061 501 1087 Oti
507 1070 566 1096 ραν.
578 1061 723 1096 Μακάριοι
734 1061 798 1097 γὰρ,
810 1062 902 1096 φησιν,
923 1061 950 1089 ol
963 1061 1067 1089 δοῦλοι
1081 1063 1198 1096 ἐκεῖνοι,
1213 1063 1266 1096 οὓς
1279 1063 1374 1091 ἐλθὼν
1394 1065 1410 1091 ὁ
1434 1064 1536 1098 κύριος
1570 1062 1670 1091 αὐτῶν
1696 1065 1744 1091 εῦ-

116 1105 205 1141 ρήσει
220 1106 381 1139 ποιοῦντας
397 1107 499 1140 οὕτως.

164 1151 239 1178 Ἐπεὶ
259 1149 305 1179 οὗν
323 1151 455 1188 μακάριόν
479 1153 536 1180 ὲστι
552 1153 582 1179 τὸ
604 1153 750 1180 ὑπακούειν
772 1153 810 1189 τῷ
824 1153 906 1189 κρού-

120 1206 186 1229 οντι,
202 1197 296 1225 τούτου
310 1198 389 1233 χάριν
407 1198 552 1230 διαπαντὸς
573 1199 640 1235 πρὸς
653 1199 703 1235 τὴν
718 1200 906 1235 μακαριότητα

122 1242 268 1277 βλέπουσα,
283 1242 440 1270 αἰσθάνεται
455 1243 502 1270 τοῦ
518 1243 692 1278 παρεστῶτος
711 1245 743 1279 τῇ
760 1243 839 1279 θύρᾳ,
855 1252 905 1271 κα-

122 1289 174 1320 λῶς
197 1290 252 1321 τοῖς
275 1289 349 1321 ἰδίοις
370 1290 516 1325 θησαυροῖς
530 1289 740 1325 ὲπαγρυπνοῦσα
759 1290 844 1325 ψυχὴ,
859 1289 906 1316 καί

123 1342 219 1369 φησιν·
235 1334 320 1368 Φωνὴ
339 1334 392 1362 τοῦ
414 1334 577 1369 ἀδελφιδοῦ
591 1343 650 1369 μου
661 1335 760 1369 κρούει
780 1335 828 1361 ἐπὶ
849 1334 906 1369 τὴν

122 1379 225 1412 θύραν.
242 1379 305 1411 Πῶς
319 1380 351 1406 ἄν
361 1388 402 1412 τις
413 1380 460 1414 τὴν
473 1380 539 1415 πρὸς
553 1379 586 1406 τὰ
599 1379 720 1415 θειότερα
735 1380 785 1415 τῆς
798 1380 907 1415 νύμφης

98 1440 104 1445 ο
121 1423 214 1451 ἄνοδον
233 1424 278 1451 διὰ
293 1425 346 1451 τῶν
362 1424 513 1460 λεγομένων
537 1424 619 1456 ἀξίως
640 1426 849 1460 κατανοήσειεν;
874 1425 906 1451 Ἡ

122 1471 192 1505 μετὰ
220 1471 352 1506 τοσαύτης
380 1470 502 1503 ἐξουσίας
527 1479 555 1498 τε
581 1472 627 1498 καὶ
651 1471 840 1506 πεποιθήσεως
861 1471 906 1497 τὸν

121 1516 239 1551 σκληρὸν
253 1517 354 1543 ἐκεῖνον
374 1516 474 1552 Βορέαν
491 1516 537 1552 ἀφ’
557 1518 655 1552 ἑαυτῆς
670 1517 837 1548 ἐξοικίσασα,
861 1517 907 1543 καὶ

992 1151 1126 1184 Queniam
1143 1158 1207 1185 ergo
1228 1151 1337 1178 beatum
1362 1154 1405 1178 est
1423 1150 1535 1179 obedire
1562 1151 1692 1186 pulsanti,
1711 1158 1743 1178 ea

957 1196 991 1225 de
1007 1203 1090 1224 causa
1111 1195 1202 1223 anima
1225 1203 1286 1230 qua!
1305 1200 1436 1231 perpetuo
1462 1196 1560 1230 aspicit
1575 1196 1609 1223 ad
1627 1197 1744 1224 beatitu-

956 1243 1060 1276 dinem,
1073 1242 1132 1270 suis
1149 1242 1289 1269 thesauris
1314 1242 1459 1276 diligenter
1484 1243 1640 1277 invigilans,
1660 1243 1743 1270 sentit

958 1295 1089 1323 sponsum
1108 1291 1225 1315 stantem
1239 1287 1272 1315 ad
1287 1288 1400 1320 ostium,
1416 1291 1443 1315 et
1467 1287 1550 1315 dicit:
1569 1287 1625 1314 Vox
1640 1294 1744 1323 patrue-

958 1335 991 1362 lis
1009 1334 1060 1361 mei
1077 1333 1165 1368 pulsat
1180 1333 1214 1360 ad
1226 1334 1331 1361 ostium.
1347 1333 1491 1366 Quomodo
1503 1338 1595 1369 posset
1607 1335 1743 1370 quispiam

957 1388 1006 1417 pro
1023 1380 1155 1416 dignitate
1170 1379 1347 1408 considerare
1367 1388 1475 1415 sponsae
1492 1388 1634 1408 ascensum
1661 1381 1694 1408 ad
1711 1388 1743 1408 ea

955 1434 1017 1462 quae
1033 1431 1098 1454 sunt
1112 1426 1272 1453 diviniora?
1294 1426 1359 1458 Qua:
1373 1434 1434 1453 cum
1462 1430 1537 1453 tanta
1565 1426 1690 1454 libertate
1711 1435 1743 1454 ac

958 1473 1056 1500 ﬁducia
1072 1472 1170 1499 durum
1187 1472 1262 1499 ἰιιιιιιι
1279 1471 1390 1499 boream
1404 1480 1419 1499 a
1434 1480 1463 1500 se
1476 1473 1641 1505 amandavit,
1660 1477 1687 1500 et
1701 1473 1744 1500 lu-

958 1516 1048 1544 cidum
1063 1516 1188 1551 spiritum
1203 1516 1235 1543 ad
1252 1524 1281 1544 se
1296 1517 1418 1548 attraxit,
1433 1525 1493 1552 quae
1510 1518 1643 1545 malorum
1659 1518 1739 1552 puni-

120 1561 152 1588 ἐδ
172 1561 301 1596 φωτεινδν
325 1562 432 1597 πνεῦμα
455 1562 522 1598 πρὸς
537 1563 634 1598 ἑαυτὴν
657 1562 873 1597 ἐφελκυσαμένη,
888 1563 905 1597 ἡ

958 1569 1052 1589 carum
1070 1561 1212 1596 paradisos
1228 1569 1275 1596 per
1288 1569 1318 1588 os
1332 1562 1423 1594 elﬁcit,
1440 1571 1554 1598 quorum
1569 1571 1648 1598 poma
1666 1568 1744 1590 erant

121 1607 300 1642 παραδείσους
316 1607 385 1642 ῥοῶν
398 1607 441 1634 διὰ
454 1607 500 1634 τοῦ
518 1608 650 1643 στόματος
665 1608 844 1643 ἐργαζομένη,
868 1604 906 1634 ὧν

120 1653 254 1688 ἀρώματα
269 1651 302 1689 ἦν
319 1654 464 1690 ἀκρόδρυα,
482 1655 497 1688 ὴ
513 1653 557 1680 τὸν
572 1654 659 1689 κῆπον
681 1653 780 1688 ἑαυτῆς
804 1653 906 1688 τράπε-

121 1698 171 1730 ζαν
187 1699 346 1734 προτιθεῖσα
365 1699 404 1734 τῷ
429 1699 549 1734 Δεσπότῃ
572 1699 621 1734 τῆς
646 1699 769 1730 κτίσεως,
784 1696 818 1733 ἦς
838 1698 906 1725 ἀπό-

121 1744 219 1779 ϐλητον
236 1745 321 1780 ἐφάνη
341 1745 394 1771 τῶν
414 1745 597 1780 προτεθέντων
614 1744 689 1770 οὐδέν
703 1752 710 1759 ·
735 1743 802 1769 ἀλλὰ
819 1743 906 1769 πάντα

119 1787 190 1816 εἶναι
206 1789 275 1816 καλὰ
291 1789 467 1825 ἐμαρτυρήθη
484 1790 500 1824 ἡ
515 1789 632 1824 σμύρνα,
645 1788 674 1815 τὸ
686 1788 794 1823 ᾶρωμα,
809 1789 822 1814 6
837 1787 907 1822 μετὰ

119 1835 167 1861 τοῦ
192 1835 300 1870 μέλιτος
322 1835 413 1869 ἄρτος,
430 1836 444 1860 6
470 1834 538 1868 μετὰ
564 1833 610 1860 τοῦ
635 1834 769 1867 γάλακτος
792 1829 905 1868 οἴνος,ᾖ

119 1880 310 1915 ἐμαρτύρησεν
324 1880 338 1906 6
358 1880 443 1913 Λόγος
465 1879 496 1905 τὸ
509 1879 620 1910 τέλειον,
642 1877 743 1904 εἰπών·
769 1879 808 1905 ὅτι
833 1878 904 1912 Ὅλη

119 1925 198 1958 καλὴ
214 1924 251 1956 εἴ,
276 1925 324 1951 καὶ
344 1924 446 1960 μῶμος
462 1926 517 1951 οὐκ
533 1925 618 1952 ἔστιν
629 1925 664 1950 ἐν
676 1923 726 1950 σοί
741 1932 748 1938 ·
773 1923 841 1958 αὕτη
858 1923 904 1950 νῦν

117 1971 190 1998 οὕτω
206 1971 348 2001 διάκειται,
369 1971 406 2002 ὡς
422 1969 536 2006 πρώτως
561 1969 694 2005 μέλλουσα
718 1968 842 2002 δέχεσθαι
858 1967 904 1994 τοῦ

119 2016 186 2044 Θεοῦ
206 2016 255 2052 τὴν
269 2016 427 2051 ἐμφάνειαν,
443 2016 489 2042 καὶ
505 2016 542 2047 ὡς
556 2015 662 2042 οὐδέπω
682 2015 727 2042 τὸν
741 2014 787 2041 νῦν
801 2014 904 2040 ἑστῶτα

118 2063 171 2098 πρὸ
187 2062 241 2088 τῶν
263 2062 350 2097 θυρῶν
360 2062 444 2095 Λόγον
460 2061 638 2096 είσδεξαμένη
663 2061 710 2087 καὶ
726 2060 903 2091 είσοικίσασα,

118 2108 148 2133 ὲν
171 2107 289 2142 θαύματι
311 2107 361 2141 τῆς
386 2107 477 2142 φωνῆς
498 2108 613 2133 ποιεῖται
635 2106 683 2141 τὴν
706 2106 836 2140 δύναμιν·
861 2105 905 2131 διὰ

118 2152 196 2179 τοῦτό
212 2160 293 2187 φησιν
317 2151 393 2178 οὔπω
415 2152 517 2186 αὐτῆς,
542 2151 608 2177 ἀλλὰ
636 2151 686 2185 τῆς
714 2151 798 2186 θύρας
821 2151 905 2185 αὐτῆς

119 2197 251 2223 ἅπτεσθαι
263 2196 312 2232 τὴν
326 2196 373 2223 τοῦ
391 2198 507 2231 νυμφίου
523 2197 624 2232 φωνήν.
645 2197 730 2230 Φωνὴ
746 2197 810 2232 γὰρ,
826 2197 902 2232 φησι,

119 2241 172 2267 τοῦ
184 2241 344 2275 ἀδελφιδοῦ
357 2249 416 2276 μου
432 2242 530 2274 κρούει
547 2241 596 2267 ἐπὶ
612 2241 669 2275 τὴν
685 2242 787 2275 θύραν.

147 2286 228 2322 Ὁρᾷς
236 2287 293 2318 πῶς
301 2286 424 2322 ἀόριστός
434 2288 490 2313 ἐστι
499 2288 555 2318 τοῖς
563 2286 629 2321 πρὸς
637 2287 682 2313 τὸν
688 2286 754 2313 Θεὸν
762 2286 881 2313 ἀνιοῦσιν
889 2287 903 2313 6

115 2333 229 2368 δρόμος·
244 2333 301 2364 πῶς
318 2333 348 2359 τὸ
361 2334 404 2360 ἀεὶ.
420 2334 520 2360 καταλα
526 2333 702 2369 μϐανόμενον,
711 2332 782 2368 ἁρχὴ
795 2332 863 2368 πρὸς
873 2331 903 2358 τὸ

115 2378 312 2414 ὑπερκείμενον
320 2379 423 2413 γίνεται
432 2388 438 2412 ;
449 2380 509 2406 Ὅτι
517 2379 570 2415 γὰρ
580 2379 673 2406 στάσιν
681 2379 740 2405 τινὰ
748 2378 795 2405 τοῦ
803 2378 902 2414 δρόμου

112 2424 165 2459 τῆς
177 2425 245 2460 πρὸς
258 2425 292 2451 τὰ
303 2425 391 2460 ὑψηλὰ
406 2426 518 2461 πορείας
532 2425 576 2452 διὰ
589 2425 642 2453 τῶν
653 2425 720 2461 πρὸς
732 2425 816 2460 αὐτὴν
831 2425 903 2460 εἰρη-

115 2470 205 2505 μένων
223 2471 385 2506 ἠλπίσαμεν.
409 2472 441 2498 Τί
451 2472 505 2508 γὰρ
520 2472 551 2499 ἄν
562 2480 604 2503 τις
618 2471 687 2506 μετὰ
705 2471 754 2506 τὴν
766 2470 902 2505 τελειότη-

111 2524 159 2547 τος
177 2516 328 2551 μαρτυρίαν
349 2517 429 2544 πλέον
446 2517 590 2552 ζητήσεως
617 2512 683 2543 Τότε
706 2516 840 2552 βλέπομεν
863 2516 903 2542 ἔτι

111 2560 187 2587 ἔνδον
199 2559 282 2588 οὖσαν
295 2562 389 2597 αὐτὴν,
402 2562 449 2589 καὶ
465 2562 541 2588 οὕπω
551 2562 605 2589 τῶν
618 2562 707 2598 θυρῶν
724 2562 809 2596 αὐτῆς
825 2561 903 2594 ἐκτὸς

106 2608 315 2643 γεγενημένην,
337 2608 397 2634 οὐδὲ
421 2609 470 2643 τῆς
494 2607 565 2634 κατὰ
590 2608 733 2642 πρόσωπον
755 2607 904 2642 ἐμφανείας

109 2654 373 2688 κατατρυφήσασαν,
385 2653 442 2679 ἀλλ’
453 2653 492 2679 ἔτι
502 2653 545 2679 διὰ
557 2652 606 2687 τῆς
617 2653 700 2687 ἀκοῆς
713 2653 780 2688 πρὸς
790 2653 839 2687 τὴν
849 2653 902 2679 τῶν

110 2698 223 2732 ἀγαθῶν
243 2699 387 2734 μετουσίαν
398 2698 595 2734 ὁδηγουμένην,
622 2698 707 2724 Τοῦτο
727 2696 773 2725 οὖν
793 2698 837 2724 διὰ
848 2698 902 2724 τῶν

141 2785 163 2801 ³⁵
181 2783 254 2814 Psal.
274 2785 387 2819 xvnt,6.
444 2786 466 2802 "
479 2786 558 2813 Joan.
578 2785 673 2819 tu,29.

730 2785 752 2801 "
766 2784 831 2812 Luc.
847 2792 899 2819 xtl,
915 2785 930 2812 3

958 1610 1090 1638 aromata,
1109 1614 1169 1641 qum
1182 1614 1260 1633 sumn
1279 1607 1386 1634 hortum
1403 1615 1524 1635 mensam
1543 1609 1671 1643 apposuit
1693 1609 1744 1636 Do-

957 1651 1032 1678 mino
1053 1656 1195 1682 creaturae,
1210 1651 1289 1686 cujus
1315 1660 1347 1678 ex
1363 1653 1396 1679 iis
1417 1661 1477 1687 quae
1494 1653 1605 1680 fuerunt
1621 1654 1744 1689 apposita

956 1695 1024 1722 nihil
1041 1695 1129 1722 visum
1145 1699 1186 1722 est
1198 1695 1387 1730 rejiciendum,
1400 1697 1447 1724 sed
1459 1698 1530 1731 quod
1544 1698 1634 1725 omnia
1651 1703 1744 1726 essent

958 1741 1072 1775 pulchra
1090 1748 1122 1768 ac
1140 1741 1222 1771 bona.
1238 1741 1331 1768 datum
1348 1747 1391 1769 est
1407 1743 1432 1769 ei
1458 1744 1646 1770 testimonium
1671 1752 1744 1779 myr—

957 1786 1017 1818 rha,
1035 1793 1137 1817 aroma,
1165 1786 1244 1820 panis
1267 1794 1327 1813 cum
1347 1787 1436 1818 melle.
1463 1787 1554 1814 vinum
1572 1796 1634 1814 cum
1662 1789 1742 1821 lacte,

957 1831 1001 1858 cui
1030 1830 1216 1858 testimonium
1240 1830 1314 1858 dedit
1344 1831 1433 1866 ipsum
1460 1831 1599 1864 Verbum,
1627 1833 1742 1861 dicens:

958 1875 1025 1902 Tata
1039 1876 1150 1910 pulchra
1165 1884 1202 1907 es,
1216 1880 1240 1903 et
1253 1877 1358 1903 macula
1374 1885 1424 1904 non
1443 1883 1481 1904 est
1494 1879 1520 1904 in
1538 1883 1561 1904 te
1575 1887 1583 1905 :
1601 1879 1658 1913 ipsa
1672 1887 1744 1907 nunc

956 1922 993 1948 ita
1009 1925 1051 1949 est
1064 1921 1170 1954 atTecla,
1187 1925 1216 1949 ut
1235 1930 1295 1957 quae
1310 1923 1399 1957 primo
1419 1927 1492 1951 esset
1519 1929 1679 1958 susceptura
1697 1925 1741 1952 Dei

956 1969 1165 2003 apparitioncm,
1187 1973 1213 1997 et
1231 1970 1310 2004 quasi
1331 1970 1452 1997 nondum
1473 1970 1629 1998 admisisset
1650 1975 1677 1998 et
1701 1971 1743 1998 in-

956 2014 1125 2042 troduxisset
1139 2015 1257 2042 Verbum
1274 2016 1346 2050 quod
1379 2019 1434 2043 stat
1451 2024 1500 2050 pro
1517 2016 1631 2048 foribus,
1653 2017 1742 2044 admi-

955 2064 1032 2086 ratur
1051 2061 1106 2087 vim
1121 2061 1197 2088 vocis
1211 2071 1217 2088 :
1239 2067 1381 2096 propterea
1404 2061 1470 2089 dicit
1493 2063 1565 2098 quod
1580 2070 1632 2090 vox
1649 2065 1741 2098 sponsi

955 2113 1010 2132 non
1025 2105 1124 2140 ipsum,
1141 2106 1189 2134 sed
1209 2106 1309 2134 ostium
1331 2107 1420 2142 ipsum
1441 2111 1544 2142 tangat.
1562 2107 1633 2135 Dicit
1650 2109 1740 2137 cnim:

959 2150 1016 2178 Vox
1034 2151 1162 2186 patruelis
1183 2153 1331 2187 mcipulsat
1345 2154 1379 2179 ad
1399 2154 1505 2181 ostium.

990 2197 1073 2226 Vides
1099 2199 1329 2233 quemadmodum
1345 2204 1387 2227 cst
1409 2207 1464 2227 non
1483 2200 1613 2228 definitus
1632 2208 1664 2228 ac
1690 2205 1742 2228 ler-

919 2234 1076 2272 l)ruinatus
1101 2252 1200 2272 cursus
1239 2245 1273 2272 iis
1308 2246 1353 2280 qui
1385 2247 1537 2273 ascendunt
1571 2246 1603 2274 ad
1635 2246 1741 2274 Deum:

955 2293 983 2316 et
998 2289 1228 2324 quemadmodqu
1242 2290 1267 2317 id
1280 2291 1352 2324 quod
1367 2299 1474 2326 semper
1485 2292 1741 2326 comprehenditur,

955 2339 998 2362 est
1015 2335 1180 2370 principium
1193 2336 1365 2370 superioris?
1381 2336 1474 2372 Neque
1489 2338 1560 2364 enim
1575 2345 1624 2373 per
1636 2346 1666 2365 ca
1682 2346 1743 2372 quae

956 2380 1009 2408 sibi
1025 2380 1097 2407 dicta
1113 2385 1177 2408 sunt
1191 2382 1362 2416 speravimus
1379 2382 1438 2410 l‘ore
1449 2388 1477 2409 ut
1489 2383 1641 2418 ingressum
1659 2384 1741 2411 siste-

955 2430 998 2453 ret
1006 2426 1039 2452 ad
1051 2427 1170 2454 excelsa.
1180 2426 1250 2460 Quid
1261 2428 1334 2455 enim
1348 2429 1467 2463 amplius
1480 2434 1582 2464 qumrct
1592 2430 1739 2464 quispiam,

956 2475 1017 2507 post
1033 2472 1220 2500 testimonium
1241 2473 1274 2500 de
1289 2474 1466 2509 perfectione,
1480 2474 1577 2502 videns
1589 2482 1649 2502 eam
1668 2474 1740 2501 intus

955 2521 1122 2550 manentem,
1134 2523 1161 2546 et
1176 2525 1252 2546 extra
1268 2519 1340 2547 fores
1353 2520 1473 2547 nondum
1488 2527 1637 2555 egressam,
1652 2528 1741 2554 neque

955 2563 1069 2591 visionis
1083 2563 1154 2592 facie
1171 2565 1205 2592 ad
1221 2565 1318 2593 faciem
1332 2567 1438 2601 cepisse
1456 2566 1677 2598 delectationem,
1692 2566 1740 2592 sed

957 2609 1046 2636 adhu'c
1058 2609 1121 2636 duci
1142 2617 1190 2644 per
1209 2611 1376 2638 auditionem
1388 2610 1421 2639 ad
1442 2611 1575 2639 bonorum
1593 2611 1741 2646 partitipa-

957 2654 1081 2681 tionem?
1105 2654 1162 2682 Hoc
1188 2655 1271 2691 igitur
1292 2656 1390 2691 dogma
1417 2656 1547 2684 discimus
1563 2663 1612 2691 per
1630 2663 1661 2682 ea
1679 2662 1739 2688 qua:

956 2698 1029 2726 dicta
1054 2704 1128 2732 sunt,
1151 2701 1224 2735 quod
1255 2701 1290 2729 iis
1314 2702 1360 2736 qui
1386 2701 1419 2729 ad
1453 2701 1557 2737 majora
1583 2700 1738 2736 proﬁciunt,
