1984 3068
256 111 307 139 939

873 102 900 129 S.
922 96 1085 128 GREGORII
1103 95 1248 123 NYSSENI

1814 90 1877 117 10οθ

257 175 365 201 semper
378 165 506 193 convenit
520 171 572 191 vox
587 162 724 198 Apostoli,
742 161 838 189 dicens
852 169 858 186 :
876 159 905 187 Si
922 158 979 192 quis
995 156 1045 184 sibi

1103 154 1247 190 εἰρημένων
1264 153 1293 179 τὸ
1314 152 1400 186 δόγμα
1417 150 1601 187 μανθάνομεν,
1626 149 1667 175 ὅτι
1692 147 1806 174 πάντοτε
1826 147 1879 179 τοῖς

257 212 360 240 videtur
373 210 475 246 aliquid
492 211 570 243 scire,
585 209 700 237 nondum
720 208 767 235 scit
782 205 911 242 quomodo
925 207 1042 238 oporteat

257 266 316 285 eum
331 258 398 285 scire
409 258 442 283 ".
457 256 486 284 ln
499 257 539 284 eis
550 256 623 284 enim
638 263 699 290 qure
716 255 924 289 praeesset-ant,
938 254 1042 276 tantum

259 311 288 331 se
313 303 440 339 Cognovit
468 303 558 330 anima
587 305 717 337 quantum
747 295 963 333 comprehendit.
991 293 1044 322 Sed

259 349 388 383 quoniam
407 347 479 382 quod
497 347 617 374 nondum
635 350 678 373 est
697 344 933 379 comprehensum,
948 345 990 368 est
1003 339 1045 366 in-

259 394 344 420 finitis
361 394 485 428 partibus
503 393 591 426 majus
607 399 690 427 quam
713 389 786 425 quod
805 392 848 416 est
866 385 1045 421 comprehen-

260 447 331 472 sum,
349 443 493 473 propterea
509 439 606 465 animae
620 437 719 472 saepius
733 435 860 471 apparuit
874 440 1002 469 sponsus.
1019 437 1046 459 et

259 490 388 519 tanquam
416 483 535 510 nondum
556 486 721 517 conspectus
748 481 846 508 fuisset
865 479 926 514 ejus
945 477 1043 507 oculis,

263 539 330 558 voce
353 538 461 566 sponsa:
478 533 521 557 est
537 529 677 564 pollicitus
693 536 722 555 se
735 527 770 554 ab
789 534 821 554 ea
837 524 996 553 videndum.
1013 522 1046 549 Ut

261 580 351 603 autem
372 576 408 603 sit
426 576 505 603 nobis
523 582 621 603 sensus
649 573 805 604 dilucidior,
831 570 946 605 exempli
964 575 1046 596 causa

262 621 359 648 addam
374 625 521 655 quamdam
538 618 757 647 similitudinem.
772 616 914 649 Quomodo
935 614 1008 642 enim
1023 613 1046 640 si

261 667 324 701 quis
337 666 418 693 fuerit
434 673 517 703 prope
533 665 633 691 fontem
649 664 828 698 illum.quem
845 669 877 689 ex
895 665 968 688 terra
982 659 1048 686 dicit

261 712 296 739 ab
313 712 390 738 initio
405 710 553 738 ascendere
565 709 750 744 Scriptura",
762 707 809 743 qui
823 711 916 735 tantus
923 711 965 734 est
978 705 1049 732 mul-

262 755 377 782 titudine
395 759 424 781 ut
449 755 604 781 universam
637 758 736 781 terram
764 753 924 784 circumeat,
953 749 1048 777 videns

262 809 359 836 aquam
375 800 447 827 illam
468 800 613 831 inﬁnitam,
630 806 691 834 quae
706 806 737 826 ex
751 805 784 825 eo
796 797 908 824 omnino
927 795 1011 823 eilluit
1021 798 1049 821 et

261 846 423 879 cﬂ‘unditur,
451 853 506 873 non
536 845 637 872 dixerit
657 852 686 872 se
709 848 794 871 totam
813 842 915 870 vidisse
938 848 1047 876 aquam.

262 891 497 924 Quemadmodum
517 890 590 918 enim
605 889 705 917 viderit
723 888 796 924 quod
810 892 851 915 est
869 887 1005 914 occultum
1022 885 1048 911 in

263 938 325 965 sinu
343 941 422 964 terrae
434 937 445 963 ?
458 936 526 963 adeo
542 939 571 962 ut
588 935 696 962 etiamsi
712 934 758 961 diu
776 937 885 960 mane-it
899 931 933 959 ad
951 938 1048 966 aquam

263 982 460 1014 salientcm,est
469 988 578 1015 semper
587 981 614 1007 in
626 980 704 1007 initio
713 987 790 1015 aqua:
802 976 1048 1012 contemplationis.

263 1028 322 1056 Non
337 1028 410 1056 enim
422 1031 514 1054 cessat
526 1034 606 1061 aqua,
617 1030 644 1053 et
658 1033 766 1060 semper
777 1025 864 1051 ﬂuens
875 1029 901 1051 et
917 1023 1050 1057 incipiens

264 1074 411 1103 scaturire.
440 1072 486 1100 Sic
512 1076 540 1100 et
569 1073 616 1108 qui
643 1072 677 1099 ad
694 1072 768 1098 illam
798 1070 919 1097 divinam
941 1073 968 1096 et
996 1076 1050 1095 non

263 1119 458 1154 inspectabilem
475 1118 574 1152 aspicit
599 1116 844 1152 pulchritudinem,
863 1114 972 1150 quando
987 1114 1050 1148 qui-

265 1165 326 1192 dem
342 1164 415 1199 quod
432 1171 540 1197 semper
555 1163 702 1194 invenitur,
722 1162 859 1189 recentius
879 1165 904 1188 et
930 1160 1050 1187 admira-

265 1211 349 1238 bilius
371 1210 483 1237 omnino
499 1209 641 1242 ccrnitur,
671 1216 753 1243 quam
778 1208 806 1235 id
829 1207 901 1242 quod
929 1208 972 1234 est
993 1206 1050 1239 jam

265 1256 502 1290 comprehensum,
531 1255 648 1281 miratur
664 1253 776 1289 quidem
797 1253 824 1280 id
849 1251 922 1287 quod
944 1258 1051 1286 semper

265 1306 389 1337 apparet,
401 1301 522 1328 nondum
536 1304 626 1326 autem
637 1299 747 1327 desistit
759 1307 773 1325 a
785 1296 1050 1328 desideriovidendi,

266 1351 410 1383 propterea
427 1346 500 1381 quod
520 1345 643 1380 quolibet
659 1344 732 1379 quod
748 1344 870 1371 cernitur
888 1343 916 1369 ﬁt
934 1343 1052 1369 divinius

266 1396 293 1417 et
318 1390 538 1424 magniﬁcentius
564 1389 589 1416 id
614 1389 685 1423 quod
700 1392 885 1423 exspectatur.
905 1387 1052 1421 Propterea

267 1444 334 1471 ergo
344 1437 387 1463 hic
398 1443 507 1471 quoque
519 1443 619 1470 sponsa
631 1442 737 1469 semper
746 1434 886 1461 admirans
899 1437 926 1460 et
939 1437 1052 1468 stupens

267 1482 293 1508 id
317 1481 387 1515 quod
419 1481 606 1515 cognoscitur,
636 1486 777 1514 nunquam
798 1480 825 1506 in
851 1478 886 1505 iis
907 1486 966 1512 qua:
988 1481 1052 1506 sunt

267 1525 376 1559 cognita
396 1524 468 1551 sistit
483 1524 651 1551 desiderium
675 1524 735 1558 ejus
748 1523 820 1557 quod
847 1522 920 1549 venit
946 1523 973 1549 in
989 1530 1053 1549 con—

268 1570 483 1604 templationem.
502 1569 684 1601 Quamobrem
702 1576 774 1595 nunc
790 1575 899 1602 quoque
924 1572 1052 1601 tanquam

267 1614 302 1641 ad
319 1615 420 1641 ostium
447 1614 563 1649 pulsans
587 1614 670 1641 sentit
686 1612 817 1644 Verbum,
833 1617 858 1640 et
882 1612 915 1639 ad
932 1613 1053 1639 auditum

268 1662 395 1695 surgitet
410 1660 494 1687 dicit:
516 1660 571 1686 Vox
582 1659 710 1694 patruelis
728 1659 778 1685 mei
796 1659 883 1693 pulsat
900 1658 933 1684 ad
947 1660 1053 1685 ostium.

268 1707 370 1734 Deinde
385 1714 446 1733 cum
475 1706 609 1732 auditioni
632 1705 755 1732 dedisset
781 1705 898 1739 quietem
926 1712 956 1730 ac.
973 1705 1055 1730 silen—

268 1754 347 1784 tium,
364 1752 441 1779 audit
452 1751 571 1778 Verbum
585 1751 625 1778 sic
639 1758 705 1778 voce
719 1758 853 1778 resonans
868 1759 874 1777 :
890 1750 969 1783 Aperi
981 1749 1054 1780 mihi,

268 1806 344 1824 soror
359 1806 427 1830 mea,
452 1798 575 1824 columba
591 1805 659 1828 nica,
684 1795 798 1830 perfecta
827 1802 907 1821 mea:
933 1795 1054 1829 quoniam

268 1849 346 1877 caput
360 1848 443 1869 meum
458 1843 563 1876 plenum
579 1846 618 1869 est
634 1850 703 1873 rore,
722 1846 746 1867 et
763 1841 881 1867 cincinni
904 1840 954 1866 mei
975 1839 1056 1874 guttis

269 1890 363 1916 noctis.
392 1889 479 1922 llujus
503 1893 594 1915 autem
621 1895 732 1915 sensum
757 1886 797 1913 sic
815 1884 1057 1920 comprehenderis

269 1934 492 1969 contemplanda.
511 1933 609 1968 Magno
627 1932 694 1959 Mosi
712 1940 761 1966 per
786 1932 876 1958 lucem
900 1930 984 1965 cmpit
1009 1929 1057 1956 Dei

270 1980 425 2014 apparitio;
440 1982 534 2013 postea
555 1983 646 2005 autem
664 1986 711 2012 per
726 1977 825 2003 nubem
843 1975 915 2002 Deus
938 1983 999 2002 cum
1025 1982 1058 2001 eo

270 2026 402 2060 loquitur.
419 2024 521 2051 Deinde
539 2032 600 2051 cum
616 2024 672 2057 jam
688 2023 784 2050 fuisset
799 2021 945 2048 sublimior
957 2025 983 2047 ct
998 2028 1058 2054 per-

271 2071 377 2102 fectior,
403 2069 488 2096 Deum
515 2069 589 2095 videt
607 2069 633 2094 in
647 2068 774 2102 caligine.
797 2066 876 2099 Quod
898 2070 989 2092 autem
1012 2072 1059 2099 per

271 2116 323 2142 hoc
337 2115 479 2146 discimus,
507 2120 548 2141 est
577 2112 753 2147 Imjnsmodi:
772 2111 881 2137 Primus
896 2117 1021 2137 recessus
1043 2117 1058 2136 a

1095 200 1141 227 ἐπὶ
1158 199 1193 225 τὰ
1218 198 1303 234 μείζω
1327 198 1535 233 προκόπτουσιν,
1551 194 1679 230 ἀρμόδιός
1701 194 1775 220 ἐστιν
1800 193 1818 228 ἡ
1836 190 1879 219 τοῦ

1102 244 1263 272 Ἀποστόλου
1275 243 1351 277 φωνὴ
1364 243 1379 277 ἡ
1392 242 1507 275 λέγουσα
1519 248 1526 255 ·
1543 240 1583 266 ὅτι
1597 239 1634 266 El
1643 248 1688 271 τις
1703 237 1784 265 δοκεῖ
1795 237 1878 271 ἐγνω-

1095 291 1188 322 κέναι,
1212 290 1293 317 οὔπω
1311 288 1386 324 ἔγνω
1402 287 1498 320 καθὼς
1513 285 1560 313 δεῖ
1582 284 1703 320 γνῶναι.
1727 283 1817 317 Ἔγνω
1835 282 1880 317 μὲν

1096 337 1149 373 γὰρ
1172 336 1253 363 αὑτὸν
1273 336 1301 362 ὲν
1321 336 1378 366 τοῖς
1395 333 1530 368 φθάσασιν
1550 332 1566 367 ὴ
1582 330 1656 366 ψυχὴ
1672 329 1797 356 τοσοῦτον
1823 328 1879 354 ὅσον

1095 383 1255 411 κατέλαῦεν.
1271 381 1340 408 Ἀλλ’
1351 381 1442 415 ἐπειδὴ
1455 381 1487 407 τδ
1496 379 1579 414 μήπω
1586 375 1798 411 κατειλημμένον
1807 375 1877 401 ἀπει-

1095 429 1240 468 ροπλάσιον
1259 426 1307 454 τοῦ
1344 425 1562 461 καταληφθέντος
1573 423 1630 450 ἐστί
1641 431 1647 437 ·
1662 422 1706 448 διὰ
1720 421 1797 447 τοῦτο
1806 419 1879 455 ὤφθη

1097 466 1225 507 πολλάκις
1253 475 1285 509 τῇ
1311 473 1383 508 ψυχῇ
1408 473 1422 499 ό
1442 471 1574 506 νυμφίος,
1591 468 1644 510 ,καὶ
1662 468 1699 499 ὡς
1726 466 1836 502 μηδέπω
1853 466 1879 491 ὲν

1096 521 1245 557 ὀφθαλμοῖς
1261 519 1416 554 γενόμενος,
1433 516 1598 552 ὀφθήσεσθαι
1612 516 1645 550 τῇ
1666 514 1759 550 νύμφῃ
1776 513 1819 539 διά
1834 513 1880 546 τῆς

1098 568 1189 603 φωνῆς
1204 565 1410 600 ἐπαγγέλλεται.
1440 564 1483 594 Ὠς
1501 563 1523 588 δ’
1541 562 1574 588 ἂν
1591 560 1757 602 σαφέστερον
1772 559 1837 593 ἡμῖν
1853 558 1880 583 τὸ

1097 614 1186 648 νόημα
1195 613 1308 647 γένοιτο,
1317 610 1408 637 εἰκόνα
1420 609 1479 635 τινὰ
1488 608 1520 635 δι’
1533 607 1728 641 ὑποδείγματθς
1740 603 1881 640 προσθήσω

1098 659 1136 694 τῷ
1152 658 1233 693 λόγῳ.
1250 658 1354 692 Ὥσπερ
1369 655 1422 691 γὰρ
1437 655 1463 681 εἴ
1475 663 1516 686 τις
1530 654 1643 690 πλησίον
1662 652 1767 687 ἐκείνης
1782 651 1881 685 γένοιτο

1099 705 1148 740 τῆς
1163 703 1265 738 πηγῆς,
1279 701 1313 737 ἢν
1325 701 1479 729 ἀναϐαίνειν
1495 697 1571 727 εἶπεν
1589 700 1621 726 ὲκ
1635 699 1685 733 τῆς
1696 699 1746 732 γῆς
1758 697 1818 723 κατ’
1833 696 1880 731 ἀρ-

1099 751 1149 786 χὰς
1163 750 1180 784 ἡ
1199 747 1305 784 Γραφὴ,
1326 747 1459 782 τοσαύτην
1481 744 1562 773 οὖσαν
1585 744 1616 770 τὺ
1632 743 1742 786 πλῆθος,
1761 742 1798 773 ὼς
1813 741 1882 768 ἅπαν

1164 780 1391 831 γῆς-ἐπιξλύζειν
1408 780 1443 820 τὸ.
1457 792 1614 827 πρόσωπον.
1639 780 1780 824 Θαυμάσει
1805 787 1852 822 μὲν
1867 787 1882 812 (ι

1099 844 1132 877 τῇ
1151 842 1226 877 πηγῇ
1244 839 1397 875 πλησιάσας
1413 841 1443 864 τὸ
1454 838 1565 873 ἄπειρον
1582 836 1653 870 ὕδωρ
1670 836 1766 866 ἐκεῖνο,
1782 833 1811 859 τὸ
1822 832 1883 859 πάν-

1098 897 1158 915 τοτε
1171 888 1255 922 αὐτῆς
1266 885 1417 921 ἀνομῧροῦν
1431 893 1460 910 τε
1471 884 1517 910 χαὶ
1532 882 1712 918 προχεόμενον
1724 889 1729 895 ·
1739 879 1770 907 οὺ
1783 879 1835 914 μὴν
1846 878 1881 905 εἰ·

1100 943 1145 960 ποι
1159 933 1191 960 ἂν
1204 933 1263 959 ὅλον
1281 932 1431 967 ἑωρακέναι
1445 929 1475 956 τὸ
1487 929 1568 964 ὕδωρ.
1596 927 1658 959 Πῶς
1678 927 1732 962 γὰρ
1748 925 1781 952 ἂν
1791 925 1840 951 ἴδοι
1854 924 1883 950 1‘)

1099 981 1145 1007 ἐπὶ
1161 982 1217 1012 τοῖς
1231 980 1338 1009 κόλποις
1357 978 1406 1013 τῆς
1419 977 1472 1011 γῆς
1488 975 1724 1010 ὲγκρυπτόμενον;
1741 972 1822 1004 Ὥστε
1834 970 1884 997 κᾶν

1100 1026 1213 1054 ἐπιπολὺ
1231 1025 1388 1061 παραμείνῃ
1404 1023 1444 1058 τῷ
1467 1022 1573 1058 βρύοντι
1585 1040 1592 1053 ,
1606 1020 1648 1047 ἀεὶ
1673 1021 1701 1046 ὲν
1714 1018 1810 1054 ἀρχαῖς
1829 1018 1885 1043 ἐστι

1102 1073 1150 1108 τῆς
1166 1072 1281 1108 θεωρίας
1301 1071 1348 1098 τοῦ
1373 1070 1476 1101 ὓδατος.
1501 1068 1537 1095 Οὐ
1564 1067 1617 1101 γὰρ
1641 1065 1757 1092 παύεται
1769 1065 1799 1091 τὺ
1815 1063 1885 1097 ὕδωρ

1100 1118 1143 1146 ἀεί
1157 1127 1186 1145 τε
1204 1118 1277 1153 ῥέον,
1296 1117 1342 1143 καὶ
1359 1116 1402 1142 ἀεὶ
1417 1115 1463 1142 τοῦ
1489 1113 1580 1149 βρύειν
1595 1112 1754 1148 ἀρχόμενον.
1767 1108 1885 1147 Οὕτως

1103 1164 1169 1199 πρὸς
1188 1164 1218 1190 τὸ
1240 1163 1311 1189 θεῖον
1329 1162 1415 1188 ἐκεῖνο
1433 1161 1480 1187 καὶ
1504 1159 1632 1194 ἀόριστον
1655 1156 1751 1187 κάλλος
1770 1154 1883 1190 βλέπων,

1103 1209 1196 1244 ἐπειδὴ
1214 1209 1245 1235 τὸ
1262 1207 1377 1234 πάντοτε
1396 1204 1599 1241 εὑρισκόμενον,
1619 1201 1774 1237 καινότερόν
1794 1208 1824 1226 τε
1841 1199 1886 1225 καὶ

1102 1254 1315 1290 παραδοξότερον
1329 1253 1434 1283 πάντως
1451 1251 1525 1286 παρὰ
1538 1249 1575 1284 τῷ
1589 1249 1653 1275 εῖδει
1674 1245 1886 1281 κατειλημμένον

1101 1304 1210 1338 ὁρᾶται,
1227 1300 1361 1335 θαυμάζει
1384 1299 1431 1333 μὲν
1455 1297 1484 1323 τὸ
1506 1296 1548 1323 ἀεὶ
1569 1294 1798 1330 προφαινόμενον,
1815 1290 1887 1318 οὐδε-

1103 1356 1167 1374 ποτε
1182 1346 1210 1373 δὲ
1225 1346 1331 1372 ἵσταται
1348 1344 1396 1378 τῆς
1410 1342 1456 1368 τοῦ
1474 1342 1535 1367 [δεῖν
1552 1339 1707 1373 ἐπιθυμίας,
1722 1337 1766 1364 διὰ
1779 1336 1810 1363 τὸ
1820 1344 1887 1362 παν-

1102 1393 1147 1425 τὸς
1164 1392 1210 1419 τοῦ
1224 1390 1362 1427 ὁρωμένου
1377 1384 1662 1424 μεγαλοπρεπέστερόν
1680 1392 1709 1410 τε
1724 1383 1772 1410 καὶ¹
1787 1381 1888 1427 θειότε-

1105 1447 1150 1474 ρον
1162 1435 1269 1464 εἶναιτὸ
1278 1433 1510 1471 προσδοκώμενον.
1517 1430 1567 1457 Διὰ
1573 1430 1652 1456 τοῦτο
1662 1427 1708 1455 οὖν
1718 1428 1764 1454 καὶ
1773 1425 1894 1453 ἐνταῦθα

1066 1498 1088 1527 c
1136 1483 1229 1518 νύμφη
1253 1482 1297 1508 ἀεὶ
1318 1478 1495 1514 θαυμάζουσά
1516 1485 1546 1503 τε
1572 1475 1618 1502 καὶ
1635 1472 1840 1509 ἔκπλησσομένη
1858 1471 1890 1498 τὺ

1105 1518 1313 1564 γινωσκόμενον,
1336 1525 1464 1552 οὐδέποτε
1481 1524 1510 1549 ὲν
1529 1522 1584 1552 τοῖς
1604 1519 1783 1554 ἐγνωσμένοις
1799 1518 1890 1551 ἵστησι

1105 1562 1151 1601 τοῦ
1165 1572 1351 1609 θεωρουμένου
1367 1571 1413 1598 τὸν
1429 1569 1520 1596 πόθον.
1541 1564 1577 1593 Θῦ
1590 1566 1669 1602 χάριν
1682 1565 1729 1592 καὶ
1738 1563 1785 1591 νῦν
1801 1562 1839 1594 ὡς
1850 1563 1891 1609 Esi.

1105 1607 1330 1655 θυροκροτοῦντος
1350 1616 1396 1643 τοῦ
1409 1615 1494 1648 Λόγου
1510 1612 1676 1642 αἰσθάνεται,
1697 1610 1744 1636 καὶ
1760 1607 1891 1655 πρὸς

1106 1652 1226 1699 ὑπακοὴν
1239 1662 1407 1689 διανίσταται
1418 1659 1464 1686 καί
1477 1666 1554 1692 φησι,
1563 1655 1650 1690 Φωνὴ
1663 1654 1716 1682 τοῦ
1728 1652 1891 1688 ἀδελφιδοῦ

1103 1719 1162 1745 μου
1172 1709 1272 1743 κρούει
1283 1707 1330 1733 ἐπὶ
1342 1705 1400 1739 τὴν
1410 1705 1512 1738 θύραν.
1527 1702 1592 1731 Εἶτα
1602 1702 1717 1738 ἡσυχίαν
1729 1701 1787 1731 ταῖς
1797 1699 1893 1730 ἀκοαῖς

1106 1754 1227 1785 ένδοῦσα,
1252 1750 1344 1779 ἀκούει
1360 1749 1406 1776 τοῦ
1420 1749 1463 1775 διὰ
1488 1749 1537 1784 τῆς
1558 1748 1649 1782 φωνῆς
1669 1745 1893 1781 προσηχήσαντος

1105 1798 1200 1825 Λόλουδ
1213 1798 1228 1824 ὸ
1238 1797 1265 1823 δὲ
1277 1796 1355 1829 λόγος
1369 1794 1486 1825 τοιοῦτός
1496 1794 1583 1820 ἐστιν’
1595 1791 1730 1824 Ἅνοιξόν
1737 1798 1797 1825 μοι,
1808 1788 1894 1816 ὰδε.1‹

1108 1843 1149 1878 φή
1162 1852 1233 1877 μου,
1250 1843 1269 1876 ἠ
1289 1841 1423 1875 πλησίον
1440 1848 1510 1874 μου,
1537 1837 1695 1872 περιστερά
1711 1845 1778 1871 μου,
1792 1835 1895 1862 τελεία

1104 1898 1180 1924 μου·
1202 1890 1245 1917 ὅτι
1265 1887 1284 1920 ἡ
1307 1885 1422 1920 κεφαλή
1437 1892 1496 1918 μου
1512 1883 1647 1917 ἐπλήσθη
1659 1882 1780 1916 δρόσου,
1800 1881 1849 1907 καὶ
1866 1881 1896 1907 οι

1104 1934 1270 1969 ,βόστρυχοι
1290 1941 1349 1967 μου
1368 1929 1508 1965 ψεκάδων
1531 1929 1650 1960 νυκτός.
1676 1927 1776 1954 Τούτου
1798 1926 1826 1952 δὲ
1844 1926 1896 1960 τὴν

1108 1981 1223 2008 διάνοιαν
1243 1979 1327 2009 οὕτως
1343 1977 1375 2003 ἄν
1387 1984 1429 2007 τις
1440 1974 1586 2002 καταλάϐοι
1601 1974 1635 2008 τῇ
1646 1973 1757 2008 θεωρίᾳ.
1778 1971 1822 2006 Τῷ
1845 1980 1896 2006 με-

1108 2026 1183 2061 γάλῳ
1193 2025 1304 2052 Μωῡσεί
1314 2022 1357 2049 διὰ
1370 2021 1456 2056 φωτὸς
1468 2020 1568 2056 ἤρξατο
1578 2020 1594 2055 ὴ
1607 2018 1654 2045 τοῦ
1665 2017 1731 2044 Θεοῦ
1744 2018 1895 2061 ὲμφάνεια·

1111 2059 1178 2107 μετά
1193 2069 1278 2097 ταῦτα
1288 2067 1331 2094 διά
1345 2066 1458 2100 νεφέλης
1474 2064 1547 2099 αὐτῷ
1559 2063 1721 2097 διαλέγεται.
1748 2059 1815 2088 Εἶτα
1826 2061 1900 2096 ὑψη-

1110 2117 1218 2152 λότερος
1231 2115 1281 2149 ἤδη
1297 2114 1343 2140 καὶ
1355 2112 1520 2146 τελειότερος
1537 2110 1690 2144 γενόμενος,
1705 2109 1733 2135 ὲν
1750 2107 1840 2142 γνόφῳ
1851 2107 1899 2133 τὸν

272 2161 350 2189 falsis
373 2165 400 2188 et
418 2161 576 2187 errantibus
591 2160 624 2186 de
650 2158 704 2184 Deo
734 2156 987 2185 existimationibus
1018 2162 1052 2182 es:

1111 2163 1175 2189 Θεὸν
1191 2161 1293 2197 βλέπει.
1322 2158 1353 2185 ’0
1374 2158 1402 2185 δὲ
1425 2157 1468 2184 διὰ
1485 2156 1579 2183 τούτου
1597 2154 1765 2190 μανθάνομεν
1775 2151 1899 2179 τοιοῦτόν

272 2209 404 2235 transitus
419 2207 451 2234 ad
470 2207 556 2233 lucem
573 2213 588 2232 a
608 2204 739 2231 tenebris.
755 2203 940 2238 Propinquior
965 2206 1056 2228 autem

272 2254 442 2281 occultorum
470 2251 667 2282 consideratio,
694 2258 740 2284 per
763 2257 794 2276 ea
822 2256 882 2283 qua:
909 2253 1059 2275 cernuntur

273 2300 411 2327 deducens
427 2299 546 2325 animam
562 2298 594 2324 ad
611 2301 736 2323 naturam
754 2303 815 2331 qum
839 2303 893 2322 non
915 2295 988 2322 cadit
1007 2295 1058 2322 sub

273 2349 426 2380 aspectum,
451 2348 492 2371 est
517 2344 601 2371 veluti
627 2343 749 2378 quadam
775 2343 862 2369 nnhes
892 2342 1059 2368 adumbratis

273 2390 403 2425 quidquid
420 2389 544 2417 cernitur
557 2409 564 2421 ,
580 2388 612 2415 ad
631 2389 657 2415 id
674 2393 765 2415 autem
781 2388 968 2422 aspiciendum
986 2386 1056 2420 quod

273 2442 315 2464 est
329 2437 507 2466 absconsum,
522 2435 640 2461 animam
661 2434 799 2461 deducens
815 2438 841 2460 et
857 2433 1057 2461 assuefaciens.

274 2481 371 2508 Anima
386 2485 474 2507 autem
500 2487 560 2514 qua:
576 2487 624 2514 per
643 2479 700 2506 haec
717 2478 841 2513 procedit
870 2478 903 2505 ad
918 2485 1035 2513 superna
1051 2497 1058 2509 ,

275 2527 395 2561 qualibet
421 2534 451 2553 re
466 2526 562 2552 relicta
586 2533 667 2560 quam
687 2525 805 2551 humana
832 2528 923 2559 potest
951 2525 1060 2558 assequi

275 2577 385 2603 natura,
398 2576 523 2599 versatur
548 2572 577 2598 in
595 2571 686 2606 adytis
700 2570 747 2598 Dei
773 2570 948 2605 cognitionis.
968 2569 1060 2596 divina

277 2620 391 2655 caligine
404 2619 523 2653 undique
540 2619 689 2652 intercepta
704 2627 710 2644 :
729 2617 757 2644 in
774 2624 827 2651 qua
846 2615 975 2649 quolibet‘
987 2614 1061 2649 quod

276 2666 399 2694 cernitur
424 2669 451 2692 et
478 2664 719 2699 comprehenditur
741 2663 808 2690 foris
833 2662 939 2694 relicto,
964 2661 1061 2687 animae

278 2722 290 2740 (ι
311 2711 502 2747 ntemplationi
518 2711 606 2738 solum
623 2714 708 2737 restat
726 2709 752 2736 id
765 2708 837 2744 quod
852 2715 908 2735 non
922 2708 1062 2742 inspecta-

335 2803 376 2833 ”l
393 2803 455 2831 Cor.
474 2801 571 2834 vnl,2.
611 2800 633 2816 ³ο
662 2798 728 2826 Gen.
749 2806 779 2833 It,
802 2799 839 2826 l0.

1108 2210 1181 2235 ἐστιν
1194 2216 1200 2223 ·
1217 2207 1251 2233 Ἠ
1264 2206 1359 2241 πρώτη
1376 2203 1430 2230 ἀπὺ
1440 2203 1494 2229 τῶν
1507 2201 1612 2236 ψευδῶν
1621 2200 1668 2227 καὶ
1681 2197 1900 2233 πεπλανημένων

1109 2255 1172 2289 περὶ
1182 2252 1249 2280 Θεοῦ
1260 2250 1419 2286 ὑπολήψεων
1433 2247 1613 2283 ἀναχώρησις,
1628 2246 1644 2280 ὴ
1655 2243 1708 2270 ἀπὺ
1722 2243 1768 2269 τοῦ
1778 2242 1901 2289 σκότους

1109 2285 1153 2330 είς-
1168 2297 1224 2333 φῶς
1248 2297 1306 2323 ἐστι
1330 2285 1504 2330 μετάστασις.
1527 2291 1558 2317 Ἦ
1572 2290 1601 2316 δὲ
1621 2286 1821 2324 προσεχεστέρα
1843 2285 1903 2312 τῶν

1110 2342 1238 2379 κρυπτῶν
1246 2338 1442 2374 κατανόησι;,ὴ
1456 2336 1499 2363 διὰ
1514 2334 1568 2362 τῶν
1582 2333 1751 2368 φαινομένων
1764 2339 1902 2366 χειραγω-

1109 2373 1196 2424 γοῦσα
1209 2388 1258 2423 τὴν
1279 2373 1366 2421 ψυχὴν
1386 2383 1455 2419 πρὸς
1475 2382 1524 2417 τὴν
1551 2380 1665 2415 ἀόρατον
1682 2377 1772 2412 φύσιν⁷
1785 2373 1841 2403 οἷόν
1859 2384 1904 2424 τις

1107 2420 1203 2469 νεφέλη
1227 2420 1349 2467 iam},
1369 2431 1399 2456 τὸ
1420 2427 1580 2463 φαινόμενον
1602 2425 1650 2460 μὲν
1673 2424 1746 2451 ἅπαν
1770 2420 1900 2448 ἐπισκιά-

1107 2467 1206 2513 {obeat-
1227 2478 1295 2514 πρὸς
1308 2478 1336 2503 δὲ
1354 2476 1384 2502 τὸ
1398 2474 1513 2509 κρύφιον
1541 2472 1648 2507 βλέπειν
1661 2469 1709 2505 τὴν
1824 2475 1907 2514 χειρ-

1109 2523 1254 2558 αγωγοῦσα
1264 2522 1310 2549 καὶ
1324 2520 1511 2551 συνεθίζουσα.
1521 2517 1550 2544 'l‘l
1564 2517 1592 2543 δὲ
1603 2516 1646 2542 διά
1661 2514 1761 2541 τούτων
1772 2511 1908 2538 ὁδεύουσα

1113 2555 1181 2604 πρὸξ
1195 2568 1230 2594 τὰ
1243 2567 1299 2594 ἀνω
1314 2565 1398 2600 ψυχὴ⁷
1414 2565 1475 2591 ὅσον
1491 2561 1602 2597 ἐφικτόν
1622 2560 1679 2585 ἐστι
1693 2559 1725 2593 τῇ
1743 2555 1910 2604 ἀνθρωπίνῃ

1115 2614 1204 2649 φύσει,
1220 2613 1254 2638 τὰ
1271 2612 1345 2638 κάτω
1361 2607 1561 2639 καταλιποῦσα,
1576 2605 1651 2636 ἐντὸς
1664 2604 1718 2631 τῶν
1732 2602 1837 2630 ἀδύτων
1852 2600 1909 2635 τῆς

1115 2646 1277 2693 θεογνωσίας
1292 2657 1405 2692 γίνεται,
1420 2655 1459 2690 τῷ
1474 2654 1538 2688 θείῳ
1557 2652 1649 2686 γνόφῳ
1661 2648 1827 2684 πανταχόθεν
1844 2646 1911 2693 δια-

1115 2705 1264 2740 ληφοεῖσα·
1294 2704 1322 2729 ἐν
1376 2701 1422 2729 τοῦ
1438 2699 1601 2735 φαινομένου
1618 2705 1647 2723 τε
1670 2696 1716 2723 καὶ
1727 2691 1909 2728 καταλαμϐα-
