1984 3068
121 140 172 175 ton
204 162 211 167 κ

630 139 664 172 IN
677 144 825 173 CANTICA
839 139 975 173 CANTIC.
996 141 1137 175 nonius
1156 144 1201 175 xi.

1662 148 1728 178 1002

119 205 216 241 νομένου
232 203 331 235 παντὸς
342 203 394 236 ἔξω
407 203 644 238 καταλειφθέντος,
660 204 738 239 μόνον
754 204 893 230 ὑπολείπε-

946 203 998 231 bile
1006 209 1033 232 et
1045 205 1331 240 incomprehensibile,
1345 205 1373 232 in
1381 213 1436 240 quo
1446 210 1488 234 est
1499 205 1582 236 Deus.
1593 209 1730 240 quomodo

121 258 157 275 τειι
169 249 197 284 τῇ
211 247 313 283 θεωρίᾳ
326 248 374 282 τῆς
385 247 473 283 ψυχῆς
486 248 516 274 τὸ
529 249 643 284 ἀόρατόν
653 257 682 275 τε
693 249 740 275 καὶ
756 249 893 284 ἀκατάλη-

121 303 184 326 πτον,
194 295 224 321 ἐν
238 291 261 328 ᾧ
277 294 350 320 ἐστιν
366 295 380 321 6
396 294 472 326 Θεὸς,
488 294 580 325 καθώς
594 303 660 328 φησι
678 295 742 330 περὶ
756 294 803 321 τοῦ
818 303 894 330 νομο-

120 341 210 368 θέτουό
225 340 322 374 λόγος·
351 341 390 367 ὅτι
412 339 543 375 Εισῆλθε
566 340 600 366 δὲ
623 340 753 374 Μωυσῆς
776 341 820 374 εὶς
842 340 895 367 τὸν

121 388 221 422 ﬁdem.
234 384 271 414 οὗ
287 385 327 421 ἦν
341 389 357 413 ὀ
371 387 451 419 Θεός.
858 385 861 389 ’

149 432 250 459 Τούτων
271 432 298 458 δὲ
313 433 378 467 ἡμῖν
393 432 464 459 οὕτω
484 432 687 468 θεωρηθέντων,
706 434 837 460 σκεπτέον
861 433 894 461 ἂν

119 476 154 512 εἴη
175 477 218 504 καὶ
243 476 297 503 τῶν
327 477 513 512 προκειμένων
544 479 609 513 ἡμῖν
636 478 726 513 ῥητῶν
752 478 800 514 τὴν
826 479 894 514 πρὸς

118 521 148 547 τὰ
171 522 300 556 εἰρημένα
323 522 491 556 συγγένειαν.
526 520 580 549 Ἧν
606 524 650 549 ὅτε
681 523 794 558 μέλαινα
817 522 850 559 ἦν
877 525 894 560 ὴ

117 566 209 601 νύμφη,
229 568 285 598 τοῖς
300 567 461 601 ἁφωτίστοις
480 567 611 602 δόγμασιν
626 569 804 604 ἐσκοτωμένη
815 590 821 601 ,
843 576 895 596 πα-

119 612 288 647 ραϐλέψαντος
302 612 388 647 αὐτὴν
398 612 444 639 τοῦ
452 612 539 648 ἡλίου,
553 612 599 639 τοῦ
612 613 655 640 διὰ
666 613 720 640 τῶν
733 615 894 649 πειρασμῶν

117 658 159 693 τὴν
181 657 290 698 ἄρριζον
309 658 355 684 ἐπὶ
380 658 435 684 τῶν
451 658 558 694 πετρῶν
579 659 683 695 σπορὰν
705 660 892 693 ὲπικαίοντοςο

117 704 154 729 ὅτε
177 703 230 729 τῶν
257 704 285 729 ὲν
315 703 382 739 αὐτῇ
413 703 614 739 μαχησαμένων
641 705 810 740 ἡττηθεῖσα,
849 706 894 733 τὸν

115 748 253 783 ἀμπελῶνα
274 748 319 774 τὸν
344 749 442 784 ἑαυτῆς
470 749 521 775 οὐκ
550 749 681 783 ἐφύλαξεν
697 757 704 764 ·
734 749 774 776 ὅτι
797 750 894 785 ἑαυτὴν

115 794 261 828 ἀγνοήσασα
277 794 326 824 τὰς
339 793 392 819 τῶν
414 794 514 829 ἐρίφων
527 794 628 828 ἀγέλας
645 794 705 821 ἀντὶ
720 795 774 821 τῶν
791 796 892 830 προϐά-

114 847 161 864 των
172 838 326 873 ὲποίμανεν.
351 838 420 864 Ἀλλ’
433 838 526 874 ἐπειδὴ
539 839 588 874 τῆς
604 839 670 874 πρὸς
683 839 713 865 τὸ
726 840 810 866 κακὸν
825 849 857 866 συ
862 850 895 876 μ-

114 884 188 918 φυΐας
202 885 299 920 ἑαυτὴν
316 886 504 920 ἀποστήσασα,
521 885 565 912 διὰ
582 885 627 912 τοῦ
644 886 775 921 μυστικοῦ
789 886 893 913 ἐκείνου
912 873 932 901 Β

114 930 170 965 φιλή
176 937 258 965 ματος
267 932 300 966 τῇ
313 932 388 966 πηγῇ
403 930 449 958 τοῦ
464 931 551 966 φωτὸς
566 933 748 966 προσαγαγεῖν
761 932 791 958 τὸ
808 933 893 967 στόμα

113 975 232 1011 ἐπόθησε,
250 976 310 1002 τότε
326 976 395 1010 καλὴ
416 977 534 1009 γίνεται,
560 977 599 1011 τῷ
615 977 684 1010 φωτὶ
700 977 749 1011 τῆς
766 977 895 1012 ἀληθείας

113 1021 335 1056 περιλαμφθεῖσα,
352 1022 398 1048 καὶ
412 1022 442 1048 τὸ
458 1021 541 1056 μέλαν
555 1022 603 1056 τῆς
617 1022 727 1056 ἀγνοίας
738 1023 894 1049 ἀποκλυσα-

113 1067 174 1102 μὲνη
186 1066 224 1101 τῷ
236 1066 322 1093 ὕδατι.
337 1065 403 1094 Εἶτα
418 1067 492 1102 ἵππῳ
505 1067 642 1102 ὁμοιοῦται
655 1067 698 1094 διὰ
712 1068 741 1094 τδ
754 1068 893 1103 εὔδρομον,

111 1112 154 1138 καὶ
168 1113 200 1146 τῇ
218 1113 366 1147 περιστερᾷ
382 1112 424 1138 διὰ
440 1112 470 1138 τὸ
493 1113 573 1147 τάχος
591 1113 639 1148 τῆς
654 1113 782 1144 διανοίας.
805 1115 844 1139 Δι’
857 1110 895 1140 ὧν

111 1157 160 1182 πᾶν
171 1157 199 1182 τὸ
211 1156 485 1192 καταλαμϐανόμενον
496 1165 524 1182 τε
536 1157 582 1183 καὶ
595 1158 754 1192 φαινόμενον
767 1158 804 1189 ὡς
813 1158 895 1189 ἵππος

110 1202 299 1236 διαδραμοῦσα,
316 1203 369 1228 καὶ
385 1202 423 1234 ὼς
436 1203 585 1238 περιστερὰ
604 1203 749 1235 διαπτᾶσα,
765 1203 895 1239 πρότερον

112 1246 159 1280 μὲν
175 1248 207 1282 τῇ
224 1247 286 1281 σκιᾷ
300 1247 346 1272 τοῦ
363 1247 447 1282 μήλου
472 1247 540 1282 μετὰ
557 1248 704 1283 ἐπιθυμίας
720 1249 893 1276 ὲπαναπαύε-

110 1301 162 1322 ται,
173 1293 254 1327 μῆλον
264 1292 442 1327 ἁντὶνεφέλης
453 1293 482 1318 τὺ
490 1294 534 1318 ὲπι
541 1293 646 1324 σκιάζον
656 1293 877 1328 κατονομάζουσα
886 1302 892 1308 “

110 1337 154 1362 νῦν
166 1337 193 1363 δὲ
211 1337 261 1372 ἤδη
276 1337 327 1364 ὑπὸ
341 1338 389 1373 τῆς
405 1337 480 1369 θείας
497 1338 592 1369 νυκτὸς
605 1339 770 1374 περιέχεται,
787 1339 847 1365 καθ’
861 1339 894 1374 ἢν

108 1385 121 1410 6
133 1384 246 1418 νυμφίος
261 1384 440 1418 παραγίνεται
456 1384 514 1418 μὲν,
531 1384 560 1409 οὺ
577 1384 700 1417 φαίνεται
714 1385 751 1410 δέ.
767 1383 829 1416 Πῶς
839 1384 894 1420 γὰρ

104 1429 136 1453 ὲν
151 1429 226 1454 νυκτὶ
239 1428 334 1463 φανείη
350 1427 380 1454 τὸ
400 1428 436 1464 μὴ
454 1429 607 1464 ὁρώμενον;
635 1429 691 1456 ἀλλ’
706 1429 830 1465 αἴσθησιν
844 1430 894 1466 μέν

107 1483 165 1500 τινα
178 1474 266 1500 δίδωσι
278 1475 311 1509 τῇ
326 1473 397 1508 ψυχῇ
416 1474 464 1508 τῆς
481 1475 640 1509 παρουσίας,
656 1475 784 1509 ἐκφεύγει
795 1468 832 1502 ’δὲ
844 1476 894 1511 τὴν

105 1521 208 1556 ἔναργῆ
219 1520 382 1555 κατανόησιν
392 1519 431 1554 τῷ
439 1520 546 1555 ἀοράτῳ
559 1520 609 1555 τῆς
624 1520 731 1554 φύσεως
741 1521 892 1556 ὲγκρυπτό-

107 1574 197 1601 μενος.
222 1565 269 1596 Τις
284 1565 372 1591 τοίνυν
385 1565 459 1591 ἐστὶν
471 1565 487 1600 ἡ
500 1565 629 1601 γινομένη
643 1567 677 1600 τῇ
696 1565 768 1602 ψυχῇ
788 1566 831 1592 διὰ
845 1566 895 1600 τῆς

104 1611 202 1642 νυκτὸς
221 1611 323 1645 ταύτης
343 1610 536 1645 μυσταγωγία;
558 1611 688 1637 "Amatur.
706 1612 756 1647 τῆς
775 1611 860 1646 Θύρας
881 1612 895 1637 6

105 1657 202 1690 Λόγος.
218 1656 307 1692 Θύραν
319 1657 347 1682 δὲ
364 1657 477 1692 νοοῦμεν
489 1656 538 1692 τὴν
553 1656 730 1691 στοχαστικὴν
743 1654 799 1683 τῶν
810 1658 896 1692 ἀρρή-

103 1711 158 1728 των
170 1702 300 1733 διάνοιαν,
317 1702 349 1729 δι’
362 1700 395 1738 ἦς
408 1702 582 1734 είσοικίζεται
592 1702 623 1728 τὸ
639 1701 812 1737 ζητούμενον.
824 1702 896 1734 Ἐξω

100 1748 194 1774 τοίνυν
208 1747 313 1774 ἑστῶσα
323 1747 373 1782 τῆς
387 1747 493 1782 φύσεως
504 1747 581 1782 ἡμῶν
595 1748 611 1782 ὴ
623 1747 736 1782 ἀλήθεια
749 1747 792 1774 διὰ
805 1748 854 1782 τῆς
863 1748 895 1774 ὲκ

104 1794 208 1828 μέρους
222 1794 358 1828 γνώσεως,
375 1794 464 1825 καθώς
479 1802 560 1828 φησιν
574 1794 588 1819 ὁ
602 1793 771 1825 Ἀπὸστολος,
786 1795 814 1819 ὲν
830 1794 896 1821 ὑπο-

99 1840 190 1871 νοίαις
207 1840 262 1866 τισὶ
278 1840 325 1867 καὶ
346 1840 486 1875 αἰνίγμασι
500 1840 692 1875 θυροκρουστεῖ
704 1839 753 1875 τὴν
765 1840 893 1870 διάνοιαν,

101 1885 243 1917 Ἀνοιξον
258 1885 374 1919 λέγουσα
385 1894 392 1901 ·
406 1885 451 1911 καὶ
464 1885 532 1919 μετὰ
543 1887 698 1921 προτροπῆς
713 1885 894 1921 ὑποτιθεμένη

97 1932 147 1957 τὸν
173 1931 292 1966 τρόπον,
318 1931 391 1961 ὅπως
414 1931 553 1965 ἀνοιγῆναι
576 1932 709 1966 προσήκει
729 1931 777 1966 τὴν
799 1931 892 1966 θύραν,

95 1975 157 2004 οἷόν
173 1984 249 2008 τινας
260 1976 333 2007 κλεῖς
353 1976 496 2011 ὀρέγουσα,
519 1977 553 2003 τὰ
567 1976 637 2003 καλὰ
661 1976 746 2003 ταῦτα
763 1977 892 2012 ὀνόματα,

94 2024 133 2050 δι’
147 2020 188 2050 ὧν
207 2023 237 2049 τὸ
254 2022 446 2056 κεκλεισμένον
459 2022 604 2056 ἀνοίγεται.
630 2022 740 2054 Κλεῖδες
756 2023 809 2058 γάρ
824 2024 893 2049 εἰσιν

95 2068 234 2103 ἄντικρυς
248 2069 276 2094 αἱ
297 2067 351 2093 τῶν
371 2067 511 2102 ὀνομάτων
533 2067 635 2094 τούτων
655 2069 799 2103 ἐμφάσεις,
816 2069 843 2095 αἱ
860 2068 893 2095 τὰ

95 2114 215 2149 κρυπτὰ
229 2112 422 2147 διανοίγυυσαι,
441 2112 542 2148 ἀδελφὴ
564 2113 610 2140 καὶ
631 2112 744 2148 πλησίον
756 2113 803 2139 καὶ
816 2122 893 2149 περι-

95 2159 190 2195 στερὰ
203 2160 249 2186 καὶ
263 2159 361 2186 τελεία.
375 2159 406 2186 Et
417 2159 471 2194 γὰρ
483 2158 571 2193 βούλει
585 2167 636 2190 σοι,
649 2159 740 2194 φησὶν,
754 2159 892 2194 ἀνοιγῆναι

92 2205 150 2239 τὴν
167 2205 265 2241 θύραν,
282 2205 327 2232 καὶ
342 2205 495 2240 ἐπαρθῆναι
506 2205 556 2239 τῆς
566 2205 655 2239 ψυχῆς
670 2213 717 2231 σου
731 2206 779 2236 τὰς
794 2205 890 2237 πύλας,
909 2211 929 2238 D

93 2251 143 2277 ἵνα
162 2251 271 2286 εἰσέλθῃ
288 2253 301 2278 6
324 2251 448 2285 βασιλεὺς
464 2250 513 2286 τῆς
534 2250 629 2286 δόξης,
658 2251 709 2286 χρή
731 2259 760 2277 σε
777 2251 891 2286 ἀδελφήν

91 2306 152 2332 μου
171 2297 308 2331 γενέσθαι.
324 2297 352 2323 ἐν
362 2296 400 2332 τῷ
408 2296 442 2323 τὰ
454 2296 593 2332 θελήματά
605 2305 654 2331 μου
667 2298 698 2331 τῇ
714 2296 785 2332 ψυχῇ
801 2305 892 2332 παρα-

87 2342 245 2374 δέξασθαι,
277 2342 367 2373 καθὼς
390 2343 418 2367 ὲν
439 2342 480 2377 τῷ
502 2341 660 2376 Εὑαγγελῖῳ
683 2340 765 2374 φησὶν
780 2341 892 2374 ἀδελφὸν

89 2388 185 2414 αὑτοῦ
211 2387 257 2413 καὶ
280 2387 395 2422 ἀδελφὴν
417 2386 539 2421 γίνεσθαι
564 2386 610 2412 τὸν
626 2387 655 2412 ἐν
672 2387 727 2417 τοίς
742 2385 892 2420 θελήμασιν

85 2433 183 2461 αὑτοῦ
198 2433 296 2465 ζῶντα.
317 2432 377 2468 Χρὴ
387 2433 414 2459 δέ
424 2441 453 2458 σε
468 2433 515 2458 κιὶ
526 2432 704 2467 προσεγγίσαι
716 2433 747 2466 τῇ
765 2431 889 2466 ἀληθείᾳ,

84 2479 142 2505 καὶ
159 2478 277 2512 πλησίον
289 2477 425 2511 γενέσθαι.
440 2476 509 2503 ὥστε
523 2476 618 2511 μηδενὶ
638 2476 712 2511 μέσῳ
728 2474 889 2509 διατειχίξε-

85 2525 177 2556 σθαι,
202 2524 248 2550 καὶ
269 2525 297 2550 ἐν
312 2525 345 2558 τῇ
366 2522 445 2557 φύσει
465 2522 513 2556 τῆς
532 2522 693 2557 περιστερᾶς
708 2520 780 2555 ἔχειν
797 2520 828 2546 τὸ
844 2519 889 2546 τέι

81 2568 170 2596 ὶειον
183 2578 191 2585 ·
215 2569 294 2595 τοῦτο
304 2569 331 2595 δέ
346 2569 404 2594 ὲστι
422 2568 452 2594 τὸ
467 2567 595 2601 ἀνελλιπῆ
611 2567 657 2593 καὶ⁹
673 2566 889 2601 πεπληρωμένην

80 2615 168 2642 εἶναι
192 2615 281 2650 πάσης
302 2615 417 2645 ἁκακίας
437 2613 485 2639 καὶ
508 2613 699 2647 καθαρότητος.
726 2612 818 2638 Ταῦτα
840 2611 888 2638 λα-

79 2659 198 2690 ϐοῦσα,
213 2657 235 2686 ὦ
245 2659 328 2695 ψυχὴ,
342 2657 396 2685 οἷόν
416 2667 491 2690 τινας
504 2658 577 2689 κλεῖς
591 2658 626 2684 τὰ
639 2657 767 2692 ὀνόματα,
785 2657 889 2690 ἄνοιξον

75 2702 128 2732 δι’
140 2704 239 2730 αὐτῶν
254 2705 285 2739 τῇ
304 2703 416 2738 ἀληθείᾳ
437 2703 487 2737 τὴν
508 2701 621 2733 εἴσοδον,
642 2702 743 2736 ἀδελφὴ
756 2702 888 2738 γενομένη

77 2750 140 2778 καὶ
160 2749 278 2784 πλησίον
293 2750 338 2776 καὶ¹
352 2748 501 2785 περιστερὰ
516 2749 562 2775 καὶ
576 2748 676 2774 τελεία.
691 2747 785 2774 Ἔσται
800 2747 827 2774 δέ
841 2756 887 2774 σου

145 2839 172 2856 ³⁸
189 2839 272 2867 Exod.
286 2847 359 2871 xxw,
378 2840 420 2866 18.
462 2839 483 2854 ³¹
502 2838 584 2866 lCOr.
603 2846 661 2871 nn,
682 2838 722 2865 12.

263 2888 397 2917 Parnm.
413 2887 474 2916 (in.
500 2887 607 2918 XLIV.

944 249 1011 277 dicit
1026 249 1168 286 Scriptura
1184 251 1218 278 de
1232 251 1386 286 legislatore
1401 261 1407 279 :
1427 252 1564 288 Ingressus
1578 256 1617 280 est
1643 251 1730 281 Moses

941 295 971 321 'in
985 295 1127 331 caliginem
1143 297 1189 323 ubi
1202 301 1260 324 erat
1273 296 1344 324 Deus
1356 297 1389 325 “.

981 428 1029 457 llis
1039 433 1130 457 autem
1145 430 1187 458 sic
1202 437 1217 457 a
1232 430 1311 458 nobis
1322 431 1516 463 consideratis,
1531 430 1729 459 consideranda

944 480 986 502 est
1003 476 1084 503 etiam
1103 477 1262 512 conjunctio
1271 481 1298 504 et
1309 477 1426 505 aliinitas
1438 477 1582 504 verborum
1595 484 1655 511 quae
1668 480 1732 504 sunt.

944 520 1023 549 nobis
1032 522 1171 557 proposita
1179 530 1241 550 cum
1249 523 1282 550 iis
1291 523 1431 558 qumdicta
1438 523 1577 550 sunt.Fuit
1585 523 1732 557 aliquando
1741 527 1751 535 '

945 573 1046 600 sponsa
1059 566 1147 602 nigra,
1157 567 1285 596 obscuris
1296 568 1470 603 dogmatibus
1483 569 1660 596 obtcnebrala
1670 575 1733 595 cum

945 619 1004 639 eam
1013 613 1053 640 sol
1061 614 1273 648 aspexisset,qui
1283 615 1500 648 pertentationcs
1511 615 1564 641 urit
1571 619 1732 644 sementem,

945 665 1006 692 qua:
1019 665 1101 693 supra
1119 663 1222 693 petram
1240 659 1322 686 nullis
1346 659 1444 686 nititur
1458 660 1598 687 radicibus
1612 669 1618 686 :
1634 659 1734 687 deinde

946 704 1017 738 quod
1028 711 1090 731 cum
1103 709 1176 732 esset
1190 705 1266 733 abiis
1280 709 1419 740 superata,
1432 706 1546 740 quicam
1561 713 1734 740 oppugnave-

945 753 1020 781 runt,
1032 750 1139 776 vineam
1155 757 1232 777 suam
1252 758 1306 777 non
1323 751 1485 778 custodierit
1498 760 1505 778 :
1519 751 1591 785 quod
1606 758 1668 778 cum
1680 751 1734 778 sei-

945 799 1022 826 psam
1031 792 1304 828 ignorasset,paverit
1312 802 1408 830 greges
1416 794 1556 822 haedorum
1566 803 1615 829 pro
1624 795 1733 822 ovibus.

946 835 999 864 Sed
1016 841 1161 872 postquam
1177 846 1191 865 a
1207 839 1403 874 conjunctione
1419 840 1481 867 cum
1506 841 1578 868 malo
1602 848 1632 868 se
1655 844 1735 868 avul-

947 882 1040 914 sisset,
1056 889 1083 910 et
1097 890 1146 917 per
1167 884 1312 919 mysticum
1330 885 1397 912 illud
1421 885 1545 912 osculum
1571 885 1637 913 fonti
1665 885 1734 912 lucis

948 934 979 954 os
994 927 1140 956 admovere
1163 928 1356 961 desiderasset,
1375 933 1440 957 tunc
1469 931 1497 956 fit
1525 930 1650 965 pulchra,
1675 931 1735 957 iutc

949 973 1070 1000 veritatis
1098 973 1244 1008 illustrata,
1272 979 1299 1003 et
1328 983 1399 1010 aqua
1416 976 1510 1004 abluto
1525 977 1634 1011 nigrore
1653 976 1733 1011 igno-

948 1019 1054 1046 rantiae.
1091 1019 1195 1047 Deinde
1228 1028 1299 1055 equo
1332 1022 1503 1049 assimilatur
1533 1025 1645 1056 propter
1673 1022 1735 1055 ejus

949 1063 982 1090 ad
994 1071 1106 1091 cursum
1124 1065 1326 1100 pernicitatem.
1348 1071 1375 1094 ct
1391 1067 1535 1099 columbae,
1561 1071 1673 1102 propter
1691 1067 1734 1094 in-

949 1110 1073 1137 tellectus
1093 1111 1273 1138 celeritatem.
1297 1111 1481 1144 Quamobrem
1510 1120 1572 1139 cum
1601 1111 1734 1146 quidquid

949 1155 1192 1189 comprehenditur
1205 1160 1233 1182 et
1255 1156 1379 1183 cernitur
1409 1160 1541 1191 tanquam
1561 1164 1649 1191 eqws
1676 1163 1736 1191 per-

948 1200 1092 1232 currisset,
1109 1205 1137 1227 et
1151 1204 1280 1235 tanquam
1299 1201 1424 1230 columba
1434 1202 1645 1235 transvolasset,
1657 1204 1735 1237 prius

948 1244 1058 1277 quidem
1087 1252 1149 1271 cum
1179 1244 1316 1273 desiderio
1343 1247 1462 1281 quiescit
1480 1247 1508 1274 in
1530 1248 1627 1274 umbra
1656 1248 1734 1279 mali,

949 1287 1050 1314 malum
1070 1296 1121 1323 pro
1145 1289 1219 1317 nube
1238 1291 1387 1319 nominans
1414 1292 1442 1319 id
1463 1291 1734 1326 quodobscuritatem

949 1332 1035 1360 all‘ert.
1052 1333 1132 1361 Nunc
1152 1339 1242 1363 autem
1256 1344 1270 1363 a
1288 1336 1381 1364 divina
1399 1343 1478 1365 nocte
1489 1338 1545 1372 jam
1557 1339 1733 1370 circumitur,

948 1378 974 1405 in
989 1386 1043 1412 qua
1061 1379 1168 1406 accedit
1188 1381 1298 1415 quidem
1315 1390 1446 1417 sponsus,
1465 1383 1513 1410 sed
1535 1391 1589 1410 non
1609 1389 1733 1418 apparet.

947 1423 1090 1456 Quomodo
1105 1425 1177 1452 enim
1194 1432 1276 1454 noctu
1290 1429 1448 1462 apparuerit
1462 1429 1487 1455 id
1503 1429 1575 1463 quod
1592 1436 1646 1455 non
1672 1436 1734 1457 cera

948 1467 1042 1494 nitur?
1057 1469 1103 1496 sed
1118 1470 1337 1506 prrebetqnidem
1350 1473 1446 1499 animae
1463 1473 1581 1508 aliquem
1598 1481 1654 1501 suae
1666 1482 1736 1509 prae-

948 1515 1043 1542 sentiae
1058 1523 1180 1548 sensum,
1212 1517 1307 1552 etingit
1335 1523 1427 1545 autem
1455 1518 1609 1546 evidentem
1634 1522 1735 1547 mentis

947 1561 1231 1595 comprehensionem,
1260 1568 1292 1590 ut
1315 1564 1361 1598 qui
1387 1566 1527 1598 operiatur
1550 1569 1646 1591 natura
1673 1573 1736 1600 qua:

947 1614 1001 1633 non
1017 1608 1090 1633 cadit
1106 1608 1158 1635 sub
1173 1613 1324 1644 aspectum.
1355 1609 1486 1642 Quaenam
1504 1614 1546 1638 est
1564 1616 1654 1638 autem
1674 1620 1734 1648 my-

947 1651 1024 1678 stcrii
1043 1651 1221 1685 introductio,
1251 1662 1312 1689 quae
1327 1662 1377 1689 per
1392 1655 1463 1682 hanc
1480 1660 1587 1682 noctem
1612 1657 1734 1683 induitur

947 1696 1068 1722 animae?
1083 1696 1189 1724 Ostium
1205 1699 1290 1732 tangit
1311 1697 1441 1726 Verbum.
1457 1698 1564 1727 Ostium
1587 1704 1676 1727 autem
1691 1701 1734 1727 in--

947 1741 1095 1776 telligimus
1115 1743 1330 1777 conjecturalem
1342 1751 1509 1771 arcanorum
1527 1745 1732 1779 cogitationem,

945 1793 994 1820 per
1007 1794 1090 1820 quam
1100 1787 1320 1815 introduciturid
1332 1789 1406 1824 quod
1420 1790 1563 1824 quaeritur.
1577 1790 1659 1818 Stans
1667 1799 1733 1826 ergo

946 1837 1024 1859 extra
1050 1837 1173 1860 nostram
1196 1838 1323 1862 naturam
1345 1835 1458 1866 veritas,
1477 1844 1526 1870 per
1545 1837 1733 1871 cognitionem

946 1885 978 1905 ex
996 1882 1083 1912 parte,
1112 1879 1184 1906 sicut
1204 1880 1271 1908 dicit
1296 1881 1487 1915 Apostolus",
1507 1884 1607 1909 mentis
1631 1887 1734 1910 nostrae

945 1923 1035 1958 pulsat
1050 1925 1150 1952 ostium
1164 1925 1191 1952 in
1208 1927 1348 1961 allegoriis
1360 1930 1386 1954 et
1406 1927 1606 1962 mulgmatibus,
1620 1928 1730 1957 dicens:

944 1968 1041 2002 Aperi;
1056 1974 1083 1998 et
1101 1978 1163 1998 cum
1181 1972 1371 2000 adhortatione
1395 1974 1526 2008 suggerit,
1551 1974 1732 2008 quemadmo-

944 2014 1009 2041 dum
1025 2019 1134 2050 oportet
1154 2018 1261 2051 aperire
1275 2018 1386 2050 ostium,
1410 2019 1492 2045 veluti
1507 2020 1631 2054 praebens
1650 2028 1733 2055 quas-

944 2058 1006 2085 dam
1026 2060 1128 2094 claves,
1146 2069 1244 2096 nempo
1259 2063 1374 2096 pulchra
1399 2063 1456 2090 haec
1471 2065 1591 2096 nomina,
1611 2073 1660 2100 per
1672 2073 1732 2100 quae

944 2106 1068 2138 aperitur
1082 2105 1108 2132 id
1125 2107 1198 2140 quod
1214 2113 1256 2134 est
1282 2108 1418 2136 clausum.
1447 2109 1544 2137 Claves
1560 2111 1632 2137 enim
1652 2112 1732 2146 plane

942 2155 1008 2178 sunt
1023 2150 1120 2178 horum
1141 2153 1285 2180 nominum
1296 2154 1525 2189 signiﬁcationes,
1543 2164 1603 2191 qua:
1621 2159 1731 2185 occulta

944 2197 1082 2231 aperiunt,
1098 2205 1196 2233 nempe
1211 2207 1291 2226 soror
1305 2205 1331 2227 et
1345 2201 1502 2236 propinqua
1519 2205 1545 2230 et
1560 2203 1687 2231 columba
1704 2209 1731 2232 et

944 2243 1078 2278 perfecta.
1097 2243 1127 2270 Si
1151 2245 1192 2272 vis
1205 2245 1288 2278 enim,
1305 2247 1406 2281 inquit,
1429 2248 1528 2282 aperiri
1557 2249 1669 2282 ostium,
1701 2254 1730 2278 et

943 2289 1031 2317 attolli
1051 2292 1145 2324 portas
1173 2291 1271 2318 animae
1284 2296 1348 2323 tuae,
1373 2296 1402 2319 ut
1416 2301 1463 2320 rex
1478 2294 1571 2328 gloriae
1591 2294 1731 2330 ingredia-

942 2338 997 2366 tur,
1013 2340 1121 2370 oportet
1144 2340 1170 2364 te
1191 2344 1281 2364 meam
1310 2337 1369 2366 ﬁeri
1392 2346 1526 2371 sororem,
1553 2340 1581 2367 in
1597 2348 1629 2368 eo
1657 2342 1730 2376 quod

943 2381 1041 2408 anima:
1066 2390 1132 2410 mese
1162 2383 1330 2411 voluntatem
1357 2385 1489 2420 accipias,
1517 2386 1588 2414 sicut
1605 2387 1673 2415 dicit
1701 2389 1729 2416 in

944 2427 1091 2463 Evangelio
1106 2436 1167 2456 eum
1184 2429 1244 2457 ﬁeri
1258 2430 1369 2458 fratrem
1389 2440 1470 2459 suum
1486 2437 1513 2460 et
1529 2441 1664 2466 sororem,
1678 2436 1726 2470 qui

943 2472 1010 2499 vivit
1027 2473 1053 2500 in
1071 2474 1134 2508 ejus
1151 2475 1302 2504 voluntate.
1330 2476 1445 2513 Oportet
1463 2483 1554 2506 autem
1578 2484 1605 2506 te
1627 2487 1729 2515 appro-

943 2519 1076 2554 pinquare
1106 2521 1226 2554 veritati,
1256 2527 1283 2550 et
1315 2524 1383 2550 adeo
1408 2529 1503 2552 exacte
1523 2533 1584 2553 esse
1617 2527 1729 2561 propin-

941 2571 1037 2598 quum.
1056 2569 1085 2592 ut
1103 2567 1180 2594 nullo
1200 2567 1363 2596 intermedio
1377 2570 1556 2606 disjungaris,
1584 2577 1611 2600 et
1626 2573 1728 2601 habere

942 2610 970 2637 in
983 2615 1082 2638 natura
1097 2613 1233 2641 columba:
1255 2615 1452 2649 perfectionem
1471 2627 1477 2644 :
1494 2617 1545 2645 hoc
1568 2622 1658 2646 autem
1672 2623 1726 2651 est,

944 2657 1018 2684 nulla
1032 2658 1059 2684 in
1074 2665 1103 2686 re
1114 2659 1240 2692 deﬁcere.
1259 2664 1286 2688 et
1304 2669 1366 2690 esse
1381 2663 1491 2697 plenum
1505 2665 1579 2692 omni
1594 2665 1727 2691 innocen-

944 2702 982 2729 tia
996 2707 1023 2730 et
1034 2704 1163 2737 puritate.
1187 2706 1251 2734 Haec
1276 2708 1387 2735 nomina
1406 2716 1468 2736 cum
1494 2710 1565 2737 velut
1593 2710 1727 2744 quasdam

943 2747 1035 2776 claves
1049 2751 1199 2785 acceperis,
1212 2758 1228 2779 ο
1247 2752 1348 2785 anima,
1362 2761 1410 2788 per
1427 2762 1458 2782 ea
1470 2755 1546 2790 aperi
1572 2755 1724 2789 ingressum

1565 2891 1604 2922 32
