1978 3068
111 142 165 170 i005
621 142 654 168 IN
667 141 814 170 CANTICA
827 139 962 170 CANTIC.
985 139 1128 168 HOMILIA
1144 140 1189 169 ΧῙ.
1649 147 1717 175 ιοῃῆ

107 199 250 232 ἄνθρωπον,
271 196 302 223 δν
317 196 482 224 ἐκδύσασθαι
503 197 550 224 καὶ
570 198 719 226 ἀποθέσθαι
743 198 847 225 κελεύει
869 198 883 224 ὁ

941 203 966 223 ιο
979 196 1128 231 deponant.
1139 198 1264 224 hortatur
1277 197 1387 226 divinus
1400 198 1445 226 ille
1462 200 1607 236 Apostolus
1622 207 1718 228 omnes

107 244 165 274 θεῖος
182 241 358 274 Ἀπόστολος,
387 241 451 273 τοὺς
474 242 622 277 μέλλοντας
647 242 687 278 τῷ
706 243 813 279 λουτρῷ
835 242 882 269 τοῦ

941 242 980 276 lui
998 242 1071 270 verbi
1090 243 1198 270 lavacro
1212 246 1277 270 sunt
1287 243 1408 271 abluturi
1428 244 1524 272 sordes
1540 246 1640 279 pedum
1659 246 1718 273 ani-

107 288 171 322 λόγου
186 287 231 314 τὸν
247 287 332 323 ῥύπον
354 287 408 314 τῶν
428 287 534 322 βάσεων
554 288 605 324 τῆς
619 288 712 324 ψυχῆς
726 289 883 315 ἀποκλύσα-

941 295 995 315 mae.
1021 288 1112 316 Veteri
1129 295 1196 323 ergo
1217 292 1301 316 exuto
1325 288 1447 321 homine,
1467 294 1495 317 et
1510 290 1601 317 ablato
1625 290 1718 318 cordis

108 335 165 361 σθαι.
179 333 284 361 Οὐκοῦν
296 334 343 360 τὸν
361 334 475 362 παλαιὸν
491 335 714 370 ἀπεκδυσάμενος
728 335 881 371 ἄνθρωπον,

946 335 1087 368 nvolucro,
1122 336 1210 363 Verbo
1247 335 1355 369 apemit
1379 334 1495 368 aditum,
1513 344 1594 370 quem
1611 337 1718 372 ingres-

107 380 146 405 καὶ
162 378 294 414 περιελὼν
312 379 360 414 τῆς
376 379 491 414 καρδίας
512 379 542 405 τὸ
562 379 710 414 κάλυμμα,
737 379 826 414 ἤνοιξε
844 379 883 414 τῷ

941 387 995 407 tum
1020 381 1211 408 indumentum
1234 380 1286 408 sibi
1314 380 1381 408 facit
1403 381 1503 414 anima,
1525 383 1720 410 convenienter

105 425 171 460 Λόγῳ
187 422 236 460 τὴν
258 424 375 457 εἴσοδον,
400 425 429 451 ὃν
448 424 524 456 ἐντὸς
543 425 689 460 γενόμενον
704 425 804 460 ἔνδυμα
824 434 884 451 ποι-

941 425 1101 459 Ξιιιοείιίοιιὶ
1114 426 1248 460 Apostoli,
1264 425 1311 461 qui
1321 426 1399 460 jubet
1413 431 1496 453 exuto
1514 427 1651 461 corporali
1669 435 1719 455 ve-

85 491 87 494 .
106 472 163 497 εῖται
177 471 277 506 ἑαυτῆς
293 472 309 506 ὴ
332 471 417 506 ψυχὴ.
433 471 503 498 κατὰ
517 471 567 507 τὴν
584 472 630 498 τοῦ
653 472 816 498 ’Δποστόλου
831 472 883 505 ὑφ-

941 472 1003 498 Lcris
1023 471 1141 498 hominis
1156 470 1327 502 indumento,
1340 471 1455 499 induere
1466 479 1564 499 novam
1585 473 1718 504 tunicam.

105 519 201 552 ήγησιν,
215 516 245 548 ὃς
256 517 362 544 κελεύει
373 517 419 543 τὸν
435 517 619 553 ὲκδυσάμενον
629 517 679 553 τὴν
694 517 820 552 σαρκώδη
835 517 883 544 τοῦ

941 522 997 556 quae
1020 515 1172 543 secundum
1190 515 1276 543 Deum
1301 519 1344 543 est
1362 521 1456 544 creata
1472 518 1501 544 in
1521 519 1668 546 sanctitate
1692 523 1720 547 et

106 562 209 589 παλαιοῦ
223 561 367 597 ἀνθρώπου
382 562 540 597 περιϐολὴν,
552 562 713 589 ἐνδύσασθαι
726 562 827 597 χιτῶνα
838 562 883 588 τὸν

941 561 1086 593 iustitia".
1111 561 1204 589 Jesum
1228 566 1319 589 autem
1339 562 1406 590 dicit
1432 563 1623 591 indumentum
1646 572 1717 593 esse.

105 608 166 635 κατὰ
177 608 244 634 Θεὸν
267 608 428 640 κτισθέντα,
454 610 483 634 ὲν
507 609 627 643 ὁσιότητι
650 609 696 635 καὶ
715 608 882 644 δικαιοσύνῃ.

941 606 1051 641 Sponsae
1073 611 1163 634 autem
1189 607 1335 642 professio,
1357 608 1431 643 quod
1456 616 1537 644 quam
1567 611 1643 637 exuit
1664 618 1720 638 non

111 653 203 689 Ἰησοῦν
218 653 246 679 δὲ
259 654 332 688 λέγει
345 651 414 680 εἶναι
427 653 458 680 τὸ
470 653 583 688 ἔνδυμα.
605 654 638 680 Ἠ
650 653 679 680 δὲ
689 654 821 688 ὁμολογία
834 654 884 688 τῆς

941 653 971 680 sit
985 660 1083 680 rursus
1100 657 1245 688 acceptura
1261 654 1394 685 tunicam,
1404 654 1453 682 sed
1470 659 1598 682 contenta
1613 656 1650 683 sit
1664 663 1720 683 una

104 700 202 736 νύμφης
221 699 252 726 τὸ
275 699 374 735 μηκέτι
398 700 443 726 τὸν
468 699 656 734 ἀποϐληθέντα
679 699 780 734 χιτῶνα
803 699 884 726 πάλιν

941 698 1038 727 Lunica.
1050 701 1234 733 congruenter
1245 698 1295 733 legi
1311 698 1382 726 datae
1397 698 1557 734 discipulis,
1577 706 1660 735 quam
1672 708 1721 736 per

103 745 305 780 ἀναλαμὸάνειν.
329 745 386 772 ἀλλ’
404 745 547 780 ἀρκεῖσθαι
571 745 611 781 τῷ
632 746 673 772 ένὶ
687 745 790 780 χιτῶνι,
812 744 885 772 κατὰ

941 744 1168 778 regenerationem
1192 747 1323 771 renovata
1340 743 1429 771 induit
1451 745 1553 777 anima,
1574 745 1721 773 conﬁrmat

102 789 142 817 τὸν
154 789 260 817 δοθέντα
274 791 331 821 τοῖς
347 789 482 825 μαθηταῖς
498 790 590 825 νόμον,
609 790 638 816 ὃν
654 790 698 816 διὰ
715 791 764 825 τῆς
780 789 884 816 ἄνωθεν

941 790 1128 817 :onvenienter
1137 789 1162 817 ei
1175 789 1247 824 quod
1262 789 1332 816 dixit
1344 789 1500 825 Scriptura,
1521 797 1577 818 non
1590 794 1720 826 oportere

102 836 246 870 γεννήσεως
254 835 479 863 ἀνακαινισθεῐσα
492 836 711 872 μετημφιάσατο,
723 834 826 870 βεϐαιοῖ
834 834 882 861 τοῦ

941 843 981 864 :os
998 836 1044 870 qui
1061 835 1145 863 semel
1159 835 1253 862 divino
1269 835 1431 863 indumento
1446 840 1513 864 sunt
1535 837 1638 867 ornati.
1655 841 1720 871 pec.

101 866 195 918 ίίυρίου
209 866 255 910 τὸν
271 883 359 917 λόγον,
382 882 428 909 τὸν
441 866 662 914 κελεύονταίτοὺς
676 866 748 915 ἅπαξ
762 882 801 917 τῷ
817 882 883 917 θείῳ

941 883 989 910 :ati
1005 882 1126 909 tunicam
1149 882 1274 913 induere,
1303 889 1354 909 nec
1370 881 1443 910 duas
1470 881 1571 909 habere
1598 883 1718 914 tunicas.

101 929 281 964 κοσμηθέντας
290 929 428 963 ὲνδύματι,
442 928 542 964 μηκέτι
556 928 754 955 ἐπενδύσασθαι
775 928 820 955 τὸν
832 929 883 963 τῆς

941 929 981 956 sed
999 935 1081 956 unam
1092 928 1178 956 solam
1189 928 1387 963 (innocentiae),
1409 935 1444 955 ne
1466 927 1535 956 duas
1565 929 1720 956 contrarias

101 973 229 1009 ἁμαρτίας
242 974 354 1008 χιτῶνα,
374 974 442 1009 μηδὲ
461 974 508 1000 δύο
524 973 641 1008 χιτῶνας
657 973 741 1008 ἔχειν,
757 973 825 1000 ἀλλὰ
838 972 884 999 τὺν

945 978 1005 1001 nter
1021 982 1052 1002 se
1065 974 1179 1001 invicem
1195 971 1360 1007 conjunctas
1376 973 1497 1001 habeant
1517 974 1634 1001 tunicas.
1650 974 1718 1007 Quae

99 1020 145 1046 ενα
159 1019 247 1055 μόνον.
273 1019 317 1046 ἵνα
332 1020 368 1054 μὴ
384 1019 429 1045 δύο
445 1019 510 1054 περὶ
529 1019 575 1044 τὸν
590 1018 671 1045 αὐτὸν
685 1015 752 1044 ὦσιν
763 1019 788 1044 oi
798 1018 885 1052 ἀσύμ-

941 1023 977 1046 3st
991 1020 1065 1046 enim
1075 1019 1194 1047 societas
1207 1019 1331 1046 obscurae
1341 1022 1368 1047 et
1379 1019 1533 1047 tenebrosa:
1547 1020 1648 1047 tunicae
1658 1028 1719 1047 cum

99 1066 171 1093 ὃατοι
187 1066 256 1100 πρὸς
281 1065 411 1098 ἀλλήλους
426 1065 549 1100 χιτῶνες.
574 1064 623 1095 Τίς
633 1063 688 1100 γὰρ
704 1064 832 1091 κοινωνία
845 1062 885 1098 τῷ

941 1064 1071 1092 ηυῐῐιίῐιοειι
1086 1067 1113 1091 et
1131 1068 1242 1099 experte
1261 1064 1404 1091 materiai?
1431 1064 1489 1091 Non
1508 1065 1596 1091 solum
1626 1069 1717 1092 autem

100 1110 226 1146 σκοτεινῷ
237 1110 297 1137 ὲνδύ
303 1119 366 1146 ματι
379 1110 447 1144 πρὸς
467 1110 513 1136 τὸν
528 1109 657 1144 φωτοειδῆ
672 1118 701 1136 τε
720 1109 767 1136 καὶ
782 1109 862 1136 ᾶῦλον
876 1117 883 1142 ;

941 1111 977 1136 lex
992 1109 1044 1136 hoc
1060 1109 1147 1143 jubet,
1160 1116 1216 1136 non
1231 1113 1358 1143 oportere
1368 1109 1470 1136 habere
1485 1109 1554 1136 duas
1564 1110 1674 1137 tunicas
1685 1111 1718 1138 ³⁸.

99 1157 134 1183 Οὐ
154 1157 232 1191 μόνον
251 1156 280 1182 δὲ
294 1155 373 1182 τοῦτό
386 1164 468 1191 φησιν
481 1156 496 1181 ὸ
506 1156 599 1189 νόμος,
618 1155 648 1182 τὺ
667 1155 703 1190 μὴ
718 1155 773 1182 δεῖν
787 1155 834 1181 δύο
842 1163 880 1189 χι-

941 1154 983 1181 sed
998 1161 1049 1182 nec
1059 1161 1158 1181 novum
1167 1160 1289 1189 pannum
1299 1154 1384 1181 veteri
1395 1154 1562 1181 vestimento
1572 1155 1720 1187 assuere“,

97 1202 184 1233 τῶνας
194 1201 238 1236 ἔχε
243 1210 276 1231 ιν,
284 1201 350 1228 ἀλλὰ
361 1201 428 1236 μηδὲ
438 1201 617 1236 ἐπιρράπτειν
627 1200 658 1227 τὸ
669 1200 761 1227 καινὸν
771 1199 885 1235 ὕφασμα

941 1208 971 1228 ne
985 1200 1046 1234 ejus
1060 1201 1106 1235 qui
1122 1201 1174 1227 hoc
1189 1200 1278 1227 induit
1293 1200 1380 1235 major
1393 1200 1429 1228 sit
1437 1200 1600 1227 deformitas
1617 1207 1648 1227 ac
1662 1205 1718 1227 tur-

97 1247 136 1282 τῷ
152 1247 256 1282 παλαιῷ
270 1246 370 1282 ἱματίῳ
382 1255 389 1262 ·
417 1246 462 1272 ἵνα
478 1246 515 1281 μὴ
528 1246 627 1282 χείρων
637 1246 750 1281 γένηται
765 1247 782 1281 ὴ
799 1246 884 1281 dum»

941 1245 1041 1280 pitudo,
1060 1253 1121 1271 cum
1140 1252 1228 1279 neque
1244 1249 1354 1272 maneat
1377 1244 1404 1271 id
1419 1245 1492 1279 quod
1515 1249 1558 1272 est
1582 1250 1719 1276 assutnm,
1759 1279 1764 1281 _

99 1293 197 1329 μοσύνη
221 1292 268 1319 τοῦ
283 1292 330 1318 τὸν
343 1292 464 1318 τοιοῦτον
482 1292 727 1327 περιδαλλομένου,
754 1292 822 1327 μήτε
837 1291 884 1318 τοῦ

941 1298 963 1320 et
975 1292 1076 1320 veteris
1094 1293 1130 1320 sit
1147 1292 1269 1319 scissura
1288 1291 1422 1324 deterior.
1453 1299 1503 1319 nec
1528 1292 1608 1320 facile
1632 1295 1720 1327 possit

97 1339 259 1375 ὲρῤαῳέντος
283 1338 438 1373 μείναντος,
462 1338 509 1364 καὶ
532 1337 579 1364 τοῦ
603 1338 719 1365 παλαιοῦ
742 1340 834 1373 χεῖρον
855 1337 886 1364 τὺ

941 1337 1086 1365 remedium
1105 1337 1239 1364 adhiberi.
1255 1336 1338 1364 Tollit
1351 1336 1438 1369 enim,
1457 1337 1559 1372 inquit,
1579 1337 1721 1372 plenittltln

99 1385 199 1421 σχίσμα
210 1384 340 1415 παθόντος
351 1384 398 1410 καὶ
408 1383 634 1419 δυσθεράπευτον.
647 1384 723 1419 Αἴρει
736 1384 799 1420 γὰρ,
807 1383 885 1419 φησὶ,

941 1391 1035 1411 novum
1047 1391 1062 1410 α
1082 1387 1172 1410 vetere
1188 1383 1364 1414 vestimento,
1392 1386 1420 1410 et
1441 1383 1519 1417 pejor
1535 1384 1656 1410 scissura
1681 1385 1721 1414 tit,

97 1431 128 1458 τὸ
147 1431 283 1466 πλήρωμα
297 1430 328 1456 τὸ
347 1429 440 1456 καινὸν
455 1429 502 1455 τοῦ
522 1428 649 1461 παλαιοῦ,
665 1431 717 1456 καὶ
724 1431 814 1465 χεῖρον
833 1429 886 1464 σχί-

941 1429 1006 1457 adeo
1026 1432 1056 1456 ut
1082 1436 1130 1464 per
1157 1435 1229 1460 eam,
1246 1436 1307 1462 quae
1326 1428 1417 1463 turpia
1441 1432 1506 1455 sunt
1533 1428 1721 1462 propalentnr.

98 1484 153 1511 σμα
169 1475 288 1509 γίνεται,
310 1475 348 1506 ὼς
367 1474 578 1510 δημοσιεύεσθαι
592 1474 627 1501 δι’
647 1475 729 1501 αὑτοῦ
751 1475 785 1502 τὰ
801 1475 887 1510 ἀσχή-

941 1475 1069 1510 Proptcra
1085 1475 1153 1502 dicit
1169 1482 1176 1500 :
1198 1473 1267 1500 Eami
1285 1474 1402 1500 tunicam
1423 1481 1519 1505 meam,
1538 1474 1670 1508 quomodo
1685 1474 1725 1499 in-

99 1529 175 1556 μονα.
202 1521 250 1546 Διὰ
269 1519 348 1546 τοῦτό
364 1527 457 1555 φησιν·
479 1518 685 1554 Έξεδυσάμην
701 1520 756 1547 τὸν
777 1520 887 1555 χιτῶνά

941 1520 1018 1547 duum
1035 1520 1139 1546 eum“?
1153 1519 1222 1552 Quis
1237 1519 1309 1546 enim
1324 1526 1385 1546 cum
1394 1519 1435 1546 vel
1445 1519 1504 1554 ipso
1515 1519 1572 1546 sole
1580 1519 1722 1546 clariorem

95 1574 154 1600 μου
164 1585 172 1596 ,
196 1565 258 1597 πῶς
277 1565 440 1599 ἐνδύσομαι
454 1565 568 1597 amor;
592 1565 641 1596 Τίς
657 1565 711 1601 γὰρ
729 1566 762 1593 ἂν
777 1565 883 1599 βλέπων

941 1564 1046 1591 Domini
1063 1565 1201 1598 aspexerit
1221 1564 1356 1594 tunicam.
1378 1568 1535 1591 contextam
1553 1570 1602 1598 per
1619 1563 1724 1598 purita-

96 1611 162 1646 περὶ
175 1611 270 1638 ἑαυτὸν
285 1610 330 1637 τὸν
341 1610 460 1645 ἡλιοειδῆ
474 1610 521 1637 τοῦ
536 1610 638 1646 Κυρίου
658 1611 769 1646 χιτῶνα,
784 1611 829 1637 τὸν
840 1611 885 1638 διὰ

941 1614 992 1637 tem
1008 1614 1036 1637 et
1058 1609 1305 1644 incorruptionem,
1327 1610 1434 1644 qualem
1452 1609 1573 1636 ostendit
1589 1609 1617 1635 in
1634 1614 1724 1636 trans-

96 1656 283 1691 καθαρότητος
315 1655 362 1681 καὶ
378 1655 530 1690 ἀφθαρσίας
543 1655 617 1690 αὑτῷ
631 1655 816 1691 περιτεθέντα,
830 1653 884 1682 οἷον

941 1655 1100 1690 ﬁguratione
1118 1653 1145 1681 in
1162 1658 1264 1686 monte,
1287 1654 1474 1681 mcndicorum
1492 1658 1596 1682 vestem
1621 1662 1725 1689 panno-

97 1702 144 1729 ἐπὶ
156 1702 205 1737 τῆς
214 1701 261 1727 τοῦ
269 1701 348 1736 ὄρους
362 1699 599 1736 μεταμορφώσεως
614 1701 724 1734 ἔδειξεν,
733 1699 792 1727 εἶτα
801 1709 885 1728 κατα-

95 1748 203 1782 δέχεται
214 1747 244 1773 τὸ
253 1746 358 1781 πτωχόν
366 1754 395 1772 τε
408 1745 453 1772 καὶ
467 1745 586 1779 ρακῶδες
598 1746 703 1780 ἱμάτιον
711 1746 801 1781 ἑαυτῷ
808 1754 885 1781 περι-

96 1791 194 1822 θεῖναι,
216 1791 284 1825 ὅπερ
300 1791 313 1816 ό
331 1789 446 1824 μέθυσος
459 1790 506 1816 καὶ
528 1790 543 1815 ό
557 1790 724 1825 πορνοκόπος
734 1810 742 1822 ,
763 1790 854 1822 καθὼς
868 1793 885 1826 ἡ

93 1836 233 1871 παροιμία
248 1835 326 1870 φησὶ,
336 1834 545 1870 περιϐάλλεταις
566 1835 645 1862 Ἀλλὰ
655 1836 716 1862 οὐδὲ
726 1837 790 1867 τοὺς
803 1837 885 1867 πόδας

93 1881 231 1916 νιψαμένη
241 1901 249 1912 ,
271 1880 352 1906 πάλιν
369 1881 402 1915 τῇ
418 1879 496 1914 βάσει
509 1880 555 1906 τὸν
573 1880 605 1906 ἐκ
615 1879 666 1914 τῆς
682 1881 733 1915 γῆς
749 1880 886 1916 μολυσμὸν

94 1928 294 1963 παραδέχεται.
333 1952 335 1955 ,

138 1972 306 2006 Ὲνιιν-(ἱμην
322 1971 390 2006 γὰρ,
414 1972 496 2006 φησὶ,
520 1971 591 2005 τοὺς
610 1972 705 2006 πόδας
725 1982 801 2007 μου,
824 1972 886 2006 πῶς

90 2016 222 2052 μολυνῶ
243 2017 374 2048 αὺτούς¹;
400 2017 467 2043 Οὐδὲ
481 2016 536 2051 γὰρ
550 2016 670 2051 Μωῦσῆς
685 2017 724 2051 τῷ
743 2017 807 2052 θείῳ
819 2026 886 2054 προ-

94 2063 237 2097 στάγματι
251 2062 301 2097 τῆς
317 2062 416 2096 νεκρᾶς
427 2062 481 2088 τῶν
495 2062 636 2098 δερμάτων
653 2062 798 2098 περιϐολῆς
812 2063 887 2090 ὲλευ-

92 2109 224 2144 θερώσας
237 2108 299 2140 τοὺς
318 2108 411 2140 πόδας,
435 2109 478 2135 ὅτε
497 2109 547 2143 τῆς
567 2108 647 2143 ἁγίας
660 2117 690 2135 τε
703 2110 751 2136 καὶ
769 2118 887 2144 πεφοηι-

92 2157 204 2191 σμένης
215 2154 341 2182 ἐπέϐαινε
350 2155 412 2190 γῆς,
427 2154 508 2182 πάλιν
520 2155 663 2191 ἱστορεῖται
677 2156 812 2184 διαλαϐὼν
825 2157 887 2189 τοὺς

939 1708 997 1729 sam
1017 1700 1143 1727 lubenter
1158 1699 1287 1731 induerit,
1302 1699 1455 1733 cujusmodi
1473 1703 1516 1727 est
1531 1700 1599 1726 ebrii
1613 1703 1640 1726 et
1666 1700 1724 1726 for-

938 1746 1083 1776 nicatoris,
1097 1745 1169 1772 sicut
1187 1745 1254 1772 dicit
1264 1744 1459 1778 proverbium?
1472 1744 1524 1771 Sed
1541 1752 1631 1779 neque
1641 1749 1719 1778 post-

938 1799 1020 1828 quam
1039 1790 1121 1826 pedes
1138 1790 1213 1821 lavit,
1230 1797 1327 1817 rursus
1339 1797 1372 1816 ex
1394 1789 1503 1817 incessu
1518 1794 1642 1817 terrenas
1661 1798 1724 1817 sor-

939 1838 988 1866 des
1003 1837 1132 1864 admittit.

978 1974 1134 2006 Lam’enim,
1157 1973 1255 2008 inquit,
1275 1973 1352 2008 pedes
1375 1980 1460 2003 meos,
1482 1978 1613 2008 quomodo
1635 1972 1724 2008 inqui-

940 2021 1009 2048 nabo
1020 2029 1064 2048 eos
1076 2021 1089 2046 3’
1104 2019 1198 2054 Neque
1214 2019 1286 2046 enim
1308 2018 1398 2046 Moses
1412 2026 1474 2046 cum
1491 2019 1570 2053 jussu
1583 2019 1674 2045 divino
1694 2020 1726 2046 li-

940 2067 1062 2094 berasset
1071 2064 1154 2100 pedes
1163 2071 1178 2091 a
1193 2068 1302 2090 mortuo
1312 2063 1421 2098 pellium
1434 2063 1603 2094 indumento.
1614 2064 1725 2099 quando

941 2117 1041 2139 terram
1057 2109 1179 2138 ascendit
1190 2114 1315 2137 sanctam
1332 2113 1360 2135 et
1377 2108 1569 2141 illuminatam,
1595 2114 1725 2136 narratur

941 2166 1038 2187 rursus
1057 2157 1140 2192 pedes
1155 2156 1279 2184 induisse
1304 2155 1406 2183 calceis
1422 2162 1531 2190 :neque
1551 2155 1660 2190 quando
1680 2164 1725 2183 ve-

93 2202 185 2233 πύδας
201 2202 257 2232 τοῖς
269 2201 450 2237 ὑποδήμασιν.
461 2201 505 2227 ὅτε
519 2202 565 2228 καὶ
577 2201 626 2238 τὴν
638 2203 777 2238 ἱερατικὴν
788 2203 887 2239 ἐσθῆτα

941 2209 1010 2233 stem
1021 2203 1229 2233 sacerdotalem,
1237 2205 1420 2236 congruenter
1435 2201 1528 2235 ligone
1541 2209 1603 2235 quae
1614 2205 1724 2229 ostensa

92 2247 174 2274 κατὰ
190 2247 236 2274 τὸν
250 2247 333 2274 τύπον
345 2247 392 2274 τὸν
408 2248 436 2274 ἐν
455 2247 493 2282 τῷ
505 2247 564 2284 όρει
579 2248 718 2283 δειχθέντα
732 2249 891 2285 φιλοτεχνή-

94 2301 162 2324 σας,
181 2293 281 2328 χρυσοῦ
298 2292 344 2319 καὶ
368 2292 522 2328 πορφύρας,
539 2293 586 2319 καὶ
601 2292 711 2328 βύσσου,
734 2295 781 2321 καὶ
796 2295 887 2321 ὑακίν-

93 2338 159 2368 Θου,
179 2337 225 2363 καὶ
245 2337 345 2364 κόκκου
361 2337 409 2370 τὰς
431 2337 518 2370 αὐγὰς
534 2338 708 2373 συγκεράσας
726 2339 755 2364 ὲν
767 2338 806 2374 τῷ
821 2340 891 2374 ὑφά-

93 2391 197 2418 σματι,
213 2382 283 2409 ὥστε
303 2383 454 2417 σύμμικτον
468 2384 500 2409 ὲκ
515 2383 624 2410 πάντων
636 2384 842 2419 ἁπαστράτιτειν
861 2384 891 2411 τὸ

91 2429 211 2460 κάλλος,
230 2428 325 2455 οὐδένα
336 2429 393 2460 τοῖς
406 2429 470 2455 ποσὶ
488 2429 588 2464 κόσμον
608 2430 817 2465 έπετεχνήσατο,
831 2430 889 2457 ἀλλ’

89 2473 129 2509 ἦν
147 2474 343 2509 καλλωπισμὸς
353 2474 399 2500 τοῦ
413 2475 549 2510 ἱερατικοῦ
564 2476 644 2507 ποδὸς
659 2475 689 2502 τὸ
704 2476 805 2511 γυμνὸν
820 2475 889 2503 εἶναι

90 2521 194 2555 πάσης
209 2520 365 2555 περιϐολῆς.
383 2520 429 2546 καὶ
443 2521 593 2555 ἐλεύθερον.
610 2522 671 2556 Χρὴ
684 2522 739 2557 γὰρ
752 2522 797 2548 τὸν
814 2523 889 2557 ἱερέα

89 2565 212 2596 πάντως
224 2566 270 2591 ἐπὶ
277 2565 327 2600 τῆς
339 2565 419 2598 ἁγίας
430 2565 572 2600 βεϐηκέναι
582 2566 644 2601 γῆς,
656 2564 688 2602 ἧς
704 2567 772 2602 μετὰ
785 2568 889 2598 νεκρῶν

87 2610 246 2645 δερμάτων
261 2610 433 2638 ὲπιὸατεύειν
450 2611 480 2636 οὐ
495 2610 582 2645 θέμις.
609 2611 657 2638 Διὰ
673 2613 751 2639 τοῦτο
769 2613 817 2640 καὶ
834 2615 889 2645 τοῖς

90 2656 240 2691 μαθηταῖς
254 2657 268 2682 ό
284 2656 384 2690 Κύριος
397 2655 563 2690 ἀπαγορεύει
581 2656 614 2682 τὰ
630 2657 798 2692 ὑποδήματα.
814 2653 889 2684 ἐπει-

87 2702 126 2730 δὴ
147 2701 259 2728 κελεύει
268 2701 364 2732 αὐτοὺς
376 2702 415 2732 εἰς
427 2701 511 2728 ἐθνῶν
520 2701 577 2728 ὁδὸν
592 2702 629 2737 μὴ
643 2702 814 2737 πορεύεσθαι,
822 2703 889 2730 ἀλλὰ

87 2747 142 2774 διὰ
161 2748 212 2782 τῆς
229 2747 308 2781 ἁγίας
322 2746 381 2773 ὀδοῦ
395 2747 527 2782 προϊέναι.
548 2747 604 2773 Οὐκ
617 2743 723 2781 ἀγνοεῖς
733 2748 761 2774 δὲ
783 2749 890 2781 πάντως

939 2248 991 2276 fuit
1007 2248 1035 2274 in
1053 2251 1155 2278 monte,
1167 2245 1269 2272 afl‘abre
1286 2250 1330 2272 est
1350 2244 1511 2278 fabricatus,
1538 2246 1597 2273 auri
1619 2251 1646 2273 et
1660 2254 1726 2281 pur-

938 2301 1024 2329 puras.
1049 2297 1076 2319 et
1092 2291 1180 2327 byssi,
1205 2295 1231 2318 et
1248 2290 1401 2326 hyacinthi,
1424 2295 1452 2318 et
1477 2291 1552 2318 cocci
1573 2292 1600 2318 in
1618 2295 1724 2320 textura

938 2338 1150 2373 contemperatis
1165 2337 1369 2372 splendoribus.
1386 2340 1417 2364 ut
1429 2336 1578 2371 refulgeret
1604 2337 1724 2372 pulchri-

938 2385 1006 2412 tudo
1018 2382 1162 2411 commista
1191 2389 1224 2410 ex
1247 2381 1387 2414 omnibus,
1414 2382 1500 2409 ullum
1531 2387 1724 2410 ornamentum

941 2430 1090 2458 fabricatus
1104 2432 1146 2455 est
1165 2428 1290 2462 pedibus,
1314 2427 1361 2455 sed
1383 2427 1564 2455 sacerdotalis
1576 2429 1654 2463 pedis
1667 2432 1726 2456 erat

939 2479 1128 2503 ornamentum
1139 2481 1200 2502 esse
1216 2474 1319 2501 nudum
1333 2478 1360 2501 et
1375 2474 1492 2501 liberum
1507 2475 1541 2501 ab
1557 2475 1632 2501 omni
1649 2475 1724 2502 indu-

940 2525 1041 2548 mento.
1061 2521 1175 2555 Oportet
1194 2521 1267 2547 enim
1293 2519 1463 2547 sacerdotem
1487 2527 1595 2554 semper
1621 2521 1724 2555 ingredi

943 2573 1026 2601 super
1050 2570 1152 2592 terram
1182 2568 1317 2597 sanctam,
1346 2573 1429 2600 super
1449 2572 1531 2600 quam
1554 2573 1608 2592 non
1626 2565 1667 2593 fas
1683 2569 1726 2592 est

941 2612 1045 2647 ingredi
1062 2619 1123 2639 cum
1153 2611 1272 2646 pellibus
1299 2613 1426 2640 mortuis.
1460 2612 1491 2638 Et
1512 2612 1572 2640 ideo
1595 2612 1725 2640 Dominus

942 2666 1051 2694 quoque
1074 2658 1216 2692 discipulis
1236 2657 1376 2684 interdicit
1400 2658 1511 2689 calceis.
1540 2657 1649 2692 quando
1677 2664 1725 2686 eos

941 2704 1018 2739 jubet
1032 2711 1085 2731 non
1107 2703 1146 2730 ire
1161 2704 1186 2730 in
1198 2703 1270 2730 viam
1287 2703 1420 2738 gentium.
1439 2704 1486 2731 sed
1506 2712 1553 2738 per
1570 2705 1640 2730 viam
1660 2711 1725 2731 san-

943 2754 1014 2776 ctam
1028 2748 1154 2776 incedere
1162 2749 1195 2775 “.
1213 2748 1340 2775 Sanctam
1360 2753 1449 2776 autem
1468 2750 1539 2776 viam
1560 2749 1671 2776 omnino
1683 2750 1724 2776 in-

143 2836 169 2852 “
187 2834 283 2870 Eplies.
299 2843 334 2868 Iv,
349 2835 395 2863 ει.
429 2835 451 2851 ³⁹
465 2835 560 2864 Matth.
582 2845 609 2869 x,
627 2836 668 2865 l0.
702 2837 723 2853 ‘°
739 2836 820 2864 Marc.
837 2845 866 2870 ιι,
882 2838 887 2863 1

964 2837 984 2852 “
1005 2835 1100 2863 Matth.
1114 2843 1178 2867 xvn,
1192 2834 1218 2861 2.
1250 2836 1271 2850 ⁸²
1287 2835 1381 2862 Matth.
1397 2843 1423 2867 x,
1438 2837 1469 2866 ὅ,
1484 2833 1510 2862 6.
