1978 3068
264 153 330 180 I007

891 143 920 172 S.
940 143 983 170 (ill
989 140 1102 169 EGOllll
1119 139 1260 168 NYSSENI

1821 134 1880 166 mos

262 214 371 247 tclligis,
383 217 430 245 per
441 215 522 243 quam
542 206 673 241 jubentur
696 209 807 230 currere
832 200 972 235 discipuli,
1000 198 1048 233 qui

1107 197 1147 232 τὴν
1165 197 1244 230 ἁγίαν
1268 193 1335 225 ὁδὸν,
1356 195 1388 220 δι’
1410 191 1444 228 ἧς
1460 193 1484 219 οἱ
1503 191 1623 227 μαθηταὶ
1639 190 1746 226 τρέχειν
1767 191 1881 217 κελεύον-

263 245 381 285 didicisti
407 255 441 281 ab
456 261 488 281 eo
505 252 551 287 qui
576 250 643 278 dixit
661 259 668 276 :
684 248 740 284 Ego
761 255 819 275 sum
842 247 885 273 via
907 245 947 277 ⁸⁸,
967 252 1049 280 quam

263 310 317 330 non
333 302 395 328 licet
423 303 535 333 tangere
554 303 615 323 eum
643 293 689 329 qui
718 292 837 319 hominis
863 290 964 317 mortui
994 297 1048 316 non

263 347 346 374 solvit
364 344 565 372 indumentum.
580 340 649 373 Quia
669 338 752 374 igitur
761 337 832 364 hanc
841 336 913 363 viam
924 336 1047 370 ingressa

264 397 305 419 est
321 397 431 426 sponsa,
447 389 473 415 in
487 395 540 423 qua
559 375 766 413 ambulantibus
793 381 878 417 pedes
901 388 971 416 aqua
997 380 1050 406 Do-

264 437 356 464 minus
372 434 468 466 abluit,
496 437 524 460 et
545 431 663 466 extergit
688 430 782 460 linteo.
812 435 867 463 quo
885 427 992 454 cinctus
1008 428 1050 452 est

266 482 319 516 (est
334 485 423 508 autem
439 478 550 506 omnino
564 475 669 502 Domini
687 473 840 508 cingulum,
866 472 908 499 vis
924 470 1049 506 quadam

266 527 414 564 puriﬁcans
435 532 449 552 a
469 523 605 559 peccatis;
634 521 674 548 sic
698 520 770 547 enim
784 518 975 554 praescriptum
991 520 1044 549 est,

266 561 395 600 bantinus
416 571 538 604 virtqtem
562 567 647 594 induit
673 573 752 601 eaque
769 573 796 592 se
818 562 987 598 prwcinxit):
1009 561 1050 588 id—

266 619 341 646 circo
359 616 441 652 pedes
461 615 563 645 abluta,
594 615 680 640 semet
699 611 726 637 in
748 611 792 637 via
818 608 893 644 regia
915 607 1048 638 custodit,

267 671 355 698 neque
384 662 417 690 ad
443 661 593 690 dexteram,
616 665 704 693 neque
729 656 762 683 ad
783 656 877 682 laevam
892 653 1050 685 deﬂectens,

266 718 301 736 ne
312 697 470 736 alterutram
499 705 533 732 ad
550 707 653 739 partem
677 701 845 732 exorbitans,
867 700 925 726 luto
956 697 1050 733 pedem

270 752 498 787 suum'inquinet.
518 740 649 784 lntelligis
670 752 759 775 autem
782 745 848 780 quid
862 751 911 779 per
932 743 989 770 haec
1015 741 1053 769 si-

266 799 420 835 gnificetur.
436 796 566 824 nimirum
582 794 701 820 animam
719 799 779 826 qum
796 790 879 817 semel
895 796 944 823 per
960 787 1052 822 bapti—

267 834 356 873 smum
385 844 492 871 calceos
520 840 643 870 solverit,
660 838 724 874 (est
747 837 818 865 enim
834 836 887 862 hoc
908 834 1053 862 mersantis

267 900 327 919 sese
352 890 503 926 proprium,
534 890 564 914 ut
593 886 747 913 calceorum
775 882 909 917 corrigias
935 881 1046 908 solvat:
1067 872 1088 900 Β

267 934 495 972 quemadmodum
521 931 640 959 Joannes
663 928 878 965 protestabatur,
907 933 960 953 non
972 931 1052 959 posse

268 970 298 1008 se
312 981 363 1008 hoc
381 980 408 1006 in
424 979 482 1007 solo
501 977 617 1004 Domino
642 974 742 1002 facere.
768 972 835 1000 Nam
856 972 903 1007 qui
926 970 1053 998 solvisset

268 1027 328 1062 ejus
345 1025 504 1059 corrigiam,
522 1023 568 1057 qui
585 1027 701 1056 prorsus
712 1027 727 1046 a
739 1018 855 1053 corrigia
870 1016 975 1052 peccati
985 1023 1052 1043 con-

268 1061 381 1100 strictus
397 1077 451 1096 non
462 1066 641 1101 tenebatur?)
659 1073 717 1093 eam
731 1064 812 1099 igitur
825 1062 945 1090 abluisse
958 1061 1051 1096 pedes,

267 1121 294 1144 et
307 1124 360 1144 una
370 1123 431 1142 cum
445 1112 638 1141 calceamentis
654 1118 748 1138 omnes
763 1113 887 1137 terrenas
898 1107 993 1135 sordes
1002 1106 1052 1134 ab-

267 1163 377 1198 iecisse.
393 1161 487 1194 Itaque
503 1161 597 1186 servat
612 1158 640 1184 in
656 1157 699 1184 via
717 1160 802 1184 strata
818 1154 902 1190 pedes
918 1161 983 1181 suos
998 1153 1052 1179 im-

269 1209 400 1245 pollutos,
413 1206 484 1234 sicut
499 1209 525 1232 et
539 1203 626 1231 David
641 1202 769 1233 faciebat,
785 1208 848 1228 cum
868 1199 960 1226 abluta
987 1198 1052 1226 illu-

269 1244 312 1281 vie
327 1253 408 1284 cmni,
424 1251 506 1286 pedes
523 1257 589 1277 suos
603 1249 631 1275 in
649 1255 716 1275 saxo
729 1246 887 1278 collocaret,
906 1249 987 1279 atque
1005 1244 1052 1271 his

269 1296 360 1324 verbis
376 1299 517 1323 uteretur:
535 1292 648 1319 Reduxit
672 1294 713 1318 me
729 1290 761 1316 de
775 1290 834 1316 lacu
858 1289 984 1319 miseriae.
1008 1288 1053 1314 de-

269 1351 317 1377 que
329 1342 418 1369 illuvie
432 1347 546 1370 caenosa,
561 1342 586 1364 et
600 1336 676 1372 pedes
695 1344 765 1362 meo:
778 1343 860 1369 supra
882 1339 985 1368 petram
996 1338 1051 1360 sta-

270 1389 330 1419 tuit.
343 1393 497 1422 gressusque
518 1391 588 1411 meos
607 1381 744 1409 direxit“.
764 1381 815 1408 Per
839 1384 943 1415 petram
962 1383 1053 1406 autem

269 1435 340 1461 hanc
356 1432 500 1460 Dominum
516 1431 606 1464 ipsum
623 1427 811 1462 intelligimus,
835 1425 882 1459 qui
901 1428 928 1452 et
947 1425 992 1451 lux
1009 1427 1052 1451 est
1072 1444 1075 1445 ν

269 1484 296 1507 et
313 1476 426 1509 veritas,
440 1481 467 1504 et
484 1474 689 1505 immortalitas,
700 1476 727 1499 et
738 1471 847 1507 justitia
867 1480 874 1498 :
892 1470 994 1504 quibus
1007 1477 1053 1496 re-

1101 251 1156 273 ται,
1173 241 1266 276 μαθὼν
1290 239 1365 275 παρὰ
1380 239 1427 265 τοῦ
1443 238 1579 269 είπόντος·
1602 237 1675 272 Ἐγώ
1687 238 1746 272 είμι
1769 237 1788 270 ή
1806 238 1878 270 ὁδὸς,

1099 286 1132 324 ἦς
1145 288 1194 314 οὐκ
1215 287 1288 312 ἔστιν
1303 284 1422 319 ἅψασθαι
1438 284 1483 310 τδν
1499 283 1540 318 μὴ
1554 283 1757 317 ὖπολυσάμενον
1771 283 1818 318 τὴν
1837 282 1880 309 τοῦ

1099 332 1196 368 νεκροῦ
1210 330 1352 366 ἀνθρώπου
1366 329 1522 365 περιϐολήν.
1536 329 1613 354 Ἐπεὶ
1626 327 1672 354 οὖν
1689 329 1719 354 ὲν
1732 328 1817 364 ταύτῃ
1830 328 1880 362 ἐγέ-

1099 386 1159 405 νετο
1183 379 1216 413 τῇ
1244 377 1295 412 ὀδῷ
1310 378 1326 411 ἡ
1341 376 1446 410 νύμφη,
1471 376 1499 400 ἐν
1546 374 1600 400 τῶν
1622 373 1654 400 δι’
1669 374 1755 405 αὐτῆς
1771 382 1880 408 περιπα-

1098 423 1214 450 τούντων
1232 424 1246 449 ὁ
1261 421 1362 457 Κύριος
1382 421 1470 447 νίπτει
1494 420 1557 450 τοὺς
1580 419 1663 449 πόδας
1680 418 1718 452 τῷ
1735 418 1821 451 ὕδατι,
1837 419 1880 445 καὶ

1101 469 1234 504 ὲκμάσσει
1255 468 1294 502 τῷ
1309 467 1405 501 λεντίῳ
1426 462 1448 500 ᾧ
1460 464 1620 497 διεζώσατο⁴
1651 464 1761 499 δύναμις
1780 464 1807 490 δέ
1826 464 1880 490 ἐστι

1101 514 1253 549 καθαρτικὴ
1265 513 1317 540 τῶν
1339 512 1481 547 ἁμαρτιῶν
1501 511 1531 537 τὸ
1546 510 1592 536 τοῦ
1608 510 1710 544 Κυρίου
1728 509 1880 544 διάζωσμα”

1108 560 1288 586 Ἐνεδύσατο
1305 558 1370 593 γὰρ,
1384 558 1461 592 φησὶ,
1476 557 1583 590 Κύριος
1603 556 1740 589 δύναμιν,
1753 555 1801 581 καί
1812 563 1882 589 περι-

1101 605 1228 636 εζώσατο
1241 612 1247 620 ·
1268 604 1312 630 διὰ
1327 604 1406 630 τοῦτο
1422 603 1589 638 καθαρθεῖσα
1605 602 1667 632 τοὺς
1682 601 1766 631 πόδας
1780 601 1825 627 ἐπὶ
1836 601 1882 635 τῆς

1102 650 1161 676 ὁδοῦ
1177 650 1225 684 τῆς
1240 649 1392 684 βασιλικῆς,
1406 647 1504 682 ἑαυτὴν
1517 646 1658 680 φυλάσσει,
1669 646 1719 672 οὐκ
1729 645 1882 672 ἐκκλίνουσα

1103 697 1142 726 εἰς
1158 695 1242 726 δεξιὰ,
1258 694 1274 729 ἦ
1290 695 1329 725 είς
1342 693 1473 729 ἀριστερά
1486 701 1492 708 ·
1517 693 1559 718 ἵνα
1574 691 1610 726 μὴ
1622 691 1682 717 καθ’
1696 691 1823 725 ἑκάτερον
1835 690 1882 722 ἔξω

1103 741 1152 775 τῆς
1167 740 1227 766 ὁδοῦ
1249 739 1456 775 παρενεγκοῦσα
1477 738 1507 764 τὸ
1528 738 1612 772 ῐχνος,
1641 736 1740 771 μολύνῃ
1757 736 1795 771 τῷ
1812 735 1883 770 πηλῷ

1103 786 1148 812 τὸν
1162 786 1239 812 πόδα.
1257 785 1336 815 Νοεῐς
1346 784 1373 810 δὲ
1389 784 1496 814 πάντως
1513 782 1543 809 τὸ
1553 782 1596 808 διὰ
1609 782 1662 808 τῶν
1673 781 1824 817 εἰρημένων
1839 781 1885 815 δηη

1103 831 1242 865 λούμενον,
1256 830 1295 856 ὅτι
1309 831 1324 864 ὴ
1338 829 1410 861 ἅπαξ
1428 828 1471 855 διὰ
1484 827 1530 854 τοῦ
1550 827 1738 862 βαπτίσματος
1755 826 1885 853 ὑπολυσα-

1105 876 1172 911 μένη
1180 876 1214 902 τὰ
1228 875 1388 910 ὑποδήματα
1401 883 1407 889 ·
1422 873 1488 900 ἴδιον
1500 874 1553 908 γὰρ
1562 872 1608 899 τοῦ
1621 872 1795 907 βαπτίζοντος
1809 872 1884 907 ἔργον

1103 923 1133 948 τὸ
1147 922 1220 948 λύειν
1229 921 1292 952 τοὺς
1308 920 1422 955 ἱμάντας
1434 919 1489 945 τῶν
1501 919 1586 953 ὐποδη
1592 919 1694 953 μάτων,
1705 917 1796 949 καθὼς
1803 917 1887 944 Ἰωάν-

1103 977 1151 1003 νης
1167 966 1377 1002 διεμαρτύρατο,
1398 965 1435 1000 μὴ
1443 964 1572 991 δύνασθαι
1589 963 1668 990 τοῦτο
1683 964 1729 990 ἐπὶ
1745 963 1824 998 μόνου
1839 963 1885 989 τοῦ

1104 1013 1206 1048 Κυρίου
1230 1012 1358 1047 ποιῆσαι·
1384 1011 1441 1042 πῶς
1462 1010 1515 1044 γὰρ
1535 1010 1567 1036 ἂν
1591 1009 1670 1035 ἔλυσε
1691 1008 1730 1043 τῷ
1753 1008 1819 1044 μηδὲ
1838 1009 1885 1042 τὴν

1103 1057 1190 1092 ἀρχὴν
1211 1056 1249 1091 τῷ
1271 1055 1361 1091 ἱμάντι
1382 1055 1431 1090 τῆς
1451 1054 1587 1089 ἁμαρτίας
1607 1052 1787 1087 ὲνδεδεμὲνῳς
1813 1051 1885 1086 Αὕτη

1103 1103 1166 1134 τοὺς
1179 1102 1262 1133 πόδας
1279 1101 1398 1136 ἐνίψατο,
1423 1100 1511 1126 πάντα
1525 1099 1618 1134 γήϊνον
1636 1098 1721 1132 ῥύπον
1737 1097 1887 1123 συναποσα-

1103 1148 1185 1174 λοῧσα
1203 1149 1258 1179 τοῖς
1271 1147 1439 1182 ὑποδήμασι·
1465 1145 1596 1179 φυλάσσει
1610 1144 1699 1170 τοίνυν
1718 1143 1763 1169 ἐπὶ
1775 1143 1823 1177 τῆς
1838 1151 1887 1168 πε-

1104 1193 1286 1228 πλακωμένης
1297 1191 1356 1218 ὁδοῦ
1371 1191 1421 1225 τὴν
1436 1191 1514 1225 βάσιν
1528 1189 1688 1225 ἀμόλυντον,
1702 1189 1739 1220 ὡς
1755 1189 1802 1214 καὶ
1815 1188 1828 1213 ὸ
1841 1189 1888 1214 Δα-

1104 1239 1145 1265 ϐὶδ
1159 1238 1294 1273 ἐποίησεν,
1313 1238 1357 1263 ὅτε
1379 1235 1424 1262 τοῦ
1444 1234 1529 1269 πηλοῦ
1544 1235 1592 1269 τὴν
1606 1234 1671 1268 ὕλην
1686 1232 1888 1267 ἀπολυσάμενος

1103 1285 1149 1310 ἐπὶ
1160 1284 1209 1319 τῆς
1224 1283 1326 1318 πέτρας
1342 1282 1437 1316 ἔστησε
1452 1282 1514 1312 τοὺς
1526 1279 1622 1306 ἑαυτοῦ
1642 1279 1735 1310 πόδας,
1749 1278 1835 1309 οὕτως
1851 1279 1890 1304 εί-

1104 1329 1162 1356 πὼν
1176 1329 1215 1363 τῷ
1229 1329 1313 1363 λόγῳ·
1328 1329 1369 1355 ὅτι
1391 1326 1537 1361 Ἀνήγειρέ
1551 1334 1589 1360 με
1603 1326 1638 1352 ἐκ
1655 1324 1772 1351 λάκκου
1788 1325 1890 1350 ταλαι-

1104 1375 1230 1408 πωρίας,
1243 1375 1292 1401 καί
1308 1374 1366 1401 ἀπὸ
1386 1372 1486 1406 πηλοῦ
1507 1372 1606 1404 ἰλύος,
1628 1371 1676 1397 καὶ
1691 1371 1824 1403 ἔστησεν
1839 1370 1889 1396 ἐπὶ

1104 1421 1216 1455 πέτραν
1229 1421 1299 1453 τοὺς
1310 1419 1405 1451 πόδας
1411 1427 1482 1453 μου,
1495 1418 1543 1445 καὶ
1561 1418 1725 1444 uarat-(lure
1738 1416 1773 1442 τὰ
1787 1415 1890 1447 διαϐή-

1102 1467 1182 1502 ματὰ
1194 1475 1263 1501 μου.
1290 1466 1395 1500 Πέτραν
1414 1465 1442 1490 δὲ
1459 1464 1573 1497 νοοῦμεν
1587 1463 1631 1489 τὺν
1646 1461 1746 1497 Κύριον
1757 1482 1764 1492 ,
1789 1462 1818 1492 ὃς
1832 1462 1891 1487 ἐστι

271 1526 322 1552 bus
346 1524 389 1550 via
416 1521 571 1557 spiritualis
598 1519 677 1554 quasi
705 1517 822 1552 quadam
853 1516 1053 1543 incrustatione

1107 1512 1172 1560 ςρῶς,
1188 1511 1235 1538 καὶ
1250 1510 1373 1545 ἀλήθεια,
1386 1510 1432 1536 καὶ
1450 1509 1598 1543 ἀφθαρσία,
1615 1508 1661 1534 καὶ
1673 1505 1840 1540 δικαιοσύνη,
1856 1506 1891 1532 δι’

271 1570 414 1599 sternitur.
427 1568 467 1594 Ab
483 1567 527 1594 his
543 1566 566 1593 si
582 1573 612 1592 se
629 1569 754 1591 neutram
768 1562 831 1598 quis
843 1563 870 1588 in
889 1565 993 1596 partem
1006 1559 1054 1587 de-

270 1616 371 1646 ﬂectat,
386 1613 410 1640 is
427 1612 535 1648 plantas
554 1617 619 1638 suas
636 1616 718 1644 puras
741 1611 898 1638 conservat,
919 1612 1054 1640 nusquam

272 1669 286 1688 a
302 1659 449 1695 voluptatis
464 1665 543 1685 caeno
559 1656 686 1691 pollutas.
700 1654 762 1681 Haec
778 1657 841 1681 sunt
854 1652 927 1687 (meo
944 1651 1054 1686 quidem

271 1705 385 1742 judicio)
402 1712 450 1740 per
468 1711 529 1739 quae
540 1709 555 1729 a
571 1708 671 1737 sponsa
694 1700 785 1727 Verbo
799 1700 903 1726 ostium
919 1698 1052 1733 aperitur.

271 1752 378 1780 Etenim
406 1751 465 1786 ipsa
495 1749 545 1776 illa
575 1746 725 1778 confessio,
751 1752 804 1780 qua
831 1743 977 1778 pollicetur
999 1749 1054 1769 non

274 1799 394 1834 amplius
422 1800 627 1830 resumpturam
646 1802 676 1822 se
700 1794 787 1820 lutum
805 1792 872 1819 illud
897 1798 1054 1821 excussum.

274 1851 362 1879 neque
379 1841 531 1869 incedendo
547 1840 575 1866 in
589 1840 639 1866 hac
655 1839 710 1865 vita
725 1842 864 1865 terrenam
879 1835 1052 1871 inquinatio-

274 1897 336 1916 nem
363 1887 546 1915 admissuram
565 1894 571 1911 :
590 1884 680 1911 aditus
709 1887 753 1910 est
778 1882 876 1909 anima:
904 1882 956 1908 hoc
976 1880 1058 1907 modo

274 1937 438 1968 comparatae
461 1931 495 1958 ad
520 1929 777 1958 sanctiﬁcationem.
803 1926 991 1954 Sanctiﬁcatio
1010 1933 1058 1952 au-

274 1982 330 2005 tem
353 1981 394 2004 est
409 1977 468 2011 ipse
494 1975 637 2007 Dominus,
667 1973 756 2008 Atque
781 1971 826 1999 hic
855 1975 896 1999 est
913 1971 1057 1998 verborum

275 2030 384 2050 sensus.

311 2067 418 2095 Rursus
432 2071 522 2095 autem
536 2065 686 2093 secundum
701 2064 766 2098 hoc,
784 2063 899 2091 ulterius
912 2061 1060 2090 ascendere

278 2119 394 2144 conatur
409 2113 499 2140 anima
509 2132 517 2145 ,
530 2120 585 2139 non
600 2112 657 2146 jam
673 2110 790 2144 amplius
804 2116 871 2136 voce
881 2108 982 2135 ostium
1000 2115 1060 2134 cor-

276 2161 319 2188 dis
332 2160 476 2195 pulsante,
489 2157 536 2184 sed
550 2157 609 2191 ipsa
624 2162 706 2182 manu
720 2154 812 2181 divina
827 2160 875 2188 per
889 2151 1010 2179 foramen
1026 2151 1059 2179 ad

277 2205 407 2233 interiora
424 2205 594 2239 penetrante.
611 2200 746 2227 Patrueli:
756 2199 829 2228 enim
847 2206 936 2230 meus,
954 2197 1057 2232 inquit,
1074 2195 1097 2222 D

277 2252 348 2279 misit
367 2257 474 2277 manum
502 2255 578 2275 suam
602 2254 648 2281 per
672 2246 806 2280 foramen,
828 2249 853 2271 et
877 2248 963 2272 venter
989 2251 1061 2270 meus

277 2300 422 2323 commotus
445 2298 484 2321 est
505 2293 533 2320 in
555 2293 651 2326 ipsum.
674 2290 833 2325 Perspieere
856 2293 946 2317 autem
973 2289 1063 2324 quivis

278 2343 390 2370 omnino
404 2343 512 2375 potest,
526 2339 572 2373 qui
587 2338 735 2373 prudenter
749 2338 805 2364 haec
818 2336 946 2368 audiunt,
961 2339 1064 2371 quanto

279 2386 438 2414 sublimiora
462 2389 526 2411 sunt
550 2384 608 2410 haec
632 2383 784 2418 prioribus.
802 2382 869 2409 Cum
884 2381 1003 2410 Verbum
1027 2381 1061 2408 ad

278 2439 407 2467 sponsam
434 2431 488 2462 ait,
505 2430 603 2464 Aperi,
628 2429 741 2464 largitur
766 2428 791 2456 ei
816 2429 974 2456 facultatem
999 2435 1063 2462 ape-

280 2478 367 2506 riendi
383 2485 431 2512 per
444 2476 552 2504 divinos
568 2483 678 2504 sensus.
691 2474 866 2510 Obtemperat
881 2474 969 2502 Verbo
983 2482 1063 2509 spon-

279 2531 326 2556 sa,
344 2523 372 2550 ﬁt
388 2523 459 2550 enim
477 2522 529 2549 hoc
539 2538 554 2555 ,-
565 2521 637 2556 quod
660 2521 748 2553 audit,
767 2528 856 2552 soror,
881 2521 970 2548 vicina
982 2540 990 2552 .
1015 2528 1062 2547 co-

279 2568 370 2596 lumba
383 2587 390 2600 ,
409 2568 529 2602 perfecta
543 2577 549 2594 :
568 2567 645 2594 exuit
661 2567 801 2602 pellieeam
827 2566 900 2593 illam
924 2567 1044 2593 tunicam
1055 2586 1062 2598 ,

281 2613 378 2642 sordes
394 2613 492 2649 pedum
509 2613 606 2644 abluit,
626 2621 657 2639 ac
672 2621 761 2647 neque
787 2613 888 2645 foedum
912 2612 977 2639 illud
993 2612 1065 2639 lace-

282 2667 397 2695 rumque
408 2660 599 2688 vestimentum
615 2659 732 2694 amplius
747 2658 851 2691 induit,
868 2666 956 2693 neque
968 2658 1002 2685 de
1014 2665 1066 2686 ca:-

281 2710 342 2733 tero
359 2706 386 2733 in
405 2709 478 2733 terra
496 2705 552 2740 figit
568 2705 702 2739 vestigia:
720 2704 824 2732 audivit
841 2704 924 2739 igitur
941 2704 1001 2740 ejus
1017 2712 1066 2732 vo-

282 2758 340 2778 cem
352 2771 358 2782 ,
378 2754 405 2777 et
426 2753 502 2785 paret
522 2753 658 2784 praecepto
670 2769 677 2781 ,
695 2751 783 2783 aperit
805 2750 905 2777 ostium
926 2754 953 2778 et
974 2751 1064 2779 ablato

311 2841 334 2857 "
344 2840 421 2868 Joan‘
438 2849 490 2873 xlv,
503 2841 528 2868 6.
568 2839 668 2868 “l‘sal.
683 2848 776 2873 xxxix.
793 2841 817 2869 '5.

1106 1554 1143 1583 ὦν
1160 1557 1176 1591 ἡ
1192 1555 1362 1590 πνευματικὴ
1376 1554 1435 1586 ὁδὸς
1449 1553 1654 1580 διαπλακοῦται.
1666 1550 1716 1578 Ὧν
1731 1552 1744 1578 ὁ
1757 1552 1793 1587 μὴ
1806 1559 1894 1586 παρα·

1105 1601 1220 1637 τραπεὶς
1235 1600 1296 1627 καθ’
1310 1600 1448 1634 ἑκάτερον,
1464 1597 1590 1629 διασώζει
1606 1597 1636 1623 τὸ
1646 1598 1728 1632 ἴχνος,
1743 1595 1892 1630 οὐδαμόθεν

1106 1647 1143 1682 τῷ
1155 1646 1232 1682 πηλῷ
1246 1647 1294 1681 τῆς
1309 1645 1405 1680 ἡδονῆς
1421 1644 1609 1678 μολυνόμενον.
1624 1643 1718 1669 Ταῦτά
1733 1642 1801 1674 ἐστι,
1820 1641 1894 1668 κατά

1106 1701 1137 1726 γε
1152 1692 1197 1718 τὸν
1212 1692 1277 1727 ἐμὸν
1292 1692 1379 1725 λόγον,
1391 1691 1424 1717 δι’
1440 1687 1476 1717 ὦν
1492 1691 1508 1724 ἡ
1527 1688 1646 1724 θύρατῴ
1663 1689 1741 1722 Λόγῳ
1755 1686 1830 1722 παρὰ
1842 1687 1893 1722 τῆς

1107 1738 1215 1773 νύμφης
1230 1737 1374 1771 ἀνοίγεται.
1399 1736 1431 1762 Ἦ
1446 1735 1500 1771 γὰρ
1514 1735 1642 1769 ὁμολογία
1652 1733 1698 1759 τοῦ
1715 1733 1812 1768 μηκέτι
1823 1733 1893 1758 ἀνα-

1108 1784 1199 1810 λαὸεῖν
1212 1783 1257 1809 τὸν
1272 1782 1461 1817 ὰποὸληθέντσ.
1482 1781 1582 1815 πηλὸν,
1605 1780 1671 1815 μηδὲ
1685 1780 1717 1814 τῇ
1733 1779 1831 1812 πορείᾳ
1845 1777 1895 1804 τοῦ

1109 1829 1166 1865 βίου
1184 1829 1228 1855 τὸν
1243 1828 1331 1862 γεώδη
1351 1827 1488 1863 μολυσμὸν
1503 1825 1715 1861 παραδέξασθαι,
1730 1824 1834 1854 εἴσοδος
1849 1823 1896 1857 γί-

1109 1883 1181 1901 νεται
1197 1873 1242 1900 τοῦ
1260 1872 1395 1907 ἁγιασμοῦ
1418 1872 1464 1898 ἐπὶ
1481 1871 1530 1905 τὴν
1546 1869 1616 1896 οὕτω
1632 1868 1897 1903 παρεσκευασμένην

1108 1920 1206 1954 ψυχήν.
1234 1918 1381 1954 Ἀγιασμὸς
1393 1917 1421 1944 δὲ
1443 1918 1457 1943 ὸ
1471 1916 1580 1951 Κύριος.
1605 1914 1659 1941 Καὶ
1673 1914 1751 1940 τοῦτο
1774 1914 1823 1949 μὲν
1839 1914 1898 1940 τῶν

1109 1965 1260 2001 εἰρημένων
1277 1963 1432 1999 ὲπεραιώθτι
1449 1962 1479 1989 τὸ
1495 1962 1593 1997 νόημα.

1145 2069 1229 2096 Πάλιν
1242 2067 1270 2094 δὲ
1287 2067 1356 2102 μετὰ
1372 2066 1451 2093 τοῦτο
1462 2066 1511 2101 τῆς
1525 2064 1726 2100 ὑπερκειμένης
1739 2062 1902 2093 ἀναϐάσεως

1110 2115 1224 2141 ἆπτεται
1239 2115 1256 2149 ἡ
1268 2113 1351 2148 ψυχὴ,
1361 2112 1451 2139 οὐκέτι
1463 2111 1553 2145 φωνῆς
1564 2110 1612 2145 τὴν
1625 2108 1735 2143 καρδίαν
1749 2107 1902 2141 Θυροκρου-

1112 2160 1237 2194 στούο-ης,
1256 2159 1313 2186 ἀλλ’
1334 2158 1416 2192 αὐτῆς
1433 2157 1481 2192 τῆς
1498 2156 1572 2187 θείας
1589 2155 1678 2190 χειρὸς
1692 2152 1736 2180 διὰ
1759 2153 1807 2188 τῆς
1826 2151 1903 2186 ὀπῆς

1112 2207 1157 2233 ἐπὶ
1177 2205 1211 2232 τὰ
1234 2204 1308 2236 ἐντὸς
1331 2203 1523 2239 παραδυείσης.
1555 2199 1729 2234 Ἀδελεριδός
1750 2207 1809 2232 μου
1831 2197 1903 2232 γὰρ,

1112 2252 1203 2287 φησὶν,
1220 2250 1378 2278 ἀπέστειλε
1393 2249 1449 2282 τὴν
1467 2247 1551 2282 χεῖρα
1570 2246 1663 2273 αὑτοῦ
1678 2245 1727 2272 διὰ
1740 2244 1795 2278 τῆς
1810 2243 1906 2277 ὀπῆς,

1112 2297 1161 2325 καὶ
1185 2297 1203 2330 ἡ
1223 2297 1322 2323 κοιλία
1337 2304 1396 2329 μου
1419 2293 1544 2327 ἐθροήθη
1565 2292 1610 2318 ἐπ’
1632 2291 1734 2318 αὐτόν.
1760 2290 1846 2324 Δῆλον
1876 2289 1907 2315 δὲ

1114 2345 1221 2374 πάντως
1244 2343 1301 2369 ἐστὶ
1324 2341 1363 2376 τῷ
1381 2339 1497 2370 συνετῶς
1518 2339 1650 2369 ἐπαῖοντι,
1673 2337 1734 2363 ὅσον
1758 2334 1908 2366 πλεονάζει

1114 2390 1154 2424 τῷ
1184 2388 1245 2422 ὕψει
1275 2387 1309 2413 τὰ
1342 2386 1389 2412 νῦν
1419 2384 1550 2421 είρημένα
1590 2381 1665 2417 παρὰ
1691 2381 1722 2407 τὸ
1753 2380 1909 2415 πρότερον

1118 2433 1253 2465 “Arctior
1276 2433 1362 2466 λέγων
1376 2431 1444 2466 πρὸς
1459 2430 1507 2465 τὴν
1528 2429 1634 2464 νύμφην
1657 2428 1671 2454 ό
1684 2427 1777 2461 Λόγος,
1794 2426 1911 2452 δίδωσιν

1117 2481 1184 2515 αὐτῇ
1202 2479 1245 2506 διὰ
1269 2478 1317 2512 τῆς
1336 2477 1390 2503 τῶν
1409 2477 1488 2503 θείων
1507 2476 1644 2510 ὀνομάτων
1665 2473 1712 2500 τοῦ
1728 2472 1832 2505 ἀνοῖξαι
1857 2472 1916 2507 τὴν

1116 2525 1239 2560 δύναμιν.
1257 2523 1405 2550 Ὑπακούει
1421 2522 1460 2557 τῷ
1475 2522 1553 2556 Λόγῳ
1567 2522 1584 2555 ή
1606 2520 1710 2555 νύμφη·
1725 2519 1831 2552 γίνεται
1851 2518 1914 2551 γὰρ

1117 2572 1184 2606 ὅπερ
1198 2571 1327 2605 ἤκουσεν,
1345 2568 1457 2603 ἀδελφὴ,
1475 2568 1521 2595 καὶ
1544 2567 1664 2601 πλησίον,
1681 2564 1728 2591 καὶ
1743 2563 1916 2600 περιστερὰ,

1117 2618 1163 2655 καὶ
1177 2616 1277 2643 τελεία·
1291 2615 1436 2642 ἀποδύεται
1446 2614 1492 2640 τὸν
1505 2612 1666 2648 δερματικὺν
1679 2612 1780 2637 ἐκεῖνον
1791 2610 1916 2644 χιτῶνα,

1117 2664 1163 2690 καὶ
1181 2663 1227 2689 τὸν
1245 2661 1329 2698 ῥύπον
1350 2660 1404 2687 τῶν
1420 2659 1505 2686 ποδῶν
1524 2658 1709 2688 ἀπονίπτεται,
1727 2656 1774 2682 καὶ
1796 2655 1864 2681 οὔτε
1883 2655 1920 2681 τὸ

1118 2709 1234 2744 εἰδεχθὲς
1255 2708 1300 2735 καὶ
1318 2706 1452 2744 ῥωγαλέον
1474 2706 1561 2732 ἐκεῖνο
1586 2704 1692 2739 ἱμάτιον
1717 2702 1797 2729 πάλιν
1818 2701 1919 2735 ἑαυτῇ

1117 2754 1302 2790 περιτίθησιν,
1323 2752 1383 2780 οὔτε
1398 2753 1430 2787 τῇ
1445 2752 1480 2786 γῇ
1498 2750 1565 2786 πρὸς
1579 2750 1608 2776 τὸ
1625 2749 1716 2776 λοιπον
1736 2745 1902 2780 ὲναπερείδτ
1912 2753 1923 2770 ι
