1978 3068
110 136 176 164 1009

633 132 666 160 ΙΝ
679 132 831 161 CANTICA
844 129 979 158 CANTIC.
997 129 1140 157 HOMILIA
1159 129 1204 156 XI.

1667 123 1735 152 1010

107 192 136 218 τὺ
150 191 230 226 τχνος·
246 192 361 226 ἤκουσεν
375 188 421 218 οὖν
433 191 516 218 αὐτοῦ
529 191 578 227 τῆς
589 191 691 226 φωνῆς,
705 191 752 218 καὶ
761 191 800 226 τῷ
814 199 888 226 προσι

949 188 1039 216 cordis
1057 187 1187 223 operculo
1199 206 1206 219 ,
1225 184 1337 213 deduxit
1351 184 1442 212 velum
1456 182 1537 216 ostii,
1556 181 1583 209 id
1605 184 1648 209 est
1671 188 1732 208 car-

107 237 223 271 τάγματι
242 237 373 263 πείθεται.
399 236 513 271 Ἀνοίγει
536 236 586 271 τὴν
605 236 700 271 θύραν,
717 235 895 271 περιελομένη

106 280 135 306 τδ
147 279 279 316 κάλυμμα
289 282 338 316 τῆς
350 281 480 317 καρδίας]
492 281 609 315 διέσχισε
623 281 673 315 τῆς
688 281 772 315 θύρας
782 300 789 311 ,
805 280 835 306 τὸ
847 280 896 315 τῆς

108 325 207 360 σαρκὸς
218 326 402 361 διαπέτασμα,
417 327 491 352 πᾶσα
506 326 601 360 ἠνοίγη
615 327 665 360 τῆς
679 325 768 360 ψυχῆς
782 326 799 360 ἡ
811 325 894 360 πύλη,
930 351 936 358 ,

107 370 148 396 ἕνα
167 371 275 406 εἰσέλθῃ
287 372 300 397 ὁ
316 372 447 403 Βασιλεὺς
459 373 507 407 τῆς
520 371 607 406 δόξης.
627 371 696 396 Ἀλλ’
710 372 726 406 ὴ
742 371 793 405 τῆς
808 370 895 405 πύλης

107 415 259 451 εὐρυχωρία
277 417 362 452 μικρά
377 425 419 448 τις
436 417 581 452 ἀπεδείχθη
599 416 734 451 τρυμαλιὰ
752 416 831 451 στενὴ
847 416 895 442 καὶ

108 462 229 496 βραχεῖα,
245 461 278 488 δι’
291 460 325 498 ἦς
340 463 389 488 οὐκ
404 463 484 494 αὐτὸς
498 463 511 488 ὁ
530 462 655 497 νυμφίος,
669 462 726 488 ἀλλ’
739 463 755 497 ἡ
771 462 831 497 χεὶρ
843 462 894 488 αὐ-

105 506 150 532 τοῦ
170 506 249 541 μόγις
273 506 425 542 ἐχώρησεν,
443 507 513 534 ὥστε
535 507 568 534 δι’
590 507 675 541 αὐτῆς
699 507 745 533 ἐπὶ
768 506 799 532 τὸ
820 506 894 538 ἐντος

105 550 238 584 γενέσθαι,
259 551 306 577 καὶ
319 551 439 586 ἅψασθαι
455 552 505 587 τῆς
519 551 765 587 ἐπιθυμούσηςτὸν
779 551 894 586 νυμὶρίον

107 596 178 628 ίδεῖν,
193 593 214 629 ᾧ
230 597 356 623 τοσοῦτον
371 597 498 633 ἐκέρδανε
515 597 609 632 μόνον,
622 598 683 624 ὅσον
695 596 806 631 γνῶναι,
821 597 862 623 ὅτι
875 597 892 631 ὴ

104 641 164 676 χεὶρ
179 642 270 677 ἐκείνη
288 643 335 669 τοῦ
351 643 518 678 ποθουμένου
536 643 619 670 ἐστίν.
636 642 686 670 Οἴα
702 643 730 670 δὲ
748 644 813 678 ἡμῖν
828 643 894 670 ὑπο-

103 687 238 714 δείκνυται
254 688 392 722 δόγματα,
410 688 454 715 διὰ
469 689 519 724 τῆς
532 689 561 715 ἐν
576 691 631 720 τοῖς
648 689 802 724 εἰρημένοις
819 688 893 723 φιλο-

105 733 198 767 σοφίας
213 733 346 768 μάθοιμεν
365 733 408 765 ἂν,
424 735 448 760 εἰ
469 734 567 769 μικρὸν
579 734 618 769 τῷ
632 734 703 769 λόγῳ
719 734 893 769 προσδιατρί-

103 777 206 812 ψωμεν.
233 778 263 804 'H
281 778 438 814 ἀνθρωπίνη
456 779 528 815 ψυχὴ
545 779 592 805 δύο
607 779 714 814 φύσεων
729 777 796 805 οὖσα
813 778 893 813 μεθό-

105 831 169 858 ριος,
184 819 221 848 ὧν
236 823 252 857 ἡ
270 823 319 857 μὲν
337 823 480 858 ἀσώματος
495 825 553 850 ἐστι
568 824 614 850 καὶ
630 823 711 859 νοερὰ
724 824 770 851 καὶ
787 825 892 860 ἀκήρα⁴

103 875 147 898 τος
208 867 236 893 δὲ
254 867 333 902 ἑτέρα
351 868 509 903 σωματικὴ,
525 869 573 894 καὶ
588 858 701 903 ὑλώδης,
718 868 765 895 καὶ
786 858 892 902 ἄλογος.
910 858 929 885 Β

109 912 232 938 Ἐπειδὰν
243 913 270 939 δὲ
280 913 394 948 τάχιστα
406 914 455 948 τῆς
466 914 533 949 πρὸς
546 914 591 940 τὸν
604 915 692 949 παχύν
702 923 732 940 τε
745 915 792 941 καὶ
805 915 893 950 γεώδη

103 956 159 992 βίον
186 959 304 992 σχέσεως
328 958 539 994 ἐκκαθαρθεῖσα,
566 959 599 986 δι’
629 960 728 995 ἀρετῆς
755 960 893 996 ἀναϐλέψῃ

103 1002 170 1036 πρὸς
181 1003 211 1028 τὸ
222 1003 352 1037 συγγενὲς
363 1003 409 1029 καὶ
420 1003 566 1034 θειότατον,
582 1004 611 1030 οὐ
626 1005 740 1032 παύεται
755 1005 895 1040 διερευνω-

104 1046 168 1081 μένη
181 1047 226 1074 καὶ
239 1047 410 1082 ἀναζητοῦσα
423 1048 472 1084 τὴν
486 1048 539 1075 τῶν
551 1048 634 1076 ὄντων
648 1048 732 1085 ἀρχὴν
745 1058 751 1064 ·
765 1050 805 1082 τίς
818 1051 834 1086 ὴ
845 1050 892 1077 τοῦ

102 1091 214 1123 κάλλους
228 1093 282 1119 τῶν
297 1093 381 1120 ὅντων
402 1093 494 1129 πηγὴ,
511 1093 591 1120 πόθεν
607 1094 683 1129 βρύει
697 1095 711 1129 ἡ
727 1095 851 1130 δύναμις,
867 1096 893 1122 τί

101 1136 131 1163 τὸ
147 1137 271 1171 πηγάζον
295 1138 345 1173 τὴν
369 1137 573 1173 ἐμφαινομένην
595 1139 644 1173 τῆς
669 1139 762 1171 οὐσίας
786 1140 891 1174 σοφίαν.

101 1183 208 1214 Πάντας
222 1183 250 1209 δὲ
262 1183 408 1219 λογισμοὺς
422 1185 468 1212 καὶ
482 1187 572 1212 πᾶσαν
587 1185 734 1220 ἐρευνητὴν
750 1185 892 1220 νοημάτων

100 1228 213 1263 δύναμιν
229 1229 385 1256 διακινοῦσα
407 1232 453 1257 καὶ
471 1230 708 1268 περιεργαζομένη
729 1231 892 1258 καταλαϐεῖν

101 1273 130 1299 τὸ
152 1273 330 1309 ζητούμενον,
358 1275 419 1311 ὅρον
437 1278 553 1304 ποιεῖται
577 1277 625 1312 τῆς
649 1277 826 1312 καταλήψεως
844 1276 891 1303 τοῦ

100 1316 167 1344 Θεοῦ
183 1318 233 1353 τὴν
249 1319 390 1355 ἐνέργειαν
408 1320 491 1354 μόνην
507 1321 556 1356 τὴν
581 1321 662 1356 μέχρι
684 1320 762 1355 ἡμῶν
780 1321 891 1348 κατιοῦ-

101 1369 160 1395 σαν,
172 1360 205 1398 ἦς
217 1363 261 1390 διὰ
273 1364 323 1398 τῆς
338 1365 410 1399 ζωῆς
423 1367 506 1400 ἡμεῖς
519 1365 714 1400 αἰσθανόμεθα.
730 1367 785 1392 Καὶ
797 1367 892 1402 ὥσπερ

99 1407 128 1433 τὸ
143 1407 182 1443 τῷ
194 1408 270 1435 ὕδατι
288 1409 524 1445 συναναδιδόμενον
540 1411 573 1436 ἐκ
592 1410 641 1445 τῆς
655 1410 706 1446 γῆς
720 1410 829 1446 πνεῦμα
842 1411 891 1446 οὐχ

99 1453 206 1480 ισταται
223 1455 286 1489 περὶ
304 1455 350 1481 τὸν
366 1455 492 1490 πυθμένα
505 1456 554 1491 τῆς
569 1456 677 1491 λίμνης,
695 1455 764 1482 ἀλλὰ
783 1457 891 1492 πομφό-

97 1497 146 1532 λυξ
160 1499 304 1552 γενρμενον
319 1500 365 1526 ἐπὶ
381 1500 412 1527 τὸ
425 1501 480 1528 ἄνω
496 1501 562 1536 πρὸς
576 1501 606 1528 τὸ
627 1502 759 1536 συγγενὲς
776 1502 891 1537 ἀνατρέ·
903 1524 925 1552 c

97 1551 151 1578 χει,
173 1545 220 1571 καὶ
242 1545 307 1571 ὅταν
323 1545 413 1582 διέλθῃ
439 1545 487 1581 τὴν
503 1546 549 1572 τοῦ
571 1546 665 1578 ὕδατος
681 1546 769 1582 ἄκραν
791 1547 890 1581 ἐπιφά-

97 1597 182 1623 νειαν,
198 1591 244 1618 καὶ
255 1592 411 1628 καταμιχθῇ
427 1593 495 1628 πρὸς
507 1592 552 1619 τὸν
565 1592 645 1628 ἀέρα,
661 1593 722 1619 τότε
736 1593 784 1628 τῆς
797 1593 842 1619 ἐπὶ
854 1593 889 1620 τὰ

97 1634 153 1661 ἄνω
167 1636 299 1671 κινήσεως
313 1637 418 1664 ἵσταται
430 1646 436 1652 ·
453 1638 572 1665 τοιοῦτον
592 1647 618 1664 τι
641 1639 739 1673 πάσχει
757 1639 804 1666 καὶ
822 1639 838 1674 ή
854 1640 888 1665 τὰ

97 1680 158 1707 Θεῖα
179 1681 378 1717 διερευνωμένη
397 1683 486 1718 ψυχή·
512 1683 622 1710 ἐπειδὰν
643 1684 675 1710 ἐκ
694 1683 748 1710 τῶν
766 1684 888 1711 κάτωθεν

96 1724 166 1759 πρὸς
175 1725 224 1760 τὴν
238 1724 292 1751 τῶν
302 1726 506 1762 ὑπερκειμένων
517 1727 617 1761 γνῶσιν
632 1727 731 1763 ἑαυτὴν
743 1728 871 1764 ἀνατείνῃ
880 1748 887 1760 ,

96 1769 131 1796 τὰ
143 1770 192 1805 τῆς
203 1771 341 1806 ἐνεργείας
352 1772 434 1798 αὐτοῦ
447 1772 575 1808 θαύματα
584 1773 785 1805 καταλαϐοῦσα,
797 1783 894 1810 περαι-

96 1813 169 1849 τέρω
183 1815 322 1850 προελθεῖν
335 1816 379 1842 διὰ
389 1816 439 1850 τῆς
450 1816 714 1853 πολυπραγμοσύνης
724 1819 755 1845 ού
765 1818 886 1846 δύναται·

95 1859 164 1886 ἀλλὰ
178 1859 313 1895 θαυμάζει
326 1861 373 1887 καὶ
390 1861 496 1888 σέϐεται
512 1862 557 1889 τὸν
572 1863 678 1894 ὅτιέστι
700 1863 780 1898 μόνον
797 1864 830 1890 δι’
850 1862 888 1892 ὧν

95 1905 203 1940 ἐνεργεῖ
219 1906 429 1941 γινωσκόμενον.
453 1907 518 1943 Ὀρᾷ
531 1908 562 1935 τὸ
577 1908 701 1943 οὐράνιον
716 1909 822 1942 κάλλος,
838 1910 888 1942 τὰς

94 1950 150 1976 τῶν
169 1952 320 1986 φωστήρων
333 1952 431 1986 αὐγὰς,
451 1953 500 1989 τὴν
522 1954 611 1987 ὀξεῖαν
626 1954 673 1981 τοῦ
689 1955 772 1982 πόλου
789 1957 886 1984 κυκλο-

94 1997 204 2031 φορίαν,
233 1996 281 2031 τὴν
306 1996 436 2024 εὔτακτόν
458 2007 487 2025 τε
516 1999 563 2026 καὶ
588 2001 747 2036 ἐναρμόνιον
774 2003 804 2028 ἐν
831 2003 886 2034 τοῖς

93 2042 206 2077 ἄστροις
229 2043 397 2078 περιφορὰν,
412 2044 458 2070 τὸν
481 2046 615 2072 ἐνιαύσιον
637 2046 736 2073 κύκλον
755 2048 886 2084 τέσσαρσι

92 2089 202 2123 καιροῖς
219 2089 259 2120 είς
273 2089 370 2116 ἑαυτὸν
385 2089 603 2126 ἀναστρέφοντα*
620 2091 671 2127 τὴν
686 2092 740 2127 γῆν
754 2093 886 2120 συνδιατι-

93 2133 212 2169 θεμένην
224 2134 263 2169 τῷ
276 2135 439 2170 περιέχοντι,
451 2135 498 2163 καὶ¹
508 2137 540 2172 τῇ
554 2137 668 2172 διαφορᾷ
679 2137 728 2173 τῆς
737 2138 791 2165 τῶν
803 2139 886 2174 ὑπερ-

947 235 990 262 nis
1003 243 1010 261 :
1029 237 1123 268 aperta
1138 232 1190 260 fuit
1205 235 1260 259 tota
1274 231 1373 258 anima:
1389 235 1466 266 porta
1476 249 1483 261 .
1498 233 1527 256 ut
1542 227 1733 263 ingrederetur

946 280 1004 307 Rex
1022 280 1124 315 gloriae.
1145 278 1198 305 Sed
1214 281 1311 312 patens
1327 279 1412 310 portae
1431 274 1546 302 latitudo
1563 277 1674 301 ostensa
1691 276 1734 299 est

946 333 1061 360 parvum
1076 324 1213 360 quoddam
1230 327 1257 350 et
1273 326 1418 357 angustum
1435 328 1467 348 ac
1489 320 1572 347 breve
1593 319 1735 349 foramen,

946 379 996 406 per
1010 371 1082 406 quod
1099 378 1153 397 non
1170 369 1228 404 ipse
1245 375 1364 403 sponsus
1377 387 1385 398 ,
1412 366 1461 393 sed
1486 365 1547 399 ejus
1570 361 1736 391 manus‘vix

946 417 1013 443 adeo
1028 415 1182 451 processit,
1199 418 1228 442 ut
1245 421 1293 449 per
1308 413 1399 448 ipsum
1423 412 1547 447 ingressa
1570 410 1622 442 sit,
1644 413 1671 437 et
1692 409 1734 437 vi-

945 461 1026 489 dendi
1045 461 1138 496 sponsi
1157 459 1280 494 tetigerit
1297 457 1464 486 desiderium
1476 477 1484 489 ,
1500 464 1555 491 quo
1570 456 1615 482 vix
1630 459 1736 482 tantum

946 507 1017 534 lucri
1034 506 1119 538 fecit,
1138 509 1168 533 ut
1182 507 1361 540 cognosceret
1377 502 1449 538 quod
1465 502 1510 529 illa
1528 502 1564 529 sit
1577 508 1675 528 manus
1690 499 1737 527 dc-

945 551 1069 579 slderati.
1095 550 1258 585 Cujusmodi
1275 554 1366 577 autem
1383 547 1464 576 nobis
1481 547 1667 574 ostenduntur
1687 545 1737 573 do-

944 601 1034 631 gmata
1044 617 1052 629 ,
1066 596 1245 624 didicerimus
1256 602 1305 630 per
1315 602 1376 622 eam
1390 601 1450 628 quae
1465 597 1507 620 est
1520 593 1547 620 in
1562 592 1604 620 his
1619 591 1737 626 philoso-

944 642 1050 677 phiam,
1070 643 1092 669 si
1109 643 1135 669 in
1150 647 1280 669 contextu
1299 641 1446 667 verborum
1462 645 1559 674 parum
1583 638 1662 665 fuero
1685 637 1738 664 im-

943 692 1078 715 moratus.
1105 687 1202 714 Anima
1226 687 1347 714 humana
1370 689 1412 713 est
1432 685 1460 712 in
1482 684 1601 712 conﬁnio
1617 683 1736 710 duarum

944 737 1104 760 naturarum
1115 752 1123 765 ,
1144 740 1260 767 quarum
1275 732 1361 759 altera
1379 730 1490 765 quidem
1517 734 1559 757 est
1575 729 1737 763 incorporea

943 782 970 806 et
987 779 1151 813 intelligens,
1169 783 1196 804 et
1213 777 1240 804 in
1258 784 1342 812 quam
1362 784 1418 803 non
1435 775 1510 802 cadit
1528 775 1656 802 interitus
1670 783 1678 806 ;
1695 774 1736 800 al-

944 828 1002 852 tera
1016 832 1082 852 vero
1100 831 1231 858 corporea
1242 843 1250 856 ,
1265 826 1293 850 et
1310 821 1461 849 materialis
1471 841 1478 853 ,
1496 827 1523 848 et
1538 828 1636 855 expers
1652 820 1736 846 ratio-

945 872 998 897 nis.
1013 870 1081 896 (lum
1099 869 1216 904 primum
1233 872 1324 895 autem
1341 871 1456 903 purgata
1472 867 1506 893 ab
1520 873 1552 894 ea
1565 874 1627 901 qua:
1643 869 1685 893 est
1701 864 1736 891 ad

945 922 1067 943 crassam
1090 920 1117 942 ct
1137 919 1274 942 terrenam
1289 914 1376 940 vitam
1400 912 1579 942 habitudine.
1599 910 1736 945 aspexerit

945 969 992 996 per
1006 961 1135 988 virtutem
1150 959 1183 987 ad
1201 960 1228 987 id
1245 959 1319 995 quod
1335 963 1378 986 est
1394 962 1541 994 cognatum
1558 962 1585 985 et
1597 957 1732 988 divinum,

947 1014 1002 1034 non
1024 1010 1116 1034 cessat
1138 1005 1306 1040 perscrutari
1328 1008 1355 1032 et
1376 1005 1517 1039 inquirere
1543 1011 1657 1033 eorum,
1673 1010 1735 1037 quae

944 1055 1022 1080 sunt.
1038 1050 1225 1085 principium:
1241 1049 1378 1084 quodnam
1399 1049 1436 1076 sit
1451 1048 1561 1075 initium
1575 1048 1734 1082 pulchritu-

944 1095 1017 1122 dinis
1042 1102 1151 1126 rerum,
1176 1094 1314 1122 undenam
1337 1097 1447 1121 emanet
1473 1094 1513 1120 vis
1541 1100 1574 1120 ac
1597 1093 1733 1124 facultas,

943 1140 1008 1175 quid
1024 1139 1060 1166 sit
1077 1147 1092 1166 a
1109 1147 1163 1174 quo
1180 1139 1321 1167 derivetur
1340 1138 1476 1173 sapientia
1501 1145 1562 1172 quae
1577 1138 1604 1164 in
1624 1138 1658 1165 iis
1673 1145 1734 1172 qua:

944 1188 1007 1212 sunt
1021 1184 1154 1217 cernitur,
1168 1188 1195 1212 et
1207 1191 1269 1219 quae
1285 1187 1375 1211 movet
1396 1191 1493 1210 omnes
1507 1183 1713 1218 disputationes
1723 1202 1732 1214 ,

943 1237 1106 1265 omnemque
1123 1231 1177 1257 vim
1196 1229 1404 1265 perscrutandi,
1429 1236 1546 1264 quaeque
1567 1229 1676 1256 curiose
1693 1229 1734 1255 la-

944 1276 1021 1303 borat
1038 1275 1064 1302 in
1081 1275 1342 1310 comprehendendo
1358 1283 1391 1303 eo
1406 1273 1480 1309 quod
1495 1274 1639 1309 quaeritur,
1657 1278 1684 1301 et
1705 1274 1733 1300 in

943 1319 1068 1347 faciendo
1081 1321 1228 1348 terminum
1244 1320 1290 1348 Dei
1304 1319 1559 1354 comprehensionis
1572 1319 1659 1346 solam
1671 1326 1735 1353 ope-
1766 1343 1769 1345 _

942 1366 1076 1393 rationem
1097 1373 1157 1401 quae
1173 1366 1208 1393 ad
1229 1373 1279 1393 nos
1297 1374 1385 1401 usque
1402 1365 1546 1393 descendit
1560 1374 1567 1392 :
1584 1373 1633 1399 per
1651 1365 1733 1399 cujus

942 1411 1024 1438 vitam
1041 1419 1091 1439 nos
1115 1412 1250 1439 sentimus
1265 1421 1271 1438 :
1289 1418 1316 1439 et
1329 1412 1467 1446 quomodo
1479 1411 1594 1445 spiritus
1610 1411 1655 1445 qui
1670 1418 1733 1438 cum

942 1465 1012 1492 aqua
1035 1458 1117 1485 simul
1137 1459 1272 1485 emittitur
1286 1465 1320 1486 ex
1335 1461 1427 1491 terra,
1445 1464 1500 1484 non
1518 1460 1609 1484 manet
1622 1457 1649 1484 in
1666 1464 1731 1492 pro-

940 1501 1025 1531 fundo
1040 1504 1117 1532 lacus
1127 1523 1135 1536 ,
1148 1504 1195 1532 sed
1209 1504 1284 1531 bulla
1297 1503 1387 1531 factus
1398 1510 1509 1531 sursum
1524 1503 1647 1530 excurrit
1659 1502 1692 1529 ad
1707 1502 1732 1529 id

940 1549 1014 1582 quod
1030 1553 1073 1576 est
1085 1549 1138 1576 sibi
1150 1549 1317 1584 cognatione
1334 1548 1514 1583 conjunctum
1529 1557 1536 1575 :
1550 1553 1577 1575 et
1592 1555 1654 1574 cum
1670 1554 1733 1581 per-

942 1593 1044 1621 vaserit
1057 1602 1145 1629 usque
1158 1594 1191 1621 ad
1209 1601 1344 1621 summam
1360 1601 1438 1628 aqua;
1453 1593 1626 1628 superllciem
1636 1612 1644 1625 ,
1661 1592 1732 1619 aeriv

941 1646 995 1674 que
1011 1639 1091 1666 mista
1105 1639 1202 1672 fuerit,
1215 1644 1280 1666 tunc
1294 1638 1395 1666 desinit
1410 1646 1522 1667 sursum
1536 1637 1640 1665 moveri
1656 1646 1662 1664 :
1679 1637 1732 1664 tale

940 1681 1051 1717 quidem
1065 1682 1148 1709 etiam
1164 1682 1294 1710 usuvenit
1308 1682 1407 1709 anima:
1419 1682 1514 1710 divina
1527 1682 1711 1717 perscrutanti
1722 1701 1730 1714 ,

940 1731 1084 1762 postquam
1099 1735 1115 1754 a
1130 1727 1212 1755 rebus
1236 1727 1413 1756 inferioribus
1435 1735 1465 1756 se
1487 1727 1611 1755 extendit
1625 1727 1659 1753 ad
1683 1735 1731 1754 sua

941 1780 1088 1808 pernarum
1109 1780 1202 1800 rerum
1225 1774 1428 1809 cognitionem,
1451 1777 1546 1808 utpote
1585 1780 1647 1808 quae
1667 1780 1729 1799 cum

939 1816 1177 1852 comprehenderit
1191 1817 1326 1844 miracula
1341 1818 1402 1853 ejus
1415 1817 1581 1852 operationis
1591 1838 1598 1850 ,
1614 1817 1730 1845 ulterius

939 1863 1048 1890 curiose
1062 1863 1210 1891 scrutando
1227 1863 1330 1890 desinit
1346 1862 1492 1899 progredi,
1510 1862 1558 1891 sed
1575 1863 1664 1897 ipsum
1681 1861 1731 1888 ad-

939 1908 1056 1935 miratur
1069 1911 1096 1935 et
1110 1908 1324 1942 contemplatur,
1342 1908 1389 1943 qui
1408 1916 1457 1943 per
1474 1915 1506 1935 ea
1520 1915 1582 1942 qua:
1595 1912 1727 1942 operatur

939 1961 1001 1983 esse
1014 1954 1201 1989 cognoscitur.
1221 1953 1301 1982 Videt
1314 1954 1455 1981 caelestem
1474 1943 1708 1988 pulchritudinem
1720 1972 1727 1984 ,

939 1999 1114 2026 luminarium
1126 1999 1301 2034 splendorem
1312 2019 1320 2033 ,
1333 1999 1450 2027 celerem
1466 1999 1520 2034 poli
1534 1998 1729 2026 circumactio-

937 2051 1012 2076 nem,
1027 2044 1182 2072 ordinatam
1198 2048 1225 2072 et
1240 2052 1428 2078 numerosam,
1441 2048 1579 2072 astrorum
1596 2043 1728 2075 ambitus,

937 2090 984 2126 qui
999 2090 1093 2119 orbem
1110 2098 1232 2118 annuum
1249 2095 1369 2126 quatuor
1387 2089 1558 2125 temporibus
1572 2089 1600 2116 in
1615 2096 1645 2116 se
1660 2096 1728 2115 con-

936 2140 1046 2164 vertunt
1061 2144 1068 2162 :
1083 2140 1186 2164 terram
1201 2144 1262 2172 quae
1279 2137 1363 2164 simul
1379 2135 1496 2163 alﬁcitur
1514 2142 1576 2162 cum
1599 2142 1633 2161 eo
1652 2133 1726 2168 quod

93 2180 230 2215 κειμένων
245 2181 376 2216 κινὴσεως
395 2182 444 2214 τὰς
463 2182 530 2214 ἰδίας
551 2182 691 2217 ἐνεργείας
709 2183 886 2216 συνεξαλλάσ-

940 2182 1038 2214 ambit,
1055 2186 1159 2210 etcum
1176 2182 1331 2210 diﬂ‘erentia
1357 2186 1448 2209 motus
1478 2187 1664 2215 supernorum
1690 2179 1728 2206 si-

93 2234 205 2259 σουσαν,
221 2227 270 2258 τάς
286 2235 317 2253 τε
336 2227 484 2259 πολυειδεῖς
503 2228 532 2254 ἐν
548 2230 604 2260 τοῖς
619 2228 699 2261 ζώοις
712 2229 816 2263 φύσεις,
832 2230 887 2257 τῶν

90 2280 122 2298 τε
145 2273 206 2299 καθ’
231 2272 334 2300 ὑδάτων
355 2273 553 2308 διαιτωμένων,
573 2275 620 2300 καὶ
644 2274 698 2301 τῶν
722 2275 772 2311 τὴν
794 2275 886 2311 ἀέριον

90 2317 283 2352 ἀπολαχόντων
300 2317 396 2353 φορὰν,
411 2319 458 2345 καὶ
472 2316 514 2350 οἷς
531 2321 657 2355 χερσαῖος
671 2320 685 2346 ὁ
700 2319 756 2354 βίος
768 2328 774 2335 ·
792 2321 841 2352 τάς
856 2329 885 2347 τε

90 2362 265 2394 παντοδαπὰς
293 2362 347 2389 τῶν
371 2364 461 2398 φυτῶν
494 2364 582 2396 ἰδέας,
612 2365 659 2391 καὶ
683 2365 733 2396 τὰς
760 2365 884 2398 ποικίλας

89 2408 172 2439 πόας,
192 2408 324 2444 ποιότητι,
348 2409 395 2435 καὶ
411 2409 534 2444 δυνάμει,
552 2410 600 2437 καί
621 2411 738 2446 σχήματι
761 2410 882 2446 ἀλλήλων

87 2453 286 2488 διαφερούσας,
313 2454 361 2480 καὶ
382 2455 432 2486 τὰς
454 2455 508 2482 τῶν
530 2455 644 2491 καρπῶν
667 2464 699 2482 τε
719 2456 766 2482 καὶ
787 2455 882 2491 χυμῶν

89 2500 236 2535 ἰδιότητας,
253 2501 299 2528 καὶ
317 2501 350 2527 τὰ
367 2500 444 2533 ἄλλα,
459 2501 492 2528 δι’
510 2498 548 2529 ὢν
564 2503 580 2537 ἡ
599 2502 723 2538 ἐνέργεια
740 2502 788 2529 τοῦ
813 2501 880 2529 Θεοῦ

86 2544 280 2577 διαδείκνυται,
306 2545 441 2580 βλέπουσα
462 2546 478 2580 ἡ
505 2546 588 2582 ψυχὴ,
609 2547 653 2574 διὰ
675 2547 722 2574 τοῦ
743 2547 882 2582 θαύματος

86 2589 144 2615 τῶν
160 2591 330 2625 φαινομένων
342 2590 531 2624 ἀναλογίζεται
546 2593 578 2627 τῇ
592 2592 694 2628 διανοίᾳ
707 2593 753 2619 τὸν
768 2593 812 2620 διὰ
826 2594 879 2620 τῶν

86 2634 179 2670 ἔργων
194 2635 339 2670 νοούμενον
354 2636 395 2663 ὅτι
409 2636 496 2663 ἐστιν.
510 2637 589 2669 Ἴσως
602 2637 630 2664 δὲ
649 2638 719 2664 κατὰ
730 2638 776 2665 τὸν
795 2638 880 2665 αἰῶνα

85 2680 134 2707 τὸν
150 2679 291 2715 μέλλοντα,
304 2682 369 2708 ὅταν
382 2682 505 2718 παρέλθῃ
528 2683 581 2708 πᾶν
600 2683 630 2709 το
646 2683 795 2718 ὁρώμενον,
810 2684 881 2712 κατὰ

85 2726 138 2761 τὴν
154 2726 201 2752 τοῦ
219 2726 321 2762 Κυρίου
337 2728 439 2763 φωνὴν,
455 2728 484 2758 ὃς
499 2736 580 2762 φησιν
591 2736 599 2743 ·
617 2728 648 2754 Ὅ
663 2729 791 2762 οὐρανὸς
803 2730 851 2756 καὶ
861 2730 880 2762 ὴ

85 2770 127 2805 τῆ
143 2773 383 2806 παρελεύσονται
393 2780 400 2788 ·
414 2773 450 2800 τὰ
461 2773 493 2800 δὲ
505 2773 624 2808 ῥήματά
631 2783 691 2808 μου
702 2775 738 2801 οὐ
752 2774 795 2808 μὴ
812 2783 882 2809 παρ-

85 2815 277 2849 ελεύσονται,
293 2818 338 2844 καὶ
353 2819 393 2850 είς
408 2819 514 2855 ἐκείνην
538 2820 710 2855 μετέλθωμεν
731 2820 779 2856 τὴν
796 2821 879 2856 ζωὴν,

131 2870 152 2884 ⁸⁵
167 2871 262 2899 Matth.
274 2881 346 2904 xxw.
362 2874 405 2901 55.

938 2227 1034 2255 derum
1058 2228 1139 2255 simul
1166 2228 1249 2255 etiam
1274 2231 1362 2254 mutat
1382 2226 1573 2262 operationes;
1591 2229 1618 2253 et
1635 2225 1727 2252 multi-

937 2273 1022 2308 plices
1036 2278 1150 2300 naturas
1164 2274 1361 2306 animantium,
1377 2276 1405 2300 et
1416 2279 1510 2299 eorum
1527 2279 1588 2305 quae
1603 2271 1630 2298 in
1646 2271 1726 2306 aquis

936 2318 1039 2353 degunt
1049 2339 1055 2350 ,
1074 2323 1101 2346 et
1122 2319 1224 2354 quibus
1240 2323 1332 2346 motus
1345 2319 1430 2346 cessit
1442 2319 1470 2345 in
1487 2325 1566 2350 aere,
1580 2322 1609 2345 et
1621 2325 1683 2352 qua:
1697 2318 1726 2344 in

935 2365 1018 2392 terris
1032 2365 1115 2391 vitam
1129 2369 1229 2400 agunt:
1256 2369 1284 2392 et
1306 2365 1397 2392 omnia
1422 2364 1578 2399 plantarum
1605 2371 1725 2399 genera,

935 2415 963 2438 et
984 2411 1083 2439 herbas
1104 2411 1214 2443 varias,
1228 2411 1361 2446 qualitate
1373 2415 1400 2438 et
1413 2412 1515 2438 virtute
1551 2413 1579 2438 et
1599 2409 1686 2445 ﬁgura
1708 2417 1725 2436 a

937 2464 967 2484 se
988 2457 1104 2484 invicem
1126 2456 1303 2490 dill‘erentcs,
1326 2455 1521 2490 fructuumque
1541 2459 1569 2483 et
1594 2462 1724 2490 saporum

937 2502 1138 2537 proprietates,
1156 2505 1184 2529 et
1202 2509 1264 2537 quae
1285 2509 1333 2536 per
1356 2509 1387 2529 ea
1410 2509 1472 2536 qua:
1494 2504 1672 2536 operantura
1694 2507 1724 2528 se

936 2548 1053 2575 invicem
1076 2547 1208 2575 distincta
1230 2547 1425 2579 ostenduntur,
1449 2546 1588 2581 aspiciens
1612 2545 1722 2577 anima,

931 2601 980 2629 per
993 2593 1157 2621 miraculum
1176 2601 1269 2621 eorum
1285 2601 1348 2628 quae
1367 2596 1509 2627 apparent,
1525 2597 1615 2619 mente
1631 2595 1723 2618 versat

931 2645 959 2668 et
972 2640 1129 2668 considerat
1147 2647 1209 2667 eum
1237 2639 1284 2674 qui
1301 2647 1333 2666 ex
1352 2639 1495 2674 operibus,
1519 2638 1591 2672 quod
1611 2637 1658 2667 sit.
1680 2637 1722 2663 il-

932 2685 1077 2721 telligitur.
1101 2684 1182 2712 Forte
1209 2687 1299 2711 autem
1323 2684 1352 2710 in
1376 2683 1469 2710 futuro
1490 2683 1591 2710 sacculo
1611 2681 1723 2715 quando

933 2729 1065 2766 quidquid
1079 2729 1187 2756 videtur
1204 2728 1367 2763 praeterierit
1382 2728 1578 2755 convenienter
1594 2725 1652 2752 vmi
1669 2725 1721 2751 lto-

936 2776 1002 2803 mini
1021 2785 1027 2803 ς
1043 2775 1143 2802 Culum
1160 2780 1184 2801 et
1199 2779 1270 2801 terra
1285 2774 1436 2801 transibunt
1450 2781 1459 2800 .'
1472 2773 1549 2800 verba
1562 2776 1648 2799 autem
1662 2779 1718 2798 mea

938 2829 988 2847 non
1009 2819 1157 2847 transibunt
1169 2819 1191 2835 "
1207 2828 1213 2846 :
1229 2823 1255 2846 et
1269 2818 1303 2846 ad
1319 2818 1392 2845 illam
1414 2818 1498 2844 vitam
1514 2816 1718 2844 transierimus.
