1978 3068
235 114 299 142 ltili

889 116 917 144 S.
933 114 1094 144 GREGORII
1114 115 1260 143 NYSSENI

1788 118 1857 145 1012

235 178 296 205 qua:
312 175 339 198 et
350 172 439 198 visum
452 177 574 202 superat.
590 177 617 198 et
629 172 752 199 auditum
764 177 792 199 et
806 173 1016 207 cogitationem:
1032 198 1033 201 η

1083 183 1086 207 ι
1105 173 1175 208 ὑπὲρ
1198 173 1336 208 ὀφθαλμόν
1358 174 1387 200 τέ
1408 174 1466 200 ἐστι
1481 174 1527 200 καὶ
1546 174 1629 209 ἀκοὴν
1652 175 1696 200 καὶ
1718 174 1855 201 διάνοιαν

235 221 301 242 tunc
314 223 369 242 non
383 216 501 250 amplius
515 224 549 244 ex
565 223 642 252 parte
660 225 708 251 per
724 218 912 252 operationem
925 225 1021 245 eorum

235 267 296 295 quae
320 265 475 287 cernuntur
497 261 561 288 boni
582 267 710 288 naturam
735 270 915 297 agnoscemus
925 262 965 293 ⁸⁵,
993 267 1022 288 ut

236 313 310 332 nunc
330 305 369 336 ﬁt,
389 313 440 333 nec
454 313 487 333 ex
509 314 605 334 eorum
621 315 681 341 quae
696 311 836 342 apparent,
852 308 1021 342 operatione,

235 350 405 385 intelligetur
425 351 451 378 id
473 351 546 386 quod
568 353 754 386 supereminet
771 361 777 379 2
792 352 840 380 sed
862 352 943 380 aliter
964 359 1023 379 om-

195 414 201 421 .
236 395 302 422 nino
327 397 577 431 comprehendetur
601 397 746 426 inell‘abilis
773 406 859 433 genus
877 399 1023 426 beatitudi-

237 441 290 472 nis,
306 445 332 468 et
345 441 398 467 alia
414 441 476 476 ejus
491 441 614 468 fruendae
631 443 711 475 ratio,
728 442 808 477 cujus
823 450 877 470 non
893 447 938 470 est
949 450 1023 470 nunc

235 493 267 513 ea
281 490 381 513 natura
392 490 422 514 ut
433 487 565 514 ascendat
578 487 606 514 in
622 494 670 515 cor
686 488 817 516 hominis.
832 487 912 516 Nmic
931 493 1023 516 tamen

237 533 371 567 tantisper
397 533 495 560 anima:
513 537 616 561 nostra:
631 534 738 568 positus
758 537 801 562 est
820 534 865 562 hic
889 533 1024 561 terminus

237 578 405 613 cognitionis
418 579 504 611 illius,
519 579 567 614 qui
579 579 725 607 inet‘l‘abilis
742 584 795 612 est,
811 580 871 614 ejus
887 579 1022 614 operatio,

236 631 298 658 quae
313 624 340 650 in
352 624 435 651 rebus
448 625 551 652 creatis
565 629 687 659 apparet,
699 631 781 659 quam
798 625 902 659 tropice
915 632 1024 651 manum

238 669 291 696 dici
316 669 512 697 intelleximus.
538 669 597 697 Hoc
610 678 676 705 ergo
698 670 777 697 nobis
790 669 889 704 dogma
905 669 1026 703 philoso—

238 715 318 750 phice
343 720 387 742 est
409 715 541 743 traditum
566 723 614 751 per
634 715 692 743 haec
718 715 811 743 divina
833 716 953 750 eloquia,
979 722 1026 750 per

238 767 299 794 qua;
324 768 393 794 pura
421 762 523 793 anima.
546 765 575 789 et
596 769 651 788 non
675 761 793 795 amplius
817 761 972 795 ingrediens
998 759 1026 786 in

239 806 296 832 vita
313 810 422 832 terrena
436 809 464 833 et
477 806 624 837 materiali.
641 814 675 833 ne
692 813 741 832 sua
757 805 882 839 inquinet.
899 805 1025 838 vestigia,

241 851 268 878 in
286 852 368 878 rebus
390 851 523 879 insistens
542 850 730 883 inferioribus,
748 856 911 885 exspectans
926 850 983 877 fore
998 853 1027 876 ut
1042 836 1064 863 Β

240 901 327 923 totum
342 897 480 931 exciperet
494 903 625 931 sponsum
643 896 754 923 domum
771 896 925 930 ingressum
939 904 946 922 :
959 902 1028 929 prae-

240 942 315 968 clare
337 948 429 968 secum
456 941 498 975 agi
522 941 697 972 existimavit,
721 941 744 968 si
771 941 859 968 solum
880 947 929 975 per
949 939 1026 967 fene-

241 991 326 1014 stram
353 993 464 1013 manum
489 986 654 1021 aspexisset,
683 994 731 1020 per
759 993 840 1021 quam
869 985 1029 1020 intelligitur

242 1033 331 1059 virtus
351 1031 412 1066 ejus
429 1038 556 1066 operans.
574 1031 710 1058 Patruelis
731 1039 813 1062 metu,
837 1030 937 1065 inquit.
958 1029 1028 1056 misit

243 1084 352 1103 "Ianum
373 1084 451 1103 suam
476 1084 522 1110 per
547 1076 677 1110 foramen.
705 1075 763 1103 Non
785 1075 858 1103 enim
877 1079 965 1109 potest
987 1075 1030 1101 vis

243 1122 363 1148 humana
386 1121 414 1148 in
441 1119 471 1148 se
495 1121 618 1156 recipere
640 1125 765 1148 naturam
793 1121 927 1147 infinitam
944 1124 971 1147 et
987 1119 1031 1146 in-

243 1167 529 1202 comprehensibilem.
564 1167 660 1194 Venter
691 1173 778 1194 autem
810 1175 901 1197 meus,
924 1166 1028 1200 inquit,

243 1217 388 1238 commotus
413 1215 452 1238 est
470 1211 498 1237 in
514 1211 610 1245 ipsum.
625 1210 729 1239 Nomen
752 1211 817 1238 illud
838 1210 1031 1237 cotnmotionis

243 1256 380 1292 significat
397 1257 543 1292 quemdam
560 1261 702 1292 stuporem
718 1262 747 1285 et
767 1257 982 1284 admirationem
995 1256 1032 1284 ob

215 1322 217 1324 .
243 1302 406 1328 miraculum
421 1301 495 1336 quod
512 1302 648 1336 apparuit.
668 1301 802 1329 Universa
817 1303 890 1329 enim
906 1302 966 1336 ejus
982 1309 1031 1329 co-

244 1345 349 1380 gitandi
374 1350 402 1372 et
431 1346 603 1381 intelligendi
626 1346 743 1374 iacultas
770 1351 906 1373 commota
927 1350 970 1374 est
997 1346 1031 1373 ad

246 1391 408 1418 miraculum
427 1399 523 1418 eorum
539 1399 601 1426 quae
617 1399 666 1426 per
683 1399 793 1419 manum
808 1390 928 1418 divinam
943 1399 1031 1425 agun-

246 1440 290 1462 tur
304 1445 311 1463 :
329 1444 446 1471 quorum
465 1437 648 1464 consideratio
669 1437 816 1464 humanam
833 1443 966 1470 superans
982 1443 1031 1462 na-

1072 219 1132 246 τότε
1147 219 1238 245 οὐκέτι
1257 220 1289 245 ἐκ
1306 219 1404 254 μέρους
1419 219 1463 245 διὰ
1479 220 1532 246 τῶν
1549 219 1637 254 ἔργων
1653 221 1858 255 ἐπιγνωσόμεϐα

1071 264 1121 295 τὴν
1139 263 1185 290 τοῦ
1200 264 1300 298 ἀγαθοῦ
1315 264 1405 298 φύσιν,
1419 264 1514 299 ὥσπερ
1533 266 1580 292 καὶ
1593 265 1640 291 νῦν
1653 275 1658 280 -
1674 266 1733 296 οςιδὲ
1751 266 1793 292 διὰ
1809 266 1857 299 τῆς

1071 308 1126 335 τῶν
1140 309 1309 343 φαινομένων
1321 310 1461 344 ἐνεργείας
1474 310 1505 336 τὸ
1520 310 1717 344 ὑπερκείμενον
1732 311 1858 344 νοηθήσε-

1073 361 1134 379 ται·
1157 353 1213 380 ἀλλ’
1231 354 1333 389 ἑτέρως
1357 354 1594 389 καταληφθήσεται
1617 355 1726 386 πάντως
1743 355 1775 380 τὸ
1793 352 1858 385 εἶδος

1073 399 1123 433 τῆς
1143 399 1281 434 ἀφράστου
1304 400 1512 436 μακαριότητος,
1534 401 1581 427 καὶ
1598 400 1675 432 ἄλλος
1695 401 1793 435 τρόπος
1812 402 1858 434 τῆς

1073 443 1262 476 ἀπολαύσεως,
1272 444 1302 476 ὃς
1316 445 1362 471 νῦν
1373 445 1418 471 ἐπὶ
1429 445 1542 479 καρδίαν
1552 445 1695 480 ἀνθρώπου
1706 445 1858 471 ἀναϐαίνειν

1076 487 1155 521 φύσιν
1175 487 1225 513 οὐκ
1246 488 1313 522 ἔχει.
1328 488 1402 520 Τέως
1421 489 1450 514 δὲ
1468 488 1514 514 νῦν
1532 489 1593 524 ὄρος
1607 491 1640 524 τῇ
1655 489 1727 524 ψυχῇ
1746 490 1794 524 τῆς
1813 489 1859 516 τοῦ

1075 532 1215 567 ἁφράστου
1235 532 1361 566 γνώσεώς
1385 534 1457 559 ἐστιν
1476 535 1492 568 ἡ
1510 535 1696 569 ἐμφαινομένη
1717 535 1772 566 τοῖς
1790 533 1860 561 οὖσιν

1075 577 1217 612 ἐνέργεια,
1241 579 1274 613 ἣν
1297 580 1376 613 χεῖρα
1396 578 1524 612 λέγεσθαι
1547 579 1685 614 τροπικῶς
1703 580 1860 614 ἐνοήσαμεν.

1075 623 1161 650 Τοῦτο
1175 623 1264 650 τοίνυν
1279 624 1343 658 ήμίν
1356 624 1386 650 τὸ
1398 623 1486 659 δόγμα
1495 624 1539 650 διὰ
1549 624 1603 651 τῶν
1618 625 1698 651 Θείων
1710 624 1811 650 τούτων
1821 625 1862 650 λο-

1075 668 1142 702 γίων
1158 668 1381 703 πεφιλοσόφηται,
1392 669 1424 695 δι’
1440 666 1476 695 ὧν
1488 670 1504 704 ἡ
1522 669 1631 703 καθαρὰ
1646 670 1729 704 ψυχὴ.
1743 670 1789 696 καὶ
1802 670 1863 695 οὒκ-

1077 713 1117 740 ἐτι
1135 713 1182 740 τοῦ
1202 715 1297 748 γηῖνου
1310 710 1350 740 ’τε
1381 715 1429 740 καὶ
1455 714 1547 741 ὑλικοῦ
1571 714 1629 748 βίου
1651 714 1861 745 ἐπιϐατεύουσα,

1077 759 1121 786 ἵνα
1137 759 1174 794 μὴ
1193 758 1295 793 μολύνῃ
1315 759 1413 794 ἐαυτῆς
1427 759 1457 785 τὺ
1479 759 1550 794 ἴχνος
1570 761 1625 791 τοῖς
1644 760 1718 786 κάτω
1732 760 1862 795 ἐνερειδο·

1080 804 1159 839 μένη.
1176 804 1383 839 προσδοκήκασα
1395 804 1474 831 αὑτὸν
1487 804 1666 837 ὑποδέξασθαι
1677 805 1722 832 τὸν
1737 804 1862 839 νυμφίον,

1078 849 1137 874 ὃλον
1155 848 1184 874 ὲν
1198 847 1237 883 τῷ
1252 847 1319 883 οἴκῳ
1338 848 1483 883 γενόμενον
1493 857 1499 863 ·
1515 849 1640 882 ἠγάπησε
1661 849 1739 884 μόνον
1753 849 1820 879 τέως
1835 849 1863 875 ὲν

1077 894 1131 929 ὁπῇ
1155 893 1204 928 τὴν
1232 895 1310 929 χεῖρα
1339 894 1505 928 Οεάσασοαι,
1531 894 1564 920 δι’
1588 892 1621 930 ἧς
1646 893 1826 929 ἑρμηνεύεται
1847 894 1863 928 ἡ

1079 939 1239 974 ἐνεργητικὴ
1258 939 1340 965 αὐτοῦ
1357 939 1479 974 δύναμις.
1501 939 1672 973 Ἀδελφιδός
1686 948 1756 974 μου,
1772 939 1864 973 φησιν,

1078 985 1239 1012 ἀπέστειλε
1254 984 1311 1018 τὴν
1323 984 1405 1019 χεῖρα
1418 986 1510 1012 αὑτοῦ
1528 984 1577 1011 διὰ
1591 984 1646 1018 τῆς
1657 983 1744 1018 ὀπῆς.
1760 984 1796 1010 Οὺ
1811 983 1865 1018 γὰρ

1080 1031 1162 1065 χωρεί
1188 1031 1205 1064 ἡ
1234 1029 1389 1064 ἀνθρωπίνη
1422 1029 1535 1064 δύναμις
1557 1029 1606 1064 τὴν
1625 1028 1748 1063 ἀόριστόν
1772 1036 1801 1054 τε
1820 1027 1866 1054 καὶ

1080 1074 1264 1109 ἀπερίληπτον
1279 1074 1359 1108 φύσιν
1376 1075 1404 1100 ἐν
1416 1074 1497 1109 ἑαυτῇ
1514 1073 1650 1106 δέξασθαι.
1669 1073 1705 1100 Ἡ
1721 1072 1753 1098 δὲ
1769 1072 1867 1098 κοιλία

1077 1129 1148 1155 μου,
1169 1121 1266 1155 φησιν,
1292 1119 1417 1153 ἐθροήοη
1442 1120 1488 1146 ἐπ’
1512 1119 1623 1148 αὐτόν,
1645 1117 1793 1153 Ἐκπληξίν
1808 1125 1867 1143 τινα

1080 1166 1128 1192 καὶ
1142 1166 1266 1200 ξενισμὸν
1282 1165 1409 1201 σημαίνει
1419 1166 1465 1191 ἐπὶ
1475 1164 1514 1199 τῷ
1524 1165 1635 1198 φανέντι
1644 1163 1762 1198 θαύματι
1779 1163 1808 1188 τὸ
1817 1162 1866 1196 τῆς

1081 1212 1219 1247 θροήσεως
1245 1212 1339 1246 ὄνομα.
1370 1211 1448 1238 Πᾶσα
1479 1210 1533 1245 γὰρ
1562 1210 1646 1244 αὐτῆς
1670 1210 1686 1244 ἡ
1711 1208 1866 1242 διανοητικὴ

1080 1257 1192 1290 δύναμις
1208 1257 1369 1292 συνεκινήθη
1382 1257 1449 1291 πρὸς
1463 1256 1494 1282 τὸ
1508 1256 1600 1290 οαῦμα
1612 1255 1665 1281 τῶν
1677 1255 1721 1281 διὰ
1734 1255 1784 1289 τῆς
1794 1253 1868 1284 θείας

1081 1303 1169 1338 χειρὸς
1185 1303 1400 1338 ἐνεργουμένων·
1418 1299 1456 1329 ὦν
1473 1303 1490 1337 ἡ
1505 1301 1667 1336 κατανόησις
1682 1300 1868 1335 ὑπερκειμένη

1081 1349 1111 1374 τὸ
1124 1348 1313 1383 ἀκατάληπτον
1323 1356 1352 1374 τε
1364 1347 1410 1374 καὶ
1421 1347 1562 1382 ἀχώρητον
1574 1347 1622 1381 τῆς
1632 1346 1679 1372 τοῦ
1695 1345 1870 1381 ἐνεργοῦντος

1082 1394 1189 1428 φύσεως
1209 1393 1242 1420 δι’
1256 1393 1354 1428 ἑαυτῆς
1374 1392 1530 1428 ὲρμηνεύει.
1551 1392 1630 1418 Πᾶσα
1646 1391 1700 1426 γὰρ
1719 1391 1736 1425 ή
1752 1389 1807 1416 τῶν
1826 1390 1870 1416 δν-

1081 1448 1135 1465 των
1150 1439 1237 1470 κτίσις
1248 1438 1298 1473 τῆς
1311 1438 1401 1473 χειρὸς
1415 1438 1522 1473 ἐκείνης
1538 1437 1587 1472 τῆς
1604 1436 1648 1463 διὰ
1660 1436 1709 1471 τῆς
1720 1435 1789 1469 ὀπῆς
1804 1435 1870 1469 ἡμῖν

247 1486 346 1513 turam,
367 1489 416 1516 per
436 1489 466 1510 se
487 1482 686 1518 interpretatur
705 1482 902 1517 comprehendi
922 1486 951 1509 et
972 1481 1031 1516 capi

1085 1484 1286 1519 φανερωθείσης
1306 1484 1386 1519 ἔργον
1403 1485 1486 1516 ἐστὶν,
1510 1483 1548 1515 ὡς
1569 1483 1584 1508 ὸ
1608 1482 1733 1516 Ἰωάννης
1754 1481 1803 1515 βοᾷ
1826 1479 1872 1506 λέ-

247 1534 302 1554 ιιοη
321 1534 404 1561 posse
419 1531 546 1555 naturam
564 1527 625 1561 ejus
646 1528 694 1562 qui
714 1532 854 1562 operatur.
876 1526 946 1554 Nam
971 1527 1034 1554 uni-

248 1579 329 1599 versa
345 1579 452 1605 eorum,
468 1580 529 1607 quas
546 1577 623 1605 sunt,
636 1576 774 1604 creatura.
791 1576 833 1600 est
847 1579 918 1607 opus
939 1580 1036 1600 manus

247 1617 323 1644 illius
342 1624 404 1651 quae
420 1618 549 1652 apparuit
566 1625 614 1652 per
637 1617 770 1648 foramen.
793 1622 824 1644 ut
846 1617 966 1644 Joannes
981 1618 1038 1644 cla-

249 1667 306 1689 mat
323 1663 350 1689 in
363 1661 522 1697 Evangelio,
539 1667 566 1690 et
581 1664 713 1698 propheta
727 1663 766 1690 illi
781 1663 955 1697 sulfragatur.
970 1663 1037 1690 Nam

249 1709 295 1735 ille
315 1708 426 1743 quidem
445 1708 533 1736 dicit:
551 1709 649 1736 Omnia
671 1717 717 1743 per
735 1710 822 1743 ipsum
838 1709 910 1742 facta
931 1714 991 1736 sunt
1004 1709 1037 1735 ".

250 1754 386 1789 Propheta
412 1760 504 1781 autem
531 1755 656 1784 nominat
678 1762 789 1782 manum
812 1754 972 1781 ellicientem
997 1761 1039 1781 eo-

251 1806 312 1826 rum
327 1806 389 1834 quae
409 1803 485 1831 sunt,
501 1799 641 1831 virtutem.
657 1799 770 1827 dicens:
786 1798 884 1827 Manus
906 1807 964 1826 mea
978 1799 1040 1833 fecit

213 1863 217 1866 .
251 1844 306 1871 hac
322 1845 412 1871 omnia
422 1844 456 1870 ⁵³.
483 1843 513 1871 Si
528 1852 595 1879 ergo
608 1851 691 1880 opera
716 1845 792 1872 illius
812 1845 991 1879 operationis,
1014 1849 1042 1872 et

252 1890 306 1917 alia
320 1890 424 1922 omnia,
445 1895 472 1917 et
486 1890 625 1918 caelestem
650 1890 896 1924 pulchritudinem,
918 1890 1040 1917 nondum

252 1933 462 1968 comprehendit
477 1933 620 1968 inquirens
636 1934 756 1961 hominis
773 1933 963 1969 intelligentia.
976 1933 1041 1969 quid

253 1979 290 2006 sit
302 1979 384 2006 homo
400 1979 553 2006 secundum
569 1979 730 2009 essentiam.
748 1980 789 2006 vel
805 1979 857 2010 sol.
879 1980 922 2006 vel
939 1979 1042 2014 aliquid

253 2031 287 2050 ex
305 2023 340 2050 iis
355 2031 417 2058 quae
433 2024 461 2051 in
479 2024 619 2052 creatione
632 2027 765 2059 apparent
780 2024 921 2051 miraculis
938 2033 944 2050 :
962 2032 994 2051 ea
1010 2025 1044 2052 de

254 2076 341 2096 causa
355 2073 544 2097 commovetur
558 2077 637 2097 mens
652 2070 782 2101 humana.
800 2073 828 2096 et
845 2069 965 2097 divinam
980 2077 1044 2104 ope-

255 2115 388 2142 rationem
412 2116 539 2142 miratur.
561 2114 628 2142 Nam
652 2115 675 2143 si
698 2115 930 2150 comprehendere
949 2118 1045 2151 nequit

1086 1539 1152 1564 γων,
1172 1530 1219 1556 καὶ
1232 1530 1247 1556 ὁ
1269 1530 1411 1565 προφήτης
1425 1529 1464 1564 τῷ
1483 1527 1640 1562 Εὑαγγελίῳ
1658 1526 1872 1561 συμφθέγγεται.

1092 1575 1122 1603 '0
1141 1576 1190 1610 μὲν
1205 1575 1258 1611 γάρ
1277 1582 1372 1609 φησιν’
1387 1576 1429 1601 ὅτι
1448 1573 1549 1601 Πάντα
1571 1573 1608 1600 δι’
1627 1571 1720 1599 αὑτοῦ
1743 1570 1871 1604 ἐγένετο·

1087 1621 1101 1647 ὁ
1125 1621 1153 1647 δέ
1172 1621 1312 1655 προφήτης
1333 1620 1410 1654 χεῖρα
1433 1618 1561 1652 ὀνομάζει
1580 1619 1629 1651 τὴν
1655 1616 1797 1650 ποιητικὴν
1819 1613 1874 1640 τῶν

1087 1667 1170 1692 ὄντων
1183 1665 1310 1700 δύναμιν,
1329 1663 1414 1690 εἰπών
1423 1672 1429 1678 ·
1453 1664 1483 1691 Ἠ
1496 1663 1560 1697 χείρ
1571 1671 1630 1697 μου
1642 1661 1768 1694 ἐποίησε
1781 1659 1877 1686 ταῦτα

1089 1711 1195 1738 πάντα.
1212 1710 1243 1736 Εἰ
1257 1708 1304 1736 οὖν
1317 1709 1351 1736 τά
1368 1709 1418 1744 τῆς
1434 1709 1572 1744 ἐνεργείας
1587 1708 1693 1742 ἐκείνης
1705 1705 1784 1740 ἔργα,
1796 1705 1830 1731 τά
1846 1712 1878 1731 τε

1089 1758 1156 1785 ἄλλα
1167 1757 1265 1788 πάντα,
1277 1757 1324 1783 καὶ
1338 1756 1372 1782 τὰ
1385 1756 1497 1792 οὐράνια
1508 1755 1604 1789 κάλλη.
1619 1753 1694 1780 οὔπω
1705 1753 1732 1778 δὲ
1748 1750 1879 1783 κατείλη-

1090 1812 1139 1838 φεν
1161 1803 1178 1838 ὴ
1199 1801 1331 1837 ζητητική
1350 1801 1396 1828 τοῦ
1417 1799 1559 1835 ἀνθρώπου
1579 1798 1691 1827 διάνοια,
1712 1796 1737 1822 τί
1756 1794 1816 1822 κατ’
1831 1794 1882 1820 οὐ·

1092 1849 1151 1875 οίαν
1165 1849 1180 1874 ὁ
1199 1847 1340 1882 ἄνθρωπός
1361 1847 1435 1872 ἐστιν
1446 1866 1454 1878 ,
1482 1845 1499 1880 ἢ
1517 1845 1532 1870 ὁ
1549 1843 1641 1879 ἥλιος,
1658 1841 1675 1876 ἧ
1697 1841 1759 1867 ἄλλο
1778 1848 1805 1865 τι
1824 1839 1881 1864 τὼν

1092 1892 1262 1928 φαινομένων
1284 1893 1312 1918 ἐν
1336 1892 1369 1926 τῇ
1388 1890 1477 1917 κτίσει
1500 1889 1663 1924 θαυμάτων·
1681 1886 1775 1912 τούτου
1798 1884 1882 1919 χάρ.ν

1093 1939 1211 1974 θροείται
1225 1937 1292 1972 πρὸς
1310 1936 1359 1971 τὴν
1376 1936 1451 1962 θείαν
1472 1934 1611 1969 ἐνέργειαν
1625 1934 1642 1968 ή
1658 1930 1754 1966 καρδία
1765 1938 1772 1945 ”
1791 1929 1833 1974 ὅτι
1856 1928 1882 1954 ει

1092 1973 1180 2011 ταῦτα
1198 1982 1359 2009 καταλαϐεῖν
1377 1981 1408 2007 οὐ
1423 1981 1520 2016 χωρεῖ,
1537 1978 1595 2010 πῶς
1610 1978 1659 2012 τὴν
1677 1973 1883 2011 ὑπερκειμένην

1093 2027 1195 2055 τούτων
1210 2025 1391 2062 καταλήψεται
1415 2025 1512 2059 φύσιν;
1530 2024 1606 2059 Τάχα
1622 2023 1650 2050 δέ
1669 2031 1711 2054 τις
1727 2021 1772 2048 καὶ
1793 2019 1883 2051 ἄλλως

1095 2072 1252 2108 μταλαὸὼν
1274 2071 1308 2098 τὰ
1328 2071 1382 2097 τῶν
1401 2070 1552 2105 εἰρημένων
1576 2070 1740 2104 αἰνίγματα,
1763 2068 1811 2093 οὐκ
1828 2065 1886 2098 ἔξω

1094 2119 1140 2145 τοῦ
1156 2118 1257 2149 εἰκότος
1275 2117 1404 2152 προσάξει
1423 2117 1472 2151 τὴν
1487 2116 1613 2151 Θεωρίαν.

255 2161 318 2192 ista.
336 2160 568 2195 quemadmodum
590 2160 802 2194 comprehendet
819 2167 890 2191 eam.
911 2170 972 2196 qua:
996 2168 1039 2190 est
1072 2164 1126 2191 illis
1161 2163 1295 2198 superior,
1324 2162 1467 2189 naturam?
1491 2161 1572 2188 Forte
1597 2164 1687 2187 autem
1704 2160 1784 2186 etiam
1811 2156 1887 2184 alius

256 2208 394 2243 quispiam
409 2208 436 2234 in
455 2207 537 2234 aliam
551 2208 715 2234 sententiam
738 2207 859 2242 acceptis
878 2216 973 2236 eorum
1004 2219 1065 2245 qua:
1084 2211 1156 2238 dicta
1177 2215 1242 2238 sunt
1272 2209 1473 2244 aanigmatibus.
1483 2215 1539 2235 non
1553 2207 1588 2234 ab
1602 2214 1634 2234 co
1646 2205 1718 2241 quod
1732 2208 1774 2232 est
1787 2204 1889 2230 verisi-

257 2254 331 2285 mile,
345 2257 478 2281 remotam
492 2253 575 2280 faciet
592 2253 852 2287 contemplationem
867 2254 917 2289 (α).

292 2299 419 2326 Arbitror
432 2299 505 2326 enim
519 2306 568 2333 per
581 2306 691 2332 sponsae
703 2298 815 2326 domutn
828 2299 942 2336 intelligi
957 2304 1033 2329 totan

1132 2299 1216 2336 Οἶμαι
1230 2300 1284 2334 γὰρ
1299 2298 1372 2327 οἷκον
1392 2299 1509 2326 νοεῖσθαι
1525 2299 1574 2333 τῆς
1593 2297 1701 2332 νύμφης
1724 2297 1811 2322 πᾶσαν
1835 2293 1890 2329 τὴν

258 2346 341 2372 vitam
355 2345 516 2374 humanam.
527 2344 598 2370 hanc
609 2352 673 2371 vero
690 2352 801 2371 manntn
812 2345 989 2373 conditricem
1004 2354 1048 2374 re-

259 2397 320 2416 rum
333 2389 455 2416 omnium
471 2387 551 2422 quasi
569 2388 788 2423 peregrinatione
805 2393 931 2423 suscepta
949 2389 977 2416 in
999 2390 1047 2416 ho—

260 2435 364 2462 minum
378 2434 462 2460 vitam
477 2433 574 2461 exilem
592 2440 624 2461 ac
643 2433 747 2461 nullius
764 2434 907 2465 momenti.
928 2434 1046 2468 seipsam

261 2480 337 2506 velut
354 2478 459 2506 arctius
483 2479 666 2508 contraxisse.
694 2479 776 2513 idque
798 2479 824 2505 in
843 2486 876 2506 eo
899 2479 972 2513 quod
999 2487 1049 2513 per

262 2524 355 2552 omnia
367 2527 472 2551 naturae
484 2528 586 2550 nostrae
605 2524 740 2558 particeps
753 2524 839 2555 ﬁeret,
853 2527 968 2558 excepto
982 2531 1047 2559 pec-

263 2575 335 2597 cato.
358 2570 451 2604 Itaque
470 2574 648 2604 posteaquam
675 2569 709 2596 ad
726 2576 777 2596 nos
801 2569 960 2602 accesserit,
983 2576 1049 2596 con-

267 2616 460 2645 sternationem
479 2615 626 2650 quamdam
640 2618 669 2642 et
684 2614 894 2642 admirationem
910 2615 950 2642 rei
970 2621 1048 2642 nova:

292 2707 335 2733 “1
353 2708 417 2734 Cor.
430 2715 491 2737 xm.
507 2707 551 2733 12.
586 2705 607 2721 ⁵⁷
623 2703 722 2732 Joann.
738 2711 758 2737 ι,
770 2704 797 2731 5.
826 2703 849 2719 ⁵⁸
862 2702 916 2731 lsa.
935 2711 1008 2737 vat,
1021 2703 1047 2731 2.

1097 2346 1270 2382 ἀνθρωπίνην
1285 2345 1372 2380 ζωήν·
1389 2344 1490 2379 ταύτην
1503 2344 1531 2370 δὲ
1548 2342 1597 2377 τήν
1616 2343 1694 2376 χεῖρα
1708 2341 1756 2375 τὴν
1770 2339 1822 2366 τῶν
1844 2339 1892 2365 δν-

1097 2401 1150 2418 των
1169 2390 1321 2425 ποιητικὴν,
1340 2390 1528 2424 ἐνδημῆσασαν
1544 2387 1612 2423 πρὸς
1631 2387 1662 2413 τὸ
1681 2385 1767 2421 βραχύ
1786 2393 1815 2410 τε
1840 2384 1893 2410 xa‘t

1098 2436 1233 2463 οὐτιδανὸν
1247 2435 1293 2461 τοῦ
1309 2434 1478 2470 ἀνθρωπίνου
1496 2434 1552 2469 βίου
1567 2432 1665 2467 ἐαυτὴν
1681 2429 1827 2459 συστεῖλαι,
1844 2428 1894 2454 διὰ.

1098 2480 1145 2507 τοῦ
1162 2481 1305 2515 μετασχεῖν
1323 2479 1372 2514 τῆς
1392 2479 1499 2514 φύσεως
1518 2478 1596 2513 ήμῶν
1616 2476 1686 2503 κατά
1699 2475 1803 2504 πάντα,
1825 2472 1893 2499 καθ’

1100 2525 1255 2560 ὁμοιότητα,
1271 2525 1354 2559 χωρὶς
1370 2524 1517 2559 ἁμαρτίας,
1545 2523 1588 2548 Ἐν
1605 2522 1669 2556 ἡμῖν
1688 2519 1716 2545 δὲ
1737 2517 1895 2551 γενομένην

1101 2570 1211 2606 θρόησιν
1228 2569 1374 2604 ἐμποιῆσαι
1393 2570 1440 2595 καὶ
1453 2568 1578 2602 ξενισμὸν
1594 2568 1653 2598 ταῖς
1672 2564 1779 2600 ψυχαῖς.
1797 2561 1861 2592 πιῖις
1878 2560 1895 2585 δ

1102 2616 1167 2647 Θεὸς
1177 2616 1206 2642 ἐν
1217 2616 1296 2651 σαρκὶ
1308 2614 1473 2650 φανεροῦται
1484 2623 1491 2647 ;
1505 2613 1567 2646 Πῶς
1585 2616 1600 2642 ὁ
1609 2612 1714 2647 Δόγοςγ
1718 2611 1799 2637 ινεται
1806 2618 1823 2636 σ
1826 2609 1894 2645 1ρᾶ

303 2765 342 2797 (α)
370 2763 508 2792 llactenus
532 2761 653 2790 cxcurrit
674 2760 782 2789 llcrvcti
809 2760 947 2796 exemplar
966 2770 972 2788 :
988 2768 1049 2796 qua:
1067 2767 1131 2788 vero
1153 2763 1316 2795 sequuntur.
1338 2761 1402 2785 sunt
1428 2765 1460 2784 ex
1497 2757 1676 2784 translatione
1699 2753 1776 2782 Joan.
1816 2750 1897 2779 Leu.-

277 2802 409 2830 wenciali.
