1978 3068
126 109 195 137 1015

653 111 685 138 IN
701 112 851 140 CANTICA
867 111 999 140 CANTIC.
1020 110 1160 139 IIOMILIA
1176 111 1233 139 ΧΠ.

1680 115 1745 144 10H

125 166 188 199 Πῶς
213 168 242 194 ὲν
260 167 392 203 παρθενίᾳ
418 168 515 201 nixos;
539 168 600 200 Πῶς
625 169 664 205 τῷ
686 170 776 197 extruet
798 170 830 197 τὸ
852 171 909 204 φῶς

964 170 989 196 in
1008 169 1107 197 animis
1119 170 1264 201 excitasse.
1285 169 1332 204 qui
1357 168 1403 195 ﬁat
1419 172 1448 195 ut
1463 168 1534 196 Deus
1550 167 1578 195 in
1589 174 1673 196 carne
1689 176 1746 196 ma-

124 213 332 249 καταμίγνυται,
349 213 396 241 καὶ
413 214 452 249 τῷ
467 214 574 250 θανάτῳ
594 215 610 250 ἡ
626 214 681 250 ζωὴ
700 217 910 251 κατακιρνᾶται;

125 259 187 290 Πῶς
201 259 312 294 χωρεῖὴ
329 259 442 294 βραχεῖα
460 259 506 285 τοῦ
526 260 584 293 βίου
607 261 743 295 τρυμαλιά
763 261 812 296 τὴν
835 269 912 296 ’περι⁸

124 304 237 339 εκτικὴν
254 304 362 331 πάντων
374 304 428 331 τῶν
444 305 527 331 ὄντων
541 306 619 340 χεῖρα
637 307 665 331 ἐν
676 307 757 341 ἑαυτῇ
774 305 910 338 δέξασθαι,

124 347 142 385 ᾕ
156 351 210 381 πᾶς
227 351 241 376 ὁ
255 350 366 385 οὐρανὸς
382 351 564 385 ἐπιμετρεῖται,
585 351 632 377 καὶ
647 352 662 386 ἡ
683 351 717 386 γῆ
733 353 808 378 πᾶσα
822 353 869 378 καὶ
881 353 912 378 τὸ

125 395 196 431 ὕδωρ
211 396 284 422 ἅπαν
301 395 510 431 ὲμπεριέχεται;
528 396 608 427 Εἰκὸς
623 397 712 422 τοίνυν
731 396 780 431 τὴν
797 396 844 423 τοῦ
860 397 912 423 Εὑ-

124 440 250 474 αγγελίου
267 440 346 475 χάριν
364 440 407 467 διὰ
424 440 472 467 τοῦ
486 441 536 476 τῆς
553 441 644 476 χειρὸς
663 440 822 476 αἰνίγματος
845 450 912 477 προ-

124 486 248 521 φητικῶς
267 487 333 521 ἡμῖν
347 486 399 513 ὑπὸ
413 487 462 521 τῆς
474 485 582 520 νύμφης
597 486 832 521 διασημαίνεσθαι.
845 487 911 514 Ὅτε

123 531 178 567 γὰρ
199 531 245 557 ἐπὶ
271 532 320 566 τῆς
341 531 392 566 γῆς
409 531 487 567 ὤφθη
498 551 505 563 ,
523 531 569 558 καὶ
587 532 643 563 τοῖς
659 532 812 568 ἀνθρώποις
829 541 911 560 συνα-

124 576 261 612 νεστράφη
279 577 293 603 ὁ
319 577 430 612 Κύριος,
454 577 484 603 τὸ
502 577 622 613 καθαρόν
647 586 677 604 τε
699 578 746 604 καὶ
767 578 848 606 άῢλον
864 579 911 605 τοῦ

124 622 241 657 νυμφίου
257 621 362 654 κάλλος,
378 622 425 648 καὶ
434 621 483 657 τὴν
499 621 545 648 τοῦ
562 623 648 656 Λόγου
665 623 788 659 θεότητα.
800 625 846 651 καὶ
862 625 911 660 τὴν

124 668 171 695 τοῦ
183 667 309 703 ἀληθινοῦ
320 668 408 701 φωτὸς
419 667 578 703 λαμπηδόνα
588 668 631 695 διὰ
643 669 692 704 τῆς
702 669 756 695 τῶν
768 670 911 705 ἐνεργειῶν

124 714 213 750 χειρὸς
239 715 436 749 ἐγνωρίσαμεν.
461 715 547 750 Χεῖρα
569 713 624 749 γὰρ
647 713 761 749 νοοῦμεν
783 714 833 749 τὴν
858 714 911 742 τῶν

123 760 270 795 θαυμάτων
298 760 516 795 κατεργαστικὴν
544 759 627 786 αὐτοῦ
661 759 793 794 δύναμιν,
823 760 855 786 δι’
878 759 912 796 ἦς

123 804 316 836 ὲζωοποιοῦντο
342 804 367 830 οι
393 805 496 839 νεκροὶ,
518 803 634 831 καὶτῶν
657 804 764 838 τυφλῶν
787 806 814 831 αί
836 804 912 839 ὄψεις

123 849 347 881 ἁποκαθίσταντο,
372 849 420 875 καὶ
443 849 473 875 τὸ
498 849 547 884 τῆς
572 849 675 884 λέπρας
699 849 784 882 πάθος
809 851 912 885 ὲφυγα-
928 842 948 871 Β

122 892 224 925 δεύετο,
239 893 286 920 καὶ
297 894 351 920 πᾶν
364 892 431 925 εἶδος
442 893 552 921 ἀνιάτου
565 894 611 920 καὶ
623 894 743 930 χαλεπῆς
756 896 911 931 ὰρῥωστίας

123 938 260 973 ἀπεχώρει
276 938 329 964 τῶν
355 939 488 974 σωμάτων
507 939 552 965 διὰ
573 940 790 974 προστάγματος.
810 941 919 975 Προτε-·

123 985 216 1022 θείσης
231 986 259 1012 δὲ
276 987 341 1021 ἡμῖν
359 987 408 1021 τῆς
420 986 517 1021 διπλῆς
531 987 632 1022 ταύτης
646 988 693 1014 ἐπὶ
709 988 742 1022 τῇ
757 988 828 1023 χειρὶ
845 987 912 1014 θεω-

124 1030 194 1065 ρίας,
212 1027 249 1057 ὧν
267 1031 283 1065 ἡ
305 1030 353 1064 μὲν
376 1030 530 1057 ὑποτίθεται
546 1031 596 1066 τὴν
612 1031 686 1057 θείαν
707 1031 787 1065 φύσιν
807 1032 911 1058 ἅκατά-

121 1074 224 1109 λητιτον
245 1072 327 1101 οὖσαν
348 1075 488 1107 παντελῶς
510 1075 557 1101 καὶ
579 1075 748 1108 ἀνείκαστον,
764 1077 807 1103 διὰ
829 1077 913 1112 μόνης

121 1120 171 1154 τῆς
188 1120 328 1154 ἐνεργείας
352 1119 550 1154 γινώσκεσθαι·
574 1121 591 1156 ή
608 1121 636 1147 δὲ
659 1121 709 1156 τὴν
731 1122 913 1158 εὐαγγελικὴν

121 1166 201 1200 χάριν
219 1166 471 1201 προαναφωνεῖσθαι
486 1166 559 1200 λέγει
569 1167 613 1194 διὰ
630 1167 683 1193 τῶν
695 1167 781 1202 λόγων
796 1168 848 1194 ὑπὸ
863 1168 913 1203 τῆς

121 1209 231 1244 νύμφης
242 1229 249 1242 ,
266 1209 313 1236 ἐπὶ
331 1209 370 1244 τῷ
388 1210 509 1245 ἀκροατῇ
525 1211 695 1246 ποιησόμεθα
712 1212 762 1247 τὴν
778 1220 913 1248 προσφυε-

123 1254 222 1289 στέραν
245 1262 275 1280 τε
295 1255 342 1281 καὶ
363 1254 462 1289 μᾶλλον
482 1256 538 1287 τοῖς
565 1257 753 1292 ὑποκειμένοις
780 1257 914 1292 ἁρμόζου-

123 1306 172 1325 σαν
187 1299 240 1334 πρὸ
254 1300 351 1335 ἑτέρας
363 1300 532 1333 ἐκλέξασθαι.
548 1301 621 1337 Πλὴν
637 1303 732 1339 ὅτιπερ
748 1303 781 1330 ἂν
797 1304 911 1340 νομισθῇ

123 1344 361 1380 ψυχωφελέστερον
374 1344 460 1372 εἶναι’
479 1347 583 1380 γένοιτο
600 1347 633 1374 ἂν
652 1348 717 1384 ἡμῖν
734 1349 767 1375 δι’
782 1349 911 1385 ἑκατέρου

123 1388 177 1414 τῶν
197 1389 348 1424 εἰρημένων
369 1389 509 1426 αὐτάρκης
524 1392 541 1426 ἠ
559 1391 628 1427 πρὸς
643 1392 673 1418 τὺ
691 1393 792 1427 ἀγαθὸν
805 1394 912 1429 ὁδηγία.

130 1434 177 1461 Ἐκ
191 1434 241 1470 μὲν
254 1434 308 1470 γὰρ
327 1434 494 1469 τοῦ,γνῶναι
504 1456 511 1469 ,
526 1437 567 1464 ὅτι
583 1436 629 1463 τοῦ
649 1437 716 1464 Θεοῦ
733 1438 764 1464 τὸ
783 1438 911 1473 γνωστὸν,

123 1480 194 1507 κατὰ
209 1481 258 1516 τὴν
274 1480 380 1507 Παύλου
397 1482 500 1516 φωνὴν,
521 1483 576 1509 ἀπὸ
593 1483 645 1518 τῆς
660 1483 707 1510 τοῦ
727 1484 828 1520 κόσμου
853 1485 912 1511 κτί-

125 1533 193 1556 σεως
215 1525 357 1560 νοούμενον
375 1525 534 1561 καθορᾶται,
554 1526 604 1561 τῆς
626 1528 690 1563 περὶ
705 1527 760 1554 τῶν
775 1529 911 1564 ἀκαταλή-
925 1527 946 1555 C

124 1578 199 1596 πτων
218 1570 483 1606 πολυπραγμοσύνης
508 1572 673 1607 φεισόμεθαο
695 1573 734 1605 ὼς
756 1574 789 1600 ἂν
813 1574 851 1609 μὴ
868 1575 912 1601 διὰ

124 1615 171 1642 τοῦ
188 1616 404 1650 φυσιολογείσθαι
417 1617 466 1652 τὴν
484 1617 627 1652 ἁνέφικτόν
646 1627 676 1644 τε
693 1619 739 1646 καὶ
754 1619 912 1655 άνεκφώνηυ

124 1669 169 1687 τον
185 1661 274 1695 φύσιν,
291 1661 357 1697 ὓλην
373 1662 449 1689 λάϐοι
464 1662 534 1689 κατὰ
551 1663 602 1697 τῆς
621 1663 749 1698 ἀληθείας
763 1665 780 1699 ἡ
796 1665 911 1700 αἵρεσις.

125 1706 156 1732 Εἰ
167 1706 195 1733 δὲ
209 1707 276 1742 πρὸς
289 1707 320 1735 τὸ
327 1706 490 1742 Εὗαγγέλιον
507 1707 603 1742 βλέπον
615 1709 645 1736 τὸ
666 1710 780 1746 αἴνιγμα
794 1711 843 1746 τῆς
854 1719 908 1746 χει·

126 1752 172 1787 ρὺς
187 1752 366 1788 ὐποθώμεθα-
380 1754 428 1780 καὶ
445 1753 515 1780 οὕτω
529 1754 689 1791 βεϐαιοτέρα
708 1757 774 1791 ἡμῖν
792 1757 846 1783 τῶν
861 1765 913 1792 μυ-

127 1799 224 1824 στικῶν
238 1798 379 1834 δογμάτων
396 1800 413 1834 ἡ
430 1799 518 1830 πίστις
534 1800 690 1835 γενήσεται,
706 1800 750 1828 διὰ
769 1802 818 1836 τῆς
830 1810 915 1838 προα-

126 1844 305 1879 ναφωνήσεως
323 1844 376 1871 τῶν
393 1844 536 1879 δογμάτων
549 1844 737 1880 προσλαϐοῦσα
752 1846 782 1872 τὸ
796 1847 915 1882 ἀναμφί-

126 1888 212 1920 6ολον,
231 1889 259 1915 ἐν
276 1888 385 1924 Χριστῷ
405 1889 503 1925 Ἰησοῦ,
518 1887 540 1924 ᾧ
556 1891 573 1926 ἡ
592 1890 656 1924 δόξα
674 1891 714 1923 εἰς
727 1891 790 1924 τοὺς
802 1892 912 1924 αίῶνας.

132 1933 160 1958 Ἀ
164 1933 229 1968 μήν.

961 214 1063 242 nifesto
1086 214 1293 249 conspiciatur?
1312 214 1358 249 qui
1375 213 1492 242 Verbum
1514 213 1581 240 illud
1604 213 1649 240 ﬁat
1664 213 1747 241 caro?

961 260 1007 294 qui
1024 263 1117 294 partus
1133 259 1161 286 in
1176 258 1360 293 virginitatem
1375 260 1529 294 (virginitas
1553 259 1582 287 in
1606 259 1745 294 matrem),

961 305 1060 334 cadere
1083 305 1187 340 possit?
1212 305 1259 340 qui
1285 311 1348 331 cum
1369 305 1490 332 tenebris
1514 305 1561 332 lux
1586 305 1745 335 misceatur,

961 359 1024 378 cum
1050 356 1138 378 morte
1164 350 1219 377 vita
1247 350 1434 384 temperetur?
1456 350 1502 384 qui
1527 350 1656 384 pusillum
1684 349 1747 376 vita:

961 397 1086 425 i'oramen
1109 396 1196 432 possit
1223 396 1408 424 continentem
1430 396 1587 423 universum
1617 396 1667 422 hoc
1692 402 1745 422 ma-

962 449 1026 469 num
1050 449 1165 476 capere,
1188 449 1249 477 quae
1271 441 1371 469 etelum
1398 448 1479 468 omne
1502 441 1622 472 metitur,
1646 445 1747 467 terram

961 495 1069 516 omnem
1098 493 1125 515 et
1153 495 1262 515 omnem
1288 493 1386 521 aquam
1415 486 1626 522 complectitur?
1658 485 1748 519 Quare

961 538 1176 562 consentaneum
1205 536 1247 560 est
1274 531 1412 567 Evangelii
1434 532 1548 567 gratiam
1574 539 1623 566 per
1651 538 1748 558 manus

961 580 1076 615 aenigma
1100 579 1180 606 nobis
1204 585 1220 605 a
1234 585 1335 613 sponsa
1361 577 1438 612 quasi
1462 577 1630 604 vaticinante
1645 575 1749 611 signiﬁ-

961 625 1030 652 cari.
1045 624 1105 658 Quo
1129 625 1202 652 enim
1220 628 1342 659 tempore
1364 627 1529 658 conspectus
1546 623 1573 650 in
1599 627 1671 650 terra
1696 622 1748 649 Do-

962 671 1064 703 minus,
1085 675 1112 699 et
1135 671 1206 699 inter
1231 671 1356 698 homines
1379 674 1506 698 versatus
1521 674 1563 697 est
1579 679 1586 697 :
1603 676 1697 704 puram
1720 672 1748 696 et

962 721 1100 752 expertem
1116 716 1237 744 materiae
1259 716 1489 751 pulchritudinem
1504 715 1610 750 sponsi,
1628 714 1748 748 itemque

963 760 1044 788 Verbi
1059 761 1242 792 divinitatem,
1257 765 1283 788 et
1298 760 1354 788 veri
1379 760 1490 787 luminis
1513 759 1684 794 splendorem
1701 766 1749 793 per

962 815 1073 834 manum
1086 807 1159 833 illam
1177 806 1349 834 ell‘ectionum
1367 807 1536 841 agnovimus.
1555 804 1663 831 Manum
1675 805 1748 831 enim

963 852 1141 887 intelligimus
1157 852 1286 879 virtutem
1311 851 1372 886 ejus
1394 851 1588 877 miraculorum
1608 848 1765 884 perfectrim

962 907 1031 931 cem,
1045 905 1099 933 qua
1124 897 1240 925 mortuis
1261 897 1316 924 vita
1340 896 1502 928 donabatur,
1519 894 1592 922 oculi
1614 901 1749 922 caecorum

962 944 1179 972 restituebantur
1192 943 1220 969 in
1240 942 1388 976 integrum,
1407 942 1488 977 lepra:
1505 941 1617 968 morbus
1634 940 1749 975 fugaba-

963 996 1017 1021 tur,
1033 996 1115 1017 omne
1136 996 1222 1024 genus
1239 987 1402 1015 incurabilis
1417 994 1450 1014 ac
1472 987 1562 1022 gravis
1579 985 1749 1020 aegritudinis

963 1035 1049 1063 solius
1065 1034 1171 1069 imperii
1189 1034 1215 1061 vi
1230 1033 1392 1068 corporibus
1417 1031 1576 1059 excedebat.
1597 1031 1686 1065 Atque
1698 1030 1750 1057 hac

962 1080 1066 1115 duplici
1091 1087 1189 1107 manus
1209 1078 1433 1113 interpretatione
1454 1077 1482 1104 in
1505 1077 1625 1104 medium
1647 1083 1749 1111 propo-

963 1126 1026 1157 sita,
1043 1132 1160 1160 quarum
1174 1124 1260 1152 altera
1277 1123 1374 1151 statuit
1388 1127 1514 1149 naturam
1533 1122 1652 1149 divinam
1669 1128 1749 1155 pror-

964 1178 1012 1200 sus
1026 1169 1343 1205 incomprehensibilem,
1358 1173 1386 1195 et
1401 1167 1477 1194 nulla
1488 1174 1550 1194 cum
1566 1173 1596 1193 re
1611 1173 1750 1201 compara-

964 1216 1055 1249 bilem,
1080 1223 1113 1243 ex
1135 1214 1278 1242 aﬂ‘ectione
1304 1213 1362 1241 sola
1384 1211 1538 1248 cognosci:
1557 1212 1643 1239 altera
1664 1211 1750 1238 Evan-

963 1263 1026 1298 gelii
1047 1262 1161 1297 gratiam
1177 1268 1226 1295 per
1248 1260 1305 1287 haec
1325 1258 1408 1287 verba
1432 1259 1511 1294 longe
1527 1263 1590 1286 ante
1607 1258 1717 1293 praedici
1734 1265 1749 1285 a

964 1314 1065 1342 sponsa
1079 1305 1162 1333 tradit
1177 1315 1184 1332 :
1200 1304 1332 1332 auditoris
1345 1303 1449 1339 judicio
1457 1304 1750 1338 permittemus,utram

962 1352 1047 1380 veluti
1075 1351 1161 1386 magis
1191 1344 1397 1378 convenientem
1425 1353 1452 1377 et
1484 1352 1574 1383 aptam
1610 1349 1750 1383 proposito

963 1396 1026 1424 loco
1050 1395 1180 1431 praeferre
1196 1395 1274 1422 alteri
1290 1393 1364 1421 velit.
1387 1393 1529 1421 Utrumvis
1545 1397 1635 1420 tamen
1651 1393 1750 1420 animis

964 1442 1059 1471 utilius
1070 1441 1254 1470 existimatum
1271 1439 1364 1472 fuerit,
1377 1439 1475 1467 saltem
1494 1439 1626 1465 alterutro
1646 1438 1680 1465 ad
1702 1439 1751 1465 bo-

964 1495 1031 1516 num
1058 1485 1201 1515 commode
1231 1492 1314 1512 manu
1343 1484 1422 1520 quasi
1453 1483 1600 1510 ducamur.
1632 1482 1700 1510 Nam
1727 1482 1751 1510 si

963 1533 1225 1563 animadvertemus,
1245 1531 1312 1559 illud
1329 1531 1402 1566 quod
1426 1530 1491 1558 sciri
1520 1529 1553 1556 de
1575 1528 1629 1556 Deo
1648 1532 1750 1563 potest,

964 1577 1193 1614 quemadmodum
1208 1576 1312 1604 Paulus
1325 1575 1448 1610 loquitur
1457 1574 1491 1607 ",
1506 1581 1554 1607 per
1567 1572 1662 1600 mundi
1675 1580 1752 1600 crea-

963 1625 1066 1652 tionem
1096 1623 1264 1650 intellectum
1293 1621 1427 1656 perspici,
1454 1620 1642 1648 curiositatem
1674 1618 1751 1645 inda-

963 1668 1045 1704 gandi
1065 1675 1110 1695 res
1127 1665 1419 1701 incomprehensibiles
1434 1664 1590 1700 fugientus;
1613 1671 1647 1690 ne
1668 1663 1691 1689 si
1707 1669 1750 1690 ra-

964 1713 1039 1741 tione
1056 1712 1173 1740 naturali
1188 1714 1338 1738 tractemus
1356 1714 1480 1737 naturam
1502 1710 1588 1741 illam,
1604 1715 1686 1743 quam
1711 1709 1753 1736 vel

964 1757 1085 1793 assequi,
1106 1757 1148 1784 vel
1162 1755 1240 1783 silari
1261 1754 1417 1789 nequimus,
1433 1754 1560 1781 materies
1575 1753 1672 1779 haeresi
1687 1759 1753 1778 con-

965 1807 1007 1830 tra
1039 1801 1182 1829 veritatem
1208 1799 1404 1835 suppeditetur.
1432 1797 1481 1824 Sin
1510 1798 1544 1824 ad
1578 1796 1753 1831 Evangeiium

964 1852 1090 1884 spectare
1109 1847 1162 1875 hoc
1183 1846 1218 1873 de
1233 1853 1317 1872 manu
1339 1844 1454 1878 aenigma
1480 1846 1654 1871 statuemus:
1670 1842 1752 1868 etiam

964 1894 1017 1922 hoc
1044 1893 1125 1920 modo
1156 1891 1260 1920 ﬁrmior
1289 1890 1369 1918 nobis
1396 1896 1559 1917 arcanorum
1595 1888 1763 1922 dogmatumr

966 1938 1032 1966 ﬁdes
1053 1938 1116 1970 erit,
1137 1937 1250 1964 tollente
1270 1935 1467 1963 dubitationem
1491 1940 1598 1961 omnem
1625 1940 1658 1960 eo
1682 1932 1752 1966 ipso,

125 1977 199 2010 quod
231 1977 288 2004 haec
323 1979 409 2006 multo
446 1985 509 2007 ante
528 1981 720 2016 praedicantur,
741 1982 822 2017 idque
839 1983 867 2010 in
901 1984 1011 2013 Christo
1026 1983 1091 2012 Iesu
1111 1983 1225 2011 Domino
1240 1986 1346 2010 nostro.
1371 1981 1421 2008 Cui
1444 1981 1480 2009 sit
1499 1980 1585 2015 gloria
1613 1985 1639 2006 et
1664 1979 1752 2013 impe-

125 2024 196 2051 rium
213 2025 321 2051 saeculis
337 2025 462 2056 inﬁnitis.
482 2028 578 2056 Amen.

422 2075 544 2102 OMIAIA
564 2076 612 2104 lB’.

165 2121 313 2154 Ἀνέστην
324 2122 382 2156 ἐγὼ
395 2121 511 2153 ἀνοῖξαι
520 2121 560 2154 τῷ
574 2121 723 2156 ἀδελφιδῷ
732 2131 802 2157 μου.
813 2123 914 2158 Χεῖρές

124 2173 182 2200 μὶν
204 2166 338 2198 ἐσταξαν
352 2167 500 2200 σμύρναν,
526 2166 671 2193 δάκτυλοί
691 2176 750 2201 μου
775 2168 914 2203 σμύρναν

126 2211 236 2246 πλήρη.
272 2211 334 2238 Ἐπὶ
366 2211 451 2245 χεῖρα
476 2211 529 2238 τοῦ
554 2212 693 2245 κλείθρου
724 2212 831 2246 ἧνοιξα
857 2213 914 2248 ἐγὼ

125 2257 165 2291 τῷ
193 2257 345 2292 ἀδελφιδῴ
371 2265 443 2291 μου.
473 2257 641 2291 Ἀδελφιδός
660 2266 720 2292 μου
741 2258 912 2293 παρῆλθεν·

126 2304 146 2337 ἠ
169 2303 255 2337 ψυχή
269 2311 330 2337 μου
351 2301 480 2336 ἐξῆλθεν
498 2303 533 2329 ἐν
546 2303 626 2336 λόγῳ
645 2303 749 2330 αὐτοῦ.
770 2304 916 2338 Ἐζήτησα

127 2347 228 2380 αὑτὸν,
247 2349 296 2375 καὶ
317 2349 373 2382 οὺχ
391 2346 482 2382 εὖρον
509 2349 612 2375 αὐτόν·
657 2348 792 2376 ἐκάλεσα
813 2351 915 2383 αὑτὸν,

129 2394 177 2421 καὶ
189 2395 246 2428 οὐχ
264 2394 423 2427 ὑπήκουσέ
438 2404 509 2430 μου.
528 2393 667 2428 Επῦροσάν
681 2403 719 2428 με
738 2396 766 2421 οι
783 2387 916 2429 φύλακές

127 2440 154 2466 οι
173 2439 357 2471 κυκλοῦντες
371 2439 405 2466 ἐν
419 2439 456 2473 τῇ
471 2439 566 2466 πόλει·
587 2437 742 2470 ἑπάταξάν
759 2448 808 2474 με,
817 2440 917 2473 ἐτραυ-

126 2484 258 2519 μάτισάν
280 2494 334 2519 με,
349 2483 426 2519 ἦραν
450 2485 482 2512 τὸ
502 2485 656 2519 θέριστρον
667 2485 718 2512 ἀπ’
731 2485 805 2519 ἐμοῦ
815 2487 842 2513 οι
859 2486 916 2520 φύ-

128 2531 222 2563 λακες
237 2529 296 2557 τῶν
308 2529 439 2564 τειχέων.

166 2577 200 2604 Ol
223 2575 272 2611 τὴν
291 2575 443 2602 διαπόντιον
468 2576 623 2611 ἀποδημίαν
642 2577 702 2602 κατ’
719 2575 813 2602 ἐλπίδα
833 2575 915 2602 πλού-

128 2629 175 2647 του
203 2621 390 2656 στελλόμενοι,
405 2623 468 2648 ὅταν
488 2622 538 2657 ήδη
555 2622 604 2656 τὴν
623 2622 723 2649 ὁλκάδα
745 2621 792 2648 τοῦ
807 2621 913 2657 λιμένος

129 2665 346 2698 ὰποσαλεύσωσι,
362 2666 409 2693 καὶ
425 2667 493 2700 πρὸς
506 2666 536 2692 τὸ
550 2666 667 2700 πέλαγος
685 2667 787 2704 στρέφῃ
800 2667 844 2694 διὰ
859 2666 913 2693 τῶν

92 2705 97 2710 ’
134 2709 267 2744 πηδαλίων
281 2710 329 2746 τὴν
348 2711 460 2746 πρῶραν
475 2712 488 2737 ὁ
500 2710 554 2738 τῶν
564 2711 663 2738 οἰάκων
678 2713 911 2748 ὑπερκαθήμενος,

162 2797 182 2812 ⁸⁹
197 2796 274 2824 Rom.
291 2804 310 2830 t,
324 2798 363 2824 l9.

1243 2073 1386 2102 HOMILIA
1413 2073 1471 2100 XII.

1002 2124 1068 2152 Car.
1087 2132 1122 2156 v,
1138 2131 1164 2150 ν.
1179 2122 1205 2149 5.
1235 2120 1347 2148 Surrext'
1368 2119 1498 2154 equidem,
1524 2122 1552 2145 ιιι
1569 2118 1687 2152 aperiam
1706 2125 1753 2143 co-

967 2173 1047 2205 gnato
1068 2177 1135 2195 meo.
1152 2166 1250 2194 Manus
1270 2173 1335 2193 mea:
1354 2165 1492 2202 stillarunt
1507 2163 1652 2198 myrrham,
1676 2161 1752 2197 digiti

967 2215 1017 2242 mei
1039 2213 1176 2249 myrrham
1200 2212 1314 2239 uberem.
1336 2210 1363 2237 6.
1382 2210 1516 2237 Adltt'bt'tia
1536 2208 1657 2235 ntauibus
1682 2207 1752 2234 clau-

966 2266 1022 2288 stra
1037 2259 1128 2294 aperui
1141 2258 1260 2293 equidem
1273 2261 1383 2292 cognata
1396 2263 1462 2282 mea.
1477 2254 1613 2281 Praeteriit
1625 2258 1752 2288 cognatus

964 2314 1047 2333 meus.
1071 2304 1168 2331 Anima
1192 2311 1250 2329 mea
1273 2309 1379 2336 egressa
1403 2305 1442 2328 est
1467 2300 1500 2326 ad
1518 2308 1663 2327 sermonem
1683 2299 1750 2333 ejus.

965 2351 1080 2384 Qucesivi
1093 2358 1163 2380 eum,
1179 2353 1203 2375 et
1217 2356 1268 2375 non
1280 2347 1365 2374 inueni
1377 2354 1436 2373 eum
1451 2355 1460 2373 :
1480 2345 1568 2372 vocavi
1580 2354 1650 2376 eum,
1664 2350 1688 2371 et
1700 2353 1753 2371 non

964 2396 1049 2422 audiit
1066 2403 1116 2421 me.
1132 2394 1160 2421 7.
1179 2392 1351 2426 Offenderuut
1372 2399 1412 2418 me
1433 2390 1565 2422 custodes,
1583 2391 1668 2425 quiin
1688 2389 1753 2418 urbe

965 2441 1138 2467 circumeunt.
1174 2438 1364 2469 Percuaseruut
1391 2445 1441 2469 me,
1475 2436 1676 2463 vulneraverunt
1701 2444 1750 2469 me,

967 2485 1131 2513 abstulerunt
1143 2484 1246 2518 peplum
1258 2492 1273 2509 ιι
1286 2491 1324 2510 me
1340 2482 1461 2509 custodes
1477 2489 1625 2508 murorum.

1002 2575 1053 2608 Qui
1067 2578 1143 2601 trans
1157 2580 1232 2600 mare
1246 2571 1492 2606 peregrinationem
1508 2577 1589 2604 opum
1615 2570 1751 2604 paranda-

967 2628 1027 2647 rum
1051 2626 1100 2654 spe
1122 2617 1285 2652 suscipiunt,
1313 2623 1374 2643 cum
1397 2615 1453 2650 jam
1471 2615 1560 2642 navim
1586 2623 1600 2642 e
1625 2618 1705 2649 portu
1721 2614 1750 2640 in

966 2665 1050 2692 altum
1079 2662 1240 2698 provehunt,
1269 2665 1295 2688 et
1325 2660 1351 2687 in
1381 2668 1455 2687 mare
1488 2667 1535 2695 per
1562 2659 1750 2693 gubernacula

967 2716 1074 2745 proram
1098 2706 1233 2735 convertit
1250 2706 1284 2739 is,
1303 2705 1349 2740 qui
1366 2704 1400 2732 ad
1427 2705 1533 2732 clavum
1547 2703 1633 2736 sedet,
1659 2703 1751 2728 votum
