1978 3068
226 95 297 125 {015

854 100 882 128 S.
898 102 1061 131 GREGORII
1078 102 1221 131 NYSSENI

1785 109 1854 137 ίοῖϐ

225 156 341 187 faciunt,
366 156 444 191 quasi
466 157 603 191 quoddam
629 161 792 193 prooemium
816 162 1013 198 navigationis,

1069 163 1147 198 εὐχὴν
1165 163 1302 190 ποιοῦνται
1317 164 1368 199 τῆς
1380 164 1518 196 ναυτιλίας
1533 166 1686 201 προοίμιον,
1702 167 1768 194 Θεὸν
1781 168 1854 202 γίνε-

225 209 258 229 ac
276 206 373 237 petunt
389 203 426 229 uti
450 202 521 230 Deus
542 204 610 238 ipsis
625 205 680 232 dux
700 207 736 234 sit
755 206 788 234 ad
808 209 1013 243 navigationem

225 247 336 274 felicem
346 255 378 275 ac
395 256 564 284 prosperam.
582 251 713 286 Adeoque
729 254 786 280 voti
803 257 888 282 totius
906 263 1014 284 summa

224 297 275 325 est,
292 297 322 320 ut
344 299 442 322 ventus
458 296 525 323 levis
548 300 575 323 et
602 298 717 325 idoneus
732 300 898 334 navigationi
924 302 952 328 in
968 310 1015 329 ve-

224 337 280 364 lum
305 337 407 365 incidat
428 339 461 367 ad
475 347 536 367 eum
557 341 749 376 gubernatoris
773 352 898 379 scopum,
917 347 962 382 qui
986 347 1014 374 in

223 383 306 418 puppi
333 385 469 413 consistit.
500 385 525 413 ls
551 391 641 414 autem
667 395 764 417 ventus
788 391 812 417 si
838 399 871 418 ex
891 392 1013 427 ipsorum

224 433 289 456 voto
310 430 350 457 eis
370 431 483 466 aspiret,
501 437 529 459 et
554 434 791 469 marejueundum
809 437 838 464 lit
864 438 942 472 ipsis,
964 438 1014 466 ﬂu-

224 474 317 502 ctibus
338 476 452 510 placidis
476 485 537 505 sese
560 479 657 506 leniter
673 481 793 515 erigens.
813 490 903 518 neque
922 485 1012 520 pelagi

225 519 377 552 amplitudo
397 521 546 556 quidquam
571 522 649 550 aﬂ‘ert
667 525 810 558 molestia,
828 535 889 554 cum
915 519 1014 564 magna

225 562 356 591 facilitate
373 566 450 592 navis
467 566 493 593 in
512 567 580 602 ipsis
598 569 678 597 undis
701 571 780 605 quasi
797 572 878 605 volet.
904 578 931 601 et
949 562 1015 609 opes

225 609 312 636 oculis
335 610 533 645 obversantur,
561 622 630 648 quas
651 623 684 642 Cl
709 622 864 645 mercatura
891 625 1013 654 sperant,

223 654 279 688 jam
317 655 375 690 ipsa
416 658 600 693 navigationis
629 663 833 696 prosperitate,
867 670 1014 701 antequam

226 702 377 736 periculum
405 703 507 731 factum
534 706 590 738 sit,
619 715 744 742 magnam
780 717 871 737 rerum
908 712 1015 746 copiam

225 745 379 780 pollicente.
427 747 486 781 Quo
541 754 632 778 autem
670 753 820 787 respiciens
861 755 913 783 hoc
943 745 1017 784 iutar

225 792 348 824 exordio,
378 795 530 829 intelligere
561 796 702 825 auditores
722 800 853 834 arbitror,
880 807 1015 838 quotquot

225 845 274 872 pro
299 840 492 874 perspicuitate
513 842 613 878 ingenii
636 844 678 871 sui
694 845 760 880 quid
778 847 949 881 propositum
969 857 1014 876 no-

225 884 268 911 bis
289 885 335 916 sit,
352 885 456 913 vident.
475 887 580 915 Etenim
606 890 703 924 ingens
726 898 803 919 mare
819 893 1014 922 consideratio-

225 931 268 957 nis
283 930 439 958 divinorum
457 933 601 961 verborum
619 935 698 963 nobis
715 938 884 972 propositum
903 944 965 973 est;
987 945 1015 968 et

224 976 322 1010 ampla:
337 977 387 1004 hac
403 986 435 1005 ex
452 979 627 1012 navigatione
647 982 811 1017 cognitionis
825 991 891 1018 opes
905 993 1015 1020 speran-

225 1024 269 1047 tur
284 1030 291 1048 :
306 1027 332 1048 et
350 1023 468 1050 animata
489 1024 567 1051 navis
586 1024 654 1057 hac,
667 1025 799 1053 nimirum
823 1026 945 1055 Ecclesia
963 1037 1013 1056 no-

224 1069 291 1095 stra.
311 1070 368 1092 toto
387 1066 447 1100 ejus
461 1067 579 1095 collecto
597 1076 723 1103 corpore,
740 1071 817 1104 quasi
836 1078 966 1106 provecta
986 1074 1014 1100 itt

223 1111 320 1143 altum,
338 1111 372 1137 ad
397 1112 583 1140 enarrationis
609 1119 711 1142 nostra:
737 1116 821 1143 veluti
844 1118 955 1146 divitias
972 1120 1015 1147 in-

224 1159 297 1182 tenta
317 1161 369 1183 est.
391 1156 489 1183 Verum
507 1159 596 1186 oratio
614 1165 720 1194 nostra,
737 1169 798 1196 qua:
823 1164 1014 1198 gubernatoris

223 1199 310 1227 oﬂicio
327 1200 460 1237 iungitur,
476 1210 531 1230 non
545 1204 622 1238 prius
637 1206 744 1232 clavum
761 1207 789 1233 in
805 1215 903 1235 manus
919 1212 1011 1242 sumit,

223 1253 305 1279 quam
327 1248 457 1274 universe
483 1252 569 1275 totutn
592 1250 669 1277 navis
691 1250 774 1285 hujus
795 1258 895 1287 corpus
921 1258 1012 1281 votum

223 1290 278 1318 Deo
295 1291 387 1323 faciat.
406 1297 435 1319 ut
450 1293 474 1320 is
491 1294 593 1328 aspiret
609 1295 690 1323 nobis
717 1296 791 1323 sacri
806 1297 925 1332 Spiritus
946 1300 1013 1332 vim,

223 1338 476 1373 cogitationumque
499 1339 598 1368 ﬂuctus
623 1347 739 1374 moveat,
763 1350 795 1369 ac
816 1351 865 1378 per
880 1344 930 1372 hos
950 1353 1013 1372 ora-

223 1383 324 1410 tionem
345 1390 467 1412 nostram
490 1387 569 1420 quasi
594 1394 724 1422 prospera
748 1388 922 1424 navigatione
945 1399 1015 1426 qua-

1067 209 1128 235 σθαι
1143 209 1320 244 καθηγέμονά
1330 218 1395 244 φασι
1405 210 1455 242 τῆς
1467 211 1595 243 εὐπλοίας
1605 211 1772 247 αἰτούμενοι.
1783 213 1855 240 Τὺδὲ

1066 255 1213 290 κεφάλαιόν
1230 256 1304 283 ἐστιν
1321 256 1412 287 αὐτοῖς
1428 257 1476 291 τῆς
1490 257 1572 292 εὐχῆς
1587 258 1697 293 πνεῦμα
1717 261 1854 295 προσηνές

1066 309 1095 327 τε
1110 301 1157 327 καὶ
1173 301 1289 336 πλόϊμον
1308 302 1439 336 ἐμπεσεῖν
1454 303 1493 338 τῷ
1512 303 1588 339 ίστίῳ
1604 304 1671 339 πρὸς
1687 305 1733 331 τὸν
1755 305 1855 332 σκοπὸν

1065 345 1112 371 τοῦ
1132 346 1298 381 κυὸερνήτου
1314 347 1383 373 κατὰ
1400 348 1526 383 πρύμναν
1542 349 1683 384 ἱσταμένου
1697 359 1704 365 ·
1719 347 1749 377 οὗ
1769 359 1853 378 κατα-

1066 390 1171 426 θυμίως
1198 392 1288 423 αὐτοῖς
1313 393 1502 427 ἐπιπνέοντος,
1522 394 1601 429 ἡδεῖα
1623 395 1707 431 μὲνὴ
1733 396 1856 424 θάλασσα

1066 436 1169 470 γίνεται
1183 457 1190 467 ,
1212 439 1267 469 τοῖς
1281 438 1424 473 ἠρεμαίαις
1446 439 1549 474 κύμασι
1565 441 1710 476 γλαφυρῶς
1726 443 1855 478 ἑπιφρίσ-

1067 489 1151 508 σουσα
1164 491 1170 496 ·
1185 482 1276 509 ἄλυπα
1288 483 1316 509 δὲ
1328 483 1374 509 τοῦ
1388 484 1524 518 πελάγους
1537 485 1571 511 τὰ
1582 486 1670 522 πλάτη
1685 487 1718 513 δι’
1732 488 1856 520 εὐκολίας

1065 526 1115 560 τῆς
1138 526 1201 562 νηὸς
1232 528 1430 563 ὲφιπταμένης,
1457 529 1505 555 καὶ
1529 529 1772 566 ὰπολισθαινούσης
1799 534 1856 564 τοῖς

1067 570 1157 597 ὕδασι·
1174 570 1227 605 πρὸ
1246 571 1391 607 ὀφθαλμῶν
1407 573 1435 599 δὲ
1455 574 1470 599 ὁ
1485 572 1600 605 πλοῦτος
1613 575 1627 600 ὁ
1642 574 1686 601 διὰ
1707 575 1757 608 τῆς
1772 575 1858 609 ἐμπο-

1068 616 1128 652 ρίας
1143 617 1228 652 αὐτῆς
1241 617 1413 653 ἐλπιζόμενος
1427 618 1488 653 ήδη,
1500 619 1549 654 τῆς
1561 619 1687 651 εὐπλοίας
1700 621 1857 656 ἑγνωμένης

1067 662 1114 687 καὶ
1131 662 1184 697 πρὸ
1200 662 1250 696 τῆς
1272 664 1379 695 πείρας.
1397 664 1482 699 Δῆλον
1505 664 1612 696 πάντως
1626 664 1685 691 ἐστὶ
1699 667 1754 696 τοῖς
1769 666 1856 701 εὐμα-

1067 706 1204 742 θεστέροις
1219 707 1273 734 τῶν
1289 708 1432 744 ἀκροατῶν
1447 710 1476 736 τὸ
1490 709 1529 745 τῷ
1544 710 1638 745 σκοπῷ
1653 711 1700 737 τοῦ
1713 713 1856 747 προοιμίου

1068 754 1258 789 προκείμενον.
1280 755 1359 789 Μέγα
1385 755 1528 790 πρόκειται
1543 755 1581 790 τῷ
1605 756 1677 791 λόγῳ
1694 756 1724 783 τὸ
1740 757 1856 791 πέλαγος

1067 798 1193 833 τῆς’τῶν
1219 799 1299 826 θείων
1320 800 1408 835 ῥητῶν
1434 800 1560 835 θεωρίας.
1593 801 1679 833 Πολὺς
1693 801 1720 827 δὲ
1742 801 1786 827 διὰ
1807 802 1857 836 τῆς

1068 845 1205 876 ναυτιλίας
1219 845 1322 880 ταύτης
1335 847 1349 871 ὁ
1365 846 1415 880 τῆς
1426 846 1553 880 γνώσεως
1571 846 1685 878 πλοῦτος
1700 846 1837 879 ὲλπίζεται
1847 855 1854 862 ο

1069 891 1085 925 ἡ
1105 890 1132 916 δὲ
1153 889 1275 925 ἔμψυχος
1299 891 1368 926 αὓτη
1382 891 1448 923 ναῦς
1481 892 1648 926 Ἐκκλησία,
1670 892 1699 918 ἑν
1720 892 1800 918 τιαντὶ
1818 891 1857 926 τῷ

1069 936 1126 971 ίδίῳ
1152 936 1314 971 πληρώματι
1337 936 1405 971 πρὸς
1424 937 1469 964 τὸν
1494 936 1607 964 πλοῦτον
1634 937 1683 972 τῆς
1702 937 1858 972 ἐξηγήσεως

1069 982 1161 1016 βλέπει
1188 983 1334 1018 μετέωρος.
1365 983 1434 1009 Ἀλλ’
1459 983 1489 1010 ού
1513 984 1647 1019 πρότερον
1669 984 1783 1010 ἅπτεται
1802 982 1858 1009 τῶν

1067 1027 1167 1053 οἰάκων
1188 1028 1202 1053 ὁ
1216 1028 1388 1063 κυϐερνήτης
1403 1028 1481 1062 λόγος
1493 1049 1500 1060 ,
1516 1029 1580 1064 πρὶν
1594 1029 1626 1054 ὲκ
1642 1028 1731 1054 κοινοῦ
1746 1028 1861 1063 γένηται,

1066 1072 1114 1099 τοῦ
1130 1073 1313 1109 πληρώματος
1327 1074 1377 1108 τῆς
1394 1073 1456 1109 νηὸς
1473 1075 1490 1109 ἡ
1506 1074 1582 1108 εὐχὴ,
1597 1074 1634 1105 ὡς
1653 1073 1815 1100 ἐπιπλεῦσαί
1828 1082 1857 1099 τε

1066 1119 1132 1153 ἡμῖν
1146 1119 1194 1154 τὴν
1214 1119 1262 1146 τοῦ
1285 1120 1364 1154 ἁγίου
1379 1119 1538 1155 Πνεύματος
1549 1119 1663 1154 δύναμιν
1673 1139 1680 1150 ,
1703 1119 1750 1146 καὶ
1766 1120 1860 1146 ἀνακι-

1067 1167 1148 1202 νῆσαι
1170 1167 1224 1193 τῶν
1239 1169 1382 1203 νοημάτων
1394 1169 1428 1195 τὰ
1451 1167 1571 1203 κύματα,
1589 1168 1635 1195 καὶ
1656 1168 1688 1194 δι’
1711 1167 1800 1194 αὐτῶν
1815 1166 1859 1192 εὑ-

1067 1212 1199 1240 πνοοῦντα
1214 1215 1381 1249 προαγαγεῖν
1400 1214 1432 1241 δι’
1449 1214 1556 1246 εὐθείας
1567 1214 1612 1240 τὸν
1626 1214 1704 1247 λόγον
1717 1221 1723 1227 ·
1739 1213 1771 1239 ἶν’
1787 1211 1860 1238 οὕτω

1065 1257 1189 1292 πελάγιοι
1200 1259 1243 1286 διὰ
1257 1260 1306 1295 τῆς
1320 1260 1436 1296 θεωρίας
1447 1262 1599 1296 γενόμενοι,
1614 1261 1661 1288 τὸν
1671 1261 1720 1296 τῆς
1733 1259 1860 1294 γνώσεως

1067 1304 1179 1331 πλοῦτον
1199 1306 1435 1341 ὲμπορευσώμεθα
1448 1327 1455 1339 ,
1477 1307 1556 1341 εἴπερ
1571 1306 1642 1333 ἔλθοι
1653 1306 1697 1333 διὰ
1706 1305 1760 1332 τῶν
1771 1305 1860 1340 εὐχῶν

1066 1350 1143 1385 ὑμῶν
1158 1351 1188 1377 τὸ
1206 1352 1318 1388 Πνεῦμα
1337 1353 1368 1379 τὸ
1388 1352 1465 1386 ἆγιον
1479 1353 1525 1379 ἐπὶ
1539 1353 1584 1380 τὸν
1597 1353 1686 1387 λόγον,
1703 1353 1750 1380 καὶ
1769 1352 1864 1387 πλήσῃ·

1067 1395 1098 1421 τὺ
1111 1396 1205 1423 ἱστίον.

222 1430 284 1457 dam
319 1435 440 1458 utentem
475 1438 549 1460 recta
578 1433 725 1461 deducat:
754 1439 784 1461 ut
805 1435 856 1463 hoc
890 1437 971 1465 modo
994 1439 1021 1466 in
1045 1441 1128 1468 altum
1156 1450 1205 1477 per
1235 1444 1492 1478 contemplationem
1526 1445 1666 1480 provecti,
1696 1443 1860 1478 eOgnitionis

223 1485 288 1512 “Pes
306 1479 389 1506 vehi“
406 1487 513 1507 merces
532 1481 665 1515 (Ιυίιεάθηι
680 1489 885 1518 comparemus.
909 1485 933 1512 si
972 1486 1043 1516 forte
1081 1497 1129 1525 per
1142 1495 1247 1520 vestras
1262 1500 1359 1527 preces
1373 1498 1400 1520 ut
1415 1493 1533 1520 orationi
1546 1499 1646 1521 nostra:
1662 1489 1744 1521 ﬂatus
1758 1493 1803 1521 ille
1818 1500 1862 1521 sa-

222 1532 270 1553 cer
285 1525 424 1553 secundus
439 1527 485 1559 sit,
503 1532 529 1554 et
545 1529 604 1554 vela
619 1528 743 1563 impleat,
760 1530 930 1565 impetretur.

224 1602 228 1608 _
258 1572 324 1599 Esto
341 1577 430 1600 autem
445 1575 581 1602 orationis
597 1576 703 1603 initium
719 1578 778 1613 ipsa
796 1581 980 1615 proiectorum
998 1590 1014 1610 a
1030 1586 1051 1616 Ο

225 1618 328 1652 Spiritu
346 1619 440 1646 divino
458 1620 604 1648 verborum
624 1627 861 1658 commemoratio,
879 1635 940 1662 quae
957 1629 1017 1663 qui-

225 1664 286 1691 dem
302 1672 417 1698 prorsus
436 1665 492 1694 ha‘c
512 1670 588 1695 sunt:
606 1667 719 1696 Sui-rexi
744 1671 874 1705 equidem,
889 1677 917 1699 ut
933 1675 1017 1707 aperi-

226 1718 279 1736 rem
298 1716 409 1745 cognato
431 1719 497 1738 men.
521 1712 618 1740 Manus
635 1722 699 1741 mea:
715 1716 852 1744 stillarum
870 1719 1015 1753 myrrham,

226 1756 302 1791 digiti
320 1757 370 1784 mei
386 1760 523 1792 myrrham
539 1760 654 1786 uberem.
675 1759 735 1788 Non
750 1769 831 1796 posse
853 1767 943 1791 autem
965 1765 1018 1792 alia

225 1804 332 1831 ratione
348 1804 416 1837 ﬁeri,
427 1809 456 1831 ut
474 1805 565 1832 vivum
581 1805 701 1833 Verbum
719 1808 754 1834 sit
770 1808 798 1835 in
815 1809 906 1842 nobis,
918 1819 1016 1845 purus,

227 1850 351 1884 inquam,
369 1850 416 1877 ille
430 1854 458 1878 et
474 1851 655 1886 incorporeus
670 1860 799 1887 sponsus,
825 1855 873 1889 qui
890 1863 939 1890 per
966 1857 1017 1884 im-

227 1895 423 1922 mortalitatem
439 1903 471 1923 ac
489 1898 663 1925 sanctitatem
682 1899 735 1926 sibi
761 1900 881 1928 animam
897 1902 1017 1936 copulat,

227 1941 281 1968 nisi
298 1941 360 1975 quis
377 1942 502 1969 necando
517 1943 639 1970 membra
655 1952 704 1971 sua
716 1950 834 1978 terrena,
850 1948 943 1974 carnis
957 1955 1019 1975 cor-

229 1986 315 2012 tinam
330 1987 485 2019 sustulerit,
500 1991 582 2021 atque
596 1988 634 2014 ita
646 1987 736 2016 Verbo
745 1990 846 2017 ostium
869 1992 1017 2026 aperuerit,

229 2040 278 2066 per
295 2032 368 2066 quod
382 2032 409 2059 in
425 2033 547 2059 animam
573 2033 759 2068 ingrediatur:
772 2036 799 2062 id
821 2044 885 2064 vero
902 2038 1019 2065 manife-

227 2082 301 2105 stum
314 2082 354 2105 est
371 2085 426 2104 non
444 2078 525 2105 modo
539 2087 573 2106 ex
599 2079 701 2107 divinis
720 2082 842 2115 Apostoli
871 2082 1018 2118 dogmatis,

228 2124 276 2151 sed
294 2123 376 2150 etiam
391 2131 424 2151 ex
445 2124 489 2156 iis,
503 2132 565 2159 qua:
584 2125 627 2152 hic
641 2133 656 2152 a
672 2133 774 2161 sponsa
791 2127 931 2156 dicuntur.
951 2128 1019 2155 Sur-

228 2169 296 2202 rexi,
310 2168 359 2200 ait,
374 2172 404 2195 ut
415 2169 550 2203 aperirem
567 2174 684 2204 cognato
696 2178 768 2203 meo,
782 2171 864 2206 idque
878 2172 1019 2200 eﬂiciendo

228 2222 259 2241 ex
278 2214 406 2242 manibus
435 2215 505 2242 meis
538 2217 655 2250 myrrha:
687 2216 788 2250 fontes,
812 2222 827 2244 e‘
846 2218 947 2253 quibus
968 2219 1020 2246 hoc

1112 1587 1195 1622 Ἀρχὴ
1214 1586 1242 1613 δὲ
1270 1585 1392 1620 γενέσθω
1416 1585 1463 1612 τοῦ
1492 1585 1571 1619 λόγου
1595 1584 1649 1611 τῶν
1675 1584 1862 1610 θεοπνεύστων

1070 1633 1199 1668 ῥημάτων
1223 1633 1238 1666 ἠ
1257 1632 1362 1666 μνήμη,
1382 1632 1428 1657 ἐπὶ
1442 1631 1540 1663 λέξεως
1553 1630 1650 1665 ἔχουσα
1664 1630 1760 1661 οὕτως’
1782 1629 1862 1656 Ἀνέ-

1068 1683 1147 1709 στην
1161 1675 1219 1710 ἐγὼ
1242 1675 1359 1707 ἀνοῖξαι
1382 1673 1421 1707 τῷ
1434 1674 1584 1708 ἀδελφιδῷ
1595 1683 1665 1709 μου.
1684 1674 1784 1708 Χεῖρές
1802 1683 1863 1709 μου

1069 1720 1203 1753 ἐσταξαν
1234 1721 1388 1755 σμύρναν,
1416 1721 1444 1747 οἱ
1472 1719 1618 1747 δάκτυλοι
1639 1729 1699 1754 μου
1725 1720 1864 1754 σμύρναν

1070 1765 1181 1800 πλήρη.
1203 1766 1265 1792 Ὀτι
1282 1767 1331 1800 μὲν
1350 1765 1400 1792 οὐκ
1415 1765 1488 1792 ἔστιν
1507 1766 1535 1791 ἐν
1549 1765 1614 1800 ἡμῖν
1627 1764 1714 1796 ἄλλως
1737 1764 1863 1798 γενέσθαι

1069 1811 1114 1837 τὸν
1134 1810 1223 1842 ζῶντα
1239 1811 1336 1845 Λόγον,
1352 1810 1397 1836 τὸν
1411 1809 1530 1845 καθαρὸν
1551 1808 1622 1843 λέγω
1644 1809 1691 1835 καὶ
1705 1809 1863 1844 ἀσήμαντον

1069 1856 1195 1891 νυμφίον,
1216 1855 1262 1882 τὸν
1273 1855 1308 1882 δι’
1320 1855 1473 1890 ἀφθαρσίας
1495 1854 1541 1880 καὶ
1554 1854 1697 1890 ἁγιότητος
1712 1854 1800 1888 ἑαυτῷ
1813 1853 1864 1888 τὴν

1068 1901 1158 1936 ψυχὴν
1177 1901 1372 1933 συνοικίζοντα,
1388 1902 1411 1927 εί
1429 1901 1466 1936 μή
1491 1909 1533 1932 τις
1547 1900 1592 1926 διὰ
1611 1899 1658 1926 τοῦ
1672 1899 1807 1934 νεκρῶσαι
1827 1900 1865 1927 τὰ

1071 1947 1139 1982 μέλη
1151 1947 1185 1973 τὰ
1199 1947 1245 1972 ἐπὶ
1259 1946 1308 1981 τῆς
1319 1946 1369 1980 γῆς
1386 1945 1538 1979 περιέλοιτο
1550 1945 1581 1972 τὸ
1596 1945 1646 1980 τῆς
1660 1946 1760 1980 σαρκὸς
1774 1953 1866 1980 παρα-

1070 1992 1215 2026 πέτασμα,
1229 1991 1276 2017 καὶ
1295 1990 1381 2021 οὕτως
1402 1990 1502 2022 άνοίξοι
1509 1987 1549 2023 τῷ
1559 1990 1636 2024 Λόγῳ
1649 1990 1698 2025 τὴν
1715 1989 1810 2024 θύραν,
1828 1989 1865 2016 δι’

1068 2034 1102 2072 ἦς
1120 2038 1159 2068 είς
1175 2037 1225 2071 τὴν
1240 2035 1327 2071 ψυχὴν
1343 2035 1516 2067 είσοικίζεται
1531 2043 1537 2050 “
1552 2035 1630 2070 δῆλόν
1645 2036 1719 2061 ἐστιν
1739 2035 1769 2061 οὐ
1785 2035 1866 2070 μόνον

1069 2084 1101 2109 ὲκ
1119 2082 1171 2109 τῶν
1186 2082 1264 2108 θείων
1280 2081 1326 2109 τοῦ
1348 2081 1509 2108 ’Δποστόλου
1520 2081 1675 2116 δογμάτων,
1691 2081 1749 2107 ἀλλ’
1763 2081 1796 2107 ἐκ
1809 2080 1865 2107 τῶν

1071 2128 1118 2155 νῦν
1147 2128 1300 2163 εἰρημένων
1324 2127 1399 2162 παρὰ
1425 2127 1475 2162 τῆς
1495 2127 1615 2163 νύμφης.
1644 2127 1771 2162 Ἀνέστην
1797 2127 1864 2162 γὰρ.

1071 2175 1163 2210 φησὶν,
1178 2174 1283 2206 ἀνοῖξαι
1309 2173 1348 2209 τῷ
1369 2173 1502 2208 ἀδελφιδῷ
1519 2182 1588 2209 μου·
1611 2173 1656 2200 διὰ
1677 2173 1724 2200 τοῦ
1749 2173 1863 2209 ποιῆσαι

1069 2221 1119 2253 τὰς
1146 2221 1240 2256 χεῖράς
1262 2229 1312 2256 μου
1337 2221 1386 2255 τῆς
1409 2220 1533 2255 σμύρνης
1557 2219 1665 2255 πηγὰς,
1690 2219 1736 2254 ἀφ’
1758 2219 1865 2246 ἑαυτῶν

227 2267 320 2286 aroma
337 2259 463 2295 proﬂuat,
480 2266 506 2287 et
517 2259 683 2288 declarando
697 2261 798 2297 digitos
813 2271 889 2291 meos
906 2263 1015 2300 myrrha

1075 2267 1188 2302 ῥεούσας
1197 2267 1226 2293 τὸ
1237 2267 1347 2302 ἇρωμα,
1363 2266 1409 2292 καὶ
1420 2265 1557 2301 πλήρωμα
1566 2265 1621 2292 τῶν
1631 2265 1770 2292 δακτύλων
1779 2266 1865 2299 δεῖξαι

226 2313 289 2333 esse
304 2306 433 2340 repletos.
451 2306 519 2334 Nam
536 2307 579 2334 his
597 2307 688 2335 verbis
703 2309 812 2336 modutn
829 2309 943 2342 indicat,
961 2318 1018 2345 quo

227 2351 367 2386 aperiatur
380 2351 480 2379 ostium
496 2359 609 2386 sponso:
628 2352 742 2380 Surrexi
766 2359 912 2389 propterea
943 2355 1017 2390 quod

227 2398 335 2431 sepulta
347 2405 410 2424 cum
425 2405 458 2425 eo
469 2397 568 2425 fuerim
587 2406 634 2432 per
651 2399 819 2434 baptismum
841 2401 869 2428 in
887 2406 1016 2429 mortem.

227 2442 286 2469 Non
311 2443 384 2470 enim
412 2444 578 2470 resurrectio
596 2444 746 2479 quidquam
770 2445 939 2474 ellicaeitatis
969 2448 1018 2474 ha-

227 2490 345 2523 buisset,
367 2490 420 2517 nisi
449 2490 625 2517 mortilicatio
646 2492 801 2519 voluntaria
819 2494 1018 2528 praecessisset.

230 2535 384 2563 Voluntarii
411 2540 502 2563 autem
530 2536 663 2568 indicium
678 2542 720 2565 est
749 2538 921 2566 stillicidium
951 2540 1018 2566 illud

227 2583 346 2619 myrrhae
370 2583 481 2610 ﬂuentis
501 2591 535 2610 ex
551 2583 638 2618 ipsius
666 2585 804 2615 manibus,
830 2589 857 2612 et
872 2586 946 2620 quod
967 2586 1019 2614 hoc

228 2635 350 2661 aromate
365 2629 442 2664 digiti
462 2629 523 2664 ejus
541 2629 683 2657 abundare
700 2629 837 2656 dicantur.
861 2630 921 2658 Non
945 2631 1017 2658 enim

228 2675 339 2703 aliunde
355 2675 495 2710 myrrham
511 2675 539 2702 in
555 2682 666 2702 manum
695 2675 783 2710 ipsius
809 2676 847 2702 ait.
862 2678 1016 2711 pervenire.

227 2719 296 2748 Nam
311 2721 333 2748 si
359 2728 404 2747 res
429 2720 465 2747 ita
486 2727 515 2747 se
540 2719 665 2750 haberet,
684 2720 897 2747 existimandum
927 2727 1018 2754 esset,

229 2767 338 2794 aliunde
355 2770 458 2796 ortum,
474 2769 501 2792 et
521 2764 632 2799 quidem
652 2765 710 2799 ipsa
725 2768 808 2793 invita
825 2767 849 2794 ei
865 2767 996 2795 accidisse
1007 2788 1014 2798 .

230 2814 301 2849 quod
321 2820 368 2849 per
391 2812 530 2848 myrrham
559 2810 741 2845 signiﬁcatur.
765 2813 897 2842 Nimirum
916 2823 1014 2842 manus

1073 2313 1122 2347 τὴν
1138 2312 1269 2348 σμύρναν.
1297 2312 1348 2338 Τὸν
1372 2311 1426 2348 γὰρ
1449 2312 1548 2347 τρόπον
1565 2311 1598 2337 δι’
1615 2308 1645 2338 οὗ
1668 2312 1805 2345 ἀνοίγεται
1825 2312 1866 2345 τῷ

1073 2358 1182 2394 νυμφίῳ
1195 2359 1211 2394 ἡ
1233 2357 1311 2392 θύρα,
1326 2357 1392 2393 φησὶ
1404 2357 1448 2383 διὰ
1459 2357 1512 2384 τῶν
1529 2356 1698 2392 εἰρημένωνι
1719 2358 1760 2384 ὅτι
1773 2356 1819 2383 Διὰ
1832 2358 1865 2382 τὸ

1073 2404 1240 2438 συνταφῆναι
1258 2402 1332 2438 αὑτῴ
1352 2402 1396 2428 διὰ
1407 2401 1453 2428 τοῦ
1470 2402 1624 2436 βαπτισμοῦ
1635 2402 1675 2433 είς
1687 2402 1733 2428 τὸν
1748 2402 1865 2428 θάνατον

1049 2464 1051 2467 ι
1072 2448 1200 2484 ἀνέστην.
1215 2448 1254 2474 Οὑ
1264 2447 1318 2483 γὰρ
1332 2447 1364 2474 ἂν
1373 2448 1522 2483 ἐνήργησεν
1535 2448 1552 2482 ἡ
1569 2447 1726 2478 ἀνάστασις,
1741 2447 1778 2482 μὴ
1794 2455 1864 2482 προ-

1073 2494 1304 2528 καθηγησαμένης
1318 2493 1368 2528 τῆς
1380 2493 1503 2519 ἑκουσίου
1518 2493 1688 2527 νεκρότητος.
1714 2492 1867 2519 Ἐνδείκνυ-

1070 2548 1116 2566 ται
1128 2539 1155 2566 δὲ
1167 2540 1198 2566 τὺ
1208 2540 1330 2566 ἑκούσιον
1344 2539 1359 2574 ἡ
1377 2540 1408 2565 ὲκ
1422 2538 1475 2565 τῶν
1486 2538 1586 2574 χειρῶν
1595 2538 1678 2572 αὐτῆς
1689 2537 1866 2572 ἀπορρέουσα

1071 2587 1121 2621 τῆς
1135 2586 1257 2622 σμύρνης
1278 2585 1395 2619 σταγὼν,
1410 2585 1458 2612 καὶ
1473 2585 1504 2611 τὺ
1515 2583 1711 2620 πεπληρῶσθαι
1721 2585 1784 2616 τοὺς
1798 2584 1867 2610 δακ-

1071 2632 1166 2663 τύλους
1175 2631 1260 2666 αὺτῆς
1272 2631 1320 2657 τοῦ
1333 2630 1480 2667 ἁρώματος
1494 2631 1598 2657 τούτου.
1613 2630 1649 2657 Οὐ
1664 2630 1718 2664 γὰρ
1729 2630 1866 2665 ἑτέρωθεν

1072 2677 1231 2712 ἐγγενέσθαι
1247 2678 1280 2712 τῇ
1303 2677 1373 2712 χειρὶ
1387 2677 1461 2710 λέγει
1481 2677 1530 2712 τὴν
1550 2676 1682 2711 σμύρναν.
1705 2675 1741 2702 Ἦ
1758 2676 1813 2711 γὰρ
1829 2676 1865 2702 ἂν
1881 2709 1889 2716 ¹

1074 2723 1204 2758 ἐνομίσθη
1223 2723 1266 2750 διὰ
1287 2722 1397 2754 τούτου,
1420 2722 1612 2758 περιστατικὸν
1631 2723 1700 2757 αὐτῇ
1718 2722 1763 2748 καὶ
1780 2721 1864 2748 ἀκού-

1072 2779 1128 2796 σιον
1143 2769 1280 2804 συμϐῆναι
1293 2769 1324 2795 τὸ
1341 2769 1385 2795 διὰ
1399 2769 1448 2803 τῆς
1459 2768 1582 2803 σμύρνης
1593 2768 1767 2803 δηλούμενον.
1790 2761 1863 2793 Ἀλλ’

1071 2815 1154 2848 αῢτάς
1167 2824 1231 2852 φησι
1253 2815 1300 2846 τὰς
1316 2816 1407 2849 χεῖρας
1425 2814 1571 2849 (σημαίνει
1587 2814 1614 2839 δὲ
1632 2814 1676 2840 διὰ
1695 2813 1749 2840 τῶν
1764 2812 1864 2848 χειρῶν
