1978 3068
134 94 204 122 1017

651 101 686 129 ΙΝ
698 102 848 132 CANTICA
861 103 994 132 CANTIC.
1007 105 1147 135 HOMILIA
1166 108 1222 137 XII.

1685 116 1751 145 [013

132 153 182 203 Ἐὰς
199 153 375 203 ἐνεργητικὰς
386 153 435 189 τῆς
444 154 530 191 ψυχῆς
542 157 672 194 κινήσεις)
684 160 729 194 ἀφ’
742 161 845 188 ἑαυτῶν
857 161 917 188 στά-

969 161 1042 196 ipsas
1062 163 1151 198 inquit
1166 165 1211 200 (et
1227 173 1358 194 manuum
1386 169 1566 203 appellatione
1587 175 1677 200 motus
1690 173 1751 201 ani—

134 198 179 232 ξαι
195 198 243 234 τὴν
261 198 393 234 σμύρναν,
414 201 463 236 τὴν
482 202 587 229 οἴκοθεν
603 205 635 230 ὲκ
657 206 842 242 προαιρέσεως
864 208 917 234 τῶν

134 243 296 278 σωματικῶν
307 245 452 280 γινομένην
464 246 651 282 νέκρωσινοδιὰ
662 250 756 277 τούτου
778 251 918 285 σημαίνων

133 289 182 324 τὴν
197 290 225 314 ἐν
241 290 308 316 πᾶσι
324 291 380 321 τοῖς
392 290 532 323 δακτύλοις
555 295 784 332 πεπληρωμένην.
799 297 878 331 Λέγει
890 298 918 324 δὲ

132 336 167 362 τὰ
181 336 241 362 καθ’
252 336 366 363 ἕκαστον
383 337 439 372 εἴδη
454 338 487 364 τὰ
498 339 666 374 διῃρημένως
680 341 715 367 δι’
729 343 829 377 ἀρετῆς
841 351 920 369 σπου-

132 380 284 415 δαζόμενα,
301 381 339 416 τῷ
357 382 411 407 τῶν
426 382 565 410 δακτύλων
580 384 764 421 διερμηνεύων
785 387 897 422 ὀνόματι
910 408 918 420 ,

133 425 170 457 ὡς
185 424 253 452 εἶναι
271 427 358 454 πάντα
376 427 421 454 τὸν
442 428 504 455 νοῦν
525 429 580 457 τῶν
605 430 757 466 λεγομένων
780 433 917 460 τοιοῦτον·

133 469 174 496 ὅτι
190 470 305 497 Ἔλαϐον
323 471 436 506 δύναμιν
457 473 630 506 ἀναστάσεως
647 475 691 502 διὰ
712 476 759 503 τοῦ
784 478 919 513 νεκρῶσαι

132 515 166 542 τὰ
182 515 249 551 μέλη
268 525 319 550 μου
341 517 375 543 τὰ
388 517 433 543 ἐπὶ
448 519 505 553 τῆςξ
515 520 577 554 γῆς,
599 521 728 554 ἑκουσίως
743 531 789 557 μοι
801 523 851 558 τῆς
865 523 919 551 τῶν

134 560 224 594 μελῶν
250 561 304 587 τῶν
323 562 451 589 τοιούτων
471 564 668 601 ἐνηργηοείσης
687 566 865 602 νεκρώσεως,
888 569 919 595 ού

133 608 198 642 παρ’
215 607 294 633 ἄλλου
307 609 366 640 ταῖς
379 609 472 644 χερσὶν
485 609 637 646 ὲντεθείσης
651 612 699 646 τῆς
714 613 846 648 σμύρνης,
862 614 919 640 ἀλλ’

134 652 165 678 ἐκ
182 652 230 687 τῆς
246 653 314 688 ἐμῆς
328 654 512 690 προαιρέσεως
528 656 725 691 ἀπορρεούσης·
743 657 780 689 ὡς
791 659 838 684 καὶ
853 660 919 685 πᾶσι

133 697 188 728 τοῖς
211 697 270 723 κατ’
299 697 398 733 ἀρετὴν
422 698 646 734 ἐπιτηδεύμασιν,
677 700 749 734 ἅπερ
773 701 920 733 δακτύλους

133 741 288 776 ὠνόμασεν,
303 743 432 778 ἀνελλιπῆ
449 744 497 779 τὴν
515 745 642 780 τοιαύτην
655 746 769 781 ὁρᾶσθαι
787 747 917 775 διάθεσιν.

135 787 213 813 Ἔστι
231 788 284 822 γὰρ
299 788 343 814 ἐπὶ
361 788 415 815 τῶν
433 789 481 824 τὴν
499 790 598 825 ἀρετὴν
618 792 765 825 μετιόντων
791 793 864 825 ίδεῖν,
879 794 920 820 ὲν).

970 207 1016 238 mi,
1033 208 1079 242 qui
1103 210 1239 236 actionum
1255 211 1395 240 eﬂectores
1410 218 1484 246 sunt,
1501 213 1608 241 denotat
1622 215 1630 250 )
1645 224 1677 244 ex
1690 225 1751 246 sese

970 252 1088 280 stillasse
1104 255 1253 289 myrrham,
1271 264 1325 291 quo
1340 258 1496 292 signiﬁcare
1516 261 1602 287 voluit
1627 270 1658 288 ex
1675 266 1751 290 certo

970 299 1052 325 animi
1066 299 1173 333 judicio
1189 301 1343 329 institutam
1364 312 1558 337 corporearum
1577 306 1749 334 ati'ecuomun

969 356 1192 390 exstinctionem,
1219 367 1300 394 quam
1333 360 1461 388 onmi‘bus
1492 363 1518 388 in
1542 363 1634 397 digitis
1666 364 1751 391 fuisse

970 401 1081 428 uberem
1109 404 1148 430 ait
1174 413 1180 430 :
1203 404 1351 439 digitorum
1383 407 1566 440 appellatione
1595 409 1751 443 intelligens

971 446 1092 482 singulas
1106 456 1200 476 eorum
1218 451 1335 485 species,
1352 460 1412 486 quae
1429 454 1455 479 in
1483 454 1557 480 cultu
1585 454 1692 482 virtutis
1708 455 1750 482 di-

969 499 1048 519 verse
1067 501 1081 519 a
1095 494 1175 521 nobis
1190 494 1381 524 instituuntur.
1399 498 1439 523 lla
1459 502 1490 524 ut
1518 498 1614 525 borum
1630 500 1751 526 omnium

970 545 1031 573 quae
1049 538 1178 567 dicuntur
1193 540 1246 574 hic,
1263 549 1361 570 sensus
1377 543 1487 577 quidem
1507 547 1543 572 sit
1571 545 1728 580 hujusmodi
1743 554 1751 573 :

969 592 1069 628 Accepi
1081 594 1135 620 vim
1149 596 1358 624 resurrectionis
1372 605 1405 624 ex
1418 605 1460 630 eo,
1472 600 1543 633 quod
1559 600 1678 626 membra
1693 606 1754 627 mea

972 643 1080 666 terrena
1096 644 1204 668 mortua
1229 642 1404 676 reddiderim,
1423 652 1539 679 eamque
1566 646 1753 672 membrorum

970 684 1209 712 mortiﬁcationem
1228 691 1324 721 sponte
1339 696 1413 715 'mea
1441 689 1617 721 instituerim,
1648 698 1703 717 non
1719 690 1754 717 ab

971 728 1025 756 alio
1047 730 1157 764 myrrha
1175 731 1240 758 mihi
1261 732 1288 758 in
1312 740 1410 761 manus
1438 734 1500 761 data
1519 744 1526 762 :
1544 735 1591 762 sed
1618 735 1755 763 deﬂuente

971 774 1016 800 illa
1032 780 1107 802 certo
1133 776 1214 803 animi
1231 778 1282 804 mci
1303 779 1436 806 arbitratu
1452 789 1458 806 ε
1476 781 1511 806 ita
1527 785 1555 807 ut
1570 781 1595 807 in
1625 782 1754 808 omnibus

135 832 184 866 μὲν
199 820 296 862 αὐτούς
310 842 362 860 τινι
377 820 525 867 τεθνείὺτας
540 820 630 868 παύει,
645 837 673 862 ἐν
688 838 791 872 ἑτέροις
807 838 835 865 δὲ
853 820 919 871 ξῶν-

971 820 1039 847 meis
1054 821 1148 848 virtuti
1168 824 1359 851 consentaneis
1387 826 1540 857 conatibus,
1568 834 1637 860 quos
1654 827 1753 860 digitos

132 885 182 908 τας
192 886 199 892 ·
214 877 337 913 καθάπερ
348 878 454 914 ὁρῶμέν
468 888 553 912 τινας,
572 880 736 917 νεκροῦντας
755 883 802 917 μὲν
814 884 919 915 ἑαυτοῖς

133 921 163 947 τὸ
176 922 333 953 ἀκόλαστον,
353 923 386 950 ἂν
407 924 477 951 οὕτω
495 925 579 960 τύχοι,
597 927 747 962 τρέφοντας
760 928 788 954 δὲ
808 929 840 954 δι’
860 930 919 955 ἐπι-

135 966 242 1001 μελείας
255 968 300 994 τὸν
318 967 411 1002 τύφον,
430 969 445 1005 ἣ
468 970 560 1005 ἕτερόν
574 979 600 997 τι
617 972 702 1003 πάθος
719 973 749 998 τὸ
764 973 812 1008 τὴν
830 974 919 1009 ψυχὴν

133 1012 344 1047 λυμαινόμενον·
363 1010 416 1039 οἷον
438 1014 469 1040 τὸ
489 1014 699 1050 φιλοχρήματον,
719 1016 735 1051 ἢ
751 1016 780 1043 τὸ
802 1017 918 1052 ὀργίλον,

133 1056 191 1092 ἢτὸ
205 1057 384 1092 φιλόχρηστον
399 1058 446 1084 καὶ
464 1058 610 1092 φιλόδοξον,
625 1059 641 1094 ἢ
658 1060 721 1086 ἄλλο
741 1061 872 1088 τοιοῦτον·
888 1058 918 1088 οὗ

133 1102 227 1133 κακῶς
250 1103 278 1128 ὲν
298 1104 330 1138 τῇ
353 1103 425 1138 ψυχῇ
447 1103 562 1136 ζῶντος,
585 1105 635 1130 οὐκ
651 1105 708 1131 ἔστι
727 1106 840 1141 πλήρεις
856 1107 919 1138 τοὺς

133 1145 280 1178 δακτύλους
298 1147 427 1185 ἐπιδεῖξαι
439 1149 488 1183 τῆς
503 1148 634 1184 σμύρνης.
647 1150 683 1176 Οὐ
695 1149 748 1185 γὰρ
758 1150 801 1177 διὰ
812 1152 919 1178 πάντων

134 1190 258 1225 φαίνεται
276 1183 499 1227 ἐπιτηδευμάτων
524 1193 541 1228 ἡ
563 1192 610 1219 τοῦ
631 1193 716 1220 κακοῦ
739 1195 870 1230 νέκρωσίς
889 1205 919 1222 τε

134 1237 180 1263 καὶ
191 1237 378 1273 ἀλλοτρίωσις.
392 1237 504 1265 Πάντων
520 1238 548 1265 δὲ
560 1238 756 1274 πληρωθέντων
767 1241 822 1268 τῶν
835 1241 920 1268 τοιού-

133 1290 187 1308 των
199 1282 338 1310 δακτύλων
353 1283 402 1319 τῆς
413 1283 556 1319 νοηθείσης
571 1284 707 1319 σμύρνης,
722 1286 768 1312 καὶ
778 1286 919 1313 ἀνίσταται

133 1327 150 1362 ἡ
159 1325 241 1362 ψυχὴ,
259 1328 305 1354 καὶ
317 1328 419 1362 ἀνοίγει
432 1328 471 1363 τῷ
481 1329 588 1365 νυμφίῳ
599 1330 646 1365 τὴν
659 1332 767 1358 εἴσοδον.
779 1332 827 1358 Διὰ
841 1332 920 1359 τοῦτο

135 1372 204 1407 τάχα
226 1373 273 1399 καὶ
297 1373 311 1399 ό
335 1374 422 1408 μέγας
448 1374 553 1406 Παῦλος
571 1375 660 1408 καλῶς
681 1377 780 1412 νοήσας
803 1377 852 1413 τὴν
872 1377 918 1404 τοῦ

134 1416 269 1444 Δεσπότον
284 1418 385 1453 φωνὴν,
397 1419 414 1452 ἦ
426 1427 518 1454 φησιν,
529 1420 569 1446 ὅτι
584 1422 644 1447 Οὐκ
653 1422 718 1448 ἔστι
729 1421 839 1456 φυῆναι
851 1422 920 1449 στά-

135 1470 209 1511 χυϊ,
227 1462 280 1489 ἐὰν
292 1463 341 1511 ⁸μὴ
363 1463 549 1511 προδθλιμθῇ
568 1465 614 1511 τῷΔ
627 1465 742 1498 θανάτῳ
759 1469 775 1493 ό
796 1467 916 1500 κόκκος.
932 1484 952 1511 c

134 1506 218 1532 Τοῦτο
230 1507 360 1542 κηρύσσει
375 1509 406 1543 τῇ
434 1508 579 1544 Ἐκκλησία
592 1509 622 1535 τὸ
637 1510 724 1545 δόγμα
734 1532 740 1542 ,
752 1511 792 1537 ὅτι
807 1511 859 1546 χρὴ
876 1512 919 1539 θά-

133 1559 212 1577 νατον
230 1551 280 1586 τῆς
295 1551 366 1587 ζωῆς
383 1553 608 1588 καθηγήσασθαι,
627 1554 663 1586 ὼς
679 1556 729 1581 οὐκ
749 1555 919 1591 ἐνδεχόμενον

136 1596 222 1628 ἄλλως
244 1597 273 1622 ὲν
295 1597 432 1632 ἀνθρώπῳ
450 1599 501 1633 τὴν
524 1597 596 1634 ζωὴν
619 1600 760 1633 γενέσθαι,
778 1602 801 1627 εί
824 1602 859 1636 μὴ
876 1601 919 1628 διὰ

134 1640 248 1667 θανάτου
262 1641 338 1667 λάϐοι
357 1642 407 1677 τὴν
429 1643 555 1677 πάροδον.
569 1644 669 1680 Διπλῆς
685 1645 740 1680 γὰρ
759 1647 787 1672 έν
800 1647 865 1681 ἡμῖν
876 1646 920 1672 οὒ-

134 1694 183 1721 σης
199 1685 247 1720 τῆς
261 1686 381 1720 φύσεως,
396 1687 444 1722 τῆς
463 1687 512 1722 μὲν
530 1688 632 1724 λεπτῆς
651 1699 680 1716 τε
695 1691 741 1716 καὶ
762 1692 856 1726 νοερᾶς
873 1692 920 1717 καὶ

133 1731 236 1766 κούφης
249 1739 255 1746 ·
273 1731 321 1766 τῆς
341 1731 368 1758 δὲ
393 1733 508 1767 παχείας
532 1734 578 1759 καὶ
596 1734 692 1770 ὑλικῆς
715 1735 762 1761 καὶ
787 1735 897 1771 βαρείας
910 1744 918 1751 ·

133 1774 238 1809 ἀνάγκη
252 1775 325 1801 πᾶσα
335 1775 490 1810 ἁσύμϐατον
503 1776 571 1811 πρὸς
584 1777 632 1811 τὴν
648 1778 744 1812 ἑτέραν
757 1779 785 1805 ὲν
797 1779 919 1815 ἑκατέρᾳ

132 1819 234 1845 τούτων
249 1819 299 1854 τὴν
318 1820 406 1855 ὁρμὴν
424 1818 491 1846 εἶναι
510 1821 558 1847 καὶ
571 1821 732 1853 Ιδιάζουσαν.
749 1823 785 1848 Τὸ
802 1824 851 1858 μὲν
865 1825 920 1860 γὰρ
940 1832 946 1837 κ

133 1865 224 1900 νοερόν
240 1874 268 1891 τε
292 1865 339 1891 καὶ
352 1864 452 1899 κοῦφον
473 1867 574 1893 οίκείαν
592 1867 649 1902 ἔχει
674 1868 723 1903 τὴν
739 1869 785 1895 ἐπὶ
806 1870 841 1896 τὰ
863 1870 919 1896 ἅνω

133 1910 219 1945 φοράν
231 1919 238 1925 ·
254 1910 284 1936 τὸ
301 1911 329 1937 δὲ
348 1910 417 1946 βαρὺ
440 1911 487 1938 καὶ
505 1911 604 1944 ὑλῶδες
617 1934 624 1946 ,
640 1913 683 1939 ἀεὶ
696 1914 776 1949 ’πρὸς
790 1914 821 1941 τὸ
845 1915 920 1942 κάτω

134 1955 212 1990 ῥέπει
237 1955 284 1981 καὶ
308 1955 432 1990 φέρεται.
460 1956 504 1989 Ἐξ
525 1958 647 1984 ἐναντίου
669 1959 760 1986 τοίνυν
775 1961 920 1996 γινομένης

133 2000 223 2030 αὐτοῖς
237 2000 357 2034 φυσικῶς
377 2000 427 2035 τῆς
441 2002 573 2037 κινήσεως
585 2023 591 2035 ,
605 2003 654 2029 οὐκ
671 2003 743 2030 ἔστιν
756 2005 919 2041 εύοδωθῆναι

131 2045 164 2071 τὸ
180 2045 282 2080 ἕτερον,
296 2045 332 2081 μὴ
346 2046 525 2081 ἀτονήσαντος
542 2048 589 2074 τοῦ
607 2048 687 2075 ἄλλου
702 2051 768 2085 πρὸς
781 2051 830 2085 τὴν
849 2052 919 2078 κατὰ

132 2092 214 2127 φύσιν
230 2092 315 2127 φοράν
325 2101 331 2108 ·
348 2092 417 2128 μέση
432 2092 459 2119 δὲ
475 2094 576 2128 ἀμφοῖν
597 2095 704 2121 ἑστῶσα
717 2097 734 2131 η
751 2097 920 2130 αύτεξούσιος

971 866 1089 897 vocavit,
1110 866 1167 893 haec
1182 868 1264 894 animi
1289 868 1396 896 aﬂ‘ectio
1419 871 1529 905 copiose
1555 872 1752 906 conspiciatur.

972 910 1076 937 Etenim
1094 911 1185 939 videre
1199 917 1241 940 est
1254 921 1302 941 eos
1319 915 1365 949 qui
1395 923 1449 942 non
1477 916 1595 951 perfecte
1624 917 1753 944 virtutem

970 956 1075 988 colunt,
1095 965 1150 984 uno
1172 958 1280 992 quidem
1311 960 1372 987 illos
1391 962 1475 988 animi
1505 963 1600 989 morbo
1629 967 1754 990 mortuos

970 1008 1041 1034 esse,
1062 1003 1108 1029 sed
1124 1002 1150 1029 in
1167 1004 1274 1031 caeteris
1289 1005 1399 1033 vivere:
1427 1007 1656 1041 quemadmodum
1680 1008 1755 1035 vide-

970 1054 1031 1074 mus
1047 1049 1193 1075 nonnullos
1226 1049 1476 1085 intemperantiam,
1493 1053 1567 1079 verbi
1596 1053 1694 1088 gratia,
1726 1053 1754 1081 in

970 1094 1069 1127 seipsis
1084 1094 1163 1129 quasi
1182 1100 1269 1122 morte
1288 1097 1414 1128 multare,
1431 1098 1478 1124 sed
1491 1106 1590 1132 magno
1603 1099 1694 1126 studio
1708 1106 1755 1126 su-

970 1140 1091 1174 perbiam
1118 1140 1202 1171 alere,
1225 1141 1268 1168 vel
1294 1142 1368 1169 aliud
1385 1143 1521 1177 quoddam
1547 1144 1643 1170 vitium
1664 1144 1754 1170 animo

970 1185 1156 1219 perniciosum
1170 1195 1176 1212 :
1197 1187 1273 1214 verbi
1288 1188 1385 1221 gratia,
1400 1189 1578 1222 cupiditatem
1599 1197 1692 1223 opum,
1711 1189 1753 1216 vel

969 1231 1152 1264 iracundiam,
1166 1232 1208 1259 vel
1221 1233 1408 1265 ambitionem,
1425 1234 1467 1260 vel
1485 1234 1549 1268 quid
1574 1234 1647 1261 aliud
1662 1234 1755 1268 ejusce

969 1278 1088 1312 generis.
1106 1277 1179 1312 quod
1204 1278 1269 1305 dum
1293 1279 1382 1305 adhuc
1409 1279 1480 1306 male
1506 1279 1572 1306 vivit
1587 1279 1613 1306 in
1643 1279 1754 1311 animo,

970 1323 1027 1350 ﬂeri
1042 1331 1097 1351 non
1115 1327 1206 1358 potest
1221 1327 1250 1351 ut
1267 1325 1328 1359 quis
1344 1324 1444 1359 digitos
1460 1332 1525 1352 suos
1543 1325 1653 1360 myrrha
1667 1324 1756 1351 refer-

970 1375 1013 1397 tos
1028 1370 1165 1397 ostendat.
1180 1369 1239 1397 Non
1253 1370 1326 1396 enim
1344 1370 1434 1397 elucet
1454 1370 1481 1397 in
1499 1370 1626 1398 omnibus
1657 1369 1755 1398 studiis

969 1419 996 1442 et
1019 1416 1174 1443 actionibus
1201 1415 1348 1443 exstinctio
1362 1416 1437 1448 mali,
1466 1420 1492 1443 et
1515 1416 1638 1451 quaedam
1661 1417 1696 1443 ab
1721 1424 1756 1444 eo

970 1461 1044 1488 velut
1059 1461 1234 1489 abalienatio.
1251 1462 1286 1489 At
1299 1470 1361 1489 cum
1391 1462 1468 1497 digiti
1485 1470 1580 1489 omnes
1596 1462 1754 1496 hujusmodi

970 1507 1090 1542 myrrha,
1106 1515 1166 1542 qua:
1180 1507 1224 1534 hic
1240 1508 1412 1542 intelligitur,
1424 1508 1519 1542 repleti
1533 1511 1608 1539 sunt,
1622 1512 1678 1534 tum
1691 1516 1756 1535 vero

969 1555 996 1579 et
1010 1553 1099 1588 surgit
1114 1554 1214 1585 anima,
1230 1557 1257 1580 et
1275 1553 1376 1580 aditum
1402 1561 1503 1588 sponso
1525 1553 1665 1587 patefacit.
1685 1553 1754 1580 Pro-

970 1601 1062 1632 pterea
1077 1597 1170 1625 forsan
1192 1602 1218 1625 et
1233 1606 1347 1633 magnus
1364 1598 1408 1626 ille
1427 1597 1528 1626 Paulus
1545 1602 1619 1625 recte
1645 1598 1754 1625 intelle-

969 1648 1013 1670 cta
1034 1643 1141 1670 Domini
1157 1651 1224 1670 voce
1237 1644 1284 1673 ait.
1303 1644 1360 1671 ﬁeri
1380 1651 1434 1671 non
1454 1651 1536 1678 posse
1550 1647 1580 1670 ut
1593 1644 1667 1678 spica
1689 1651 1754 1678 pro-

969 1689 1070 1720 veniat,
1089 1688 1141 1715 nisi
1160 1689 1235 1723 prius
1254 1693 1341 1715 morte
1355 1696 1470 1723 granum
1491 1689 1667 1716 dissolvatur.
1686 1688 1755 1721 Qui-

970 1735 1020 1761 bus
1041 1735 1069 1760 in
1098 1734 1188 1761 verbis
1216 1734 1286 1761 hanc
1313 1733 1443 1760 Ecclesia:
1470 1734 1621 1760 doctrinam
1653 1733 1753 1765 tradit,

970 1784 1096 1814 oportere
1115 1779 1245 1806 nimirmn
1273 1782 1336 1805 ante
1353 1780 1437 1805 vitam
1453 1779 1605 1813 praecedere
1626 1783 1754 1811 mortem,

970 1825 1042 1862 quod
1059 1825 1206 1858 caeteroqui
1223 1824 1280 1851 fieri
1298 1828 1425 1858 nequeat,
1442 1828 1472 1850 ut
1487 1825 1541 1850 vita
1568 1825 1602 1851 sit
1619 1824 1645 1850 in
1667 1823 1753 1850 homi-

969 1877 1014 1903 ne,
1024 1870 1077 1897 nisi
1096 1877 1144 1904 per
1157 1873 1272 1896 mortem
1289 1868 1568 1903 ingrediatur".Nam
1578 1876 1640 1895 cum
1654 1871 1754 1895 natura

970 1916 1005 1943 sit
1018 1916 1116 1950 duplex
1134 1916 1159 1942 in
1178 1916 1267 1946 nobis,
1290 1915 1375 1942 altera
1400 1915 1519 1946 subtilis,
1542 1914 1710 1949 intelligendi
1727 1913 1754 1940 vi

970 1962 1095 1996 praadita,
1112 1961 1201 1994 levis;
1220 1962 1305 1988 altera
1323 1968 1428 1991 crassa,
1446 1965 1534 1988 terrea
1558 1961 1670 1987 materie
1686 1967 1753 1986 con-

970 2012 1058 2039 stans,
1075 2005 1184 2041 gravis;
1201 2005 1312 2033 omnino
1328 2013 1441 2033 necesse
1456 2010 1499 2032 est
1510 2005 1535 2032 in
1553 2006 1650 2031 harum
1677 2009 1754 2031 utra-

969 2059 1022 2086 que
1038 2052 1168 2086 impelum
1183 2051 1348 2085 peculiarem
1367 2054 1393 2077 et
1410 2051 1600 2078 abhorrentem
1617 2050 1651 2077 ab
1667 2050 1754 2076 altera

969 2105 1040 2125 esse.
1053 2096 1120 2123 Nam
1136 2096 1208 2131 quod
1222 2096 1408 2131 intelligentiae
1418 2097 1470 2123 vim
1483 2096 1562 2123 habet
1579 2102 1610 2121 ac
1626 2095 1683 2121 leve
1699 2099 1753 2126 est,

132 2138 209 2173 ἡμῶν
216 2137 328 2172 δύναμίς
336 2145 364 2163 τε
374 2138 420 2164 καὶ
435 2140 601 2175 προαίρεσις,
613 2140 645 2167 δι’
655 2141 752 2176 ἑαυτῆς
758 2142 868 2177 ἐμποιεῖ
874 2143 920 2170 καὶ

972 2143 1146 2179 peculiariter
1161 2143 1197 2170 ita
1209 2146 1397 2178 comparatum
1413 2146 1465 2173 est,
1475 2148 1503 2167 ut
1518 2148 1628 2168 sursum
1645 2139 1752 2167 tendat:

132 2183 207 2211 τόνον
223 2183 260 2218 τῷ
276 2184 404 2218 κάμνοντι
418 2185 465 2211 καὶ.
479 2185 586 2212 ἀτονίαν
593 2186 631 2222 τῷ
643 2188 822 2223 κατισχύοντι.
844 2190 887 2216 Ἐν
900 2186 922 2223 ᾧ

131 2229 186 2264 γὰρ
200 2229 311 2264 γένηται
325 2228 414 2265 μέρει,
431 2229 518 2264 τούτῳ
529 2230 620 2257 δίδωσι
642 2236 710 2259 κατὰ
725 2232 773 2259 τοῦ
793 2233 872 2260 ἄλλον
887 2233 922 2260 τὰ

130 2277 286 2312 νικητήρια.
303 2276 396 2308 Οὕτως
407 2277 436 2303 ὲν
455 2276 492 2311 τῷ
504 2277 662 2314 Εὐαγγελίῳ
678 2280 829 2306 ἐπαινεῖται
840 2281 890 2314 μὲν
901 2281 916 2307 ὀ

132 2322 227 2353 πιστὸς
236 2323 282 2348 καὶ
296 2322 426 2357 φρόνιμος
440 2323 595 2358 οἰκονόμος·
609 2321 685 2356 οὗτος
699 2323 752 2360 γάρ
763 2326 831 2357 ἐστι,
849 2326 920 2353 κατά

132 2375 163 2400 γε
176 2367 220 2393 τὸν
232 2368 296 2401 ὲμδν
312 2367 400 2400 λόγον,
416 2368 432 2402 ἠ
446 2367 535 2399 καλῶς
547 2368 601 2394 τῶν
615 2369 643 2395 ἐν
658 2370 723 2404 ἡμῖν
736 2370 919 2398 ἐπιστατοῧσα

131 2413 300 2449 προαίρεσις.
322 2414 488 2441 Ἐπαινεῖται
501 2415 555 2450 γὰρ
567 2415 608 2441 ὅτι
623 2415 719 2450 τρέφει
735 2415 785 2450 τὴν
803 2416 922 2443 οὶκετίαν

130 2459 177 2486 τοῦ
195 2459 336 2490 δεσπότου,
356 2458 400 2485 διὰ
415 2459 465 2494 τῆς
485 2460 539 2486 τῶν
559 2461 687 2487 ἐναντίων
704 2460 862 2496 νεκρώσεως
875 2468 883 2476 ⁶
900 2463 916 2497 ἡ

130 2504 186 2539 γὰρ
198 2504 310 2530 ἐκείνων
321 2503 418 2539 φθορὰ,
430 2506 516 2540 τροφή
527 2514 556 2532 τε
568 2507 614 2533 καὶ
626 2506 716 2539 εὐεξία
729 2507 784 2534 τῶν
799 2506 922 2542 κρειττό-

131 2556 184 2574 νων
201 2548 269 2575 ὲστί.
290 2549 492 2584 Κατηγορεῖται
511 2550 538 2576 δὲ
551 2551 564 2577 ὁ
584 2552 667 2583 κακὸς
681 2552 773 2584 δοῦλος
794 2554 898 2585 ἐκεῖνος
909 2574 916 2587 ,

131 2593 145 2619 ὁ
160 2593 204 2620 διὰ
220 2593 267 2623 τοῦ
281 2595 336 2625 τοῖς
352 2593 480 2628 μεθύουσι
501 2597 628 2630 συνεῖναι,
647 2597 763 2632 πληγαῖς
779 2599 917 2634 αἰκιζόμε-

131 2646 176 2669 νος
188 2638 237 2672 τὴν
254 2638 301 2664 τοῦ
321 2639 388 2664 Θεοῦ
399 2639 528 2667 οἰκετίαν.
543 2640 636 2677 Πληγὴ
647 2642 701 2678 γάρ
714 2644 788 2670 ἐστιν
803 2645 840 2675 ὡς
852 2644 917 2679 ἀλη-

130 2681 184 2713 θῶς
197 2683 266 2709 ιιατὰ
279 2683 332 2709 τῶν
351 2684 465 2719 ἀρετῶν,
480 2685 557 2720 ήτῆς
571 2687 669 2719 κακίας
685 2689 830 2725 εύημερία.
844 2690 915 2718 Οὐκ-

162 2781 203 2811 ⁵⁹ι
215 2783 276 2810 (lor.
293 2791 338 2816 ιν,
351 2784 384 2810 62
398 2792 457 2819 sqq.

970 2185 1043 2220 quod
1063 2193 1127 2213 vero
1147 2193 1230 2220 grave
1248 2190 1301 2217 est,
1326 2185 1414 2219 deque
1433 2185 1546 2212 materie
1573 2191 1667 2211 crassa
1685 2191 1753 2210 con-

970 2236 1035 2265 stat,
1058 2239 1165 2266 semper
1192 2231 1321 2258 deorsum
1338 2231 1424 2265 vergit
1445 2237 1477 2257 ac
1500 2234 1634 2257 movetur.
1664 2229 1755 2262 Quare

969 2285 1031 2305 cum
1046 2285 1061 2304 a
1085 2281 1183 2304 natura
1206 2277 1246 2304 sic
1263 2280 1420 2311 comparata
1448 2275 1514 2307 sint,
1531 2279 1561 2301 ut
1574 2279 1664 2302 motus
1687 2281 1752 2301 con-

969 2323 1069 2351 trarios
1084 2323 1219 2350 habeant:
1238 2322 1296 2349 ﬁeri
1312 2321 1405 2356 nequit
1422 2324 1451 2348 ut
1464 2325 1537 2348 recte
1562 2321 1659 2348 habeat
1683 2320 1752 2347 alte—

970 2377 1041 2402 rum,
1060 2368 1112 2395 nisi
1127 2367 1240 2395 alterius
1255 2367 1389 2394 naturalis
1404 2371 1495 2394 motus
1510 2367 1646 2401 langueat.
1670 2365 1753 2393 Stans

970 2419 1059 2442 autem
1076 2413 1167 2440 medio
1187 2413 1259 2439 inter
1281 2417 1396 2447 utraque
1426 2412 1487 2439 loco
1508 2411 1623 2438 facultas
1649 2412 1695 2438 illa
1725 2411 1754 2437 in

970 2460 1050 2487 nobis
1071 2459 1166 2492 libera,
1182 2462 1210 2485 et
1225 2458 1308 2485 animi
1326 2457 1434 2489 electio,
1463 2461 1518 2483 tam
1535 2457 1691 2484 ﬁrmitatem
1721 2462 1753 2482 ae

971 2506 1054 2533 robur
1073 2504 1222 2539 languenti,
1245 2511 1326 2538 quam
1355 2503 1559 2538 praavalescenti
1586 2502 1752 2530 debilitatem

970 2552 1050 2580 indit.
1065 2551 1134 2578 Nam
1161 2550 1249 2578 cuicui
1278 2549 1385 2576 tandem
1412 2549 1483 2583 parti
1501 2556 1562 2575 sese
1586 2547 1751 2582 adjunxerit,

970 2598 1009 2625 illi
1025 2597 1156 2624 adversus
1187 2596 1300 2622 alteram
1326 2595 1469 2621 victoriam
1497 2594 1623 2628 largitur.
1650 2593 1695 2619 Sic
1724 2591 1753 2618 in

969 2642 1116 2678 Evangelio
1132 2641 1260 2668 laudatur
1275 2640 1361 2667 ﬁdelis
1377 2647 1409 2667 ac
1424 2639 1545 2674 prudens
1559 2639 1604 2666 ille
1619 2638 1656 2665 rei
1674 2635 1753 2663 rami-

969 2687 1047 2716 liaris
1064 2687 1281 2718 administrator,
1295 2685 1342 2721 qui
1358 2685 1468 2720 quidem
1487 2688 1528 2712 est
1551 2683 1560 2719 (
1574 2688 1605 2710 ut
1631 2681 1755 2716 equidem
