1978 3068
226 122 291 149 till!)

819 122 849 150 s.
871 123 1033 152 unacoan
1052 113 1200 151 mssast

1781 123 1850 152 {020

223 181 334 216 statuo)
348 181 431 208 animi
446 181 532 208 nostri
548 181 661 214 electio,
677 181 738 217 quae
757 184 886 218 praeclare
902 185 929 212 in
952 193 1004 212 no-

1065 184 1098 210 ηῠν
1121 183 1210 214 καλῶς
1229 183 1285 218 ἔχει
1312 183 1358 210 τὸν
1382 184 1549 219 προφητικὸν
1565 184 1740 220 ζηλώσαντας
1759 185 1849 219 λόγον,

222 227 266 255 his
284 235 346 254 cum
378 227 493 260 imperio
511 231 619 261 prmest.
653 227 791 255 Laudatur
810 229 902 261 enim,
932 230 1005 264 quod

223 273 281 300 heri
297 273 339 300 sui
357 271 486 298 familiam
503 272 568 304 alat,
591 272 672 307 idque
685 274 807 301 necando
822 274 1004 302 adversantia.

221 317 288 344 Nam
305 317 413 343 illorum
439 316 565 343 interitus
591 316 749 343 alimentum
769 321 820 348 est,
851 321 878 343 et
902 317 1006 345 sanitas

223 363 378 390 meliorum.
391 362 494 389 Contra
506 363 675 397 vituperatur
689 363 803 397 ignavus
812 363 857 390 ille
867 371 962 390 servus
972 363 1005 394 ",

222 408 268 443 qui
283 413 425 443 propterea
443 409 516 443 quod
532 416 593 435 cum
616 409 773 436 temulentis
788 413 922 441 versetur,
945 417 1003 437 ver-

223 454 336 482 beribus
362 454 410 481 Dei
441 454 572 481 iamiliam
600 446 798 482 contumeliose
829 455 920 482 allicit.
939 455 1007 482 Nam

224 507 287 527 vere
299 501 385 527 virtus
398 501 520 535 vapulat,
543 508 605 527 cntn
623 500 690 527 vitia
708 500 815 528 ﬂorent.
839 500 1009 536 Quapropter

224 549 297 572 recte
309 544 407 572 facturi
423 552 530 576 sumus,
543 545 565 572 si
578 545 690 572 verbum
702 545 768 572 illud
780 541 857 571 Vatis
866 545 962 572 imitati
972 545 1007 578 "',

225 590 388 616 matutinam
412 590 492 617 nobis
513 590 609 617 horam
631 590 829 618 constituemus
852 591 886 618 ad
906 591 1009 618 interii-

224 635 351 662 ciendum
369 643 464 662 omnes
478 640 635 670 peccatores
648 640 736 667 terrae,
759 639 786 663 et
804 636 838 663 ad
858 636 1005 663 tollendum

224 688 239 707 e
259 681 369 708 civitate
386 681 432 708 Dei
449 681 458 715 (
472 689 533 716 qua:
557 681 655 708 civitas
672 681 763 707 anima
778 681 838 715 est)
854 689 948 709 omnes
964 689 1006 708 ra-

225 725 418 753 tiocinationes
434 725 608 760 dcsignantes
632 726 815 761 iniquitatem,
833 734 948 761 quarum
966 727 1009 753 in-

1059 229 1166 263 πρωῖαν
1187 230 1293 261 ἑαυτοῖς
1316 230 1413 261 ποιεῖν,
1436 229 1479 256 διὰ
1498 229 1546 256 τοῦ
1569 231 1727 257 ἀποκτεῖναι
1745 231 1848 262 πάντας

1058 272 1121 303 τοὺς
1143 272 1320 307 ἁμαρτωλοὺς
1335 272 1386 306 τῆς
1400 273 1461 308 γῆς,
1475 273 1521 299 τοῦ
1542 273 1730 309 ὲξολοθρεῦσαι
1747 275 1778 300 ὲκ
1797 275 1848 300 πό-

1058 317 1126 349 λεως
1141 317 1241 353 Κυρίου
1257 317 1344 353 (ψυχὴ
1365 318 1392 345 δὲ
1412 319 1428 354 ἡ
1446 319 1541 354 πόλις)
1561 319 1664 351 πάντας
1679 319 1741 351 τοὺς
1756 320 1848 353 λογισ-

1061 365 1129 398 μους
1152 365 1215 395 τοὺς
1237 364 1437 399 ἐργαζομένους
1453 365 1501 399 τὴν
1522 365 1654 400 ἀνομίαν,
1677 362 1714 392 ὧν
1741 366 1848 400 ἧλεθρος

1059 409 1116 444 ζωὴ
1131 409 1234 442 γίνεται
1249 409 1302 436 τῶν
1314 409 1476 444 ἀμεινόνων.
1489 409 1583 441 Οὕτως
1594 409 1639 437 οὖν
1652 411 1695 438 διὰ
1709 411 1754 437 τοῦ
1768 411 1849 437 Θανά-

1057 463 1104 481 του
1126 454 1229 489 ζῶμεν,
1243 455 1305 481 ὅταν
1320 455 1374 481 τῶν
1386 455 1414 481 ἐν
1426 456 1502 490 ἡμῖν,
1517 455 1607 487 καθώς
1620 465 1701 490 φησιν
1711 457 1724 482 ό
1737 457 1849 491 Προφή-

1062 509 1122 536 της.
1137 500 1182 526 τὸν
1198 500 1247 535 μὲν
1258 501 1416 536 ἀποκτείνῃ,
1437 501 1483 527 τὸν
1494 500 1522 527 δὲ
1538 501 1694 537 ζωοποιήσει
1709 502 1723 528 ὁ
1734 502 1817 535 Λόγος
1833 503 1848 528 ὁ

1057 547 1155 574 είπών·
1178 547 1248 582 Ἐγὼ
1266 548 1430 579 ἀποκτενῶ,
1449 548 1497 574 καὶ
1517 547 1697 581 ζωοποιήσω.
1719 549 1763 580 Ὠς
1775 548 1821 574 καὶ
1833 549 1848 574 ό

1058 590 1163 622 Παῦλος
1182 591 1325 618 ἀποθανὼν
1342 591 1400 626 ἔζη,
1419 593 1465 618 καὶ
1479 592 1598 618 ἀσθενῶν
1609 593 1725 626 ἐνίσχυε,
1743 592 1790 618 καὶ
1808 592 1849 617 δε-

1058 636 1169 670 δεμένος
1179 637 1288 673 ἐνήργει
1301 637 1346 664 τὸν
1356 637 1466 672 δρόμον,
1479 639 1525 665 καὶ
1541 638 1687 673 πτωχεύων
1697 636 1847 670 ἐπλούτιζε,

1058 682 1105 708 καὶ
1118 682 1205 708 πάντα
1216 684 1340 717 κατεῖχεν
1352 682 1421 717 ἔχων
1431 683 1516 715 οὐδὲν,
1529 683 1643 709 πάντοτε
1654 683 1702 718 τὴν
1715 683 1849 718 νέκρωσιν

1064 728 1111 754 τοῦ
1131 728 1217 763 Ἰησοῦ
1232 729 1261 755 ὲν
1272 728 1311 764 τῷ
1327 728 1432 764 σώματι
1444 729 1609 764 περιφέρων.

224 771 322 799 teritus
347 772 489 798 meliorum
513 771 568 798 vita
589 775 642 798 est.
670 771 764 805 Itaque
784 771 835 798 hoc
864 772 944 798 modo
962 779 1009 805 per
1027 777 1143 800 mortem
1159 774 1287 806 vivimus,
1302 782 1365 801 cum
1379 782 1410 801 ea
1424 782 1484 809 quae
1506 779 1570 802 sunt
1598 774 1625 801 in
1642 773 1721 801 nobis
1742 770 1849 806 (quem-

225 816 370 844 admodum
386 815 519 850 Propheta
533 814 672 851 loquitur)
695 815 792 849 partim
809 815 910 842 occidit
937 814 1074 850 Verbum,
1092 817 1193 851 partim
1227 817 1354 850 viviﬁcat,
1380 817 1451 845 sicut
1474 818 1533 852 ipse
1569 817 1678 852 inquit:
1717 817 1772 852 Iz’gu
1808 818 1849 845 in-

228 862 355 896 terﬁciant
371 866 396 888 et
413 860 549 895 viviﬁcaao
563 861 596 887 ⁸³.
627 860 687 893 Quo
707 865 784 895 pacto
801 861 901 888 Paulus
928 862 1010 888 etiam
1030 859 1155 890 mortuus
1172 863 1289 897 vivebat,
1309 864 1463 892 imbecillus
1478 864 1550 892 vires
1583 861 1710 896 habebat,
1741 865 1849 891 vinctus

226 915 337 934 cursum
355 907 520 941 perﬁciebat,
536 910 696 941 paupertate
714 914 827 941 pressus
840 907 918 934 dives
931 911 1000 940 erat,
1019 907 1088 934 nihil
1103 917 1165 935 cum
1179 910 1300 942 haberet,
1316 910 1435 937 habebat
1465 910 1565 942 omnia,
1598 917 1704 943 semper
1735 909 1850 936 mortili-

225 953 360 980 cationcm
380 952 444 980 Jesu
464 953 491 979 in
514 960 629 987 corpore
655 960 706 979 suo
720 953 961 988 circumgestabat,
978 958 1004 981 et
1022 961 1130 989 semper
1144 955 1226 982 vitam
1239 955 1300 990 ejus
1313 956 1339 982 in
1356 963 1385 982 sc
1399 955 1566 982 declarabat.

263 999 408 1026 Enimvero
435 999 468 1026 ad
492 998 539 1031 id,
563 999 636 1034 quod
651 1000 823 1034 propositum
847 1001 926 1027 nobis
955 1005 1012 1032 est,
1030 1004 1050 1030 Β

227 1051 398 1072 revertamur
411 1053 418 1071 :
436 1045 564 1071 nimirum
581 1045 698 1072 animam
713 1053 761 1079 per
773 1049 888 1072 mortem
900 1054 915 1072 e
928 1049 1014 1073 morte

228 1098 380 1124 resurgere.
400 1089 466 1117 Nam
487 1090 510 1117 si
531 1098 585 1117 non
615 1090 758 1122 moriatur,
783 1098 890 1125 semper
918 1096 1009 1118 manet

227 1139 346 1166 mortua,
367 1143 455 1169 neque
472 1135 534 1162 vita;
550 1142 636 1169 capax
653 1139 706 1162 est.
720 1136 756 1161 At
773 1135 915 1163 moriendo
931 1136 1013 1162 vitam

228 1180 420 1214 consequitur,
451 1180 526 1206 omni
566 1181 734 1207 mortalitate
765 1180 899 1215 deposita.
925 1181 1015 1216 Atque

229 1225 287 1252 haec
301 1225 381 1252 nobis
394 1225 519 1252 doctrina
537 1233 570 1252 ex
593 1225 666 1252 dicto
693 1225 738 1252 hic
755 1226 897 1260 proposito
914 1226 1015 1253 contir-

184 1287 186 1290 ν
229 1276 332 1303 matur,
346 1279 408 1298 cum
423 1272 463 1299 sic
479 1272 607 1306 loquatur
621 1279 741 1306 sponsa:
759 1271 869 1298 διιπεαί
883 1271 1014 1306 equidem,

227 1321 257 1344 ut
271 1319 399 1351 aperirem
426 1322 536 1352 cognato
559 1325 625 1345 meo.
656 1316 755 1344 Manus
783 1325 847 1344 mete
876 1318 1013 1345 stillarum

229 1363 374 1397 myrrham,
406 1363 483 1397 digiti
510 1363 560 1389 mei
578 1363 691 1397 myrrlue
709 1363 791 1397 pleni.
808 1362 842 1389 Et
874 1364 1014 1398 myrrham

228 1409 326 1435 mortis
342 1415 403 1436 esse
418 1408 581 1444 symbolum,
596 1415 676 1435 nemo
688 1408 819 1435 dubitarit
833 1415 939 1440 eorum,
962 1409 1009 1443 qui

229 1455 316 1482 sacris
333 1454 360 1481 in
380 1453 492 1481 Litteris
517 1454 617 1480 versati
630 1457 704 1480 sunt.
725 1453 777 1486 Qui
804 1461 868 1489 ergo
883 1462 958 1481 mors
978 1462 1013 1482 ex

228 1505 315 1528 morte
327 1508 377 1527 nos
388 1500 513 1531 suscitat,
529 1499 563 1527 de
581 1507 613 1527 eo
627 1500 767 1534 requirere
787 1500 920 1534 quosdam
952 1507 1016 1527 ora-

231 1547 333 1574 tionem
347 1546 555 1573 luculentiorem
578 1545 706 1572 arbitror.
733 1545 826 1578 Itaque
840 1553 891 1573 nos
922 1545 950 1572 id
966 1553 1015 1573 ex-

232 1599 378 1627 ponemus,
396 1595 476 1626 prout
491 1598 507 1617 a
524 1590 603 1618 nobis
619 1590 744 1625 prastari
771 1591 879 1624 poterit,
907 1591 1016 1618 ordine-

228 1646 282 1672 que
297 1638 324 1664 in
344 1637 396 1664 hac
413 1636 576 1663 tractatione
592 1636 808 1671 progrediemur.
840 1636 938 1664 Omnia
956 1645 1015 1672 quae

230 1685 301 1712 Deus
314 1682 479 1713 condiderit,
496 1681 576 1709 valde
599 1682 729 1716 praeclara
750 1681 861 1713 esse",
872 1682 1016 1710 Commen—

229 1729 317 1756 tarius
330 1728 363 1755 de
381 1732 443 1754 ortu
460 1726 555 1754 mundi
575 1731 703 1754 testatur.
736 1727 775 1754 Ex
792 1727 899 1762 reliquo
923 1733 1015 1756 autem

229 1782 321 1802 rerum
349 1773 427 1800 valde
457 1773 650 1807 praeclararum
679 1779 795 1799 numero
820 1773 903 1799 etiam
935 1773 1016 1799 homo

230 1822 299 1850 erat,
314 1818 356 1845 vel
371 1817 461 1852 potius
473 1816 497 1844 is
510 1816 590 1851 longe
605 1824 687 1850 supra
698 1820 797 1843 caetera
811 1817 1017 1851 pulchritudine

230 1867 343 1891 ornatus
357 1866 424 1890 erat.
443 1861 514 1894 Quid
531 1862 603 1889 enim
623 1861 696 1888 aliud
713 1869 775 1889 esse
791 1865 845 1888 tam
861 1862 1003 1897 pulchrum

231 1910 328 1944 possit,
345 1916 426 1944 quam
447 1914 489 1935 est
503 1908 578 1934 nulla
598 1907 706 1934 fmdatae
722 1907 783 1934 labe
807 1908 1017 1942 pulchritudinis

232 1953 402 1982 similitudo?
418 1951 477 1982 Jam
505 1952 527 1980 si
551 1952 643 1978 omnia
670 1951 746 1978 fuere
772 1953 902 1986 praeclara
921 1954 1016 1987 valde,

232 2004 313 2034 atque
329 1999 400 2026 inter
415 2002 515 2025 caetera
530 1997 633 2029 omnia,
649 1997 692 2024 vel
705 1997 797 2031 potius
815 2005 898 2032 supra
925 1998 1018 2025 omnia

232 2046 334 2073 homo:
350 2045 424 2072 haud
441 2044 524 2071 dubie
538 2050 614 2071 mors
628 2043 658 2070 in
676 2042 787 2070 homine
804 2050 860 2070 non
874 2048 941 2070 erat.
963 2043 1018 2071 Nec

231 2092 304 2120 enitn
324 2091 484 2126 praeclarum
503 2089 632 2124 quiddam
648 2088 746 2116 fuisset
762 2089 853 2121 homo,
870 2089 894 2116 si
911 2089 1017 2116 tristem

232 2136 308 2164 illum
334 2135 431 2162 mortis
469 2134 658 2161 characterem
687 2133 838 2160 habuisset.
871 2133 1018 2161 Enimvero

233 2190 296 2209 cum
311 2187 419 2208 κίοι-[ιω
435 2180 496 2206 vitae
517 2179 696 2206 simulacrum
719 2181 746 2205 et
760 2177 910 2205 similitudo
933 2183 1016 2212 esset.

233 2235 327 2255 revera
342 2226 454 2261 pulcher
468 2229 538 2258 erat,
554 2232 586 2251 ac
601 2223 680 2251 valde
703 2223 814 2259 quidem
835 2224 958 2259 pulcher,
976 2225 1020 2252 hi-

234 2273 283 2300 lari
300 2272 362 2299 vita:
381 2272 540 2298 charactere
555 2271 759 2298 cohonestatus.
777 2270 848 2303 Quin
863 2276 890 2298 et
907 2272 1018 2306 paradi-

1105 1001 1174 1028 Ἀλλ’
1190 1002 1236 1028 ἐπὶ
1251 1003 1280 1028 τὺ
1292 1001 1419 1037 προτεθὲν
1435 1001 1625 1035 ἐπανέλθωμεν
1635 1008 1641 1014 ·
1660 1000 1699 1026 ὃτι
1713 998 1756 1025 διὰ
1770 999 1850 1025 θανά-

1063 1056 1109 1073 του
1132 1048 1148 1082 ὴ
1169 1047 1242 1083 ψυχὴ
1266 1048 1298 1074 ὲκ
1324 1047 1371 1073 τοῦ
1387 1047 1500 1073 θανάτου
1517 1045 1665 1072 ἀνίσταταιι
1691 1045 1733 1076 Ὠς
1749 1044 1781 1070 ἂν
1797 1044 1850 1078 γὰρ

1065 1094 1103 1128 μὴ
1121 1093 1244 1129 ἀποϐάνῃ
1255 1113 1263 1125 ,
1280 1092 1366 1129 νεκρά
1380 1092 1424 1119 διὰ
1439 1092 1538 1123 παντὸς
1553 1091 1637 1126 μένει,
1653 1091 1700 1117 καὶ
1714 1091 1762 1124 τῆς
1777 1089 1849 1122 ζωῆς

1063 1138 1260 1173 ἀπαράδεκτος.
1281 1138 1328 1164 Ἐκ
1341 1137 1368 1164 δὲ
1380 1137 1426 1164 τοῦ
1441 1137 1596 1167 ἀποθανεῖν,
1613 1137 1642 1161 ὲν
1661 1135 1717 1170 ζωῇ
1730 1135 1850 1169 γίνεται,

1064 1185 1153 1211 πᾶσαν
1168 1184 1321 1219 ἀποθεμένη
1339 1183 1498 1218 νεκρότητα.
1513 1182 1567 1208 Καὶ
1584 1181 1663 1208 τοῦτο
1678 1182 1742 1216 ἡμῖν
1758 1181 1789 1206 ἐκ
1802 1181 1846 1207 τοῦ

1064 1229 1243 1264 προκειμένου
1266 1228 1346 1263 ῥητοῦ
1365 1227 1519 1263 βεϐαιοῦται
1541 1227 1571 1252 τὸ
1586 1226 1690 1260 δόγμα,
1711 1224 1797 1256 οὕτως
1813 1225 1857 1250 εί-

1064 1275 1167 1309 πούσης
1181 1275 1231 1309 τῆς
1246 1275 1353 1310 νύμφης
1365 1283 1372 1289 ·
1387 1275 1427 1300 ὅτι
1452 1273 1592 1306 Ἀνέστην
1609 1271 1666 1306 ἐγὼ
1685 1270 1800 1302 ἀνοῖξαι
1811 1268 1851 1302 τῷ

1063 1319 1213 1354 ἀδελφιδῷ
1224 1329 1292 1354 μου.
1312 1321 1346 1346 ΑΖ
1363 1318 1461 1353 χεῖρές
1470 1326 1529 1352 μου
1549 1317 1682 1348 ἕσταξαν
1700 1317 1849 1350 σμύρναν,

1064 1367 1090 1392 οἱ
1119 1365 1262 1392 δάκτυλοι
1282 1373 1342 1400 μου
1368 1365 1503 1398 σμύρνης
1524 1362 1659 1396 πλήρεις.
1678 1361 1798 1388 Θανάτου
1823 1361 1852 1387 δὲ

1065 1411 1197 1446 σύμϐολον
1214 1409 1284 1437 εἶναι
1298 1410 1348 1445 τὴν
1369 1409 1490 1444 σμύρναν
1507 1409 1557 1435 οὐκ
1579 1408 1612 1435 ἄν
1627 1416 1669 1439 τις
1688 1405 1853 1441 saetosum

1066 1457 1120 1483 τῶν
1135 1458 1195 1488 ταῖς
1209 1455 1294 1486 θείαις
1308 1454 1484 1490 ὡμιληκότων
1497 1453 1628 1488 Γραφαίς.
1642 1452 1703 1483 Πῶς
1715 1448 1761 1478 οὖν
1776 1452 1791 1477 ὁ
1805 1450 1852 1477 ϐάν

1064 1510 1143 1534 νατος
1159 1502 1191 1528 ἐκ
1204 1501 1250 1528 τοῦ
1272 1500 1384 1527 θανάτου
1402 1500 1475 1535 ἡμᾶς
1489 1498 1637 1533 ἀνίστησιν,
1657 1497 1793 1531 ἐπιζητεῖν
1813 1494 1853 1522 οἷ-

1067 1548 1116 1583 μαί
1129 1555 1204 1578 τινας
1219 1547 1264 1572 τὺν
1279 1546 1344 1580 περὶ.
1358 1545 1453 1572 τούτου
1472 1544 1549 1578 λόγον
1564 1542 1756 1579 εὑκρινηθῆναι
1771 1542 1852 1576 σαφέ-

1066 1601 1169 1628 στερον.
1197 1591 1329 1627 Ἑροῦμεν
1345 1590 1433 1617 τοίνυν
1455 1590 1529 1620 ὅπως
1547 1589 1579 1615 ἂν
1599 1587 1654 1615 οἷόν
1677 1596 1706 1614 τε
1721 1585 1756 1624 ᾖ,
1777 1587 1853 1620 τάξιν

1065 1637 1125 1664 τινὰ
1148 1636 1181 1663 δι’
1205 1635 1364 1666 ἀκολουθίας
1386 1633 1524 1664 ἐπιθέντες
1536 1633 1575 1668 τῷ
1595 1633 1676 1668 λόγῳ.
1696 1633 1787 1659 Πάντα
1802 1633 1853 1658 ὃσα

1067 1682 1192 1717 ἐποίησεν
1209 1682 1224 1708 ὁ
1239 1680 1305 1713 Θεὸς
1319 1680 1390 1707 καλὰ
1404 1679 1464 1706 λίαν
1481 1677 1550 1705 εἶναι
1565 1678 1580 1704 ὁ
1594 1678 1643 1712 τῆς
1661 1677 1854 1712 κοσμογενείας

1066 1727 1143 1761 λόγος
1160 1726 1336 1762 μαρτύρεται.
1367 1725 1414 1751 Ἐκ
1428 1724 1456 1750 δὲ
1479 1723 1533 1750 τῶν
1548 1723 1607 1750 λίαν
1621 1722 1711 1749 καλῶν
1732 1720 1765 1757 ἦν
1780 1723 1826 1749 καὶ
1840 1723 1855 1748 ό

1066 1771 1218 1806 ἅνθρωπος·
1237 1770 1335 1806 μᾶλλον
1349 1770 1377 1796 δὲ
1391 1769 1483 1795 πλεῖον
1503 1768 1556 1795 τῶν
1575 1766 1665 1795 καλῶν
1680 1767 1854 1802 κεκοσμημέ-

1066 1826 1111 1849 νος
1123 1817 1161 1852 τῷ
1170 1817 1273 1844 κάλλει.
1288 1816 1320 1842 Τί
1332 1815 1386 1851 γὰρ
1399 1815 1432 1842 ἂν
1443 1815 1485 1842 ἓτε
1491 1823 1535 1850 ρον
1548 1813 1634 1845 οὕτως
1651 1813 1693 1847 εἴη
1709 1812 1799 1843 καλὸν,
1817 1812 1855 1844 ὡς

1067 1863 1097 1889 τὸ
1107 1862 1153 1889 τοῦ
1169 1862 1307 1898 ἀκηράτου
1321 1861 1434 1892 κάλλους
1444 1860 1587 1896 ὁμοίωμα;
1601 1860 1632 1886 Et
1643 1858 1671 1885 δὲ
1683 1859 1770 1885 πάντα
1784 1857 1854 1884 καλὰ

1066 1908 1137 1940 λίαν,
1154 1908 1182 1933 ὲν
1202 1907 1230 1934 δὲ
1247 1908 1303 1938 τοῖς
1317 1907 1394 1938 πᾶσι,
1411 1906 1428 1941 ἢ
1449 1906 1495 1932 καὶ
1508 1905 1561 1940 πρὸ
1577 1904 1703 1931 ἁπάντων
1718 1904 1732 1929 ὁ
1749 1902 1854 1938 ἀνθρω-

1068 1961 1118 1984 πος
1135 1951 1180 1987 ἢν,
1202 1953 1252 1979 οὐκ
1267 1950 1301 1987 ἦν
1315 1951 1422 1982 πάντως
1438 1951 1467 1977 ὲν
1481 1949 1521 1985 τῷ
1535 1949 1671 1985 ἀνθρώπῳ
1694 1950 1708 1976 ὁ
1729 1948 1853 1980 θάνατος.

1068 1998 1105 2025 Οὐ
1127 1997 1181 2033 γὰρ
1204 1998 1236 2024 ἂν
1253 1997 1333 2024 καλόν
1346 2005 1371 2022 τι
1390 1998 1404 2023 ὁ
1422 1995 1563 2032 ἄνθρωπος
1579 1993 1623 2030 ἦν*
1639 1994 1718 2029 εἴπερ
1737 1992 1808 2029 εἶχεν
1825 1994 1856 2021 ὲν

1068 2043 1155 2077 ἑαυτῷ
1165 2043 1214 2078 τῆς
1226 2041 1272 2069 τοῦ
1286 2041 1400 2068 Θανάτου
1414 2040 1566 2075 κατηφείας
1577 2039 1622 2066 τὸν
1635 2038 1794 2073 σκυθρωπὸν
1807 2047 1855 2073 χα-

1070 2089 1204 2124 ρακτῆρα.
1222 2087 1302 2114 Ἀλλὰ
1315 2088 1364 2122 τῆς
1380 2086 1466 2113 ἀϊδίου
1479 2085 1551 2121 ζωῆς
1563 2084 1745 2119 ἀπεικόνισμα
1758 2083 1795 2110 ὢν
1807 2085 1853 2111 καὶ

1068 2134 1202 2170 ὁμοίωμα,
1228 2133 1309 2164 καλὸς
1331 2131 1365 2167 ἦν
1385 2132 1423 2163 ὡς
1443 2131 1549 2166 ἀληθῶς
1566 2131 1612 2156 καὶ
1627 2129 1685 2156 λίαν
1704 2129 1801 2160 καλὸς,
1817 2128 1856 2164 τῷ

1069 2178 1173 2214 φαιδρῷ
1196 2178 1244 2213 τῆς
1267 2177 1339 2212 ζωῆς
1358 2177 1511 2212 χαρακτῆρι
1532 2175 1778 2210 καλλωπιζόμενος.
1801 2172 1857 2200 τΗν

1067 2224 1096 2251 δὲ
1112 2224 1158 2250 καὶ
1178 2223 1251 2259 αὐτῷ
1265 2223 1312 2250 καὶ
1328 2223 1342 2249 ὀ
1358 2222 1428 2254 θεῖος
1444 2220 1617 2256 παράδεισος,
1635 2219 1678 2246 διὰ
1692 2220 1740 2255 τῆς
1754 2220 1857 2254 εὐκαρ-

1069 2271 1134 2302 πίας
1146 2270 1200 2296 τῶν
1212 2270 1327 2305 δένδρων
1338 2268 1427 2304 βρύων
1438 2268 1520 2303 ζωὴν,
1535 2267 1582 2294 καὶ
1595 2267 1611 2302 ὴ
1623 2265 1669 2292 τοῦ
1684 2265 1752 2292 Θεοῦ
1764 2265 1857 2302 ἐντολὴ

233 2326 282 2346 sus
300 2318 345 2345 ille
360 2311 469 2345 divinus
483 2316 507 2343 ei
523 2324 572 2351 per
591 2316 719 2344 arborum
749 2315 917 2344 feracitatem
936 2318 1014 2345 vitam

1070 2316 1143 2351 ζωῆς
1167 2313 1200 2350 ἦν
1222 2315 1317 2350 νόμος,
1337 2314 1368 2341 τὸ
1393 2313 1430 2349 μὴ
1452 2312 1595 2340 ἀποθανεῖν
1622 2311 1858 2356 παραγγέλλουσα.

233 2363 400 2399 proferebat,
420 2366 447 2389 et
464 2361 620 2388 mandatum
636 2360 684 2388 Dei
709 2361 772 2388 vitae
795 2361 838 2389 lex
865 2366 935 2395 erat,
959 2370 1020 2397 quae

233 2416 289 2436 non
302 2407 464 2434 moriturum
483 2407 618 2434 hominem
636 2406 824 2440 pollicebatur.
841 2406 909 2434 Cum
927 2413 1017 2436 autem

233 2453 347 2481 essetin
375 2452 464 2479 medio
478 2451 599 2486 paradisi
622 2451 725 2487 lignum
760 2452 839 2486 illud,
857 2453 930 2488 quod
957 2454 1018 2482 vitae

234 2499 309 2526 ferax
326 2501 386 2525 erat
398 2506 405 2524 ε
427 2497 560 2532 quidquid
573 2497 683 2526 tandem
697 2498 731 2526 de
743 2506 776 2526 eo
790 2498 966 2526 statuendum
981 2499 1017 2527 sit

234 2545 320 2579 ligno,
336 2543 416 2578 cujus
438 2543 544 2571 fructus
571 2544 680 2571 exsistit
703 2544 768 2571 vita.
801 2544 896 2572 Itidem
912 2544 1016 2579 lignum

234 2590 383 2621 letiferum,
399 2597 478 2624 cuius
498 2589 603 2618 fructus
632 2590 715 2618 simul
732 2595 760 2618 et
777 2591 865 2618 bonus
881 2595 909 2618 et
929 2590 1018 2618 malus

234 2636 320 2664 fuisse
341 2636 542 2670 pronuntiatur,
560 2635 650 2664 medio
678 2636 707 2663 in
729 2636 858 2671 paradiso
888 2639 957 2663 erat.
983 2635 1019 2662 At

233 2682 307 2710 enim
323 2681 381 2709 ﬁeri
399 2682 504 2716 nequit,
522 2685 552 2708 ut
563 2681 592 2708 in
608 2681 669 2709 loco
684 2681 803 2708 maxime
829 2681 919 2708 medio
938 2680 1019 2716 lignis

234 2729 343 2758 duobus
357 2728 476 2763 spatium
489 2726 582 2755 fuerit.
603 2725 670 2754 Nam
688 2730 780 2754 utrum
792 2726 903 2754 tandem
917 2733 1017 2754 conce-

1074 2360 1168 2390 Ὄντος
1183 2359 1210 2386 δὲ
1224 2358 1292 2386 κατά
1308 2358 1338 2384 τὺ
1350 2357 1431 2393 μέσον
1443 2357 1491 2391 τῆς
1505 2355 1551 2383 τοῦ
1564 2356 1728 2392 παραδείσου
1746 2355 1859 2389 φυτείας

1071 2405 1118 2432 τοῦ
1127 2405 1174 2440 τὴν
1191 2404 1262 2440 ζωὴν
1278 2404 1403 2440 βρνόοντος
1420 2402 1507 2434 ξύλου,
1529 2402 1576 2429 ὅτι
1589 2401 1653 2428 ποτὲ
1669 2401 1768 2436 χρὴ¹τὸ
1780 2400 1858 2433 ξύλον

1071 2453 1140 2479 νοεῖν
1153 2452 1249 2483 ἐκεῖνο,
1265 2448 1294 2478 οὗ
1308 2450 1322 2476 ὁ
1337 2449 1441 2485 καρπὸς
1459 2448 1527 2483 ζωή·
1543 2447 1590 2474 καὶ
1604 2446 1651 2473 τοῦ
1669 2446 1858 2481 θανατηφόρου

1069 2497 1098 2525 δὲ
1115 2497 1202 2530 ξύλου,
1218 2494 1248 2523 οὗ
1264 2495 1345 2523 καλὸν
1361 2495 1418 2530 ἄμα
1442 2494 1488 2521 καὶ
1508 2494 1592 2520 κακὸν
1608 2491 1677 2519 εἶναι
1692 2492 1737 2518 τὸν
1752 2492 1859 2526 καρπὸν

1071 2543 1262 2577 ἀποφαίνεται,
1287 2542 1334 2568 καὶ
1358 2540 1440 2568 αὑτοῦ
1465 2540 1534 2567 κατά
1553 2540 1584 2566 τὸ
1609 2540 1689 2575 μέσον
1710 2538 1784 2569 ὖντος
1810 2538 1858 2564 τοῦ

1070 2589 1243 2624 παραδείσου”
1258 2587 1388 2615 ἀδυνάτου
1403 2587 1432 2613 δὲ
1443 2587 1518 2618 ὄντος
1534 2586 1562 2612 ἐν
1583 2584 1622 2620 τῷ
1635 2584 1788 2620 μεσαιτάτῳ
1800 2583 1859 2614 τοῖς

1070 2634 1158 2668 ξύλοις
1180 2633 1271 2669 χώραν
1287 2632 1422 2666 γενέσθαι·
1446 2631 1575 2667 ὁπότερον
1593 2630 1647 2666 γὰρ
1668 2629 1701 2656 ἂν
1715 2624 1803 2663 δῶμεν
1829 2628 1860 2659 ἐξ

1069 2679 1230 2715 ἀμφοτέρων
1245 2679 1353 2714 ἐπέχειν
1369 2677 1399 2705 τὸ
1422 2677 1514 2715 μέσον,
1535 2676 1605 2703 κατὰ
1629 2677 1718 2710 πᾶσαν
1734 2674 1859 2708 ἀνάγκην

1068 2726 1099 2753 τὸ
1114 2726 1206 2760 ἕτερον
1220 2725 1270 2760 τῆς
1285 2724 1332 2752 τοῦ
1354 2724 1437 2760 μέσου
1454 2723 1546 2759 χώρας
1561 2723 1669 2754 πάντως
1691 2721 1856 2757 ὲξείργεται.

272 2815 294 2830 ⁵³
313 2815 408 2841 Matth.
422 2822 495 2846 XXIV,
509 2815 552 2842 49.
580 2814 603 2829 ⁸³
619 2813 690 2841 Psal.
706 2821 731 2847 c,
747 2815 772 2840 8.
804 2815 826 2830 "
843 2814 920 2842 Deut.
935 2822 1008 2842 χχχιι

1065 2822 1076 2840 π.
1104 2815 1126 2829 ⁵⁸
1142 2813 1210 2841 Gen.
1228 2821 1246 2845 ι,
1260 2814 1305 2840 51.
