1978 3068
210 108 278 138 1023

842 110 871 138 S.
887 110 1049 139 GREGORH
1061 111 1209 138 NYSSENI

1764 109 1834 138 l0?!

209 168 282 195 inter
296 167 365 195 duas
379 167 448 195 vitas
462 168 636 204 cognoscitur
646 189 654 201 ,
668 172 698 196 ut
717 174 857 204 perempta
887 170 991 205 peiore,

1048 171 1127 197 έπεσε
1152 171 1209 206 βίον
1218 179 1224 186 ·
1240 169 1327 201 οὕτως
1342 169 1405 196 ὅταν
1413 168 1535 203 ἀποθάνῃ
1547 169 1579 203 τῇ
1590 167 1676 203 νεκρᾷ
1687 167 1772 204 ταύτῃ
1785 169 1835 195 καὶ

210 214 335 242 interitus
354 213 462 248 experti
473 213 616 240 victoriam
630 213 743 240 tribuat.
758 213 992 246 Quemadmodum

210 259 293 293 igitur
308 259 388 286 homo
404 258 469 285 dum
483 266 552 286 verte
570 259 632 286 vitae
660 259 784 292 moritur,
812 259 840 286 in
856 263 992 287 mortuam

210 303 280 330 hanc
296 304 379 330 vitam
393 303 489 330 incidit
502 313 508 330 :
523 304 560 331 ita
575 311 638 331 cum
652 303 715 331 huic
728 309 841 331 mortuae
854 305 993 340 brut-aeque

208 349 271 375 vitae
283 349 410 380 moritur.
431 350 552 377 vicissim
565 354 697 377 aeternum
721 350 822 377 viventi
836 351 897 377 vita:
911 351 992 378 resti-

209 394 306 420 tuitur.
321 394 380 426 Quo
400 394 440 427 ﬁt,
458 400 487 422 ut
502 399 579 422 extra
600 403 708 423 omnem
728 395 927 423 dubitationem
945 403 994 431 po—

209 439 291 466 situm
313 439 359 472 sit,
378 447 433 466 non
452 447 533 474 posse
546 447 597 468 nos
609 440 715 467 beatam
731 440 805 467 illam
819 441 901 468 vitam
924 448 992 468 con-

209 485 297 518 sequi,
313 485 366 511 nisi
381 490 491 519 peccato
504 486 665 513 moriamur.
685 485 723 513 Ea
741 486 774 513 de
798 494 882 514 causa
908 486 993 513 tradi-

208 534 265 556 tum
281 536 376 565 argute
386 535 440 563 est,
455 532 551 558 eodem
575 532 636 559 loco
659 532 687 559 in
701 532 790 559 medio
814 532 942 567 paradiso
960 532 993 559 li-

208 583 291 610 gnum
306 581 453 611 utrumque
466 585 528 604 esse
541 587 548 603 :
563 578 636 612 quod
655 578 771 605 alterum
789 578 827 605 ibi
851 585 866 605 a
894 581 993 605 natura

208 622 254 652 sit,
281 622 395 649 alterum
412 623 445 650 ad
463 618 493 649 id
508 623 580 658 quod
599 624 676 658 prius
693 623 812 655 exsistit,
828 631 877 658 per
903 623 994 658 priva-

208 668 309 695 tionem
324 668 446 696 accedat.
463 668 530 695 Nam
548 677 582 696 ex
595 669 690 696 eodem
706 669 733 696 in
758 669 828 696 idem
844 677 892 704 per
920 669 991 696 frui-

208 712 309 740 tionem
336 717 363 740 et
385 713 582 748 privationem,
617 713 645 740 ﬁt
673 714 850 740 commutatio
875 713 938 741 vita
961 721 993 741 ac

208 759 304 784 mortis
329 767 335 784 :
355 765 416 784 cum
445 759 491 793 qui
513 764 638 786 mortuus
662 762 704 786 est
720 759 802 791 bono,
815 759 880 786 vivit
900 759 991 786 malo:

207 806 234 830 et
247 804 291 837 qui
310 808 434 830 mortuus
448 808 489 830 est
507 805 534 830 in
550 804 713 837 vitiositate,
728 804 761 830 ad
778 804 905 831 virtutem
921 805 992 830 revi-

208 848 297 875 viscit.
329 848 500 884 Quapropter
529 849 642 882 pulchre
663 856 764 883 sponsa
797 856 893 875 manus
929 856 994 876 suas

208 894 317 928 myrrha
331 894 425 927 plenas
439 894 565 924 ostendit.
582 901 643 920 cum
662 894 734 921 vitiis
748 893 875 920 omnibus
888 897 993 920 mortua

209 942 324 972 surgat,
353 942 382 964 ut
409 937 498 965 Verbo
534 938 637 965 aditum
665 938 692 965 iu
725 945 755 966 se
782 937 934 973 patefaciet.
961 937 994 965 Et

209 981 326 1008 Verbum
355 983 427 1017 quod
453 983 622 1015 intromittit,
649 984 708 1018 ipsa
732 985 789 1010 vita
804 988 857 1011 est.
880 983 993 1010 Tantam

208 1035 272 1055 vero
289 1028 321 1054 ad
338 1029 529 1055 sublimitatem
547 1029 574 1055 in
597 1028 642 1059 iis,
658 1036 718 1063 qua:
746 1028 992 1061 consideravimus,

207 1075 300 1099 evecta
315 1072 415 1104 animo,
431 1080 490 1106 quae
505 1072 538 1098 ad
556 1072 639 1099 Deum
654 1076 758 1106 spectat
780 1081 786 1099 :
804 1072 923 1099 nondum
951 1077 993 1099 ta—

1045 215 1175 250 κτηνώδει
1195 215 1250 250 ζωῇ
1262 235 1269 247 ,
1294 214 1361 250 πρὸς
1375 214 1424 249 τὴν
1439 214 1481 240 ἀεὶ
1495 213 1585 244 ζῶσαν
1599 213 1832 247 ἀντιμεθίσταται.

1049 259 1092 290 Ὡς
1108 259 1291 294 ὰναμφίὸολον
1304 256 1383 290 εἶναι,
1401 258 1441 283 ὄτι
1453 257 1502 283 οὐκ
1518 257 1591 283 ἐστιν
1610 258 1638 283 ὲν
1656 259 1689 292 τῇ
1711 258 1836 293 μακαρίᾳ.

1042 304 1167 338 γενέσθαι
1185 303 1251 338 ζωῇ,
1270 303 1307 338 μὴ
1324 302 1419 337 νεκρὸν
1432 303 1464 336 τῇ
1486 301 1608 336 ἁμαρτίᾳ
1624 301 1778 335 γενόμενον.
1796 297 1834 327 υῦ

1042 350 1122 384 χάριν
1140 350 1168 375 ὲν
1181 348 1220 384 τῷ
1234 348 1307 382 αὐτῷ
1320 347 1390 374 κατά
1399 346 1429 373 τὺ
1444 346 1524 381 μέσον
1536 346 1666 380 ἑκάτερον
1678 345 1732 371 τῶν
1748 345 1834 378 ξύλων

1042 393 1110 420 εἶναι
1128 393 1180 420 ὑπὸ
1193 393 1239 420 τοῦ
1255 393 1333 424 λόγου
1349 391 1580 426 πεφιλοσόφηται·
1598 390 1635 421 ὠς
1650 390 1696 416 τοῦ
1713 391 1761 425 μὲν
1777 391 1836 416 ἐκεῖ

1043 439 1122 473 φύσει
1134 439 1218 470 ὃντος,
1231 438 1279 464 τοῦ
1291 438 1320 464 δὲ
1337 436 1526 472 ἐπιγινομένου
1539 436 1578 470 τῷ
1599 436 1656 463 ὖντι
1678 435 1722 462 διὰ
1735 436 1834 470 στερή-

1043 493 1120 516 σεως.
1145 484 1192 510 Ἐκ
1208 483 1262 518 γὰρ
1281 483 1328 510 τοῦ
1348 482 1430 509 αὐτοῦ
1451 483 1497 508 ἐπὶ
1509 482 1539 508 τὸ
1551 481 1618 508 αὐτὸ
1631 481 1674 520 διᾲ
1691 481 1834 516 μετουσίας

1043 529 1090 555 καὶ
1107 528 1277 564 στερήσεως,
1294 528 1311 562 ἡ
1333 527 1561 561 ἀντιμετάστασις
1580 525 1684 559 γίνεται
1698 525 1745 552 καὶ
1761 525 1835 560 ζωῆς

1043 573 1090 600 καὶ
1114 573 1239 599 θανάτου.
1264 571 1374 607 Ἐπειδὴ
1396 572 1410 597 6
1436 570 1582 606 νεκρωθεὶς
1604 570 1643 605 τῷ
1666 569 1776 604 ἀγαθῷ,
1800 569 1834 605 ζῇ

1042 619 1082 654 τῷ
1096 618 1184 654 κακῷ,
1196 619 1243 644 καὶ
1262 619 1275 644 6
1289 617 1385 653 νεκρὸς
1400 617 1428 643 ὲν
1445 616 1528 651 κακίᾳ
1546 615 1691 650 γενόμενος
1705 615 1773 650 πρὸς
1787 614 1835 648 τὴν

1043 664 1141 699 ἀρετὴν
1155 663 1314 690 ἀνεϐίωσεν.
1329 662 1432 689 Οὐκοῦν
1446 662 1535 693 καλῶς
1547 661 1663 687 δείκνυσι
1679 662 1710 695 τῇ
1727 662 1835 695 σμύρνῃ

1043 710 1154 745 πλήρεις
1165 708 1213 740 τὰς
1229 708 1330 743 ἑαυτῆς
1343 709 1436 743 χεῖρας
1452 708 1469 743 ἡ
1483 707 1585 741 νύμφη,
1599 706 1643 732 διὰ
1653 707 1701 740 τῆς
1717 706 1744 731 ὲν
1758 705 1834 739 πάσῃ

1043 756 1126 791 κακίᾳ
1151 755 1313 790 νεκρότητος
1333 753 1498 789 ἀνισταμένη
1512 773 1520 784 ,
1538 753 1606 788 πρὸς
1626 752 1656 779 τὺ
1675 752 1777 784 ἀνοῖξαι
1795 750 1836 785 τῷ

1043 802 1120 836 Λόγῳ
1131 802 1180 837 τὴν
1195 802 1233 832 εἰς
1251 801 1349 836 ἑαυτὴν
1361 800 1472 827 εἴσοδον.
1493 798 1554 833 Ζωὴ
1569 798 1597 824 δὲ
1613 799 1627 824 6
1640 797 1725 831 Λόγος
1738 796 1766 822 ὃν
1780 796 1836 821 εἰσ-

1011 843 1030 869 Β
1043 846 1185 878 οικίζεται.
1215 846 1287 881 Πρὸς
1307 845 1433 872 τοσοῦτον
1454 844 1483 871 δὲ
1501 842 1616 879 μέγεθος
1628 841 1777 878 έπαρθεῖσα
1791 839 1837 866 διὰ

1047 892 1100 919 τῶν
1113 891 1302 927 θεωρηθέντων
1315 891 1380 926 ἡμῖν
1395 891 1412 925 ὴ
1425 889 1493 925 πρὸς
1504 888 1549 915 τὸν
1562 888 1628 914 Θεὸν
1644 887 1737 922 ὁρῶσα
1751 885 1835 920 ψυχή·

1047 937 1139 968 οὔπω,
1159 936 1250 968 καθώς
1274 945 1357 971 φησιν
1375 937 1390 962 6
1405 935 1521 967 Παῦλος,
1539 934 1625 966 οὕτως
1645 933 1732 967 ἔγνω,
1745 931 1837 962 καθὼς

1047 983 1086 1009 δεῖ
1096 982 1207 1016 γνῶναι,
1222 982 1282 1008 οὐδὲ
1295 981 1433 1015 λογίζεται
1444 981 1503 1008 καθ’
1518 980 1617 1015 ἑαυτὴν
1632 977 1835 1013 κατειληφέναι·

1047 1028 1102 1054 ἀλλ’
1115 1027 1153 1054 ἔτι
1168 1027 1236 1063 πρὸς
1251 1027 1280 1053 τὸ
1291 1026 1487 1062 ὑπερκείμενον
1498 1026 1599 1062 τρέχει,
1612 1025 1668 1056 τοῖς
1682 1022 1838 1059 ἔμπροσθεν

1047 1071 1145 1107 ἑαυτὴν
1162 1071 1365 1098 ὲπεκτείνουσα.

209 1126 282 1150 men,
299 1118 336 1144 uti
353 1117 454 1145 Paulus
474 1119 604 1153 loquitur,
620 1119 655 1144 ita
675 1118 812 1152 cognovit,
834 1117 1060 1152 quemadmodum
1078 1121 1197 1153 oportet,
1214 1125 1302 1152 neque
1323 1124 1352 1144 se
1374 1115 1613 1151 comprehendisse
1631 1113 1780 1142 arbitratur
1793 1112 1835 1139 ":

208 1165 255 1191 scd
271 1165 358 1191 adhuc
373 1164 405 1191 ad
435 1165 575 1199 superiora
592 1165 689 1196 currit,
703 1165 831 1192 enitendo
845 1165 880 1192 ad
892 1173 934 1196 ea,
950 1173 1010 1200 quae
1023 1169 1086 1192 ante
1104 1173 1133 1192 se
1149 1165 1241 1192 habet.

247 1209 303 1236 Hoc
316 1210 387 1236 enim
403 1214 432 1236 ut
445 1210 478 1237 de
493 1211 550 1245 ipsa
568 1214 731 1241 statuamus.
747 1212 892 1238 verborum
916 1211 994 1239 dein-

208 1261 272 1288 ceps
292 1256 463 1288 sequentium
490 1255 575 1282 series
598 1260 700 1282 monet.
725 1255 868 1288 Adhibilis,
894 1257 993 1291 inquit,

211 1300 333 1326 nianibus
349 1300 476 1330 claustro.
495 1302 585 1334 aperui
599 1302 717 1336 equidem
733 1307 844 1337 cognato
859 1311 925 1330 meo.
943 1302 995 1329 Ad-

209 1344 249 1371 dit
270 1345 364 1376 etiam,
393 1344 525 1371 Prmleriit
551 1351 676 1380 cognatus
703 1355 792 1378 meus,
821 1347 912 1374 anima
937 1356 995 1374 mea

209 1397 314 1423 egressa
330 1394 368 1415 est
389 1388 423 1415 ad
448 1395 594 1416 sermonem
612 1391 680 1425 ejus.
697 1391 804 1423 Quibus
827 1399 876 1419 nos
902 1392 992 1424 docet,

209 1442 294 1461 unum
317 1442 378 1461 esse
399 1434 510 1461 modum
533 1435 701 1470 percipiendi
729 1440 892 1471 potestatem
919 1437 992 1464 illam

209 1480 383 1507 excedentem
409 1488 518 1507 omnem
538 1485 665 1512 trientem,
683 1482 812 1508 nimirum
834 1490 888 1509 non
903 1483 994 1510 subsi-
1009 1499 1030 1526 ο

210 1531 281 1552 stere
294 1526 319 1551 in
336 1526 370 1551 iis
386 1533 445 1560 qua:
459 1527 613 1560 perceperis
627 1536 633 1553 :
652 1526 699 1553 sed
717 1527 807 1561 potius
822 1535 994 1563 nequaquam

211 1571 355 1605 quiescere
368 1578 476 1605 semper
498 1571 678 1605 inquirentem
703 1573 803 1606 aliquid
819 1574 935 1608 amplius
951 1582 994 1606 eo,

210 1614 283 1648 quod
306 1615 389 1641 semel
412 1616 663 1650 comprehenderis.
678 1615 782 1643 Etenim
808 1626 869 1652 quae
887 1619 996 1653 myrrha

210 1662 289 1695 plena
308 1661 378 1687 facta
393 1665 446 1693 est,
465 1662 647 1697 omnibusque
661 1663 722 1689 vita:
732 1664 830 1691 studiis
842 1664 912 1699 (quae
930 1665 997 1699 [igu-

211 1710 270 1732 rate
284 1705 384 1740 digitos
403 1707 491 1741 vocat)
509 1707 700 1735 mortiﬁcatum
722 1708 749 1735 in
765 1716 795 1736 se
810 1709 910 1735 malum
926 1710 997 1741 indi-

211 1754 266 1782 cat,
282 1755 462 1784 spontaneum
479 1751 588 1778 virtutis
603 1752 708 1778 cultum
725 1760 756 1779 ea
774 1753 832 1786 ipsa
845 1761 873 1780 re
886 1753 998 1782 demon-

212 1799 291 1827 strat,
304 1795 377 1829 quod
390 1804 422 1822 ex
438 1804 467 1823 se
482 1804 579 1824 manus
594 1797 680 1831 ipsius
692 1798 831 1832 myrrham
846 1798 995 1825 distillant:

212 1841 270 1868 haec
285 1841 368 1875 igitur
382 1842 505 1876 attigisse
521 1850 619 1869 manus
635 1850 699 1870 suas
712 1843 860 1870 claustrum
877 1845 926 1875 ait,
947 1845 998 1871 huc

212 1890 263 1918 est,
279 1895 361 1921 opera
376 1895 424 1914 sua
443 1895 525 1922 prope
541 1889 693 1915 accessisse
710 1888 743 1914 ad
760 1893 904 1923 angustum
922 1890 996 1916 illum

213 1935 240 1958 et
260 1932 382 1958 strictum
399 1932 521 1958 aditum:
548 1932 625 1966 cujus
642 1933 744 1959 clavem
766 1932 885 1960 Verbum
910 1934 998 1967 ipsum

214 1977 297 2002 tradit
322 1977 373 2007 eis,
401 1977 446 2010 qui
472 1977 552 2003 Petro
580 1977 684 2004 similes
708 1983 781 2005 sunt.
798 1978 891 2012 Aperit
910 1984 998 2005 autem

214 2021 264 2048 sibi
282 2021 356 2055 regni
369 2021 468 2047 ostium
482 2029 530 2055 per
541 2021 598 2048 haec
609 2022 673 2053 duo,
691 2022 819 2048 nimirum
831 2030 878 2056 per
890 2030 997 2054 manus,

213 2074 274 2101 quae
293 2074 405 2100 operum
426 2066 650 2100 significationem
674 2067 783 2097 habent.
809 2071 836 2094 et
860 2075 907 2102 per
921 2068 998 2094 clau-

214 2114 301 2138 strum
318 2110 388 2137 iidei.
407 2109 472 2135 Nam
491 2117 537 2144 per
554 2110 611 2137 haec
626 2110 689 2142 duo,
706 2118 754 2145 per
768 2111 856 2143 iidem,
876 2112 997 2146 inquam,

1089 1212 1120 1238 Ἡ
1139 1211 1194 1247 γὰρ
1211 1210 1356 1237 ἀκολουθία
1371 1209 1425 1236 τῶν
1440 1209 1539 1243 ἑφεξῆς
1558 1208 1645 1242 λόγων
1664 1207 1750 1233 ταῦτα
1766 1206 1837 1232 νοεῖν

1048 1258 1111 1292 περὶ
1127 1257 1210 1292 αὐτῆς
1223 1256 1388 1283 ὑποτίθεται·
1410 1255 1477 1282 Ἐπὶ
1499 1254 1602 1289 χεῖρας
1623 1253 1677 1280 τοῦ
1697 1253 1837 1286 κλείθρου

1047 1302 1154 1336 ἤνοιξα
1170 1301 1227 1336 ἐγὼ
1241 1300 1281 1333 τῷ
1297 1299 1448 1334 ἀδελφιδῷ
1467 1308 1538 1334 μου.
1561 1298 1617 1325 Καὶ
1633 1298 1780 1332 ἐπήγαγεν,
1796 1297 1838 1322 ὅτι

1055 1347 1227 1381 memerat};
1241 1355 1301 1381 μου
1317 1345 1484 1379 παρῆλθεν·
1500 1345 1519 1378 ὴ
1535 1343 1620 1378 ψυχή
1638 1351 1697 1378 μου
1708 1341 1839 1376 ἐξῆλθεν

1047 1393 1083 1419 ἐν
1097 1393 1177 1426 λόγῳ
1189 1391 1291 1418 αὐτοῦ.
1306 1391 1432 1417 Διδάσκει
1447 1390 1502 1425 γάρ
1516 1389 1559 1416 διὰ
1575 1388 1677 1415 τούτων
1693 1388 1780 1422 ἡμᾶς,
1797 1386 1838 1412 ὅτι

1046 1438 1094 1465 ἐπὶ
1115 1437 1164 1472 τῆς
1182 1437 1271 1464 πάντα
1287 1436 1350 1462 νοῦν
1369 1434 1557 1470 ὑπερεχούσης
1571 1433 1712 1469 δυνάμεως
1730 1429 1771 1464 εἷς
1786 1441 1838 1458 κα-

1047 1482 1187 1516 ταλήψεώς
1210 1482 1269 1508 ἐστι
1283 1481 1399 1517 τρόπος,
1414 1481 1446 1507 τὸ
1465 1479 1599 1515 μηδέποτε
1616 1479 1711 1513 στῆναι
1728 1478 1792 1513 περὶ
1806 1477 1839 1504 τὸ

1046 1527 1273 1563 κατειλημμένονο
1294 1526 1363 1553 ἀλλὰ
1380 1526 1426 1552 τὸν
1452 1526 1496 1552 ἀεὶ
1517 1524 1653 1559 ζητοῦντα
1675 1523 1714 1559 τῷ
1735 1523 1838 1549 πλείονι

1045 1573 1092 1600 τοῦ
1115 1572 1339 1606 καταλειφθέντος
1368 1571 1405 1607 μὴ
1427 1570 1564 1597 ἵστασθαι.
1588 1570 1621 1596 Ἢ
1648 1570 1702 1604 γὰρ
1730 1568 1839 1604 πλήρης

1046 1617 1177 1653 γενομένη
1193 1618 1244 1652 τῆς
1259 1617 1393 1651 σμύρνης,
1411 1617 1477 1642 πᾶσι
1493 1616 1549 1646 τοῖς
1560 1614 1606 1640 τοῦ
1624 1613 1681 1648 βίου
1697 1611 1838 1647 ἐπιτηδεύ-

1048 1672 1128 1698 μασιν
1142 1663 1230 1698 (ἀπερ
1243 1662 1392 1692 δακτύλους
1404 1660 1543 1697 τροπικῶς
1555 1659 1700 1693 ὀνομάζει)
1712 1658 1761 1692 τὴν
1771 1657 1838 1692 πρὸς

1046 1708 1076 1734 τὸ
1097 1707 1179 1734 κακὸν
1195 1707 1412 1742 ὲπισημαίνουσα
1434 1705 1578 1740 νέκρωσιν
1597 1705 1644 1731 καὶ
1661 1704 1691 1730 τὸ
1715 1703 1838 1729 ἑκούσιον

1046 1754 1094 1788 τῆς
1117 1753 1215 1788 ἀρετῆς
1237 1752 1281 1779 διὰ
1303 1752 1333 1778 τὸ
1352 1751 1457 1778 οἴκοθεν
1483 1750 1636 1783 ἀποστάξαι
1656 1749 1708 1776 τῶν
1738 1748 1838 1783 χειρῶν

1047 1800 1096 1835 τὴν
1116 1799 1237 1834 σμύρναν
1254 1797 1439 1832 ὲνδειξαμένη,
1458 1796 1577 1830 ἅψασθαί
1595 1803 1661 1830 φησι
1681 1795 1730 1825 τὰς
1745 1795 1839 1828 χεῖρας

1048 1846 1147 1880 ἑαυτῆς
1161 1844 1207 1870 τοῦ
1220 1843 1356 1879 κλείθρου,
1369 1842 1502 1873 τουτέστι,
1517 1842 1552 1868 τὰ
1564 1841 1632 1876 ἔργα
1650 1841 1750 1875 ἑαυτῆς
1762 1838 1838 1873 ἐγγί-

1049 1899 1094 1917 σαι
1110 1890 1185 1923 λέγει
1202 1890 1236 1924 τῇ
1254 1889 1332 1923 στενῇ
1348 1896 1378 1914 τε
1392 1888 1438 1914 καὶ
1453 1887 1620 1922 τεθλιμμένη
1635 1885 1741 1920 εἰσόδῳ,
1757 1883 1790 1921 ἦς
1808 1885 1839 1913 τὸ

1049 1936 1171 1970 κλεῖθρον
1185 1933 1332 1969 ἐγχειρίζει
1345 1934 1402 1964 τοῖς
1412 1933 1483 1959 κατὰ
1496 1932 1599 1967 Πέτρον
1611 1932 1625 1957 6
1637 1932 1732 1965 Λόγος.
1755 1930 1840 1956 ’Δνοί-

1048 1990 1091 2015 γει
1105 1981 1194 2006 τοίνυν
1210 1979 1242 2005 δι’
1258 1978 1394 2013 ἑκατέρων
1413 1978 1495 2013 ἑαυτῇ
1509 1978 1560 2012 τῆς
1576 1977 1715 2012 βασιλείας
1731 1976 1779 2010 τὴν
1793 1975 1840 2002 θύ-

1050 2036 1109 2062 ραν,
1134 2025 1178 2052 διά
1200 2033 1230 2051 τε
1246 2024 1298 2051 τῶν
1315 2024 1425 2059 χειρῶν,
1445 2024 1477 2050 δι’
1498 2020 1535 2050 ὧν
1557 2023 1591 2049 τὰ
1618 2023 1686 2058 ἔργα
1700 2021 1837 2056 δηλοῦται·

1049 2071 1097 2098 καὶ
1109 2070 1153 2097 διὰ
1165 2070 1211 2096 τοῦ
1224 2069 1348 2105 κλείθρου
1361 2069 1410 2104 τῆς
1420 2069 1549 2100 πίστεως.
1562 2069 1601 2095 Δι’
1614 2068 1775 2102 ἀμφοτέρων
1785 2067 1840 2102 γὰρ

1049 2117 1162 2149 τούτων,
1185 2115 1273 2151 ἔργων
1290 2123 1320 2141 τε
1344 2115 1391 2141 καὶ
1410 2114 1527 2145 πίστεως
1549 2113 1638 2147 λέγω,
1662 2113 1679 2148 ἡ
1695 2113 1769 2143 κλεὶς
1791 2112 1839 2145 τῆς

214 2161 241 2183 et
252 2163 344 2190 opera,
373 2155 458 2182 clavis
486 2156 560 2190 regni
587 2156 666 2183 nobis
692 2164 707 2182 a
725 2164 851 2185 sermone
877 2162 995 2192 paratur.

1052 2161 1190 2197 βασιλείας
1212 2162 1241 2187 ὲν
1264 2161 1331 2195 ἡμῖν
1352 2159 1405 2186 ὑπὸ
1420 2158 1467 2185 τοῦ
1489 2156 1568 2192 λόγου
1595 2157 1838 2188 κατασκευάζεται.

214 2201 281 2227 Cum
301 2208 366 2234 ergo
386 2205 509 2234 speraret
526 2199 559 2226 ad
577 2200 730 2234 exemplum
748 2200 829 2228 Mosis
842 2200 936 2228 facienti
953 2201 999 2228 de-

214 2246 327 2274 siderati
346 2246 386 2274 sic
403 2245 632 2273 manifestandam
649 2246 712 2278 sibi,
729 2250 758 2273 ut
775 2254 833 2273 eam
851 2254 1001 2282 agnoscere

215 2296 328 2327 posset:
357 2297 414 2318 tum
440 2299 504 2318 vero
526 2291 726 2326 percepliouem
745 2292 804 2325 ejus
822 2293 950 2326 praeteriit
978 2293 1001 2321 is

215 2338 260 2372 qui
273 2337 456 2372 quaerebatur.
472 2337 515 2364 Ait
524 2337 595 2364 enim
609 2347 615 2364 :
627 2329 759 2366 Praeteriit
769 2342 901 2372 cognatus
914 2347 1000 2372 meus,

216 2391 269 2410 non
285 2383 330 2410 ille
344 2381 453 2417 quidem
477 2382 572 2408 relicta
589 2382 750 2416 desertaque
766 2389 896 2417 sequente
911 2385 1000 2418 ipsum

216 2429 318 2460 anima,
345 2427 392 2455 sed
412 2427 446 2454 ad
464 2427 584 2461 seipsum
609 2431 733 2455 attracta.
754 2428 850 2455 Anima
869 2438 941 2462 mea,
959 2431 1002 2458 in-

216 2474 293 2508 quit,
317 2481 420 2508 egressu
445 2477 483 2499 est
504 2473 538 2499 ad
557 2481 700 2500 sermonem
720 2473 787 2508 ejus.
808 2473 830 2501 Ο
847 2474 952 2502 felicem
971 2476 1002 2502 il-

216 2519 269 2545 lam
285 2518 481 2553 egressionem,
499 2526 579 2553 quam
593 2519 730 2553 egreditur
743 2519 833 2546 anima
847 2528 1000 2548 sermonem

217 2564 328 2592 secuta!
358 2563 489 2591 Dominus
522 2565 657 2592 custodiet
689 2565 842 2600 ingressum
868 2569 945 2593 tuum
975 2570 1002 2594 et

216 2611 399 2645 egressionem
412 2613 498 2642 tuam,
520 2611 608 2645 inquit
622 2609 794 2645 Propheta".
813 2611 945 2638 Nimirum
960 2619 1002 2639 re-

218 2664 280 2683 vura
301 2656 358 2683 haec
381 2656 426 2682 illa
445 2660 499 2688 est,
524 2664 585 2691 quae
610 2656 699 2691 dignis
723 2664 738 2682 a
762 2656 816 2683 Deo
836 2656 999 2690 custoditur,

218 2701 339 2736 egressio
353 2701 454 2735 pariter
469 2705 495 2728 et
514 2701 657 2735 ingressio.
683 2700 750 2727 Nam
766 2701 887 2737 egressio
906 2709 940 2729 ex
955 2709 998 2736 eo,

249 2785 270 2802 "
288 2788 403 2824 Philipp.
417 2798 456 2823 in,
474 2791 515 2817 15.
547 2790 569 2806 ⁸⁸
585 2789 657 2816 I’sal.
672 2797 734 2821 cxx,
746 2790 772 2816 8.

1052 2209 1117 2234 Ὅτε
1134 2207 1223 2234 τοίνυν
1237 2206 1336 2241 ήλπισε
1350 2204 1421 2231 κατά
1438 2204 1483 2230 τὸν
1499 2203 1619 2231 Μωῦσέα
1636 2202 1764 2236 γνωστῶς
1789 2203 1839 2236 ἑμ-

1052 2253 1214 2289 φανισθῆναι
1234 2252 1317 2286 ἑαυτῇ
1339 2251 1385 2276 τοῦ
1404 2250 1536 2285 βασιλέως
1557 2249 1588 2276 τὺ
1605 2249 1764 2285 πρόσωπον·
1780 2248 1839 2274 τότε

1052 2299 1174 2334 παρῆλθε
1197 2298 1245 2333 τὴν
1262 2296 1414 2332 κατάληψιν
1431 2296 1514 2331 αὐτῆς
1534 2297 1548 2322 6
1570 2294 1744 2330 ποθούμενος.
1770 2293 1839 2327 Φησὶ

1052 2345 1116 2380 γάρ·
1141 2345 1182 2371 ὃτι
1211 2342 1362 2376 Ἀδελφιδός
1388 2350 1437 2377 μου
1462 2341 1610 2375 παρῆλθεν·
1637 2340 1667 2366 οὐ
1683 2337 1840 2366 καταλιπὼν

1053 2390 1101 2425 τὴν
1119 2389 1254 2424 ἑπομένην
1269 2387 1343 2422 αύτῷ
1363 2386 1461 2422 ψυχὴν,
1479 2386 1548 2413 ἀλλά
1569 2385 1637 2420 πρὸς
1655 2385 1749 2411 ἑαυτὸν
1763 2383 1841 2418 ἐφελ-

1054 2436 1176 2469 κόμενος.
1195 2434 1228 2461 'H
1240 2433 1325 2467 ψυχὴ
1337 2433 1390 2467 γάρ
1398 2441 1456 2466 μου
1466 2431 1722 2465 ἐξῆλθενένλόγῳ
1735 2429 1838 2456 αὑτοῦ.

1055 2480 1087 2506 Ὢ
1103 2479 1240 2514 μακαρίας
1257 2480 1355 2511 ἐξόδου.
1365 2479 1472 2513 ἐκείνης
1484 2478 1518 2513 ἢν
1535 2477 1673 2513 ἐξέρχεται
1691 2478 1708 2511 ἠ
1718 2476 1757 2511 τῷ
1769 2476 1841 2510 λόγῳ

1059 2524 1177 2559 ἑπομένη
1193 2524 1280 2559 ψυχήι
1300 2524 1402 2559 Κύριος
1418 2524 1529 2558 φυλάξει
1551 2523 1600 2558 τὴν
1623 2522 1709 2555 ἔξοδόν
1727 2529 1773 2546 σου
1793 2521 1841 2548 καὶ

1054 2569 1103 2603 τὴν
1121 2569 1223 2595 εἴσοδόν
1245 2577 1303 2601 σου,
1320 2569 1403 2604 φησὶν
1417 2569 1431 2594 6
1446 2568 1601 2602 Προφήτης.
1617 2566 1690 2599 Αὕτη
1713 2565 1785 2591 ἐστὶν
1803 2565 1840 2596 ὼς

1055 2614 1162 2650 ἀληθῶς
1183 2615 1200 2650 ἡ
1218 2614 1271 2640 ὑπὸ
1292 2614 1339 2641 τοῦ
1363 2614 1430 2640 Θεοῦ
1453 2612 1642 2648 φυλασσομένη
1664 2612 1720 2643 τοῖς
1739 2610 1838 2642 ἀξίοις,

1053 2658 1142 2691 ἐξοδός
1154 2666 1184 2684 τε
1200 2658 1246 2685 καὶ¹
1262 2658 1372 2689 εἴσοδος.
1390 2658 1444 2684 Καὶ
1456 2658 1510 2692 γὰρ
1526 2658 1541 2692 ἡ
1555 2656 1608 2683 ἀπὸ
1619 2655 1665 2682 τοῦ
1678 2657 1706 2682 ὲν
1721 2651 1743 2689 ᾧ
1758 2655 1840 2688 ἐσμεν

1054 2703 1151 2737 ἔξοδος,
1167 2702 1221 2729 τῶν
1247 2702 1452 2738 ὑπερκειμένων
1475 2701 1585 2736 ἀγαθῶν
1600 2700 1702 2732 εἴσοδος
1723 2699 1838 2734 γίνεται.
