1978 3068
139 159 207 187 1025

649 153 680 180 IN
701 152 849 182 CANTICA
871 153 1007 182 CANTIC.
1030 153 1169 181 IIOMILM
1189 153 1246 180 XII.

1692 151 1762 179 i026

138 218 245 253 Ταύτην
258 213 305 244 οὖν
329 216 439 251 ἐξῆλθεν
457 217 474 251 ὴ
495 215 568 250 ψυχὴ
588 215 637 250 τὴν
652 215 750 248 ἔξοδον,
774 215 865 250 ὁδηγῴ
879 224 923 241 κε-

977 217 1001 242 iu
1019 224 1074 250 quo
1090 224 1195 247 sumus,
1214 214 1347 250 mgressio
1362 219 1404 242 est
1416 214 1448 240 ad
1462 213 1531 240 bona
1546 220 1628 248 supra
1648 221 1699 241 nos
1711 219 1761 245 [)0-

136 263 260 299 χρημένη
269 263 307 297 τῷ
321 262 400 297 Λόγῳ
414 261 452 296 τῷ
472 261 637 292 είπόντι,ὅτι
653 260 725 294 Ἐγώ
737 261 794 294 ειμι
802 260 822 293 ἡ
839 261 922 294 θύρα,

136 309 186 334 καὶ
202 308 221 341 ἡ
236 307 315 340 ὁδὸς,
334 308 391 343 καὶ,
406 308 446 334 ὅτι
461 307 501 333 Δι’
515 305 588 340 ἐμοῦ
603 305 658 332 ἐάν
670 314 715 338 τις
729 304 865 339 εἰσέλθῃ,
875 305 924 330 καὶ

136 354 340 380 εισελεύσεται
357 353 405 380 καὶ
419 353 622 384 ἐξελεύσεται,
634 351 760 377 οὐδέποτε
776 350 823 376 τοῦ
841 350 923 376 εἰσιέ-

137 407 179 425 ναι
192 398 292 433 λήγων,
306 398 367 424 οὗτε
377 398 423 424 τοῦ
437 397 536 429 ἐξιέναι
546 396 708 431 παυόμενος·
727 394 795 421 ἀλλὰ
807 394 922 421 παύεται

136 444 179 470 διὰ
191 444 331 478 προκοπῆς
346 444 385 475 είς
397 443 432 469 τὰ
445 442 629 477 ὑπερκείμενα
641 441 742 473 είσιὼν,
756 440 802 466 καὶ
815 441 858 466 ἀεὶ
869 440 923 466 τῶν

137 489 360 524 κατειλημμένων
384 489 436 521 ἔξω
455 488 603 522 γινόμενος.
625 486 703 513 Οὕτω
721 485 843 520 παρῆλθε
862 485 922 512 τότε

137 535 183 562 καὶ
197 534 241 560 τὸν
256 534 373 561 Μωῡσέα
386 534 415 560 τὸ
431 534 596 568 ποθούμενον
607 534 694 559 ἐκεῖνο
714 532 859 566 πρόσωπον
875 531 922 558 τοῦ

137 582 255 616 Κυρίου·
281 582 328 607 καὶ
353 579 438 611 οὕτως
463 580 478 614 ἡ
496 579 568 614 ψυχὴ
583 578 629 605 τοῦ
645 578 790 613 νομοθέτου
812 578 856 603 ἀεὶ
870 577 922 609 ἔξω

137 627 240 660 ἐγίνετο
253 625 299 652 τοῦ
311 626 340 652 ὲν
389 623 433 660 ἦν,
449 624 568 659 ἑπομένη
589 624 708 660 προῖόντι
723 623 762 658 τῷ
778 623 867 657 Λόγῳ.

169 773 217 805 Τίς
230 773 284 809 γὰρ
299 773 348 800 οὐκ
361 771 414 799 οἶδε
428 773 475 805 τὰς
491 773 636 804 ἀναϐάσεις
655 773 771 804 ὲκείνας,
787 771 819 804 ἃς
836 771 919 807 ἀνέϐη
937 793 958 819 Β

135 819 148 844 ὁ
164 819 291 853 Μωῡσῆς,
311 819 325 844 ὁ
352 819 396 845 ἀεὶ
421 819 506 853 μέγας
530 818 688 852 γινόμενος,
718 818 764 844 καὶ
787 818 921 853 μηδέποτε

136 865 276 898 ἱστάμενος
291 864 340 899 τῆς
354 864 399 890 ὲπὶ
414 864 444 889 τὸ
460 863 550 899 μεῖζον
562 864 701 898 αὐξήσεως
714 873 721 896 ;
737 863 847 899 Ηύξήοη
862 867 921 891 κατ’

135 909 235 944 ἀρχὰς,
253 910 296 936 ὅτε
318 909 364 944 τῆς
379 909 433 936 τῶν
452 910 606 943 Αἰγυπτίων
629 909 764 944 βασιλείας
792 910 921 944 ὑψηλότε-

136 964 181 990 ρον
197 955 242 981 τὸν
261 955 412 989 ὀνειδισμὸν
431 954 478 980 τοῦ
502 953 619 990 Χριστοῦ
644 956 805 990 ἐποιήσατο·
822 956 922 990 μᾶλλον

135 999 259 1033 ἐλόμενος
289 999 534 1034 συγκακουχεῖσθαι
555 999 594 1034 τῷ
623 999 679 1034 λαῴ
705 1000 751 1025 τοῦ
782 999 869 1028 Θεοῦ,
900 1000 916 1035 ἢ

134 1044 296 1080 πρόσκαιρον
308 1044 378 1079 ἔχειν
391 1045 527 1079 ἁμαρτίας
540 1045 698 1071 ἀπόλαυσιν.
710 1045 820 1080 Ηύξήθη
843 1045 921 1071 πάλιν

133 1090 177 1116 ire
206 1089 421 1120 καταπονοῦν-τος
450 1090 496 1116 τὸν
526 1090 649 1123 Ἐϐραῖον
674 1089 720 1115 τοῦ
751 1091 920 1123 Αἰγυπτίου,

135 1132 244 1161 θανατοῖ
253 1134 297 1159 τῦν
314 1134 472 1168 ἀλλόφυλον,
488 1134 558 1169 ὑπὲρ
575 1134 622 1160 τοῦ
639 1134 806 1169 Ἰσραηλίτου
821 1135 921 1169 ἀγωνι-

134 1180 256 1214 ζόμενος.
264 1179 342 1210 Νοεῖς
355 1179 383 1205 δὲ
393 1179 501 1211 πάντως
511 1180 539 1206 ὲν
552 1179 653 1211 τούτοις
665 1179 711 1205 τὸν
720 1179 770 1213 τῆς
782 1179 922 1214 αὐξήσεως

133 1226 243 1260 τρόπον,
259 1224 416 1259 μεταϐαλὼν
443 1226 492 1260 τὴν
512 1225 631 1260 ἱστορίαν
645 1226 684 1256 είς
702 1226 837 1261 τροπικὴν
852 1225 921 1252 θεω-

135 1271 205 1305 ρίαν,
221 1271 304 1297 Πάλιν
319 1270 414 1297 ἑαυτοῦ
431 1270 532 1305 μείζων
547 1271 664 1305 ἐγένετο,
674 1271 856 1307 ἀπεριήχητον
872 1272 922 1307 τὴν

133 1315 205 1350 ζωὴν
229 1315 380 1350 φυλάττων,
392 1315 436 1342 διὰ
451 1316 500 1350 τῆς
513 1318 542 1342 ὲν
555 1318 587 1351 τῇ
604 1318 701 1351 ἐρήμῳ
717 1317 875 1351 φιλοσοφίας
893 1317 922 1343 ὲν

133 1361 221 1396 χρόνῳ
236 1362 335 1396 πολλῷ.
351 1359 417 1388 Εἶτα
430 1361 468 1396 τῷ
485 1363 550 1397 πυρὶ
564 1362 603 1396 τῷ
619 1363 666 1388 ἐπὶ
676 1363 725 1397 τῆς
743 1362 824 1397 βάτου
840 1363 922 1396 φωτί-

133 1407 218 1438 ζεται,
231 1407 332 1442 Γυμνοῖ
343 1407 411 1442 πρὸς
427 1406 529 1438 τούτοις
541 1408 589 1442 τῆς
603 1409 703 1442 νεκρᾶς
716 1409 862 1443 περιϐολῆς
873 1408 922 1439 τὰς

977 262 1040 288 sita.
1056 261 1130 288 Ilanc
1146 261 1227 295 igitur
1251 260 1434 295 egressionem
1459 266 1568 294 egressa
1591 263 1633 287 est
1659 260 1762 291 anima,

978 307 1067 334 Verbo
1087 315 1136 334 usa
1158 306 1239 336 duce,
1260 307 1332 340 quod
1349 306 1435 332 dixit:
1456 305 1511 340 Ego
1533 313 1591 332 sum
1607 310 1632 332 et
1648 306 1710 336 via.
1736 308 1762 332 et

977 354 1088 384 ostium;
1105 353 1127 380 εἰ
1142 352 1200 387 quis
1215 360 1261 387 per
1276 360 1314 378 me
1329 352 1502 386 ingrediatur,
1519 353 1542 378 is
1559 357 1583 378 et
1600 352 1763 386 ingredietur

975 403 999 426 et
1014 398 1209 433 egredietur”:
1239 398 1275 424 ita
1300 402 1329 424 ut
1353 405 1491 431 nunquam
1515 405 1564 425 nec
1589 397 1763 432 ingrediundi

974 451 1023 470 nec
1044 443 1203 478 egrediundi
1217 442 1296 470 finem
1325 442 1422 469 faciat:
1440 442 1488 469 sed
1504 442 1610 469 desinat
1622 442 1665 468 ubi
1680 442 1762 476 proli-

972 489 1069 516 ciendo
1082 489 1223 523 superiora
1237 493 1279 515 est
1292 488 1445 522 ingressus,
1463 493 1489 514 et
1504 495 1611 521 semper
1627 491 1704 514 extra
1715 488 1762 514 illa

971 538 1107 564 versetur,
1125 541 1185 567 quae
1208 532 1309 560 fuerint
1327 540 1341 558 a
1366 540 1395 560 se
1410 533 1618 567 comprehensa.
1634 532 1680 560 Sic
1694 532 1762 559 olim

973 578 1073 606 Mosem
1089 586 1198 613 quoque
1214 579 1296 605 facies
1320 578 1364 605 illa
1384 579 1490 605 Domini
1505 579 1662 606 desiderata
1692 586 1764 614 prae-

975 625 1048 651 teriit
1063 633 1069 650 :
1091 625 1131 653 sic
1145 624 1268 658 ejusdem
1284 624 1449 658 legislatoris
1461 625 1551 650 anima
1566 632 1674 659 semper
1686 628 1764 651 extra

976 671 1002 697 id
1022 670 1255 704 progrediebatur,
1282 670 1309 696 in
1325 677 1380 704 quo
1399 673 1469 701 erat,
1489 670 1628 704 sequendo
1643 670 1762 697 Verbum

974 709 1138 743 prazcedens.

1009 772 1076 806 Quis
1093 771 1165 799 enim
1181 771 1289 806 ignorat
1306 771 1407 806 gradus
1429 771 1500 803 illos,
1518 780 1587 806 quos
1601 772 1763 799 Conscendit

974 818 1075 851 Moses,
1092 818 1138 852 qui
1153 825 1259 852 semper
1277 817 1364 850 major
1383 817 1557 848 reddebatur,
1577 821 1604 844 et
1622 825 1762 852 nunquam

974 864 1135 898 proficiundi
1151 864 1268 897 amplius
1282 863 1361 890 linem
1375 862 1510 890 faciebat?
1526 862 1611 897 Major
1624 863 1711 890 factus
1721 867 1764 890 est

974 910 1062 940 initio,
1088 917 1149 936 cum
1166 909 1355 944 [Egyptiorum
1382 915 1466 942 regno
1491 909 1636 935 sublimius
1663 916 1764 942 oppro-

974 956 1063 983 brium
1080 955 1181 981 Christi
1209 955 1340 982 duceret:
1367 961 1399 980 ac
1415 954 1460 980 Dei
1479 962 1540 980 cum
1565 955 1664 988 populo
1682 953 1763 988 afﬂigi

973 1001 1074 1032 mallet.
1099 1008 1180 1035 quam
1199 1000 1391 1034 temporariam
1415 999 1518 1034 peccati
1539 999 1697 1026 l'ruitionem
1714 999 1764 1025 ha—

974 1047 1046 1074 bere.
1067 1045 1185 1071 Rursum
1202 1045 1291 1079 major
1309 1045 1397 1072 factus
1411 1049 1463 1076 est,
1478 1052 1540 1071 cum
1555 1043 1684 1079 [Egyptio
1709 1043 1764 1071 He-

973 1092 1074 1119 brazum
1090 1090 1234 1126 adligante,
1256 1091 1393 1117 hominem
1409 1091 1528 1117 alienum
1553 1098 1568 1117 a
1589 1091 1699 1117 natione
1715 1097 1764 1117 sua

973 1142 1061 1164 morte
1073 1138 1181 1168 multat,
1195 1137 1375 1163 lsraeliticum
1389 1144 1575 1171 propugnans.
1588 1136 1620 1162 Et
1635 1136 1764 1171 intelligis

972 1182 1084 1209 omnino
1099 1182 1258 1209 incrementi
1273 1182 1382 1208 tnodum
1395 1183 1423 1208 in
1439 1182 1492 1212 his.
1506 1182 1678 1209 considerata
1697 1181 1765 1216 figu-

972 1233 1031 1255 rate
1047 1228 1171 1254 historia.
1190 1227 1310 1254 Rursum
1329 1227 1417 1261 major
1433 1227 1524 1262 seipso
1541 1227 1578 1258 fit,
1601 1234 1662 1253 cum
1683 1227 1765 1261 longo

973 1277 1093 1307 tempore
1115 1281 1163 1307 per
1186 1273 1445 1300 commentationem
1469 1273 1496 1299 in
1513 1272 1661 1300 solitudine
1678 1272 1762 1300 vitam

973 1319 1129 1346 hominibus
1154 1320 1272 1353 ignotam
1298 1324 1402 1353 ageret.
1425 1318 1528 1346 Deinde
1552 1319 1587 1346 ab
1612 1319 1685 1354 igne,
1714 1318 1762 1352 qui

973 1370 1032 1392 crat
1047 1365 1073 1391 in
1087 1365 1166 1395 rubo.
1182 1365 1346 1392 illustratur.
1363 1364 1519 1391 Secundum
1539 1364 1590 1390 hoc
1610 1368 1707 1398 przetet‘
1721 1364 1764 1390 lu-

973 1411 1013 1438 cis
1039 1410 1131 1438 radios
1157 1411 1245 1437 oculis
1272 1414 1417 1445 perceptus
1435 1411 1516 1438 etiam
1544 1410 1653 1437 auditus
1678 1409 1764 1444 ipsius

133 1452 228 1478 ἑαυτοῦ
244 1452 336 1487 βάσεις
349 1460 356 1465 ⁸
368 1452 507 1478 ἀναλίσκει
520 1453 552 1487 τῇ
571 1452 660 1488 ῥάϐδῳ
678 1454 740 1484 τοὺς
756 1453 921 1486 Αἰγυπτίους

975 1458 1078 1492 fulgore
1102 1458 1218 1492 quodam
1240 1457 1424 1492 perfunditur.
1451 1457 1491 1483 Ad
1518 1457 1574 1483 hzec
1599 1457 1681 1491 pedes
1699 1463 1764 1483 suos

133 1498 279 1532 δράκοντας
292 1505 298 1512 ·
319 1497 465 1532 ἐξαιρεῖται
481 1498 529 1532 τῆς
548 1498 703 1531 τυραννίδος
718 1498 764 1524 τοῦ
776 1498 876 1534 Φαραὼ
889 1498 919 1524 τὸ

133 1543 267 1578 ὁμόφυλον
277 1551 283 1558 ·
291 1543 426 1578 όδηγεῖται
440 1543 483 1569 διὰ
493 1543 608 1579 νεφέλης
616 1551 623 1559 ”
639 1543 737 1579 διαιρεῖ
748 1544 778 1570 τὸ
792 1544 918 1577 πέλαγος·

134 1589 296 1624 ὑποϐρύχιον
311 1590 383 1614 ποιεῖ
399 1589 447 1624 τὴν
463 1589 622 1624 τυραννίδα·
637 1589 775 1622 γλυκαίνει
786 1589 834 1624 τὴν
849 1588 922 1625 Μαρ-

136 1635 201 1669 ράν·
220 1635 321 1660 πιαίνει
336 1634 384 1669 τὴν
411 1635 514 1669 πέτραν
526 1644 532 1650 -
546 1636 706 1670 ἐμφορεῖται
730 1635 780 1669 τῆς
801 1634 855 1661 τῶν
869 1634 920 1668 ὰγὲ

134 1680 221 1713 γέλων
242 1680 343 1715 τροφῆς
353 1688 359 1695 ·
372 1680 426 1706 τῶν
440 1681 597 1714 σαλπίγγων
613 1681 705 1707 ἀκούει
718 1690 724 1697 '
744 1682 789 1707 τοῦ
805 1681 920 1716 καιομέ‹

136 1733 180 1750 νου
195 1724 273 1760 ὅρους
294 1725 465 1760 κατατολμᾷ·
481 1726 529 1760 τῆς
547 1726 702 1760 ἀκρωρείας
720 1726 835 1752 ἅπτεται
851 1735 857 1741 ·
873 1727 922 1761 τὴν

135 1770 251 1804 νεφέλην
273 1770 437 1805 ὑπέρχεται·
458 1770 532 1801 ἐντὸς
549 1771 594 1796 τοῦ
611 1771 711 1804 γνόφου
732 1772 835 1804 γίνεται
854 1772 882 1797 ὲν
901 1768 923 1804 ᾧ

135 1812 168 1849 ἦν
180 1816 279 1846 ὁΘεός·
288 1815 337 1849 τὴν
348 1814 478 1849 διαθήκην
489 1815 594 1849 δέχεται
603 1823 609 1829 ·
618 1816 693 1850 ἥλιος
704 1816 806 1850 γίνεται
821 1816 923 1849 ἀπροσ-

135 1860 268 1891 πέλαστος
298 1862 354 1891 τοῖς
380 1860 619 1895 προσεγγίζουσιν,
653 1861 696 1887 τοῦ
724 1861 869 1896 προσώπου
893 1862 924 1888 τὸ

136 1905 194 1939 φῶς
207 1906 420 1939 ἀπαστράπτων.
431 1906 484 1931 Καὶ
499 1905 557 1936 πῶς
575 1905 664 1937 πάσας
678 1906 824 1938 ἀναϐάσεις
841 1905 922 1933 αὑτοῦ

136 1951 169 1976 ἄν
184 1959 226 1981 τις
242 1950 348 1980 καὶτὰς
362 1949 628 1984 θεοφανείαςὲξέλθοι
643 1951 766 1983 ποικίλας
783 1951 822 1986 τῷ
835 1952 923 1986 λόγῳ;

143 1996 211 2021 Ἀλλ’
219 1996 292 2029 ὅμως
302 1996 316 2021 ό
325 1995 462 2026 τοσοῦτος,
473 1997 487 2021 ὁ
501 1996 628 2027 τοιοῦτος,
639 1997 653 2022 ὁ
664 1998 691 2022 ὲν
699 1997 836 2028 τοσούτοις
850 1998 925 2031 γενό-

139 2050 228 2076 μενος,
251 2041 298 2067 καὶ
315 2041 360 2067 διὰ
380 2042 504 2068 τοσοῦτον
519 2043 587 2077 πρὸς
605 2043 650 2069 τὸν
662 2043 727 2069 Θεὸν
743 2043 869 2078 ὑψωθεὶς,
884 2043 924 2070 ἔτι

138 2086 282 2120 ἀπλήστως
298 2086 353 2120 ἔχει
368 2086 417 2121 τῆς
433 2087 578 2122 ἐπιθυμίας
601 2087 646 2113 τοῦ
668 2088 802 2119 πλείονος,
814 2089 861 2114 καὶ
876 2089 923 2115 τοῦ

973 1501 1139 1528 cadaveroso
1161 1504 1316 1536 legumento
1336 1501 1475 1534 denudat;
1507 1500 1606 1527 baculo
1625 1500 1760 1527 dracones

974 1548 1117 1583 Egyptios
1132 1547 1269 1580 absumit;
1293 1547 1431 1574 nationem
1449 1554 1526 1574 suam
1553 1546 1704 1574 Pharaonis
1720 1551 1763 1581 ty-

974 1594 1087 1621 rannide
1115 1593 1231 1625 liberat;
1261 1601 1309 1627 per
1333 1592 1432 1619 nubem
1460 1599 1571 1619 suorum
1587 1592 1686 1619 ductor
1710 1597 1764 1624 est;

974 1639 1069 1666 dividit
1085 1647 1173 1673 mare;
1192 1639 1363 1673 tyrannidem
1386 1638 1533 1672 demergit;
1555 1638 1687 1664 Marrham
1703 1637 1766 1664 dul-

974 1691 1032 1710 cem
1048 1684 1155 1715 reddit;
1177 1692 1272 1711 savum
1287 1683 1385 1715 mollit;
1405 1684 1565 1717 angelorum
1581 1683 1643 1709 cibo
1659 1686 1767 1710 satura-

975 1733 1034 1761 tur;
1051 1729 1127 1758 audit
1144 1729 1240 1760 tubas;
1257 1728 1388 1754 audacter
1407 1731 1526 1754 montem
1540 1727 1679 1754 ardentem
1700 1734 1767 1753 con-

975 1773 1099 1806 scendit;
1118 1774 1144 1799 in
1162 1773 1291 1800 verticem
1310 1773 1453 1807 pervertit;
1471 1772 1571 1799 nubent
1587 1773 1681 1805 subit;
1699 1772 1767 1798 cali-

974 1815 1063 1853 gine'm
1082 1819 1177 1850 intrat,
1194 1818 1220 1844 in
1243 1825 1296 1852 qua
1315 1817 1385 1844 Detts
1397 1822 1470 1849 erat;
1495 1817 1584 1844 foedus
1601 1817 1715 1851 accipit;
1738 1815 1768 1841 fit

976 1865 1027 1894 sol,
1050 1865 1114 1890 dum
1139 1864 1245 1898 fulgens
1271 1871 1286 1890 e
1302 1863 1377 1889 vultu
1399 1863 1488 1889 lumen
1505 1863 1614 1893 emittit,
1641 1862 1673 1888 ad
1692 1861 1766 1896 quod

975 1910 1105 1937 accedere
1130 1909 1243 1943 propius
1267 1915 1347 1935 nemo
1362 1912 1465 1942 posset.
1480 1907 1512 1934 Et
1525 1908 1571 1942 qui
1591 1907 1701 1934 tandem
1716 1907 1767 1934 ali-

975 1956 1037 1990 quis
1050 1962 1144 1981 omnes
1163 1954 1251 1988 ipsius
1275 1961 1408 1980 ascensus
1434 1953 1581 1987 variasque
1598 1953 1644 1980 Dei
1664 1952 1768 1987 patefa-

975 2000 1079 2027 ctioncs
1105 1999 1195 2025 verbis
1221 1998 1385 2025 enumeret?
1409 1998 1591 2025 Nihilominus
1610 1998 1651 2024 vir
1673 2001 1768 2026 tantus

976 2053 1008 2073 ac
1021 2045 1092 2077 talis,
1113 2044 1159 2079 qui
1173 2044 1256 2070 tantis
1270 2044 1352 2071 rebus
1364 2044 1536 2075 interfuerat,
1557 2048 1584 2070 et
1599 2051 1686 2078 usque
1699 2044 1768 2070 adeo

976 2090 1003 2116 in
1029 2089 1146 2117 sublime
1176 2089 1209 2115 ad
1237 2088 1321 2114 Deum
1346 2092 1546 2123 penetraverat,
1574 2088 1768 2115 insatiabiliter

138 2130 208 2156 κατὰ
225 2130 368 2165 πρόσωπον
385 2130 447 2157 ἰδεῖν
464 2132 508 2157 τὸν
523 2132 588 2158 Θεὸν
620 2133 712 2167 ἱκέτης
728 2134 840 2167 γίνεται.
854 2134 920 2160 Καί-

980 2136 1114 2170 ampliora
1130 2135 1312 2169 concupiscit,
1329 2142 1360 2161 ac
1375 2131 1536 2169 suppliciter
1549 2135 1625 2169 petit,
1639 2139 1667 2161 ut
1682 2134 1768 2162 Deum

136 2183 178 2202 τοι
194 2177 417 2211 μαρτυρήσαντος
439 2176 487 2211 ήδη
515 2177 561 2203 τοῦ
577 2177 667 2212 λόγου,
681 2179 729 2214 τῆς
752 2179 823 2205 κατὰ
836 2180 922 2215 πρόσ-

136 2230 210 2247 ωπον
226 2221 307 2248 αὐτοῦ
325 2222 431 2256 ὁμιλίας
445 2222 586 2256 1ἠξιῶσθαι.
603 2223 671 2249 Ἀλλ’
683 2225 756 2259 ὅμως
766 2224 827 2251 οὔτε
841 2225 871 2251 τὸ
886 2225 924 2257 ὡς

137 2268 207 2302 φίλῳ
233 2267 497 2302 προσδιαλέγεσθαι·
515 2269 575 2295 οὕτε
597 2271 612 2303 ή
631 2271 716 2305 στόμα
741 2271 810 2297 κατὰ
838 2271 925 2306 στόμα

137 2313 266 2348 γινομένη
283 2312 357 2348 αὑτῷ
376 2314 443 2348 πρὸς
466 2314 531 2340 Θεὸν
548 2315 650 2349 ὁμιλία,
677 2316 725 2351 τῆς
749 2316 804 2342 τῶν
824 2316 925 2342 ἀνωτέ-

140 2366 193 2393 ρων
209 2358 288 2384 αὐτὸν
306 2358 453 2393 ἐπιθυμίας
464 2359 579 2394 ἵστησιν.
595 2360 714 2397 Ἀλλ’,Εί
724 2361 838 2396 εὕρηκα,
848 2362 923 2397 φησὶ,

139 2405 218 2440 χάριν
229 2403 343 2430 ἐνώπιόν
360 2413 417 2436 σου,
436 2404 584 2439 ἐμφάνισον
601 2414 646 2440 μοι
665 2406 777 2432 σεαυτὸν
788 2407 927 2440 γνωστὼς.

139 2451 193 2476 Καὶ
209 2451 223 2476 ό
237 2450 286 2485 τὴν
302 2450 458 2484 αἱτηθεῖσαν
472 2451 549 2486 χάριν
565 2451 661 2477 δώσειν
683 2453 927 2487 ἐπαγγειλάμενος,

138 2497 152 2522 ό
164 2496 259 2527 ειπων,
279 2496 394 2529 Ἕγνων
404 2496 441 2521 σὲ
455 2496 534 2530 παρὰ
546 2497 671 2529 πάντας,
694 2498 862 2533 παρέρχεται
881 2498 930 2524 αὺ-

138 2541 184 2565 τον
196 2540 242 2566 ἐπὶ
258 2539 304 2566 τοῦ
328 2539 400 2565 θείου
423 2540 504 2566 τόπου
520 2542 548 2566 ὲν
565 2543 598 2576 τῇ
618 2543 705 2577 πέτρᾳ
717 2543 770 2568 ὑπὸ
784 2544 833 2577 τῆς
854 2543 929 2574 θείας

139 2584 230 2618 χειρὸς
249 2583 450 2618 σκεπαζόμενον
472 2594 477 2599 ·
502 2585 572 2611 ὥστε
590 2587 675 2621 ,μόγις
701 2588 763 2614 ἰδεῖν
791 2589 860 2624 μετά
881 2590 930 2624 τὴν

140 2629 257 2664 πάροδον
270 2629 352 2656 αὑτοῦ
369 2630 402 2655 τὰ
415 2630 533 2659 ὀπίσθια.
546 2631 693 2663 Διδάσκων,
710 2632 796 2668 οἶμαι,
809 2634 853 2660 διὰ
867 2635 929 2661 τού-

139 2683 194 2700 των
212 2676 226 2702 6
244 2675 332 2709 λόγος,
359 2676 398 2701 ὅτι
424 2677 438 2702 ό
455 2676 518 2702 ἰδεῖν
534 2677 578 2703 τὸν
594 2678 659 2704 Θεὸν
681 2680 831 2714 ἐπιθυμῶν,
847 2680 875 2706 ὲν
889 2680 928 2716 τῷ

141 2720 185 2746 ἀεὶ
199 2720 273 2754 αὐτῷ
297 2721 454 2747 ἀκολουθεῖν
481 2723 531 2756 ὁρᾷ
552 2722 582 2748 τὸ
598 2724 834 2758 ποθούμενον,καὶ
848 2727 863 2760 ἡ
879 2725 926 2752 τοῦ

141 2765 288 2800 προσώπου
302 2766 383 2792 αὑτοῦ
401 2766 501 2802 θεωρία
517 2768 589 2794 ἐστὶν
603 2769 619 2803 ή
636 2768 773 2802 ἄπαυστος
793 2771 862 2806 πρὸς
877 2772 926 2798 αὺ-

171 2851 193 2866 ¹⁹
202 2851 300 2880 Joanu.
313 2861 338 2885 κ,
352 2853 377 2881 9.
408 2855 430 2870 '°
444 2853 527 2882 Exod.
544 2863 641 2889 xxxiii,
660 2857 702 2884 I7.

975 2182 1046 2209 facie
1063 2181 1150 2216 possit
1169 2181 1278 2208 intueri.
1298 2180 1381 2215 Atqui
1403 2180 1459 2214 jam
1484 2183 1547 2206 ante
1561 2183 1660 2207 testata
1676 2179 1767 2207 fuerat

975 2227 1127 2262 Scriptura.
1152 2227 1250 2253 factam
1275 2226 1299 2253 ei
1321 2226 1406 2252 fuisse
1421 2225 1528 2259 copiam
1545 2225 1767 2253 conversationis

974 2281 1037 2300 cum
1056 2273 1109 2300 Deo
1123 2272 1156 2299 de
1172 2272 1240 2299 facie
1258 2271 1291 2298 ad
1306 2270 1412 2298 faciem.
1431 2270 1614 2297 Nihilominus
1634 2278 1722 2305 neque
1738 2271 1767 2298 ιιι

975 2317 1047 2351 quod
1075 2317 1278 2350 colloqueretur
1304 2323 1364 2342 cum
1391 2314 1446 2342 Deo
1474 2315 1553 2349 quasi
1581 2315 1684 2342 anticus
1699 2323 1761 2343 cum

976 2363 1064 2390 amico
1077 2382 1083 2394 ,
1111 2370 1198 2396 neque
1215 2361 1286 2395 qttod
1303 2361 1472 2387 familiariter
1487 2368 1548 2386 cutn
1567 2368 1599 2386 eo
1618 2368 1767 2388 conversa-

977 2413 1064 2438 retur,
1092 2407 1217 2434 inhibere
1235 2406 1412 2440 cupiditatem
1430 2406 1489 2440 ejus
1513 2409 1628 2440 poterat,
1653 2410 1682 2432 ut
1700 2407 1770 2433 ulte-

978 2454 1049 2480 riora
1066 2461 1118 2479 non
1133 2457 1283 2487 expeteret.
1308 2451 1336 2478 Si
1353 2452 1480 2486 gratiam,
1498 2451 1595 2485 inquit,
1614 2450 1704 2478 inveni
1722 2459 1769 2480 co-

978 2507 1036 2526 ram
1056 2503 1092 2530 to,
1111 2498 1258 2533 patefacito
1274 2498 1340 2525 mihi
1363 2498 1480 2532 teipsum
1500 2498 1547 2529 ita,
1573 2501 1602 2524 ut
1622 2505 1771 2532 agnoscere

981 2549 1008 2571 te
1028 2544 1141 2578 possint.
1158 2543 1190 2569 Et
1209 2543 1232 2570 is
1248 2543 1294 2577 qui
1307 2544 1422 2576 gratiam
1437 2543 1508 2569 hanc
1522 2542 1573 2577 ipsi
1591 2542 1725 2570 facturum
1740 2551 1769 2572 se

980 2590 1136 2625 pollicetur,
1151 2589 1191 2616 uti
1220 2594 1330 2624 rogatus
1347 2593 1406 2616 erat
1431 2589 1512 2623 (cum
1528 2588 1637 2623 quidem
1655 2589 1768 2619 diceret,

982 2636 1050 2663 Novi
1066 2640 1089 2662 te
1103 2643 1186 2670 supra
1197 2643 1286 2661 omnes
1298 2634 1347 2669 ‘°),
1359 2634 1478 2668 praeterit
1491 2642 1552 2661 eum
1565 2634 1591 2660 in
1605 2633 1698 2660 divino
1712 2634 1772 2660 loco

981 2681 1007 2707 in
1022 2685 1108 2716 petra,
1123 2689 1205 2708 manu
1219 2680 1311 2707 divina
1322 2684 1422 2707 tectum
1437 2689 1444 2706 :
1462 2679 1498 2706 ita
1513 2684 1542 2706 ut
1554 2680 1595 2706 vix
1611 2683 1671 2714 post
1681 2683 1772 2706 trans-

980 2729 1048 2756 itum
1074 2729 1227 2764 posteriora
1254 2728 1302 2755 Dei
1328 2727 1510 2762 conspiceret.
1543 2727 1650 2760 Quibus
1668 2726 1769 2758 Verbis,

979 2779 1009 2802 ιιι
1029 2774 1156 2810 equidem
1183 2774 1312 2806 arbitror,
1340 2773 1488 2806 docemur,
1525 2782 1588 2802 eum
1609 2774 1655 2808 qui
1679 2773 1770 2800 videre
