1978 3068
243 118 310 145 {027

837 115 866 144 S.
888 113 1051 143 GREGORII
1069 114 1214 145 NYSSENI

1806 117 1870 145 I028

240 177 325 205 Deum
340 177 443 212 cupiat,
462 176 590 204 desiderii
613 180 766 211 compotem
781 176 839 203 ﬁeri
861 182 970 210 semper
985 182 1025 202 se-

1080 175 1126 201 τὸν
1141 175 1254 210 πορεία,
1275 176 1369 212 πρόσω
1383 176 1427 203 διὰ
1441 176 1473 203 τδ
1485 177 1598 203 κατόπιν
1614 176 1729 203 ἕπεσθαι
1744 177 1784 212 τῷ
1792 178 1870 213 Λόγῳ

240 223 360 258 quendo,
376 227 402 250 et
415 222 514 250 divinae
529 223 608 249 faciei
624 222 821 256 contemplatio
835 225 877 248 est
893 221 934 248 ad,
944 222 1029 249 Deum

240 278 379 305 nunquam
400 270 552 305 interrupta
578 270 745 305 progressio.
763 277 824 303 quae
845 273 904 296 tum
918 270 1028 296 demum

240 316 321 343 nobis
335 316 464 350 pmclare
489 315 622 347 succedit,
646 322 707 342 cum
725 314 845 342 Verbum
863 322 878 341 a
896 319 973 350 tergo
986 322 1029 342 se-

239 363 360 395 quimur.
379 362 425 389 Sic
438 362 521 396 igitur
539 369 612 388 nunc
628 362 710 388 etiam
734 366 911 396 posteaquam
937 361 1027 388 anima

239 415 289 441 per
307 411 421 434 mortem
439 407 570 439 surrexit,
595 411 773 441 posteaquam
791 406 901 441 myrrha
927 406 1030 441 repleta

238 455 292 482 est,
308 455 484 484 posteaquam
501 457 549 485 per
561 457 642 485 opera
656 457 754 477 manus
765 449 885 476 admovit
899 450 1030 482 claustro,

238 505 323 531 seque
350 496 570 523 intromissuram
599 495 784 522 desideratum
810 495 942 530 speravit,
972 500 1030 523 tum

237 545 346 572 demum
368 544 413 571 ille
431 543 542 578 quidem
565 542 694 577 praeterit,
728 543 786 570 haec
810 550 876 570 vero
911 543 1060 578 egreditur,

240 589 356 617 Verbum
373 593 497 624 tangens.
510 589 582 622 quod
599 589 632 616 ad
649 589 779 616 ulteriora
800 588 885 616 ducit.

272 636 339 668 Quae
357 639 446 662 autem
463 639 617 669 sequuntur
630 634 724 667 verba,
751 635 839 669 magis
864 634 946 662 etiam
962 642 1029 662 con-

238 681 347 708 ﬁrmant
363 680 563 708 consideratam
580 687 594 706 a
605 680 685 707 nobis
699 680 832 707 hactenus
845 681 1026 708 sententiam:

236 734 291 754 non
305 726 435 762 cognosci
455 730 561 752 naturae
575 726 674 753 divime
689 726 908 761 magnitudinem
924 727 952 753 in
965 735 1028 762 per-

237 773 373 807 cipiendo,
392 773 439 800 sed
468 773 495 799 in
511 779 545 799 eo
564 771 636 806 quod
666 778 775 799 omnem
801 772 1025 807 imaginationem

237 827 269 846 ac
283 819 349 849 vim,
363 827 416 853 qua
430 818 496 853 quid
518 817 770 853 comprehenditur,
790 822 944 852 praetereat.
959 818 1026 846 Nam

236 871 298 897 quae
318 867 394 889 extra
412 867 539 890 naturam
566 869 643 889 suam
661 869 772 897 egressa
795 862 850 896 jam
865 865 956 890 anima
972 867 1025 896 est,

237 916 270 935 ne
288 909 322 935 ab
347 908 400 934 ulla
428 915 458 934 re
480 912 611 934 consueta
637 907 803 941 impediatur
826 908 853 935 in
871 909 1027 944 cognitione

236 961 328 981 rerum
353 953 404 980 sub
427 954 523 980 oculos
548 960 601 979 non
625 952 781 980 cadentium
801 962 808 980 :
831 961 919 988 neque
936 955 1026 989 inqui-

237 999 313 1026 rendi
327 999 389 1029 hoc,
407 997 479 1033 quod
497 1005 551 1025 non
566 998 730 1030 inveniebat,
751 999 831 1026 linem
847 999 920 1032 facit,
937 1008 1026 1035 neque

235 1051 335 1071 vocare
347 1043 459 1076 desinit,
475 1043 548 1078 quod
562 1044 708 1078 ca=teroqui
723 1044 841 1072 neminis
854 1045 945 1073 eﬁ‘erri
959 1054 1026 1074 voce

236 1093 337 1125 potest.
362 1088 408 1116 Sic
427 1089 499 1115 enim
515 1089 573 1116 ait:
593 1089 708 1121 Qumivi
727 1097 798 1119 eum,
815 1095 840 1117 et
863 1099 916 1118 non
939 1091 1026 1118 inveni

233 1143 303 1163 eum.
321 1134 389 1162 Nam
413 1142 468 1169 quo
489 1139 570 1169 pacto
588 1134 705 1162 inveniri
729 1139 833 1170 posset,
850 1136 924 1170 quod
945 1137 1025 1164 nulla:

235 1189 280 1209 res
295 1181 376 1208 nobis
396 1181 512 1215 cognitae
531 1179 676 1207 ostendere
698 1181 835 1215 possunt?
854 1189 909 1208 nou
926 1181 1023 1213 forma,

235 1235 288 1254 non
305 1227 391 1257 color,
412 1233 467 1252 non
489 1225 719 1260 circumscriptio,
737 1233 790 1253 non
806 1226 956 1260 quantitas,
970 1235 1024 1254 non

234 1272 321 1303 locus,
338 1279 392 1298 non
406 1271 504 1305 ﬁgura,
521 1278 575 1297 non
588 1270 759 1304 conjectura,
775 1279 828 1298 non
849 1272 1022 1304 assimilatio.

234 1325 288 1344 non
301 1316 452 1352 proportio,
468 1315 515 1342 sed
530 1315 603 1350 quod
619 1323 727 1350 semper
739 1319 816 1342 extra
830 1324 939 1343 omnem
962 1325 1025 1352 per-

234 1362 369 1395 ceptionis
392 1361 462 1388 viam
487 1362 617 1395 positum,
639 1361 911 1395 comprehensionem
929 1369 1025 1396 perve—

234 1406 393 1441 stigantium
413 1405 493 1440 plane
515 1404 594 1439 fugit.
612 1403 771 1439 Propterea,
787 1405 885 1439 inquit,
909 1407 1022 1440 quaesivi

1082 222 1300 258 κατορθουμένη.
1326 223 1406 250 Οὕτω
1423 224 1512 250 τοίνυν
1535 223 1582 250 καὶ
1609 223 1658 249 νῦν
1679 224 1697 258 ἡ
1713 223 1803 258 ψυχὴ,
1827 224 1871 250 ὃτι

1080 267 1181 303 ἀνέστη
1198 268 1241 295 διὰ
1257 268 1304 294 τοῦ
1317 268 1497 299 θανάτου,ὃτε
1515 268 1660 304 ἐπληρώθη
1676 269 1724 304 τῆς
1738 269 1870 305 σμύρνης,

1076 314 1124 340 ὅτε
1134 315 1293 349 προσήγαγε
1306 314 1346 349 τῷ
1353 314 1470 350 κλείθρῳ
1483 314 1527 341 διὰ
1539 315 1593 341 τῶν
1605 314 1693 350 ἐργων
1708 315 1757 346 τὰς
1767 316 1870 350 χεῖρας,

1079 360 1127 386 καὶ
1141 360 1329 387 ἐσοικίσασθαι
1343 361 1390 386 τὸν
1412 360 1579 395 ποθούμενον
1592 360 1692 394 ἢλπισε
1701 367 1708 374 ·
1720 360 1780 385 τότε
1792 360 1807 385 ό
1822 360 1870 394 μὲν

1080 406 1259 442 παρέρχεται,
1270 407 1287 442 ἡ
1298 407 1326 432 δὲ
1336 406 1486 441 ἐξέρχεται,
1495 406 1589 432 οὐκέτι
1605 405 1722 440 μένουσα
1731 406 1760 431 ὲν
1772 402 1812 436 οἷς
1826 402 1869 440 ἦν·

1079 451 1147 478 ἀλλὰ
1163 452 1210 478 τοῦ
1228 451 1315 486 Λόγου
1334 452 1380 478 ἐπὶ
1402 452 1436 479 τὰ
1461 452 1555 487 πρόσω
1580 451 1786 487 προηγουμένου
1810 451 1871 484 iga.

1080 497 1212 533 πτομένη.

1082 553 1137 573 non
1163 545 1280 580 amplius
1305 552 1420 573 manens
1439 545 1467 572 in
1492 545 1537 578 iis,
1561 545 1590 572 in
1605 544 1707 579 quibus
1725 548 1794 576 erat,
1821 543 1869 570 sed

1123 635 1152 662 Ὀ
1165 635 1194 662 δὲ
1210 635 1308 670 ἑφεξῆς
1320 635 1399 669 λόγος
1420 635 1518 671 μᾶλλον
1531 636 1597 671 ἡμῖν
1618 634 1722 670 βεϐαιοί
1742 634 1792 668 τὴν
1807 643 1870 670 προ-

1081 681 1266 716 θεωρηθεῖσαν
1282 681 1410 712 διάνοιαν,
1430 681 1471 707 ὄτι
1487 682 1537 707 οὐκ
1552 682 1581 707 ὲν
1602 680 1642 716 τῷ
1661 679 1869 714 καταλαμϐάνε-

1081 727 1143 754 σθαι
1159 727 1190 753 τὸ
1214 726 1329 762 μέγεθος
1345 727 1395 762 τῆς
1410 726 1485 758 θείας
1499 726 1660 762 γνωρίζεται
1675 725 1793 760 φύσεως,
1811 725 1868 752 ἀλλ’

1079 771 1109 797 ὲν
1127 770 1167 806 τῷ
1184 771 1310 807 παριέναι
1329 772 1419 798 πᾶσαν
1436 771 1643 807 καταληπτικὴν
1656 771 1805 805 φαντασίαν
1821 770 1869 798 καὶ

1077 816 1202 852 δύναμιν.
1222 817 1254 843 Ἦ
1270 816 1323 851 γὰρ
1336 816 1442 843 ὲκὸᾶσα
1458 817 1509 851 ἥδη
1525 817 1574 851 τὴν
1589 816 1671 851 φύσιν
1682 816 1766 851 ψυχὴ,
1781 816 1819 848 ὡς
1836 816 1868 843 ἂν

1079 862 1174 897 μηδενὶ
1195 862 1250 889 τῶν
1265 861 1388 897 συνήθων
1409 862 1478 897 πρὸς
1492 862 1540 897 τὴν
1553 862 1654 896 γνῶσιν
1674 861 1729 888 τῶν
1746 862 1868 896 ἀοράτων

1077 909 1210 936 κωλύοιτο
1222 918 1230 926 ο
1241 908 1303 936 οὔτε
1313 909 1434 944 ζητοῦσα
1444 908 1474 935 τὸ
1486 908 1522 943 μὴ
1540 907 1733 943 εὑρισκόμενον
1748 908 1865 940 ἵσταται,

1076 953 1137 980 οὔτε
1154 953 1275 981 καλοῦσα
1291 955 1322 980 τὸ
1346 953 1537 989 ἀνεκφώνητον
1560 954 1687 982 παύεται.
1703 954 1772 990 Φησὶ
1794 955 1848 990 γάρ
1860 961 1867 969 ·

1076 999 1117 1026 ὅτι
1144 999 1291 1033 Ἐζήτησα
1308 1000 1411 1031 αὐτὸν,
1430 999 1478 1026 καὶ
1494 1000 1551 1034 οὐχ
1574 997 1666 1033 εὗρον
1683 1000 1785 1027 αὐτόν.
1807 999 1869 1032 Πῶς

1076 1045 1131 1080 γὰρ
1144 1045 1176 1072 ἂν
1191 1045 1326 1080 εὑρεθείη.
1339 1044 1353 1071 ὅ
1366 1045 1463 1080 μηνύει
1479 1044 1533 1071 τῶν
1549 1045 1760 1080 γινωσκομένων
1776 1045 1866 1076 οὺδὲν;

1077 1091 1128 1119 οὐκ
1148 1089 1227 1123 εἶδος,
1243 1091 1273 1117 οὐ
1291 1090 1398 1126 χρῶμα,
1413 1090 1444 1117 οὐ
1458 1090 1626 1126 περιγραφὴ,
1640 1090 1670 1116 οὺ
1686 1090 1815 1126 ποσότης,
1833 1091 1864 1117 οὗ

1075 1137 1167 1168 τόπος,
1184 1137 1214 1163 οὐ
1231 1136 1334 1172 σχῆμα,
1349 1136 1379 1162 οὐ
1403 1136 1569 1171 στοχασμὸς,
1586 1136 1636 1162 οὐκ
1652 1136 1801 1171 εἰκασμὸς,
1818 1136 1867 1164 οὐκ

1077 1182 1216 1217 ἀναλογία·
1235 1182 1303 1209 ἀλλὰ
1318 1182 1409 1217 πάσης
1423 1182 1629 1216 καταληπτικῆς
1648 1182 1743 1216 ἐφόδου
1767 1182 1865 1215 ἐξώτε-

1077 1237 1123 1264 ρον
1139 1229 1183 1255 ἀεὶ
1202 1228 1405 1264 εὑρισκόμενον.
1423 1227 1552 1262 ἐκφεύγει
1568 1228 1676 1259 πάντως
1686 1227 1736 1263 τὴν
1749 1228 1803 1254 τῶν
1817 1227 1867 1263 ζη-

1075 1272 1293 1308 τούντωνλαϐήν¹
1311 1273 1354 1300 διὰ
1367 1273 1446 1299 τοῦτό
1462 1281 1556 1308 φησιν,
1574 1273 1660 1299 Αὐτὸν
1679 1273 1810 1308 ἐζήτησα,
1824 1274 1868 1300 διὰ

1075 1318 1129 1345 τῶν
1145 1318 1299 1354 εὑρητικῶν
1321 1319 1371 1353 τῆς
1395 1317 1485 1353 ψυχῆς
1507 1318 1659 1353 δυνάμεων,
1683 1319 1712 1345 ἐν
1728 1319 1868 1353 λογισμοῖς

1076 1365 1123 1391 καὶ
1140 1365 1259 1400 νοήμασι
1281 1372 1286 1379 ·
1304 1365 1351 1391 καὶ
1368 1365 1477 1395 πάντως
1493 1362 1625 1400 ἐξώτερος
1653 1362 1704 1399 ἦν,
1719 1364 1764 1391 τον
1782 1373 1868 1399 προσ-

1076 1411 1207 1445 εγγισμδν
1230 1410 1281 1445 τῆς
1296 1409 1413 1440 διανοίας
1438 1409 1643 1444 διαδιδράσκων,
1671 1409 1700 1435 ’0
1715 1410 1743 1436 δὲ
1767 1410 1868 1441 παντὸς

233 1460 295 1479 eum
317 1459 364 1486 per
389 1450 473 1477 animi
499 1449 644 1477 facultates
661 1457 719 1481 cas,
745 1457 805 1484 quae
826 1451 982 1479 inveniendi
1002 1453 1025 1479 vi

1079 1455 1259 1491 γυωριστικοῦ
1269 1456 1448 1491 χαρακτῆρος,
1455 1455 1537 1489 ὲξώτε
1542 1464 1587 1491 ρος
1599 1455 1643 1482 ἀεὶ
1661 1456 1691 1482 εὖ
1697 1456 1867 1491 ρισκόμενος,

233 1497 352 1532 ριίεάίιεε
372 1500 447 1526 sunt,
469 1503 517 1530 per
532 1496 757 1523 ratiocinationes
781 1500 808 1523 et
824 1497 1025 1531 cogitationes;

234 1549 261 1569 at
275 1547 352 1569 extra
373 1542 430 1568 luec
447 1541 537 1567 omnia
553 1541 659 1575 positus
671 1545 740 1571 erat.
768 1549 909 1570 accessum
927 1544 1027 1571 mentis

233 1588 388 1623 propiorem
415 1586 558 1621 effugiens.
586 1585 637 1618 Qui
665 1594 731 1613 vero
755 1595 865 1622 semper
889 1588 1028 1622 reperitur

233 1633 307 1660 onmi
324 1639 387 1659 nota
404 1640 508 1662 carere,
523 1631 556 1659 de
572 1639 625 1666 qua
639 1633 726 1666 possit
741 1634 865 1667 agnosci,
879 1641 934 1668 quo
947 1638 1027 1668 pacto

233 1683 315 1713 queat
329 1680 351 1706 is
369 1686 417 1713 per
435 1678 630 1705 indieationem
646 1678 878 1712 aliquamvocum
902 1680 1027 1714 percipi?

235 1724 310 1751 Hanc
322 1724 356 1750 ob
367 1731 479 1751 causam
489 1724 626 1758 excogitat
638 1723 749 1758 quidem
760 1724 814 1751 vim
830 1725 1025 1752 vocabulorum

234 1770 323 1797 omnis
338 1770 455 1804 generis,
482 1769 515 1795 ad
533 1769 744 1804 explicationem
761 1769 825 1796 boni
845 1770 907 1804 ejus
931 1771 1027 1798 ineffa-

234 1816 309 1846 bilis,
327 1815 374 1843 sed
389 1815 461 1842 enim
483 1814 572 1843 omnis
586 1814 627 1842 vis
642 1815 787 1847 orationis,
802 1823 855 1850 qua
868 1815 934 1850 quid
951 1815 1027 1843 eﬁ'er-

233 1866 289 1892 tur,
308 1861 421 1889 inferior
436 1864 488 1893 est,
504 1865 532 1888 et
548 1861 660 1888 minime
674 1861 821 1888 veritalem
838 1868 948 1896 sequare
963 1868 1029 1888 con-

234 1907 360 1933 vincitur.
392 1905 497 1933 Idcirco
525 1906 576 1933 ait:
607 1905 708 1933 Vocavi
739 1906 849 1940 quidem
875 1906 1025 1942 (quantum

234 1952 325 1988 potui)
339 1951 520 1987 excogitando
536 1959 617 1979 voces
633 1952 735 1986 quibus
747 1951 893 1980 ineffabilis
904 1953 949 1980 illa
961 1953 1026 1980 bea-

234 1998 321 2024 titudo
342 2001 622 2029 eommoustraretur;
647 2001 673 2023 at
687 1997 732 2024 ille
746 1997 838 2032 major
858 2003 927 2030 erat,
944 2006 1024 2033 quam

235 2045 282 2079 qui
305 2052 354 2079 per
370 2044 419 2071 has
436 2043 650 2078 signiﬁcationes
677 2042 793 2069 indicari
817 2047 921 2077 posset.
949 2043 1026 2071 Facit

235 2090 288 2117 hoc
304 2096 488 2124 saepenumero
505 2088 587 2115 etiam
601 2094 717 2122 magnus
731 2088 777 2115 ille
792 2087 889 2119 David,
907 2089 1023 2117 inﬁnitis

1078 1501 1135 1533 πῶς
1145 1502 1178 1528 ἂν
1187 1502 1231 1528 διά
1242 1510 1313 1532 τινος
1326 1501 1508 1536 ὀνομαπικῆς
1520 1501 1657 1536 σημασίας
1670 1501 1866 1536 περιληφθείη;

1077 1547 1178 1573 Τούτου
1192 1547 1271 1582 χάριν
1285 1547 1387 1573 ἐπινοεῖ
1399 1546 1448 1581 μὲν
1459 1546 1590 1572 παντοίαν
1604 1546 1742 1580 ὀνομάτων
1754 1546 1868 1580 δύναμιν

1076 1593 1117 1623 εἰς
1129 1592 1177 1627 τὴν
1196 1592 1242 1618 τοῦ
1258 1591 1397 1627 ἀφράστου
1415 1591 1519 1625 ἀγαθοῦ
1544 1591 1692 1626 σημασίαν,
1711 1592 1826 1626 ἡττᾶται
1838 1591 1868 1618 δὲ

1077 1639 1154 1665 πᾶσα
1166 1637 1303 1673 φραστικὴ
1310 1638 1389 1671 λόγου
1400 1637 1524 1672 δύναμις,
1534 1638 1581 1664 καὶ
1594 1637 1644 1672 τῆς
1656 1637 1786 1672 ἀληθείας
1795 1637 1868 1664 ἐλάτ-

1076 1693 1130 1710 των
1157 1683 1306 1718 ἐλέγχεται.
1334 1684 1380 1712 Διό
1407 1690 1488 1716 φησιν
1507 1689 1514 1696 ⁸
1538 1681 1610 1715 Ἐγὼ
1635 1681 1684 1716 μὲν
1702 1681 1815 1708 ἐκάλουν
1829 1681 1867 1713 ὡς

1076 1728 1222 1763 ἐδυνάμην,
1238 1727 1382 1754 ὲπινοοῦσα
1407 1727 1498 1761 φωνὰς
1520 1727 1688 1758 ὲνδεικτικὰς
1707 1727 1758 1762 τῆς
1778 1727 1867 1762 ἀφρά-

1076 1781 1138 1798 στου
1170 1772 1371 1808 μακαριότητος
1383 1779 1389 1786 ⁸
1403 1773 1417 1798 ὁ
1430 1771 1458 1798 δὲ
1483 1771 1615 1806 κρείττων
1631 1769 1664 1807 ἦν
1680 1772 1728 1807 τῆς
1743 1771 1797 1798 τῶν
1810 1780 1868 1807 ση-

1077 1817 1248 1853 μαινομένων
1275 1817 1413 1850 ὲνδείξεως
1431 1837 1437 1843 .
1457 1813 1519 1843 Οἷον
1545 1817 1578 1852 δὴ
1601 1818 1673 1843 ποιεῖ
1689 1817 1735 1843 καὶ
1749 1818 1763 1843 ὁ
1780 1817 1867 1852 μέγας

1075 1864 1168 1896 Δαίὲὶδ,
1183 1863 1313 1894 πολλάκις
1329 1862 1437 1898 μυρίοις
1449 1862 1559 1897 ὀνόμασι
1575 1863 1606 1889 τὸ
1616 1864 1694 1891 Θείον
1705 1863 1804 1891 καῖ’-ὦν.
1818 1863 1868 1889 καὶ

1076 1909 1209 1944 ἡττᾶσθαι
1223 1909 1273 1943 τῆς
1297 1909 1427 1944 ἀληθείας
1443 1909 1591 1943 ὁμολογῶν.
1607 1908 1642 1934 Σὺ
1661 1908 1724 1942 γὰρ,
1741 1909 1833 1943 φησιν,
1851 1909 1867 1935 ό

1075 1955 1151 1986 Θεὸς,
1179 1955 1359 1989 οίκτείρμων,
1375 1955 1422 1980 καὶ
1451 1954 1585 1988 ἐλεήμων,
1611 1954 1800 1989 μακρόθυμος,
1819 1956 1866 1981 καὶ

1075 2001 1228 2032 πολυέλεος,
1245 2001 1290 2027 καὶ
1306 1991 1447 2035 Ἀληθινδς,
1471 2001 1517 2027 καὶ
1542 2001 1627 2035 ἰσχὺς.
1645 2001 1691 2027 καὶ¹
1710 2001 1865 2036 στερέωμα,

1075 2047 1232 2081 καταφυγὴ,
1248 2047 1295 2073 καὶ
1308 2046 1433 2081 δύναμις,
1447 2047 1494 2073 καὶ
1510 2046 1615 2081 βοηθὸς,
1625 2046 1671 2073 καὶ
1681 2046 1864 2081 ἀντιλὴτπωρ,

1075 2093 1122 2120 καὶ
1151 2093 1235 2128 κέρας
1263 2093 1409 2128 σωτηρίας.
1433 2093 1480 2119 καὶ
1495 2092 1530 2119 τὰ
1554 2092 1673 2119 τοιαῦτα,
1699 2093 1754 2119 Καὶ
1786 2093 1865 2119 πάλιν

234 2135 391 2163 nominibus
410 2134 513 2161 Numen
529 2134 651 2161 divinqu
674 2134 853 2168 compellans,
868 2143 901 2162 ac
916 2135 1020 2162 nihilo-

1078 2125 1201 2173 όμολογεί
1215 2138 1256 2164 ὅτι
1268 2125 1353 2172 ὄνομα
1372 2137 1454 2163 αὑτοῦ
1471 2137 1500 2164 ὲν
1519 2137 1593 2173 πάσῃ
1605 2138 1638 2173 τῇ
1654 2139 1689 2173 γῇ
1706 2138 1766 2172 οὐχὶ
1785 2138 1866 2172 γινώ-

234 2183 326 2209 minus
350 2182 491 2209 veritatem
512 2188 543 2208 se
565 2187 619 2207 non
641 2180 751 2215 assoqui
767 2180 876 2208 fatetur.
907 2181 958 2214 Tu,
980 2183 1024 2209 in—

234 2229 304 2264 quit,
329 2228 401 2255 Deus
418 2235 459 2259 es,
483 2227 639 2258 miserator.
658 2227 842 2262 longanimus,
863 2228 956 2256 multm
973 2229 1025 2255 Ini-

235 2275 401 2306 sericordiaa,
425 2281 507 2301 verax
519 2273 553 2306 ⁸⁸,
577 2276 607 2300 ιιι
623 2273 718 2303 robur,
738 2273 953 2307 ﬁrmamentum,
980 2282 1023 2302 re-

237 2320 356 2350 fugium,
373 2319 425 2350 vis,
451 2318 571 2351 adjutor,
589 2317 747 2352 opitulator,
771 2325 857 2346 cornu
881 2319 978 2347 salutis
991 2321 1023 2353 ⁸¹,

235 2366 341 2400 aliaque
360 2363 436 2391 talia.
457 2363 577 2390 Rursum
596 2362 680 2390 David
707 2363 779 2390 idem
807 2363 908 2392 fatetur
924 2373 1023 2393 nomen

234 2410 295 2444 ejus
320 2409 348 2436 in
370 2412 427 2435 tota
451 2411 524 2435 terra
544 2410 639 2434 notum
661 2414 717 2434 non
741 2415 814 2442 esse,
843 2409 891 2436 sed
918 2414 1024 2437 tantum

234 2460 296 2480 esse
314 2453 341 2479 in
357 2451 548 2479 admiratione.
568 2450 656 2484 Quam
674 2451 843 2485 admirabile,
861 2454 909 2484 ait,
930 2463 1024 2481 nomen

235 2503 307 2525 tuum
335 2503 374 2525 est
408 2505 453 2532 per
475 2497 625 2524 universam
650 2501 748 2524 terram
760 2498 801 2525 “l
822 2498 867 2526 Sic
890 2500 971 2527 etiam
990 2500 1022 2527 ad

234 2543 348 2570 Manoen
378 2542 466 2576 inquit
484 2542 507 2569 is
522 2541 568 2576 qui
586 2541 744 2568 vaticinium
762 2542 786 2569 ei
803 2543 836 2570 de
850 2543 904 2570 ﬁlio
915 2544 1022 2577 edebat,

233 2597 294 2617 cum
309 2589 491 2623 interrogatus
501 2587 535 2615 de
547 2587 668 2617 nomine.
685 2588 848 2622 respondet:
869 2588 897 2616 Id
912 2590 1022 2623 quidem

232 2640 275 2663 est
289 2634 447 2662 admirabile
464 2633 542 2662 mihi.
561 2640 593 2660 ac
612 2634 755 2661 sublimius
770 2641 853 2668 quam
869 2635 948 2668 Cujus
963 2643 1023 2664 esse

231 2689 317 2716 capax
332 2680 407 2708 auris
423 2680 542 2707 humana
564 2681 650 2715 possit
661 2679 694 2706 “.
717 2679 863 2714 Propterea
880 2679 924 2706 hic
940 2681 1021 2710 etiam

232 2727 322 2754 anima
344 2730 423 2753 vocat
439 2725 559 2753 Verbum
584 2730 714 2760 quantum
739 2728 841 2759 potest,
869 2733 919 2753 nec
935 2730 1024 2760 potest

1077 2191 1188 2213 σκεται,
1214 2181 1283 2208 ἀλλὰ
1306 2181 1484 2216 θαυμάζεται.
1509 2181 1556 2213 Ὧς
1593 2182 1766 2215 θαυμαστὸν
1792 2183 1865 2218 γὰρ,

1076 2227 1153 2262 φησι,
1175 2226 1209 2254 τὸ
1226 2225 1320 2261 ὄνομά
1334 2233 1392 2252 σου
1411 2226 1445 2252 ἐν
1464 2224 1547 2260 πάσῃ
1561 2225 1599 2260 τῇ
1617 2226 1669 2260 γῇ]
1681 2226 1774 2259 Οὕτως
1798 2228 1866 2262 φησι

1076 2273 1123 2300 καὶ
1141 2273 1210 2308 πρὸς
1227 2272 1272 2299 τὸν
1286 2272 1386 2299 Μανωὲ
1413 2273 1427 2298 ὁ
1440 2271 1564 2306 περὶτοῦ
1585 2272 1680 2304 παιδὸς
1698 2273 1779 2300 αὑτοῦ
1797 2282 1866 2309 χρη-

1078 2318 1202 2354 ματίσας,
1223 2318 1267 2345 ὅτε
1283 2318 1412 2353 ἠρωτήθη
1430 2318 1494 2352 περὶ
1519 2317 1565 2344 τοῦ
1590 2318 1732 2352 ὀνόματος.
1745 2319 1866 2347 ὄτιΘαυ-

1078 2365 1180 2400 μαστόν
1194 2366 1252 2391 ἐστι
1267 2363 1345 2391 τοῦτο
1364 2365 1411 2391 καὶ
1425 2366 1548 2399 κρεῖττον
1563 2365 1579 2399 ἢ
1595 2365 1666 2392 ὥστε
1683 2366 1735 2392 ὑπὸ
1748 2367 1798 2402 τῆς
1818 2367 1866 2393 ἀν-

1076 2410 1215 2446 θρωπίνης
1237 2411 1321 2446 ἀκοῆς
1342 2410 1508 2446 χωρηθῆναι.
1532 2410 1582 2436 Διὰ
1605 2410 1684 2437 τοῦτο
1700 2412 1746 2438 καὶ
1765 2412 1865 2448 ἡψυχὴ

1075 2455 1121 2482 τὸν
1133 2453 1220 2489 Λόγον
1237 2456 1315 2482 καλεῖ
1330 2456 1379 2490 μὲν
1399 2456 1436 2487 ὠς
1457 2456 1567 2483 δύναται
1578 2465 1584 2470 ·
1600 2456 1710 2483 δύναται
1723 2457 1750 2483 δὲ
1760 2458 1808 2492 οὐχ
1826 2459 1865 2490 ὡς

1080 2501 1213 2537 βοῷλεται,
1243 2501 1371 2528 Βούλεται
1396 2501 1450 2536 γὰρ
1471 2501 1550 2528 πλέον
1567 2502 1583 2537 ἢ
1602 2502 1713 2529 δύναται
1728 2511 1735 2518 ·
1751 2503 1782 2529 οὑ
1811 2505 1866 2540 μὴν

1077 2547 1137 2573 οὐδὲ
1153 2547 1278 2573 τοσοῦτον
1292 2547 1444 2581 θελήσει-αι,
1455 2548 1516 2574 ὅσον
1527 2548 1613 2574 ἐκεῖνό
1641 2549 1723 2577 ἐστιν,
1735 2549 1791 2575 ἀλλ’
1802 2549 1866 2576 ὅσον

1079 2591 1272 2626 βουληθῆναιὴ
1291 2592 1449 2627 προαίρεσις
1472 2592 1592 2619 δύναται.
1611 2593 1687 2619 Ἐπεὶ
1711 2591 1757 2620 οὖν
1771 2594 1866 2629 ἀνέφι-

1077 2637 1140 2668 κτός
1154 2638 1227 2663 ἐστιν
1243 2638 1258 2663 ό
1272 2637 1437 2672 καλούμενος
1456 2640 1488 2674 τῇ
1507 2639 1552 2664 τοῦ
1570 2638 1716 2670 καλοῦντος
1730 2641 1811 2675 όρμῇ,
1821 2640 1867 2666 διὰ

1076 2682 1154 2709 τοῦτό
1171 2691 1269 2717 φησιν*
1287 2683 1431 2710 Ὲκάλεσα
1442 2684 1545 2716 αὐτὸν,
1560 2684 1609 2709 καὶ
1627 2685 1682 2719 οὐχ
1705 2685 1866 2720 ὑπήκουσέ

1075 2736 1144 2761 μου.

232 2775 337 2800 tantum
355 2774 485 2806 quantum
497 2771 570 2798 vult:
587 2771 687 2806 quippe
698 2779 757 2806 quae
770 2771 831 2806 plus
845 2772 918 2802 velit,
936 2780 1016 2807 quam
1037 2774 1136 2808 possit,
1150 2773 1204 2799 imo
1216 2782 1249 2801 ne
1265 2778 1369 2801 tantum
1382 2774 1489 2809 quidem
1503 2775 1571 2803 velle
1601 2780 1700 2810 potest,
1731 2783 1864 2814 quantum
1897 2768 1903 2780 ί

263 2817 285 2833 ει
300 2816 373 2844 Psal.
393 2824 439 2849 cu,
458 2817 474 2844 8
492 2824 552 2851 sqq.

608 2817 630 2832 θ’
645 2815 716 2844 Psal.
742 2825 808 2850 mi,
821 2818 839 2844 9.
852 2825 911 2853 sqq.
932 2819 953 2834 ⁵³
966 2818 1039 2847 Psal.
1056 2827 1115 2850 \'ll|,
1136 2819 1160 2845 l.

1205 2819 1323 2847 “Judic.
1336 2828 1392 2850 xm,
1415 2820 1457 2848 18.
