1978 3068
140 156 205 183 1020

672 154 706 182 ΙΝ
724 151 872 182 CANTICA
892 149 1027 180 CANTIC.
1049 150 1191 180 HOMILIA
1213 151 1271 180 XII.

113 215 116 218 ’
136 213 202 240 illud
213 217 265 244 est.
277 212 324 240 sed
337 215 467 248 quantum
483 215 540 239 toto
552 211 634 239 animi
644 210 735 238 studio
744 210 812 237 velle
838 212 938 244 potest.

1694 151 1759 179 1050

975 206 1070 242 Itaque
1082 215 1145 235 cum
1160 209 1183 236 is
1200 209 1247 244 qui
1265 211 1354 241 vocat,
1382 208 1491 244 assequi
1508 210 1599 239 studio
1613 216 1664 238 suo
1676 215 1761 236 voca-

135 262 193 286 tum
210 265 263 285 non
279 259 380 293 possit,
398 258 500 285 idcirco
515 257 626 298 dicitur,
640 257 734 285 Vocavi
745 264 815 288 eum,
832 260 855 283 et
871 262 923 282 non
943 253 1027 280 audiit
1042 262 1090 281 me.

172 305 244 331 Ὅσα
262 303 291 330 δὲ
305 305 362 335 τοῖς
376 303 531 339 εἰρημένοις
548 304 565 337 ἡ
581 302 674 338 νύμφη
689 302 860 338 προστίθησι,
877 299 928 327 κᾶν

1016 298 1082 331 Qum
1098 302 1188 326 autem
1205 306 1289 334 porro
1304 299 1348 327 bis
1361 299 1455 334 adjicit
1470 307 1587 335 sponsa,
1607 305 1764 334 quanquam

137 350 366 386 σκυθρωποτέραν
382 349 453 377 κατὰ
471 349 502 376 τὸ
521 349 665 384 πρόχειρον
676 348 724 384 ἔχῃ
739 348 789 383 τὴν
801 347 924 380 ἔνδειξιν·

136 395 192 422 ἀλλ’
209 395 271 430 ἐμοὶ
286 395 362 421 δοκεῖ
381 394 449 430 πρὸς
470 394 516 420 τὸν
533 394 613 420 αὐτὸν
631 393 863 429 σκοπὸν.βλέπειν,
879 392 927 418 καὶ

136 441 187 476 τῆς
208 441 264 468 τῶν
285 440 459 476 ὑψηλοτέρων
475 439 633 471 ἀναϐάσεως
653 438 848 474 ἔχεσθαι.Φησὶ
861 437 925 473 γὰρ,

138 488 278 522 Εῦροσάν
291 496 329 522 με
343 487 370 514 ol
385 487 521 521 φύλακες
539 487 567 513 οἱ
580 485 764 517 κυκλοῦντες
776 484 810 511 ὲν
823 483 862 518 τῇ
877 484 928 510 πό-

136 536 193 562 λει.
225 531 395 564 Ἐπὰταξάν
412 539 462 567 με,
486 530 707 566 ἐτραυμάτισάν
724 539 778 565 με,
797 528 874 565 ἦραν
893 529 927 556 τὸ

138 579 293 614 θέριστρον
301 579 351 606 ἀπ’
357 578 431 613 ἐμοῦ
443 579 470 604 ol
484 578 618 612 φύλακες
626 577 686 604 τῶν
698 576 827 614 τειχέων.
836 575 927 602 Ταῦτα

138 625 192 660 γὰρ
202 625 266 657 ἴσως
275 624 345 657 δόξει
353 624 423 650 τισὶν
434 623 598 658 ὀδυρομένης
611 623 721 658 μᾶλλον,
734 623 805 659 ἥπερ
815 623 928 657 εὐφραι-

137 671 251 706 νομένης
261 668 374 697 εἶναιτά
389 670 510 705 ῥήματα,
529 669 560 695 τὸ
575 668 757 700 Ἐπάταεαν,
771 668 817 695 καὶ
825 668 927 702 ἐτραυ-

136 716 280 751 μάτισαν,
296 715 343 742 καὶ
357 715 437 749 ἦραν
453 714 486 741 τὸ
504 713 659 748 θέριστρον
672 722 679 729 ·
699 713 737 749 τῷ
754 714 782 740 δὲ
807 712 928 749 ἀκριϐῶς

139 761 335 797 ὲπεσκεμμένῳ
349 761 398 795 τὴν
411 760 465 786 τῶν
479 759 631 794 λεγομένων
646 759 775 790 διάνοιαν,
791 759 929 794 μεγαλαυ-

138 807 274 842 χουμένης
288 806 334 832 ἐπὶ
346 807 402 837 τοῖς
422 804 574 836 καλλίπαις
592 805 660 831 εἰσὶν
678 805 706 831 αἱ
722 804 819 839 φωναί.
835 803 929 835 Οὕτως

139 852 161 879 δ’
174 853 206 879 ἂν
221 853 324 886 γένοιτο
348 853 414 888 ἡμῖν
430 851 584 886 καταφανὲς
599 851 630 878 τὸ
651 851 807 886 λεγόμενον⁸
826 850 929 885 Μικρὸν

140 899 193 935 πρὸ
212 898 312 925 τούτων
328 898 357 924 ὲν
373 899 430 930 τοῖς
444 899 568 927 κατόπιν.
584 896 746 931 καθαρεύειν
763 896 847 932 αὐτὴν
861 904 929 922 παν-

139 945 185 975 τὸς
199 943 430 979 προκαλύμματος
444 944 458 970 ὁ
474 943 552 977 λόγος
571 941 749 977 μαρτύρεται.
765 942 793 967 ἐν
806 937 828 974 ᾧ
846 949 928 976 φησιν

140 990 172 1016 ὲκ
197 989 343 1024 προσώπου
366 989 416 1024 τῆς
441 988 562 1023 νύμφης,
587 987 627 1014 ὅτι
655 987 859 1021 Ἐξεδυσάμην
875 986 929 1013 τὸν

141 1035 250 1069 χιτῶνά
262 1044 332 1070 μου,
356 1035 420 1068 πῶς
448 1034 613 1068 ἐνδύσομαι
629 1033 744 1064 αὐτόν;
761 1032 892 1059 Ἐνταῦθα
902 1031 933 1059 δὲ

141 1080 222 1106 πάλιν
242 1079 402 1115 ἀφῃρῆσθαι
428 1078 501 1112 λέγει
531 1078 616 1112 αὐτῆς
635 1077 666 1103 τὸ
689 1077 839 1112 θέριστρον.
855 1077 932 1112 Περι-

142 1125 249 1151 ϐόλαιον
265 1125 293 1151 δὲ
305 1124 438 1160 νυμφικόν
455 1125 513 1150 ἐστι
525 1123 555 1149 τὸ
573 1123 725 1158 θέριστρον.
744 1122 932 1156 συγκαλύπτον

144 1171 214 1206 μετὰ
228 1170 277 1205 τῆς
288 1170 408 1204 κεφαλῆς
426 1169 472 1197 καὶ
490 1169 521 1195 τὸ
536 1169 690 1204 πρόσωπον,
703 1167 793 1199 καθὼς
809 1167 857 1195 καὶ
869 1167 933 1204 περὶ

98 1233 100 1235 ›
141 1218 191 1251 τῆς
206 1215 352 1247 Ῥεϐέκκας
376 1215 449 1249 λέγει
463 1215 480 1249 ὴ
504 1214 618 1248 ἱστορία.
634 1213 697 1245 Πῶς
716 1211 762 1240 οὖν
782 1214 799 1248 ἡ
824 1221 934 1248 γυμνω-

143 1261 220 1288 eam
245 1261 344 1292 παντὸς
368 1259 582 1294 περιϐλήματος,
603 1258 643 1285 ἔτι
665 1258 696 1285 τὸ
711 1258 851 1294 θέριστρον
864 1257 932 1293 ἔχει,

143 1305 210 1340 ὅπερ
225 1305 272 1331 νῦν
287 1305 371 1340 αὐτῆς
395 1304 576 1341 ἀφαιροῦνται
599 1304 624 1330 οι
642 1303 779 1338 φύλακες;
793 1304 832 1331 Ἦ
856 1303 934 1338 δῆλον

143 1349 187 1375 διὰ
210 1349 263 1376 τῶν
291 1349 444 1385 εἰρημένων
466 1348 557 1380 ἐστὶν,
571 1348 632 1375 ὅσον
654 1348 702 1375 ἀπ’
723 1348 827 1375 ἐκείνου
853 1348 935 1376 πάλιν

144 1395 189 1421 ἐπὶ
214 1395 244 1421 τὺ
271 1395 436 1429 ὑψηλότερον
462 1393 506 1420 διὰ
530 1394 673 1429 προκοπῆς
699 1391 882 1428 ἀνελήλυθεν;
901 1394 935 1420 'ﬂ

145 1441 198 1475 γὰρ
224 1439 433 1475 ἁπεκδυσαμένη
457 1439 503 1465 τὸν
528 1438 642 1465 παλαιὸν
667 1439 788 1474 χιτῶνα,
807 1438 856 1465 καὶ
883 1438 935 1465 πά-

147 1494 195 1519 οης
221 1484 367 1520 περιϐολῆς
394 1483 602 1519 καθαρεύσασα,
618 1483 743 1510 τοσοῦτον
774 1483 872 1518 ἑαυτῆς
896 1483 936 1517 γί-

146 1539 218 1557 νεται
248 1529 445 1566 καθαρωτέρα,
469 1529 507 1561 ὡς
531 1529 673 1565 συγκρίσει
697 1529 746 1563 τῆς
770 1524 837 1564 ἀρτιν
859 1537 936 1563 γενο-

151 1577 234 1612 μένης
259 1576 325 1611 αὺτῇ
353 1575 553 1610 καθαρότητος,
577 1575 613 1610 μὴ
632 1574 719 1601 δοκεῖν
738 1573 935 1601 ἀπεκδεδῦσθαι

977 343 1068 378 primo
1082 344 1156 371 velut
1175 344 1277 371 intuitu
1293 345 1440 372 tristiorem
1458 345 1605 380 quamdam
1622 343 1765 371 indicatio-

977 396 1039 416 nem
1064 389 1203 423 habeant,
1229 397 1289 417 mea
1313 393 1405 417 tamen
1426 390 1562 418 sententia
1582 389 1707 417 eumdem
1730 389 1764 416 ad

977 441 1091 469 scopum
1108 438 1247 468 spectare,
1263 437 1291 461 et
1305 434 1408 462 habere
1421 433 1649 469 signiﬁcationem
1668 441 1765 460 ascen-

978 487 1025 507 sus
1054 479 1089 506 ad
1111 479 1271 507 sublimiora
1292 480 1428 507 videntur.
1450 480 1496 506 Ait
1518 479 1590 507 enim
1615 488 1622 506 :
1642 478 1764 513 ΟΙῙεηάομ

976 528 1039 551 runt
1054 531 1094 551 me
1110 523 1231 551 custodes
1247 524 1292 559 qui
1310 523 1339 550 in
1358 524 1421 551 urbe
1437 523 1608 551 circumeunt.
1625 523 1767 550 Percussa-

977 574 1039 596 runt
1054 577 1112 604 me,
1129 570 1333 596 vulneraverunt
1355 577 1414 601 me,
1437 568 1603 596 abstulerunt
1625 569 1729 603 peplum
1750 577 1767 595 a

977 623 1018 642 me
1042 611 1166 643 custodes
1191 623 1340 643 murorum.
1365 614 1539 643 Videbuntur
1566 615 1623 643 haec
1650 614 1769 642 fortasse

977 661 1122 688 nonnullis
1146 669 1209 689 esse
1233 661 1352 696 lugentis
1376 661 1468 696 potius
1491 661 1592 694 verba,
1609 669 1691 696 quam
1708 660 1769 695 ejus

978 714 1039 742 quae
1062 706 1125 734 laeta
1152 707 1209 740 sit;
1230 706 1382 742 praasertim
1407 706 1472 738 illa.
1497 712 1686 741 percusserunt
1709 714 1767 736 me.

978 751 1181 779 uulnerauerunt
1206 760 1262 786 me,
1293 751 1462 779 abstulerunt
1487 752 1602 786 peplum.
1617 752 1719 779 Verum
1744 751 1769 778 si

978 797 1041 832 quis
1065 801 1195 825 accurate
1216 798 1373 825 consideret
1396 805 1509 830 eorum,
1538 805 1599 832 qua:
1626 797 1767 827 dicuntur,

979 848 1101 873 mentem
1117 853 1124 871 :
1145 844 1236 880 potius
1252 849 1317 872 sunt
1331 852 1414 872 voces
1429 845 1548 879 gloriose
1559 843 1692 879 jactantis
1709 850 1770 871 sese

979 891 1015 918 ob
1030 898 1075 918 res
1091 891 1306 926 pulcherrimas.
1324 890 1353 918 Id
1371 895 1463 918 autem
1481 890 1535 917 hoc
1551 890 1671 925 quodam
1688 888 1770 916 modo

977 937 1156 972 perspicuum
1183 937 1264 964 nobis
1289 937 1354 964 erit.
1378 935 1465 963 Paulo
1493 939 1558 962 ante
1583 933 1771 962 testimonium

983 990 1093 1018 sponsae
1120 982 1290 1017 perhibetur,
1322 981 1396 1017 quod
1421 980 1553 1008 immunis
1580 980 1617 1007 sit
1639 979 1673 1006 ab
1696 979 1771 1006 omni

981 1028 1116 1056 velamine
1128 1049 1135 1060 .
1151 1036 1215 1056 cum
1237 1028 1264 1055 in
1280 1028 1341 1063 ejus
1356 1035 1475 1063 persona
1489 1027 1593 1054 dicitur
1607 1035 1615 1054 :
1638 1025 1709 1053 Exul
1731 1030 1772 1052 tu-

981 1074 1067 1100 nicam
1083 1081 1184 1105 meum,
1204 1073 1335 1108 quomodo
1348 1074 1457 1100 induam
1476 1072 1576 1100 illam?
1592 1071 1642 1099 Hic
1659 1078 1770 1098 rursum

982 1119 1021 1145 ait
1034 1119 1093 1154 ipsa
1104 1115 1260 1154 ademptum
1273 1119 1324 1147 sibi
1336 1126 1398 1147 esse
1411 1118 1520 1153 peplum
1532 1138 1539 1150 ,
1550 1118 1607 1145 sive
1617 1116 1769 1152 θέριστρον.

983 1163 1044 1196 Quo
1059 1164 1195 1191 vocabulo
1219 1165 1332 1199 pallium
1350 1164 1478 1199 sponsale
1495 1164 1679 1199 signiﬁcatur,
1697 1163 1772 1198 quod

982 1217 1037 1237 una
1055 1217 1117 1237 cum
1135 1210 1225 1244 capite
1245 1209 1342 1237 faciem
1366 1211 1478 1245 quo‘que
1495 1209 1624 1242 obvelat,
1641 1209 1774 1244 quemad-

983 1255 1094 1283 modum
1106 1260 1149 1284 est
1164 1256 1191 1282 in
1206 1256 1322 1284 hisloria
1336 1256 1371 1283 de
1384 1255 1511 1284 Rebecca
1526 1256 1559 1283 “.
1577 1255 1627 1289 Qui
1643 1263 1708 1291 ergo
1722 1264 1773 1283 nu-

984 1301 1047 1328 data
1068 1300 1241 1328 vestimentis
1263 1300 1409 1332 omnibus,
1432 1300 1542 1335 peplum
1568 1300 1658 1328 adhuc
1677 1301 1772 1334 habet,

984 1353 1063 1381 quem
1076 1346 1101 1373 ei
1114 1353 1188 1373 nunc
1202 1345 1330 1373 custodes
1342 1345 1463 1373 civitatis
1478 1346 1623 1373 adimunt?
1636 1345 1773 1373 Numnam

985 1391 1055 1419 forte
1069 1392 1103 1419 de
1121 1392 1213 1419 verbis
1236 1392 1313 1419 hisce
1334 1393 1514 1427 perspicitur,
1529 1396 1664 1427 quantum
1687 1392 1722 1419 ab
1740 1399 1774 1419 eo

985 1439 1109 1470 tempore
1135 1443 1245 1463 rursum
1265 1437 1292 1464 in
1310 1438 1428 1465 sublime
1443 1437 1581 1473 pergendo
1601 1436 1773 1472 perfecerit?

985 1478 1052 1506 Nam
1068 1487 1100 1507 ea
1122 1488 1182 1515 quae
1196 1480 1253 1515 jam
1271 1485 1336 1509 ante
1352 1482 1475 1508 tunicam
1498 1485 1618 1508 veterem
1643 1483 1774 1511 exuerat.

985 1529 1012 1553 et
1026 1525 1059 1552 ab
1081 1526 1156 1552 omni
1172 1526 1255 1560 pallio
1271 1526 1402 1554 immunis
1423 1530 1501 1559 erat,
1524 1533 1611 1561 usque
1636 1526 1704 1552 adeo
1731 1532 1775 1553 se-

987 1571 1045 1606 ipsa
1060 1572 1090 1599 lit
1103 1572 1209 1608 purior.
1224 1576 1254 1600 ut
1270 1572 1304 1599 ad
1320 1573 1415 1608 priora
1430 1577 1588 1608 comparata
1604 1572 1657 1599 hac
1671 1571 1776 1599 recenti

149 1623 179 1649 τὸ
208 1622 378 1657 περιϐόλαιον
396 1630 403 1636 '
425 1621 481 1647 ἀλλ’
509 1621 596 1655 εὑρεῖν
620 1628 647 1646 τι
675 1620 755 1646 πάλιν
785 1618 855 1654 μετά
886 1620 933 1655 τὴν

988 1618 1125 1652 puritate,
1147 1626 1202 1645 non
1225 1618 1337 1646 exuisse
1352 1618 1469 1646 antehae
1491 1618 1604 1653 pallium
1628 1617 1775 1650 videatur;

150 1668 289 1703 γύμνωσιν
317 1666 425 1702 ἐκείνην
455 1667 519 1702 περὶ
542 1666 625 1700 αὐτὴν
643 1665 658 1691 ὃ
675 1665 818 1700 ἀποθῆται.
843 1666 935 1698 Οὕτως

152 1716 168 1749 ἡ
198 1713 266 1748 πρὸς
296 1712 326 1738 τὸ
352 1712 429 1738 Θεῖον
459 1711 566 1743 ἄνοδος,
587 1709 634 1736 τοῦ
664 1709 708 1735 ἀεὶ
741 1709 935 1745 εὑρισκομένου

151 1768 177 1786 τι
191 1759 252 1794 περὶ
271 1758 355 1793 αὐτὴν
380 1756 452 1791 παχύ
462 1762 516 1790 περ
530 1755 688 1782 ὲνδείκνυσι.
706 1755 755 1781 Διὰ
781 1753 859 1781 τοῦτο
886 1755 936 1790 τῆς

152 1805 199 1832 νῦν
227 1804 410 1840 καθαρότητος
438 1803 472 1837 τῇ
494 1801 636 1836 συγκρίσει
659 1802 675 1836 ὴ
703 1801 936 1836 προγεγραμμένη

150 1850 197 1878 τοῦ
220 1850 332 1885 χιτῶνος
362 1848 465 1875 ἐκείνου
483 1846 681 1882 γύμνωσις,ὼς
703 1846 836 1881 κάλυμμα
857 1846 937 1873 πάλιν

151 1896 332 1931 περιαιρεῖται
352 1893 428 1929 παρὰ
439 1892 493 1919 τῶν
508 1891 688 1927 εὑρισκόντων
704 1891 798 1926 αὐτὴν.
817 1888 896 1918 Οὗτοι
909 1891 936 1918 δέ

150 1943 219 1967 εἰσιν
235 1942 258 1967 οἱ
284 1939 404 1974 φύλακες
420 1938 445 1964 οἱ
467 1935 629 1968 κυκλοῦντες
644 1936 693 1972 τὴν
710 1936 786 1962 πόλιν
797 1945 803 1951 ·
821 1936 894 1972 ψυχὴ
909 1936 937 1963 δὲ

150 1986 255 2022 ἡπόλις
269 1994 276 2000 ·
291 1983 324 2021 ἦς
336 1984 380 2011 διὰ
393 1983 440 2010 τοῦ
457 1982 574 2015 πατάξαι
597 1982 645 2008 καὶ
664 1981 846 2017 τραυματίσαι
862 1990 938 2017 περι-

150 2031 254 2061 ελόντες
267 2029 297 2056 τὸ
314 2029 466 2065 θέριστρον,
478 2024 515 2054 ὧν
531 2027 610 2062 ἔργον
626 2026 683 2053 ἐστὶ
696 2026 727 2052 τὸ
743 2026 887 2061 φυλάσσειν
903 2026 938 2053 τὰ

150 2073 226 2109 τείχη
244 2073 294 2108 τῆς
318 2073 431 2104 πόλεως.
448 2072 510 2098 Ὅτι
537 2071 586 2106 μὲν
602 2068 647 2097 οὖν
667 2070 767 2105 ἀγαθόν
783 2071 808 2097 τί
832 2071 904 2098 ἐστιν
920 2072 936 2107 ὴ

152 2118 197 2145 τοῦ
213 2118 354 2154 θερίστρου
372 2117 552 2153 περιαίρεσις,
569 2115 638 2143 ὥστε
651 2116 792 2153 ἐλεύθερον
803 2117 850 2144 τοῦ
870 2126 936 2153 προ-

151 2165 329 2200 καλύμματος
351 2163 397 2190 τὸν
412 2163 562 2198 ὀφθαλμὸν,
576 2163 803 2198 ἀπαραποδίστως
819 2163 937 2190 ἐνατενί-

151 2212 208 2243 ζειν
231 2210 271 2246 τῷ
285 2209 445 2245 ποθουμένῳ
466 2209 570 2241 κάλλει,
591 2209 640 2235 οὐκ
662 2209 694 2236 ἀν
717 2218 757 2241 τις
774 2210 937 2244 ἀμφιϐάλλοι

153 2257 219 2292 πρὸς
228 2256 272 2283 τὸν
289 2255 447 2282 Ἄπόστολον
461 2255 577 2290 βλέπων,
589 2255 618 2287 ὃς
628 2257 662 2291 τῇ
676 2255 789 2290 δυνάμει
802 2255 847 2282 τοῦ
862 2256 938 2283 πνεύ-

987 1663 1035 1690 sed
1051 1671 1148 1691 rursus
1164 1664 1306 1691 invenisse
1321 1668 1382 1699 post
1399 1664 1577 1691 nudationem
1595 1663 1668 1690 illam
1680 1684 1687 1695 ,
1702 1662 1776 1698 quod

987 1707 1117 1742 deponat.
1138 1706 1184 1734 Sic
1198 1715 1331 1736 ascensus
1359 1708 1393 1734 ad
1414 1707 1614 1735 sublimitatem
1638 1707 1711 1734 illam
1735 1706 1776 1733 di-

987 1752 1077 1779 vinam
1094 1759 1201 1786 semper
1218 1752 1321 1786 aliquid
1344 1753 1469 1781 ostendit
1484 1754 1522 1780 rei
1541 1760 1645 1780 crassre
1657 1773 1664 1784 ,
1678 1757 1777 1787 pra-ter

988 1797 1015 1826 id
1034 1798 1107 1832 quod
1125 1798 1224 1832 quovis
1238 1801 1362 1833 tempore
1378 1798 1602 1834 deprehenditur.
1617 1798 1721 1825 Idcirco
1738 1803 1777 1825 tu-

987 1845 1056 1872 nicae
1071 1844 1146 1871 illius
1160 1844 1261 1878 prioris
1276 1844 1413 1879 ademptio
1424 1864 1431 1877 ,
1451 1845 1548 1872 collata
1567 1852 1629 1872 cum
1648 1844 1776 1879 praesenti

987 1890 1124 1926 puritate.
1143 1897 1253 1916 rursum
1267 1894 1295 1917 et
1311 1890 1371 1925 ipsa
1387 1890 1468 1925 quasi
1485 1890 1622 1925 quoddam
1637 1890 1776 1918 velamen-

989 1940 1046 1964 tum
1064 1936 1169 1963 tollitnr
1186 1936 1220 1963 ab
1237 1936 1309 1968 illis,
1328 1937 1375 1971 qui
1392 1944 1451 1964 eam
1469 1936 1623 1971 reperiunt.
1639 1935 1710 1963 Snnt
1727 1943 1777 1963 au-

989 1987 1043 2010 tem
1062 1983 1079 2009 ii
1094 1982 1242 2013 custodes,
1262 1983 1289 2010 in
1315 1983 1383 2010 urbe
1409 1983 1613 2010 circumeuntes
1630 1983 1638 2017 (
1657 1986 1685 2010 et
1711 1982 1777 2010 urbs

989 2029 1046 2056 haec
1061 2029 1153 2056 anima
1168 2029 1239 2065 est),
1248 2029 1294 2064 qui
1312 2028 1484 2056 verberando
1497 2035 1529 2055 ac
1541 2027 1711 2055 vulnerando
1728 2035 1776 2062 pe—

988 2075 1062 2110 plum
1081 2074 1223 2108 adimunt,
1245 2080 1272 2102 et
1296 2075 1396 2110 quibus
1418 2074 1470 2102 hoc
1495 2073 1589 2101 datum
1607 2073 1730 2109 negotii,
1747 2077 1777 2101 ut

988 2120 1108 2148 civitatis
1120 2128 1216 2148 muros
1228 2120 1396 2148 custodiant.
1415 2119 1559 2147 Enimvero
1573 2118 1776 2153 ademptionem

988 2167 1059 2202 pepli
1082 2167 1187 2194 bonum
1210 2166 1341 2202 quiddam
1358 2174 1435 2197 esse,
1453 2170 1482 2193 ut
1498 2165 1596 2192 oculus
1611 2165 1745 2192 liberatus
1761 2171 1777 2190 a

989 2212 1125 2240 velamine
1138 2212 1361 2247 puehritudinem
1375 2212 1558 2240 desideratam
1575 2210 1680 2245 abSque
1693 2210 1778 2245 impc~

989 2256 1110 2285 dimento
1126 2259 1276 2290 intueatur,
1290 2265 1370 2284 nemo
1382 2256 1537 2288 dubitabit,
1552 2255 1599 2290 qui
1612 2255 1645 2282 ad
1657 2255 1778 2289 Aposto-

154 2310 238 2336 ματος
262 2301 310 2336 τὴν
335 2299 382 2326 τοῦ
403 2299 579 2335 καλύμματος
601 2300 770 2336 περιαίρεσιν
797 2301 933 2336 ἀνατίθησι

991 2303 1046 2330 lum
1062 2303 1202 2338 respiciet.
1223 2302 1248 2330 Is
1262 2303 1334 2330 enim
1351 2302 1385 2329 ad
1401 2302 1455 2329 vim
1469 2301 1586 2336 spiritus
1602 2299 1686 2328 refert
1703 2300 1778 2328 vela-

153 2347 238 2381 λέγων
253 2355 259 2362 ·
278 2347 370 2373 Ὅταν
388 2345 422 2372 δὲ
442 2346 608 2380 ἐπιστρέψῃ
632 2345 707 2379 πρὸς
728 2347 847 2379 Κύριον,
865 2355 939 2381 περι-

153 2392 274 2426 αιρεῖται
298 2391 331 2418 τὸ
356 2391 513 2426 κάλυμμα·
530 2392 546 2418 cl
572 2390 606 2417 δὲ
629 2392 753 2425 Κύριος,
767 2392 800 2418 τὸ
822 2393 939 2427 πνεῦμά

153 2439 247 2465 ἑστιν.
262 2438 322 2464 ’Ότι
340 2437 369 2464 δὲ
391 2438 421 2464 τὸ
438 2437 485 2464 τοῦ
501 2437 605 2472 ἀγαθοῦ
627 2438 878 2473 παρασκευαστικὸν
894 2439 939 2466 καὶ

153 2482 218 2509 αὐτὸ
238 2483 345 2514 πάντως
365 2481 439 2509 ἐστὶν
458 2481 573 2516 ἀγαθὸν,
591 2481 640 2509 οὐκ
666 2482 698 2509 ἄν
717 2491 759 2513 τις
774 2483 938 2518 ἀμφιϐάλλοι

154 2527 207 2554 τῶν
229 2527 417 2562 ἐπισταμένων
446 2526 513 2562 πρὸς
539 2527 568 2553 τὸ
594 2527 739 2554 ἀκόλουθον
765 2527 883 2563 βλέπειν.
907 2529 938 2555 Εἰ

153 2572 243 2599 τοίνυν
261 2572 361 2606 ἀγαθὸν
380 2572 397 2607 ή
414 2571 460 2598 τοῦ
482 2571 660 2608 καλύμματος
681 2572 857 2608 περιαίρεσις,
869 2574 939 2608 ἀγα-

154 2619 199 2645 Οὸν
218 2618 250 2645 ἂν
270 2617 309 2653 εἴη
325 2618 433 2649 πάντως
447 2618 522 2653 καὶή
541 2618 641 2654 πληγὴ,
660 2619 708 2645 καὶ
723 2618 754 2645 τὸ
771 2619 892 2655 τραῦμα,
905 2620 939 2647 δι’

153 2662 190 2690 ὧν
217 2663 396 2699 κατορθοῦται
422 2664 439 2699 ἡ
464 2664 644 2700 περιαίρεσις.
665 2665 733 2692 Ἀλλ’
750 2666 843 2702 ἐπειδὴ
868 2666 938 2694 κατὰ

154 2709 201 2743 τὴν
213 2710 356 2746 πρόχειρον
369 2709 569 2744 ἑννοιαν,ἀηδία
581 2719 623 2742 τις
640 2711 800 2746 ἐμφαίνεται
818 2713 875 2744 τοῖς
891 2714 940 2749 ῥή-

156 2764 222 2789 μασι
243 2754 362 2786 τούτοις·
375 2755 483 2791 ἄλγημα
498 2755 553 2791 γὰρ
573 2756 737 2784 ἐνδείκνυται
757 2758 773 2793 ἠ
791 2758 866 2794 φωνὴ
879 2758 938 2791 τοῦ,

186 2846 280 2874 "Gen.
309 2843 438 2876 κωπῆς.
495 2845 516 2866 t‘
529 2844 549 2871 ll
569 2845 630 2871 Cor.
650 2853 676 2878 γ,
693 2845 734 2875 l6.

991 2349 1073 2376 minis
1087 2348 1309 2383 ademptionem,
1330 2356 1392 2376 eum
1413 2349 1469 2375 ait:
1485 2347 1536 2375 Ubi
1557 2355 1615 2375 vero
1635 2354 1778 2373 conversus

991 2395 1069 2429 fuerit
1087 2394 1121 2421 ad
1136 2394 1292 2426 Dominum,
1311 2395 1414 2422 tollitur
1431 2394 1567 2422 velamen:
1585 2393 1715 2421 Dominus
1729 2400 1779 2419 au-

991 2445 1041 2468 tem
1060 2441 1171 2475 spiritus
1186 2441 1232 2467 ille
1245 2444 1284 2468 est
1302 2441 1334 2468 “.
1359 2440 1454 2476 Neque
1467 2448 1532 2468 vero
1546 2439 1668 2468 dubitari
1686 2442 1778 2474 potest

991 2487 1025 2514 ab
1040 2487 1073 2514 iis
1084 2506 1092 2518 ,
1107 2487 1154 2522 qui
1172 2494 1263 2514 rerum
1279 2486 1377 2515 seriem
1392 2490 1420 2515 et
1433 2486 1659 2521 consequentiam
1676 2485 1777 2513 intueri

991 2536 1112 2564 norunt,
1131 2532 1212 2559 etiam
1231 2532 1256 2560 id
1279 2532 1352 2567 quod
1368 2531 1402 2559 ad
1426 2531 1528 2559 bonum
1551 2534 1685 2566 praaparat
1716 2537 1779 2557 om-

992 2578 1058 2605 nino
1082 2577 1184 2606 bonum
1213 2585 1287 2606 esse.
1311 2577 1404 2611 Quare
1430 2577 1453 2605 si
1468 2577 1614 2605 velaminis
1639 2575 1779 2610 ademptio

991 2623 1093 2650 bonum
1107 2623 1238 2658 quiddam
1255 2626 1315 2655 est,
1339 2623 1451 2650 omnino
1466 2623 1548 2650 etiam
1571 2627 1627 2649 tum
1650 2621 1779 2648 verbera-

992 2669 1114 2701 tionem,
1136 2673 1193 2697 tum
1215 2670 1313 2697 vulnus
1336 2669 1365 2696 in
1387 2669 1467 2696 bonis
1480 2676 1612 2703 ponemus
1624 2687 1630 2698 .
1643 2665 1716 2700 «μιοά
1730 2670 1778 2697 per

992 2722 1024 2742 ea
1045 2716 1092 2742 liat
1113 2716 1262 2751 ademptio.
1285 2715 1340 2743 Sed
1360 2715 1425 2750 quia
1450 2723 1533 2742 sensu
1557 2715 1673 2748 primum
1698 2712 1779 2738 obvio

992 2760 1109 2789 instrare
1133 2762 1266 2797 quiddam
1292 2762 1326 2789 de
1360 2761 1452 2790 verbis
1478 2761 1521 2788 liis
1550 2760 1637 2786 elucet
1655 2757 1779 2792 (etenim
