  <div class='ocr_page' id='page_1' title='image "/cluster/home/n/w/nwhite01/storage/ocr_20150623/44/njp.32101009003169/521.png"; bbox 0 0 1978 3068; ppageno 0'>
   <div class='ocr_carea' id='block_1_1' title="bbox 221 125 284 153">
    <p class='ocr_par' dir='ltr' id='par_1_1' title="bbox 221 125 284 153">
     <span class='ocr_line' id='line_1_1' title="bbox 221 125 284 153; baseline -0.016 -1"><span class='ocrx_word' id='word_1_1' title='bbox 221 125 284 153; x_wconf 65' lang='grc'><strong>1051</strong></span> 
     </span>
    </p>
   </div>
   <div class='ocr_carea' id='block_1_2' title="bbox 843 121 1222 150">
    <p class='ocr_par' dir='ltr' id='par_1_2' title="bbox 843 121 1222 150">
     <span class='ocr_line' id='line_1_2' title="bbox 843 121 1222 150; baseline 0 0"><span class='ocrx_word' id='word_1_2' title='bbox 843 123 872 150; x_wconf 87' lang='lat' dir='ltr'><strong>S.</strong></span> <span class='ocrx_word' id='word_1_3' title='bbox 892 121 1057 150; x_wconf 79' lang='lat' dir='ltr'><strong>GREGORII</strong></span> <span class='ocrx_word' id='word_1_4' title='bbox 1077 121 1222 150; x_wconf 73' lang='lat' dir='ltr'><strong>NYSSEN!</strong></span> 
     </span>
    </p>
   </div>
   <div class='ocr_carea' id='block_1_3' title="bbox 1787 121 1855 153">
    <p class='ocr_par' dir='ltr' id='par_1_3' title="bbox 1787 121 1855 153">
     <span class='ocr_line' id='line_1_3' title="bbox 1787 121 1855 153; baseline 0.015 -1"><span class='ocrx_word' id='word_1_5' title='bbox 1787 121 1855 153; x_wconf 66' lang='lat'><strong>1032</strong></span> 
     </span>
    </p>
   </div>
   <div class='ocr_carea' id='block_1_4' title="bbox 220 183 1004 220">
    <p class='ocr_par' dir='ltr' id='par_1_4' title="bbox 220 185 1004 218">
     <span class='ocr_line' id='line_1_4' title="bbox 220 185 1004 218; baseline 0 -7"><span class='ocrx_word' id='word_1_6' title='bbox 220 191 272 211; x_wconf 76' lang='lat' dir='ltr'><strong>Vox</strong></span> <span class='ocrx_word' id='word_1_7' title='bbox 290 185 333 212; x_wconf 84' lang='lat' dir='ltr'><strong>illa</strong></span> <span class='ocrx_word' id='word_1_8' title='bbox 345 205 351 216; x_wconf 87' lang='lat'><strong>,</strong></span> <span class='ocrx_word' id='word_1_9' title='bbox 367 190 565 218; x_wconf 77' lang='lat' dir='ltr'><strong>percusserunt.</strong></span> <span class='ocrx_word' id='word_1_10' title='bbox 575 193 607 213; x_wconf 93' lang='lat' dir='ltr'><strong>ac</strong></span> <span class='ocrx_word' id='word_1_11' title='bbox 625 186 796 212; x_wconf 77' lang='lat' dir='ltr'><strong>vulnerarunt</strong></span> <span class='ocrx_word' id='word_1_12' title='bbox 813 193 867 216; x_wconf 84' lang='lat' dir='ltr'><strong>me.</strong></span> <span class='ocrx_word' id='word_1_13' title='bbox 884 185 1004 212; x_wconf 81' lang='lat' dir='ltr'><strong>dolenter</strong></span> 
     </span>
    </p>
   </div>
   <div class='ocr_carea' id='block_1_5' title="bbox 1056 183 1855 220">
    <p class='ocr_par' dir='ltr' id='par_1_5' title="bbox 1066 183 1855 220">
     <span class='ocr_line' id='line_1_5' title="bbox 1066 183 1855 220; baseline 0.005 -10"><span class='ocrx_word' id='word_1_14' title='bbox 1066 183 1237 216; x_wconf 77' lang='grc' dir='ltr'><strong>Ἐπάταξάν</strong></span> <span class='ocrx_word' id='word_1_15' title='bbox 1243 191 1292 218; x_wconf 81' lang='grc' dir='ltr'>με·</span> <span class='ocrx_word' id='word_1_16' title='bbox 1301 184 1347 211; x_wconf 76' lang='grc' dir='ltr'>καὶ</span> <span class='ocrx_word' id='word_1_17' title='bbox 1358 183 1415 218; x_wconf 89' lang='grc' dir='ltr'>τοῦ,</span> <span class='ocrx_word' id='word_1_18' title='bbox 1425 184 1660 219; x_wconf 73' lang='grc' dir='ltr'>Ἑτραιιμάτισάν</span> <span class='ocrx_word' id='word_1_19' title='bbox 1665 194 1713 220; x_wconf 84' lang='grc' dir='ltr'><strong>με,</strong></span> <span class='ocrx_word' id='word_1_20' title='bbox 1723 187 1814 219; x_wconf 86' lang='grc' dir='ltr'>καλῶς</span> <span class='ocrx_word' id='word_1_21' title='bbox 1823 189 1855 214; x_wconf 78' lang='grc' dir='ltr'>ἂν</span> 
     </span>
    </p>
   </div>
   <div class='ocr_carea' id='block_1_6' title="bbox 220 223 1011 264">
    <p class='ocr_par' dir='ltr' id='par_1_6' title="bbox 220 223 1011 264">
     <span class='ocr_line' id='line_1_6' title="bbox 220 223 1011 264; baseline -0.001 -9"><span class='ocrx_word' id='word_1_22' title='bbox 220 229 338 264; x_wconf 81' lang='lat' dir='ltr'><strong>prolerri</strong></span> <span class='ocrx_word' id='word_1_23' title='bbox 353 229 460 256; x_wconf 90' lang='lat' dir='ltr'><strong>videtur</strong></span> <span class='ocrx_word' id='word_1_24' title='bbox 473 235 492 263; x_wconf 76' lang='lat'><strong>),</strong></span> <span class='ocrx_word' id='word_1_25' title='bbox 511 234 585 257; x_wconf 89' lang='lat' dir='ltr'><strong>recte</strong></span> <span class='ocrx_word' id='word_1_26' title='bbox 599 223 703 257; x_wconf 50' lang='lat' dir='ltr'><strong>&#39;l‘acturi</strong></span> <span class='ocrx_word' id='word_1_27' title='bbox 720 237 816 257; x_wconf 85' lang='lat' dir='ltr'><strong>sumus</strong></span> <span class='ocrx_word' id='word_1_28' title='bbox 827 251 835 263; x_wconf 92' lang='lat'><strong>,</strong></span> <span class='ocrx_word' id='word_1_29' title='bbox 852 229 874 257; x_wconf 83' lang='lat' dir='ltr'><strong>si</strong></span> <span class='ocrx_word' id='word_1_30' title='bbox 891 229 1011 264; x_wconf 89' lang='lat' dir='ltr'><strong>primum</strong></span> 
     </span>
    </p>
   </div>
   <div class='ocr_carea' id='block_1_7' title="bbox 220 272 1013 306">
    <p class='ocr_par' dir='ltr' id='par_1_7' title="bbox 220 272 1013 306">
     <span class='ocr_line' id='line_1_7' title="bbox 220 272 1013 306; baseline 0.001 -7"><span class='ocrx_word' id='word_1_31' title='bbox 220 272 376 306; x_wconf 79' lang='lat' dir='ltr'><strong>liujusmodi</strong></span> <span class='ocrx_word' id='word_1_32' title='bbox 392 274 538 300; x_wconf 79' lang='lat' dir='ltr'><strong>verborum</strong></span> <span class='ocrx_word' id='word_1_33' title='bbox 555 274 582 300; x_wconf 94' lang='lat' dir='ltr'><strong>in</strong></span> <span class='ocrx_word' id='word_1_34' title='bbox 596 275 684 302; x_wconf 87' lang='lat' dir='ltr'><strong>sacris</strong></span> <span class='ocrx_word' id='word_1_35' title='bbox 699 274 810 302; x_wconf 75' lang='lat' dir='ltr'><strong>Litteris</strong></span> <span class='ocrx_word' id='word_1_36' title='bbox 825 282 904 301; x_wconf 89' lang='lat' dir='ltr'><strong>usum</strong></span> <span class='ocrx_word' id='word_1_37' title='bbox 919 275 1013 301; x_wconf 87' lang='lat' dir='ltr'><strong>obser-</strong></span> 
     </span>
    </p>
   </div>
   <div class='ocr_carea' id='block_1_8' title="bbox 219 319 1011 354">
    <p class='ocr_par' dir='ltr' id='par_1_8' title="bbox 219 319 1011 354">
     <span class='ocr_line' id='line_1_8' title="bbox 219 319 1011 354; baseline 0.004 -11"><span class='ocrx_word' id='word_1_38' title='bbox 219 319 393 351; x_wconf 70' lang='lat' dir='ltr'><strong>vaverimus,</strong></span> <span class='ocrx_word' id='word_1_39' title='bbox 411 327 476 346; x_wconf 92' lang='lat' dir='ltr'><strong>num</strong></span> <span class='ocrx_word' id='word_1_40' title='bbox 499 319 569 347; x_wconf 78' lang='lat' dir='ltr'><strong>forte</strong></span> <span class='ocrx_word' id='word_1_41' title='bbox 595 320 651 347; x_wconf 68' lang='lat' dir='ltr'><strong>hazc</strong></span> <span class='ocrx_word' id='word_1_42' title='bbox 672 319 706 347; x_wconf 89' lang='lat' dir='ltr'><strong>de</strong></span> <span class='ocrx_word' id='word_1_43' title='bbox 730 327 759 347; x_wconf 88' lang='lat' dir='ltr'><strong>re</strong></span> <span class='ocrx_word' id='word_1_44' title='bbox 782 320 854 347; x_wconf 84' lang='lat' dir='ltr'><strong>bona</strong></span> <span class='ocrx_word' id='word_1_45' title='bbox 878 323 1011 354; x_wconf 88' lang='lat' dir='ltr'><strong>usurpata</strong></span> 
     </span>
    </p>
   </div>
   <div class='ocr_carea' id='block_1_9' title="bbox 219 363 1011 401">
    <p class='ocr_par' dir='ltr' id='par_1_9' title="bbox 219 363 1011 401">
     <span class='ocr_line' id='line_1_9' title="bbox 219 363 1011 401; baseline 0.008 -13"><span class='ocrx_word' id='word_1_46' title='bbox 219 363 402 397; x_wconf 75' lang='lat' dir='ltr'><strong>reperiantur,</strong></span> <span class='ocrx_word' id='word_1_47' title='bbox 421 369 502 400; x_wconf 85' lang='lat' dir='ltr'><strong>atque</strong></span> <span class='ocrx_word' id='word_1_48' title='bbox 518 365 554 392; x_wconf 90' lang='lat' dir='ltr'><strong>ita</strong></span> <span class='ocrx_word' id='word_1_49' title='bbox 575 366 676 394; x_wconf 88' lang='lat' dir='ltr'><strong>deinde</strong></span> <span class='ocrx_word' id='word_1_50' title='bbox 697 366 752 393; x_wconf 90' lang='lat' dir='ltr'><strong>vim</strong></span> <span class='ocrx_word' id='word_1_51' title='bbox 777 374 873 394; x_wconf 90' lang='lat' dir='ltr'><strong>eorum</strong></span> <span class='ocrx_word' id='word_1_52' title='bbox 892 373 952 401; x_wconf 57' lang='lat' dir='ltr'><strong>qua‘</strong></span> <span class='ocrx_word' id='word_1_53' title='bbox 968 366 1011 394; x_wconf 90' lang='lat' dir='ltr'><strong>di-</strong></span> 
     </span>
    </p>
   </div>
   <div class='ocr_carea' id='block_1_10' title="bbox 219 409 688 442">
    <p class='ocr_par' dir='ltr' id='par_1_10' title="bbox 219 409 688 442">
     <span class='ocr_line' id='line_1_10' title="bbox 219 409 688 442; baseline 0.006 -6"><span class='ocrx_word' id='word_1_54' title='bbox 219 415 318 436; x_wconf 83' lang='lat' dir='ltr'><strong>Cuntur</strong></span> <span class='ocrx_word' id='word_1_55' title='bbox 337 409 390 442; x_wconf 85' lang='lat' dir='ltr'><strong>hic,</strong></span> <span class='ocrx_word' id='word_1_56' title='bbox 409 411 612 438; x_wconf 85' lang='lat' dir='ltr'><strong>consideraveri</strong></span> <span class='ocrx_word' id='word_1_57' title='bbox 618 419 688 439; x_wconf 91' lang='lat' dir='ltr'><strong>mus.</strong></span> 
     </span>
    </p>
   </div>
   <div class='ocr_carea' id='block_1_11' title="bbox 255 456 1010 492">
    <p class='ocr_par' dir='ltr' id='par_1_11' title="bbox 255 456 1010 492">
     <span class='ocr_line' id='line_1_11' title="bbox 255 456 1010 492; baseline 0.005 -11"><span class='ocrx_word' id='word_1_58' title='bbox 255 456 315 487; x_wconf 79' lang='lat' dir='ltr'><strong>Quo</strong></span> <span class='ocrx_word' id='word_1_59' title='bbox 331 460 412 490; x_wconf 89' lang='lat' dir='ltr'><strong>pacto</strong></span> <span class='ocrx_word' id='word_1_60' title='bbox 438 457 577 491; x_wconf 84' lang='lat' dir='ltr'><strong>sapientia</strong></span> <span class='ocrx_word' id='word_1_61' title='bbox 590 458 624 485; x_wconf 88' lang='lat' dir='ltr'><strong>de</strong></span> <span class='ocrx_word' id='word_1_62' title='bbox 646 463 734 485; x_wconf 87' lang='lat' dir='ltr'><strong>morte</strong></span> <span class='ocrx_word' id='word_1_63' title='bbox 751 457 863 492; x_wconf 83' lang='lat' dir='ltr'><strong>juvenis</strong></span> <span class='ocrx_word' id='word_1_64' title='bbox 889 458 1010 485; x_wconf 89' lang='lat' dir='ltr'><strong>animam</strong></span> 
     </span>
    </p>
   </div>
   <div class='ocr_carea' id='block_1_12' title="bbox 219 500 1010 538">
    <p class='ocr_par' dir='ltr' id='par_1_12' title="bbox 219 500 1010 538">
     <span class='ocr_line' id='line_1_12' title="bbox 219 500 1010 538; baseline 0.004 -12"><span class='ocrx_word' id='word_1_65' title='bbox 219 500 333 533; x_wconf 86' lang='lat' dir='ltr'><strong>liberet,</strong></span> <span class='ocrx_word' id='word_1_66' title='bbox 349 502 413 536; x_wconf 91' lang='lat' dir='ltr'><strong>quid</strong></span> <span class='ocrx_word' id='word_1_67' title='bbox 426 502 580 530; x_wconf 74' lang='lat' dir='ltr'><strong>faciendum</strong></span> <span class='ocrx_word' id='word_1_68' title='bbox 597 503 741 537; x_wconf 89' lang='lat' dir='ltr'><strong>consulat,</strong></span> <span class='ocrx_word' id='word_1_69' title='bbox 757 508 785 530; x_wconf 95' lang='lat' dir='ltr'><strong>ut</strong></span> <span class='ocrx_word' id='word_1_70' title='bbox 799 512 832 530; x_wconf 89' lang='lat' dir='ltr'><strong>ne</strong></span> <span class='ocrx_word' id='word_1_71' title='bbox 847 507 934 530; x_wconf 83' lang='lat' dir='ltr'><strong>marte</strong></span> <span class='ocrx_word' id='word_1_72' title='bbox 947 511 1010 538; x_wconf 91' lang='lat' dir='ltr'><strong>per-</strong></span> 
     </span>
    </p>
   </div>
   <div class='ocr_carea' id='block_1_13' title="bbox 217 546 1010 584">
    <p class='ocr_par' dir='ltr' id='par_1_13' title="bbox 217 546 1010 584">
     <span class='ocr_line' id='line_1_13' title="bbox 217 546 1010 584; baseline 0.006 -12"><span class='ocrx_word' id='word_1_73' title='bbox 217 552 261 572; x_wconf 83' lang='lat' dir='ltr'><strong>eat</strong></span> <span class='ocrx_word' id='word_1_74' title='bbox 277 546 404 580; x_wconf 82' lang='lat' dir='ltr'><strong>juvenis,</strong></span> <span class='ocrx_word' id='word_1_75' title='bbox 430 556 463 574; x_wconf 77' lang='lat' dir='ltr'><strong>ex</strong></span> <span class='ocrx_word' id='word_1_76' title='bbox 488 549 606 583; x_wconf 77' lang='lat' dir='ltr'><strong>ipsumet</strong></span> <span class='ocrx_word' id='word_1_77' title='bbox 631 548 787 576; x_wconf 79' lang='lat' dir='ltr'><strong>audiamus.</strong></span> <span class='ocrx_word' id='word_1_78' title='bbox 807 549 837 576; x_wconf 84' lang='lat' dir='ltr'><strong>Si</strong></span> <span class='ocrx_word' id='word_1_79' title='bbox 859 550 949 584; x_wconf 78' lang='lat' dir='ltr'><strong>virga,</strong></span> <span class='ocrx_word' id='word_1_80' title='bbox 968 549 1010 576; x_wconf 91' lang='lat' dir='ltr'><strong>in-</strong></span> 
     </span>
    </p>
   </div>
   <div class='ocr_carea' id='block_1_14' title="bbox 218 592 1009 626">
    <p class='ocr_par' dir='ltr' id='par_1_14' title="bbox 218 592 1009 626">
     <span class='ocr_line' id='line_1_14' title="bbox 218 592 1009 626; baseline 0.006 -8"><span class='ocrx_word' id='word_1_81' title='bbox 218 592 294 626; x_wconf 78' lang='lat' dir='ltr'><strong>quit.</strong></span> <span class='ocrx_word' id='word_1_82' title='bbox 312 594 473 626; x_wconf 77' lang='lat' dir='ltr'><strong>percusseris</strong></span> <span class='ocrx_word' id='word_1_83' title='bbox 496 603 574 626; x_wconf 84' lang='lat' dir='ltr'><strong>eum,</strong></span> <span class='ocrx_word' id='word_1_84' title='bbox 601 603 653 622; x_wconf 86' lang='lat' dir='ltr'><strong>non</strong></span> <span class='ocrx_word' id='word_1_85' title='bbox 682 596 809 622; x_wconf 83' lang='lat' dir='ltr'><strong>morietur</strong></span> <span class='ocrx_word' id='word_1_86' title='bbox 826 596 859 622; x_wconf 82' lang='grc'><strong>⁸⁷.</strong></span> <span class='ocrx_word' id='word_1_87' title='bbox 884 595 953 622; x_wconf 84' lang='lat' dir='ltr'><strong>Nam</strong></span> <span class='ocrx_word' id='word_1_88' title='bbox 980 601 1009 623; x_wconf 89' lang='lat' dir='ltr'><strong>tu</strong></span> 
     </span>
    </p>
   </div>
   <div class='ocr_carea' id='block_1_15' title="bbox 217 637 1009 676">
    <p class='ocr_par' dir='ltr' id='par_1_15' title="bbox 217 637 1009 676">
     <span class='ocr_line' id='line_1_15' title="bbox 217 637 1009 676; baseline 0.008 -13"><span class='ocrx_word' id='word_1_89' title='bbox 217 637 328 671; x_wconf 83' lang='lat' dir='ltr'><strong>quidem</strong></span> <span class='ocrx_word' id='word_1_90' title='bbox 355 640 430 674; x_wconf 73' lang='lat' dir='ltr'><strong>virga</strong></span> <span class='ocrx_word' id='word_1_91' title='bbox 456 647 518 666; x_wconf 86' lang='lat' dir='ltr'><strong>eum</strong></span> <span class='ocrx_word' id='word_1_92' title='bbox 545 640 650 673; x_wconf 67' lang='lat' dir='ltr'><strong>cmdes,</strong></span> <span class='ocrx_word' id='word_1_93' title='bbox 682 649 775 668; x_wconf 92' lang='lat' dir='ltr'><strong>verum</strong></span> <span class='ocrx_word' id='word_1_94' title='bbox 803 642 921 668; x_wconf 89' lang='lat' dir='ltr'><strong>animam</strong></span> <span class='ocrx_word' id='word_1_95' title='bbox 949 641 1009 676; x_wconf 87' lang='lat' dir='ltr'><strong>ejus</strong></span> 
     </span>
    </p>
   </div>
   <div class='ocr_carea' id='block_1_16' title="bbox 217 684 1005 721">
    <p class='ocr_par' dir='ltr' id='par_1_16' title="bbox 217 684 1005 721">
     <span class='ocr_line' id='line_1_16' title="bbox 217 684 1005 721; baseline 0.008 -13"><span class='ocrx_word' id='word_1_96' title='bbox 217 684 298 709; x_wconf 83' lang='lat' dir='ltr'><strong>morti</strong></span> <span class='ocrx_word' id='word_1_97' title='bbox 315 684 425 718; x_wconf 82' lang='lat' dir='ltr'><strong>eripies.</strong></span> <span class='ocrx_word' id='word_1_98' title='bbox 442 684 533 717; x_wconf 80' lang='lat' dir='ltr'><strong>Quare</strong></span> <span class='ocrx_word' id='word_1_99' title='bbox 548 686 655 712; x_wconf 82' lang='lat' dir='ltr'><strong>videtur</strong></span> <span class='ocrx_word' id='word_1_100' title='bbox 670 694 722 713; x_wconf 79' lang='lat' dir='ltr'><strong>vox</strong></span> <span class='ocrx_word' id='word_1_101' title='bbox 753 687 936 721; x_wconf 81' lang='lat' dir='ltr'><strong>percutiendi.</strong></span> <span class='ocrx_word' id='word_1_102' title='bbox 953 687 1005 714; x_wconf 87' lang='lat' dir='ltr'><strong>hoc</strong></span> 
     </span>
    </p>
   </div>
   <div class='ocr_carea' id='block_1_17' title="bbox 218 729 1009 767">
    <p class='ocr_par' dir='ltr' id='par_1_17' title="bbox 218 729 1009 767">
     <span class='ocr_line' id='line_1_17' title="bbox 218 729 1009 767; baseline 0.009 -13"><span class='ocrx_word' id='word_1_103' title='bbox 218 729 278 755; x_wconf 75' lang='lat' dir='ltr'><strong>loco</strong></span> <span class='ocrx_word' id='word_1_104' title='bbox 295 733 391 757; x_wconf 77' lang='lat' dir='ltr'><strong>notare</strong></span> <span class='ocrx_word' id='word_1_105' title='bbox 406 731 651 762; x_wconf 81' lang='lat' dir='ltr'><strong>immortalitatem,</strong></span> <span class='ocrx_word' id='word_1_106' title='bbox 674 739 737 759; x_wconf 87' lang='lat' dir='ltr'><strong>cum</strong></span> <span class='ocrx_word' id='word_1_107' title='bbox 755 733 882 760; x_wconf 84' lang='lat' dir='ltr'><strong>dicatur:</strong></span> <span class='ocrx_word' id='word_1_108' title='bbox 902 732 932 760; x_wconf 89' lang='lat' dir='ltr'><strong>Si</strong></span> <span class='ocrx_word' id='word_1_109' title='bbox 949 741 1009 767; x_wconf 83' lang='lat' dir='ltr'><strong>per-</strong></span> 
     </span>
    </p>
   </div>
   <div class='ocr_carea' id='block_1_18' title="bbox 216 775 1008 814">
    <p class='ocr_par' dir='ltr' id='par_1_18' title="bbox 216 775 1008 814">
     <span class='ocr_line' id='line_1_18' title="bbox 216 775 1008 814; baseline 0.01 -15"><span class='ocrx_word' id='word_1_110' title='bbox 216 775 329 801; x_wconf 72' lang='lat' dir='ltr'><strong>cusaeris</strong></span> <span class='ocrx_word' id='word_1_111' title='bbox 343 784 401 802; x_wconf 84' lang='lat' dir='ltr'><strong>eum</strong></span> <span class='ocrx_word' id='word_1_112' title='bbox 417 777 508 811; x_wconf 72' lang='lat' dir='ltr'><strong>virga,</strong></span> <span class='ocrx_word' id='word_1_113' title='bbox 526 786 577 804; x_wconf 85' lang='lat' dir='ltr'><strong>non</strong></span> <span class='ocrx_word' id='word_1_114' title='bbox 597 779 736 806; x_wconf 70' lang='lat' dir='ltr'><strong>&quot;varietur.</strong></span> <span class='ocrx_word' id='word_1_115' title='bbox 757 779 823 806; x_wconf 84' lang='lat' dir='ltr'><strong>Item</strong></span> <span class='ocrx_word' id='word_1_116' title='bbox 845 779 919 814; x_wconf 86' lang='lat' dir='ltr'><strong>quod</strong></span> <span class='ocrx_word' id='word_1_117' title='bbox 941 780 1008 807; x_wconf 85' lang='lat' dir='ltr'><strong>sub-</strong></span> 
     </span>
    </p>
   </div>
   <div class='ocr_carea' id='block_1_19' title="bbox 214 821 1005 859">
    <p class='ocr_par' dir='ltr' id='par_1_19' title="bbox 214 821 1005 859">
     <span class='ocr_line' id='line_1_19' title="bbox 214 821 1005 859; baseline 0.009 -13"><span class='ocrx_word' id='word_1_118' title='bbox 214 821 336 854; x_wconf 66' lang='lat' dir='ltr'><strong>jiciatur,</strong></span> <span class='ocrx_word' id='word_1_119' title='bbox 353 823 433 849; x_wconf 79' lang='lat' dir='ltr'><strong>aliter</strong></span> <span class='ocrx_word' id='word_1_120' title='bbox 450 824 570 850; x_wconf 87' lang='lat' dir='ltr'><strong>animam</strong></span> <span class='ocrx_word' id='word_1_121' title='bbox 585 824 646 859; x_wconf 89' lang='lat' dir='ltr'><strong>cjus</strong></span> <span class='ocrx_word' id='word_1_122' title='bbox 664 825 697 852; x_wconf 89' lang='lat' dir='ltr'><strong>de</strong></span> <span class='ocrx_word' id='word_1_123' title='bbox 720 830 808 853; x_wconf 90' lang='lat' dir='ltr'><strong>morte</strong></span> <span class='ocrx_word' id='word_1_124' title='bbox 824 825 937 853; x_wconf 85' lang='lat' dir='ltr'><strong>liberari</strong></span> <span class='ocrx_word' id='word_1_125' title='bbox 952 834 1005 853; x_wconf 94' lang='lat' dir='ltr'><strong>non</strong></span> 
     </span>
    </p>
   </div>
   <div class='ocr_carea' id='block_1_20' title="bbox 216 869 1005 907">
    <p class='ocr_par' dir='ltr' id='par_1_20' title="bbox 216 869 1005 907">
     <span class='ocr_line' id='line_1_20' title="bbox 216 869 1005 907; baseline 0.01 -15"><span class='ocrx_word' id='word_1_126' title='bbox 216 874 307 900; x_wconf 81' lang='lat' dir='ltr'><strong>posse,</strong></span> <span class='ocrx_word' id='word_1_127' title='bbox 325 876 407 902; x_wconf 87' lang='lat' dir='ltr'><strong>quam</strong></span> <span class='ocrx_word' id='word_1_128' title='bbox 424 869 447 895; x_wconf 89' lang='lat' dir='ltr'><strong>si</strong></span> <span class='ocrx_word' id='word_1_129' title='bbox 466 870 543 905; x_wconf 75' lang='lat' dir='ltr'><strong>virga</strong></span> <span class='ocrx_word' id='word_1_130' title='bbox 559 871 690 899; x_wconf 67' lang='lat' dir='ltr'><strong>caedatur.</strong></span> <span class='ocrx_word' id='word_1_131' title='bbox 704 871 798 907; x_wconf 85' lang='lat' dir='ltr'><strong>Itaque</strong></span> <span class='ocrx_word' id='word_1_132' title='bbox 810 872 843 899; x_wconf 90' lang='lat' dir='ltr'><strong>de</strong></span> <span class='ocrx_word' id='word_1_133' title='bbox 856 872 899 900; x_wconf 92' lang='lat' dir='ltr'><strong>his</strong></span> <span class='ocrx_word' id='word_1_134' title='bbox 914 872 1005 900; x_wconf 83' lang='lat' dir='ltr'><strong>verbis</strong></span> 
     </span>
    </p>
   </div>
   <div class='ocr_carea' id='block_1_21' title="bbox 215 912 1006 949">
    <p class='ocr_par' dir='ltr' id='par_1_21' title="bbox 215 912 1006 949">
     <span class='ocr_line' id='line_1_21' title="bbox 215 912 1006 949; baseline 0.009 -11"><span class='ocrx_word' id='word_1_135' title='bbox 215 912 431 944; x_wconf 79' lang='lat' dir='ltr'><strong>demonstratur.</strong></span> <span class='ocrx_word' id='word_1_136' title='bbox 448 916 549 941; x_wconf 87' lang='lat' dir='ltr'><strong>bonum</strong></span> <span class='ocrx_word' id='word_1_137' title='bbox 570 924 632 944; x_wconf 88' lang='lat' dir='ltr'><strong>esse</strong></span> <span class='ocrx_word' id='word_1_138' title='bbox 649 917 738 949; x_wconf 81' lang='lat' dir='ltr'><strong>caedi;</strong></span> <span class='ocrx_word' id='word_1_139' title='bbox 759 925 822 944; x_wconf 91' lang='lat' dir='ltr'><strong>cum</strong></span> <span class='ocrx_word' id='word_1_140' title='bbox 843 925 936 945; x_wconf 82' lang='lat' dir='ltr'><strong>revera</strong></span> <span class='ocrx_word' id='word_1_141' title='bbox 955 918 1006 944; x_wconf 90' lang='lat' dir='ltr'><strong>bo-</strong></span> 
     </span>
    </p>
   </div>
   <div class='ocr_carea' id='block_1_22' title="bbox 215 958 1004 991">
    <p class='ocr_par' dir='ltr' id='par_1_22' title="bbox 215 958 1004 991">
     <span class='ocr_line' id='line_1_22' title="bbox 215 958 1004 991; baseline 0.009 -8"><span class='ocrx_word' id='word_1_142' title='bbox 215 965 280 984; x_wconf 89' lang='lat' dir='ltr'><strong>num</strong></span> <span class='ocrx_word' id='word_1_143' title='bbox 298 958 349 989; x_wconf 85' lang='lat' dir='ltr'><strong>sit,</strong></span> <span class='ocrx_word' id='word_1_144' title='bbox 368 960 488 986; x_wconf 86' lang='lat' dir='ltr'><strong>animam</strong></span> <span class='ocrx_word' id='word_1_145' title='bbox 515 968 529 987; x_wconf 91' lang='lat' dir='ltr'><strong>a</strong></span> <span class='ocrx_word' id='word_1_146' title='bbox 553 967 640 988; x_wconf 88' lang='lat' dir='ltr'><strong>morte</strong></span> <span class='ocrx_word' id='word_1_147' title='bbox 662 963 784 989; x_wconf 76' lang='lat' dir='ltr'><strong>liberari.</strong></span> <span class='ocrx_word' id='word_1_148' title='bbox 811 963 857 990; x_wconf 85' lang='lat' dir='ltr'><strong>Sic</strong></span> <span class='ocrx_word' id='word_1_149' title='bbox 878 967 905 991; x_wconf 83' lang='lat' dir='ltr'><strong>et</strong></span> <span class='ocrx_word' id='word_1_150' title='bbox 920 962 1004 990; x_wconf 89' lang='lat' dir='ltr'><strong>Deum</strong></span> 
     </span>
    </p>
   </div>
   <div class='ocr_carea' id='block_1_23' title="bbox 217 1006 1005 1043">
    <p class='ocr_par' dir='ltr' id='par_1_23' title="bbox 217 1006 1005 1043">
     <span class='ocr_line' id='line_1_23' title="bbox 217 1006 1005 1043; baseline 0.01 -15"><span class='ocrx_word' id='word_1_151' title='bbox 217 1010 297 1036; x_wconf 71' lang='lat' dir='ltr'><strong>agere</strong></span> <span class='ocrx_word' id='word_1_152' title='bbox 316 1008 392 1032; x_wconf 84' lang='lat' dir='ltr'><strong>vates</strong></span> <span class='ocrx_word' id='word_1_153' title='bbox 407 1006 463 1036; x_wconf 84' lang='lat' dir='ltr'><strong>ait,</strong></span> <span class='ocrx_word' id='word_1_154' title='bbox 481 1006 636 1034; x_wconf 85' lang='lat' dir='ltr'><strong>Occidendo</strong></span> <span class='ocrx_word' id='word_1_155' title='bbox 651 1008 835 1035; x_wconf 79' lang='lat' dir='ltr'><strong>viviﬁcantem</strong></span> <span class='ocrx_word' id='word_1_156' title='bbox 845 1029 853 1042; x_wconf 87' lang='lat'><strong>,</strong></span> <span class='ocrx_word' id='word_1_157' title='bbox 867 1013 894 1036; x_wconf 91' lang='lat' dir='ltr'><strong>et</strong></span> <span class='ocrx_word' id='word_1_158' title='bbox 909 1017 1005 1043; x_wconf 89' lang='lat' dir='ltr'><strong>percu-</strong></span> 
     </span>
    </p>
   </div>
   <div class='ocr_carea' id='block_1_24' title="bbox 219 1049 1006 1088">
    <p class='ocr_par' dir='ltr' id='par_1_24' title="bbox 219 1049 1006 1088">
     <span class='ocr_line' id='line_1_24' title="bbox 219 1049 1006 1088; baseline 0.01 -15"><span class='ocrx_word' id='word_1_159' title='bbox 219 1049 312 1076; x_wconf 68' lang='lat' dir='ltr'><strong>tiendo</strong></span> <span class='ocrx_word' id='word_1_160' title='bbox 329 1056 482 1078; x_wconf 89' lang='lat' dir='ltr'><strong>sanantcm.</strong></span> <span class='ocrx_word' id='word_1_161' title='bbox 502 1051 576 1086; x_wconf 81' lang='lat' dir='ltr'><strong>Ego,</strong></span> <span class='ocrx_word' id='word_1_162' title='bbox 597 1053 703 1088; x_wconf 80' lang='lat' dir='ltr'><strong>inquit,</strong></span> <span class='ocrx_word' id='word_1_163' title='bbox 719 1054 878 1088; x_wconf 82' lang='lat' dir='ltr'><strong>interﬁciant</strong></span> <span class='ocrx_word' id='word_1_164' title='bbox 899 1059 923 1081; x_wconf 81' lang='lat' dir='ltr'><strong>et</strong></span> <span class='ocrx_word' id='word_1_165' title='bbox 941 1055 1006 1081; x_wconf 84' lang='lat' dir='ltr'><strong>vivi-</strong></span> 
     </span>
    </p>
   </div>
   <div class='ocr_carea' id='block_1_25' title="bbox 216 1093 1005 1132">
    <p class='ocr_par' dir='ltr' id='par_1_25' title="bbox 216 1093 1005 1132">
     <span class='ocr_line' id='line_1_25' title="bbox 216 1093 1005 1132; baseline 0.01 -13"><span class='ocrx_word' id='word_1_166' title='bbox 216 1093 317 1128; x_wconf 69' lang='lat' dir='ltr'><strong>ficabo;</strong></span> <span class='ocrx_word' id='word_1_167' title='bbox 338 1097 502 1129; x_wconf 81' lang='lat' dir='ltr'><strong>percutiam,</strong></span> <span class='ocrx_word' id='word_1_168' title='bbox 518 1102 542 1123; x_wconf 79' lang='lat' dir='ltr'><strong>et</strong></span> <span class='ocrx_word' id='word_1_169' title='bbox 559 1106 665 1124; x_wconf 84' lang='lat' dir='ltr'><strong>rursum</strong></span> <span class='ocrx_word' id='word_1_170' title='bbox 684 1099 738 1132; x_wconf 84' lang='lat' dir='ltr'><strong>ipse</strong></span> <span class='ocrx_word' id='word_1_171' title='bbox 761 1099 862 1126; x_wconf 73' lang='lat' dir='ltr'><strong>sanabo</strong></span> <span class='ocrx_word' id='word_1_172' title='bbox 879 1100 912 1126; x_wconf 79' lang='grc'><strong>⁸⁸.</strong></span> <span class='ocrx_word' id='word_1_173' title='bbox 937 1099 1005 1127; x_wconf 86' lang='lat' dir='ltr'><strong>Pro-</strong></span> 
     </span>
    </p>
   </div>
   <div class='ocr_carea' id='block_1_26' title="bbox 214 1143 1004 1175">
    <p class='ocr_par' dir='ltr' id='par_1_26' title="bbox 214 1143 1004 1175">
     <span class='ocr_line' id='line_1_26' title="bbox 214 1143 1004 1175; baseline 0.01 -11"><span class='ocrx_word' id='word_1_174' title='bbox 214 1144 307 1173; x_wconf 87' lang='lat' dir='ltr'><strong>pterea</strong></span> <span class='ocrx_word' id='word_1_175' title='bbox 323 1147 438 1175; x_wconf 76' lang='lat' dir='ltr'><strong>magnus</strong></span> <span class='ocrx_word' id='word_1_176' title='bbox 457 1143 540 1168; x_wconf 86' lang='lat' dir='ltr'><strong>etiam</strong></span> <span class='ocrx_word' id='word_1_177' title='bbox 560 1143 644 1170; x_wconf 83' lang='lat' dir='ltr'><strong>David</strong></span> <span class='ocrx_word' id='word_1_178' title='bbox 663 1144 709 1171; x_wconf 90' lang='lat' dir='ltr'><strong>ille</strong></span> <span class='ocrx_word' id='word_1_179' title='bbox 729 1151 784 1171; x_wconf 90' lang='lat' dir='ltr'><strong>non</strong></span> <span class='ocrx_word' id='word_1_180' title='bbox 812 1145 932 1175; x_wconf 89' lang='lat' dir='ltr'><strong>vulnus.</strong></span> <span class='ocrx_word' id='word_1_181' title='bbox 957 1145 1004 1172; x_wconf 84' lang='lat' dir='ltr'><strong>sed</strong></span> 
     </span>
    </p>
   </div>
   <div class='ocr_carea' id='block_1_27' title="bbox 213 1185 1002 1224">
    <p class='ocr_par' dir='ltr' id='par_1_27' title="bbox 213 1185 1002 1224">
     <span class='ocr_line' id='line_1_27' title="bbox 213 1185 1002 1224; baseline 0.008 -13"><span class='ocrx_word' id='word_1_182' title='bbox 213 1185 431 1213; x_wconf 82' lang='lat' dir='ltr'><strong>consolationem</strong></span> <span class='ocrx_word' id='word_1_183' title='bbox 444 1187 510 1213; x_wconf 93' lang='lat' dir='ltr'><strong>oriri</strong></span> <span class='ocrx_word' id='word_1_184' title='bbox 525 1187 559 1215; x_wconf 89' lang='lat' dir='ltr'><strong>de</strong></span> <span class='ocrx_word' id='word_1_185' title='bbox 574 1189 732 1223; x_wconf 88' lang='lat' dir='ltr'><strong>hujusmodi</strong></span> <span class='ocrx_word' id='word_1_186' title='bbox 748 1189 824 1224; x_wconf 82' lang='lat' dir='ltr'><strong>virga</strong></span> <span class='ocrx_word' id='word_1_187' title='bbox 841 1191 928 1223; x_wconf 86' lang='lat' dir='ltr'><strong>dixit,</strong></span> <span class='ocrx_word' id='word_1_188' title='bbox 941 1198 1002 1218; x_wconf 92' lang='lat' dir='ltr'><strong>cum</strong></span> 
     </span>
    </p>
   </div>
   <div class='ocr_carea' id='block_1_28' title="bbox 213 1230 1003 1270">
    <p class='ocr_par' dir='ltr' id='par_1_28' title="bbox 213 1230 1003 1270">
     <span class='ocr_line' id='line_1_28' title="bbox 213 1230 1003 1270; baseline 0.009 -14"><span class='ocrx_word' id='word_1_189' title='bbox 213 1230 266 1256; x_wconf 81' lang='lat' dir='ltr'><strong>ait:</strong></span> <span class='ocrx_word' id='word_1_190' title='bbox 288 1230 366 1266; x_wconf 77' lang='lat' dir='ltr'><strong>Virga</strong></span> <span class='ocrx_word' id='word_1_191' title='bbox 381 1237 427 1258; x_wconf 75' lang='lat' dir='ltr'><strong>tua</strong></span> <span class='ocrx_word' id='word_1_192' title='bbox 440 1238 465 1259; x_wconf 84' lang='lat' dir='ltr'><strong>et</strong></span> <span class='ocrx_word' id='word_1_193' title='bbox 483 1233 592 1260; x_wconf 75' lang='lat' dir='ltr'><strong>baculus</strong></span> <span class='ocrx_word' id='word_1_194' title='bbox 610 1239 671 1262; x_wconf 79' lang='lat' dir='ltr'><strong>tuus</strong></span> <span class='ocrx_word' id='word_1_195' title='bbox 682 1255 689 1267; x_wconf 91' lang='lat'><strong>,</strong></span> <span class='ocrx_word' id='word_1_196' title='bbox 711 1236 770 1270; x_wconf 77' lang='lat' dir='ltr'><strong>ipsa</strong></span> <span class='ocrx_word' id='word_1_197' title='bbox 785 1236 924 1263; x_wconf 77' lang='lat' dir='ltr'><strong>consolala</strong></span> <span class='ocrx_word' id='word_1_198' title='bbox 940 1242 1003 1263; x_wconf 72' lang='lat' dir='ltr'><strong>sunt</strong></span> 
     </span>
    </p>
   </div>
   <div class='ocr_carea' id='block_1_29' title="bbox 213 1276 1002 1313">
    <p class='ocr_par' dir='ltr' id='par_1_29' title="bbox 213 1276 1002 1313">
     <span class='ocr_line' id='line_1_29' title="bbox 213 1276 1002 1313; baseline 0.008 -11"><span class='ocrx_word' id='word_1_199' title='bbox 213 1285 254 1303; x_wconf 84' lang='lat' dir='ltr'><strong>me</strong></span> <span class='ocrx_word' id='word_1_200' title='bbox 273 1278 306 1303; x_wconf 77' lang='lat'><strong>&quot;.</strong></span> <span class='ocrx_word' id='word_1_201' title='bbox 333 1276 366 1304; x_wconf 88' lang='lat' dir='ltr'><strong>Et</strong></span> <span class='ocrx_word' id='word_1_202' title='bbox 387 1278 496 1312; x_wconf 87' lang='lat' dir='ltr'><strong>quidem</strong></span> <span class='ocrx_word' id='word_1_203' title='bbox 518 1286 567 1313; x_wconf 91' lang='lat' dir='ltr'><strong>per</strong></span> <span class='ocrx_word' id='word_1_204' title='bbox 588 1279 645 1306; x_wconf 70' lang='lat' dir='ltr'><strong>haec</strong></span> <span class='ocrx_word' id='word_1_205' title='bbox 666 1288 790 1307; x_wconf 86' lang='lat' dir='ltr'><strong>mensam</strong></span> <span class='ocrx_word' id='word_1_206' title='bbox 808 1281 860 1308; x_wconf 88' lang='lat' dir='ltr'><strong>sibi</strong></span> <span class='ocrx_word' id='word_1_207' title='bbox 881 1281 1002 1308; x_wconf 85' lang='lat' dir='ltr'><strong>divinam</strong></span> 
     </span>
    </p>
   </div>
   <div class='ocr_carea' id='block_1_30' title="bbox 214 1323 1004 1360">
    <p class='ocr_par' dir='ltr' id='par_1_30' title="bbox 214 1323 1004 1360">
     <span class='ocr_line' id='line_1_30' title="bbox 214 1323 1004 1360; baseline 0.008 -13"><span class='ocrx_word' id='word_1_208' title='bbox 214 1323 304 1354; x_wconf 81' lang='lat' dir='ltr'><strong>parari</strong></span> <span class='ocrx_word' id='word_1_209' title='bbox 320 1323 401 1350; x_wconf 85' lang='lat' dir='ltr'><strong>tradit</strong></span> <span class='ocrx_word' id='word_1_210' title='bbox 412 1343 419 1353; x_wconf 84' lang='lat'><strong><em>.</em></strong></span> <span class='ocrx_word' id='word_1_211' title='bbox 434 1323 556 1358; x_wconf 86' lang='lat' dir='ltr'><strong>itemque</strong></span> <span class='ocrx_word' id='word_1_212' title='bbox 570 1324 622 1351; x_wconf 83' lang='lat' dir='ltr'><strong>alia</strong></span> <span class='ocrx_word' id='word_1_213' title='bbox 636 1333 807 1360; x_wconf 63' lang='lat' dir='ltr'><strong>quascunque</strong></span> <span class='ocrx_word' id='word_1_214' title='bbox 822 1326 945 1360; x_wconf 81' lang='lat' dir='ltr'><strong>psalmus</strong></span> <span class='ocrx_word' id='word_1_215' title='bbox 959 1326 1004 1354; x_wconf 86' lang='lat' dir='ltr'><strong>ille</strong></span> 
     </span>
    </p>
   </div>
   <div class='ocr_carea' id='block_1_31' title="bbox 213 1368 1003 1406">
    <p class='ocr_par' dir='ltr' id='par_1_31' title="bbox 213 1368 1003 1406">
     <span class='ocr_line' id='line_1_31' title="bbox 213 1368 1003 1406; baseline 0.005 -12"><span class='ocrx_word' id='word_1_216' title='bbox 213 1368 364 1395; x_wconf 72' lang='lat' dir='ltr'><strong>sm-undum</strong></span> <span class='ocrx_word' id='word_1_217' title='bbox 392 1368 448 1396; x_wconf 75' lang='lat' dir='ltr'><strong>hzec</strong></span> <span class='ocrx_word' id='word_1_218' title='bbox 472 1375 618 1397; x_wconf 54' lang='lat' dir='ltr'><strong>reconsut:</strong></span> <span class='ocrx_word' id='word_1_219' title='bbox 647 1371 721 1398; x_wconf 80' lang='lat' dir='ltr'><strong>verbi</strong></span> <span class='ocrx_word' id='word_1_220' title='bbox 743 1372 846 1406; x_wconf 81' lang='lat' dir='ltr'><strong>gratia,</strong></span> <span class='ocrx_word' id='word_1_221' title='bbox 867 1372 956 1398; x_wconf 84' lang='lat' dir='ltr'><strong>oleum</strong></span> <span class='ocrx_word' id='word_1_222' title='bbox 975 1372 1003 1400; x_wconf 89' lang='lat' dir='ltr'><strong>in</strong></span> 
     </span>
    </p>
   </div>
   <div class='ocr_carea' id='block_1_32' title="bbox 213 1414 1001 1451">
    <p class='ocr_par' dir='ltr' id='par_1_32' title="bbox 213 1414 1001 1451">
     <span class='ocr_line' id='line_1_32' title="bbox 213 1414 1001 1451; baseline 0.005 -11"><span class='ocrx_word' id='word_1_223' title='bbox 213 1414 319 1448; x_wconf 80' lang='lat' dir='ltr'><strong>capite,</strong></span> <span class='ocrx_word' id='word_1_224' title='bbox 339 1422 443 1442; x_wconf 88' lang='lat' dir='ltr'><strong>merum</strong></span> <span class='ocrx_word' id='word_1_225' title='bbox 461 1415 488 1442; x_wconf 90' lang='lat' dir='ltr'><strong>in</strong></span> <span class='ocrx_word' id='word_1_226' title='bbox 505 1416 623 1450; x_wconf 85' lang='lat' dir='ltr'><strong>poculo,</strong></span> <span class='ocrx_word' id='word_1_227' title='bbox 648 1417 721 1451; x_wconf 88' lang='lat' dir='ltr'><strong>quod</strong></span> <span class='ocrx_word' id='word_1_228' title='bbox 740 1417 901 1443; x_wconf 85' lang='lat' dir='ltr'><strong>ebrietatem</strong></span> <span class='ocrx_word' id='word_1_229' title='bbox 926 1418 1001 1444; x_wconf 82' lang='lat' dir='ltr'><strong>illam</strong></span> 
     </span>
    </p>
   </div>
   <div class='ocr_carea' id='block_1_33' title="bbox 213 1460 1003 1498">
    <p class='ocr_par' dir='ltr' id='par_1_33' title="bbox 213 1460 1003 1498">
     <span class='ocr_line' id='line_1_33' title="bbox 213 1460 1003 1498; baseline 0.005 -12"><span class='ocrx_word' id='word_1_230' title='bbox 213 1460 334 1488; x_wconf 72' lang='lat' dir='ltr'><strong>sobriam</strong></span> <span class='ocrx_word' id='word_1_231' title='bbox 349 1461 463 1493; x_wconf 70' lang='lat' dir='ltr'><strong>alliciat,</strong></span> <span class='ocrx_word' id='word_1_232' title='bbox 480 1462 670 1489; x_wconf 82' lang='lat' dir='ltr'><strong>misericordia</strong></span> <span class='ocrx_word' id='word_1_233' title='bbox 693 1462 807 1497; x_wconf 84' lang='lat' dir='ltr'><strong>pulchre</strong></span> <span class='ocrx_word' id='word_1_234' title='bbox 831 1463 920 1495; x_wconf 88' lang='lat' dir='ltr'><strong>ipsum</strong></span> <span class='ocrx_word' id='word_1_235' title='bbox 939 1471 1003 1498; x_wconf 93' lang='lat' dir='ltr'><strong>pro-</strong></span> 
     </span>
    </p>
   </div>
   <div class='ocr_carea' id='block_1_34' title="bbox 1063 229 1854 268">
    <p class='ocr_par' dir='ltr' id='par_1_34' title="bbox 1063 229 1854 268">
     <span class='ocr_line' id='line_1_34' title="bbox 1063 229 1854 268; baseline 0.006 -13"><span class='ocrx_word' id='word_1_236' title='bbox 1063 229 1120 264; x_wconf 77' lang='grc' dir='ltr'>ἔχει</span> <span class='ocrx_word' id='word_1_237' title='bbox 1134 230 1302 265; x_wconf 73' lang='grc' dir='ltr'><strong>κατανοῆσαι</strong></span> <span class='ocrx_word' id='word_1_238' title='bbox 1318 231 1426 266; x_wconf 86' lang='grc' dir='ltr'>πρῶτον</span> <span class='ocrx_word' id='word_1_239' title='bbox 1442 231 1492 266; x_wconf 79' lang='grc' dir='ltr'>τῆς</span> <span class='ocrx_word' id='word_1_240' title='bbox 1506 231 1587 265; x_wconf 85' lang='grc' dir='ltr'>ἁγίας</span> <span class='ocrx_word' id='word_1_241' title='bbox 1603 231 1715 268; x_wconf 83' lang='grc' dir='ltr'>Γραφῆς</span> <span class='ocrx_word' id='word_1_242' title='bbox 1736 233 1786 268; x_wconf 83' lang='grc' dir='ltr'><strong>τὴν</strong></span> <span class='ocrx_word' id='word_1_243' title='bbox 1801 234 1854 260; x_wconf 87' lang='grc' dir='ltr'>τῶν</span> 
     </span>
    </p>
   </div>
   <div class='ocr_carea' id='block_1_35' title="bbox 1062 275 1853 314">
    <p class='ocr_par' dir='ltr' id='par_1_35' title="bbox 1062 275 1853 314">
     <span class='ocr_line' id='line_1_35' title="bbox 1062 275 1853 314; baseline 0.006 -13"><span class='ocrx_word' id='word_1_244' title='bbox 1062 275 1189 302; x_wconf 85' lang='grc' dir='ltr'><strong>τοιούτων</strong></span> <span class='ocrx_word' id='word_1_245' title='bbox 1215 276 1344 311; x_wconf 79' lang='grc' dir='ltr'><strong>ῥημάτων</strong></span> <span class='ocrx_word' id='word_1_246' title='bbox 1368 277 1483 312; x_wconf 82' lang='grc' dir='ltr'>χρῆσιν,</span> <span class='ocrx_word' id='word_1_247' title='bbox 1499 278 1577 304; x_wconf 72' lang='grc' dir='ltr'>εἵπου</span> <span class='ocrx_word' id='word_1_248' title='bbox 1595 278 1663 314; x_wconf 71' lang='grc' dir='ltr'>πρὸς</span> <span class='ocrx_word' id='word_1_249' title='bbox 1678 278 1708 305; x_wconf 82' lang='grc' dir='ltr'>τὸ</span> <span class='ocrx_word' id='word_1_250' title='bbox 1729 280 1853 314; x_wconf 81' lang='grc' dir='ltr'>κρεῖττον</span> 
     </span>
    </p>
   </div>
   <div class='ocr_carea' id='block_1_36' title="bbox 1062 319 1854 360">
    <p class='ocr_par' dir='ltr' id='par_1_36' title="bbox 1062 319 1854 360">
     <span class='ocr_line' id='line_1_36' title="bbox 1062 319 1854 360; baseline 0.006 -14"><span class='ocrx_word' id='word_1_251' title='bbox 1062 319 1152 346; x_wconf 73' lang='grc' dir='ltr'>αὐτῶν</span> <span class='ocrx_word' id='word_1_252' title='bbox 1172 319 1220 356; x_wconf 82' lang='grc' dir='ltr'><strong>τὴν</strong></span> <span class='ocrx_word' id='word_1_253' title='bbox 1243 322 1352 357; x_wconf 82' lang='grc' dir='ltr'><strong>μνήμην</strong></span> <span class='ocrx_word' id='word_1_254' title='bbox 1369 322 1516 357; x_wconf 84' lang='grc' dir='ltr'>πεποίηται</span> <span class='ocrx_word' id='word_1_255' title='bbox 1534 331 1540 337; x_wconf 90' lang='grc'><strong>·</strong></span> <span class='ocrx_word' id='word_1_256' title='bbox 1553 321 1602 349; x_wconf 76' lang='grc' dir='ltr'>εἷθ’</span> <span class='ocrx_word' id='word_1_257' title='bbox 1617 323 1703 356; x_wconf 78' lang='grc' dir='ltr'>οὕτως</span> <span class='ocrx_word' id='word_1_258' title='bbox 1717 324 1854 360; x_wconf 80' lang='grc' dir='ltr'>θεωρῆσαι</span> 
     </span>
    </p>
   </div>
   <div class='ocr_carea' id='block_1_37' title="bbox 1061 364 1618 403">
    <p class='ocr_par' dir='ltr' id='par_1_37' title="bbox 1061 364 1618 403">
     <span class='ocr_line' id='line_1_37' title="bbox 1061 364 1618 403; baseline 0.007 -12"><span class='ocrx_word' id='word_1_259' title='bbox 1061 364 1116 391; x_wconf 87' lang='grc' dir='ltr'>τῶν</span> <span class='ocrx_word' id='word_1_260' title='bbox 1133 366 1249 393; x_wconf 77' lang='grc' dir='ltr'>ἐνταῦθα</span> <span class='ocrx_word' id='word_1_261' title='bbox 1265 367 1418 402; x_wconf 84' lang='grc' dir='ltr'>λεγομένων</span> <span class='ocrx_word' id='word_1_262' title='bbox 1428 368 1477 403; x_wconf 84' lang='grc' dir='ltr'><strong>τὴν</strong></span> <span class='ocrx_word' id='word_1_263' title='bbox 1493 368 1618 403; x_wconf 87' lang='grc' dir='ltr'>δύναμιν.</span> 
     </span>
    </p>
   </div>
   <div class='ocr_carea' id='block_1_38' title="bbox 1096 456 1851 495">
    <p class='ocr_par' dir='ltr' id='par_1_38' title="bbox 1096 456 1851 495">
     <span class='ocr_line' id='line_1_38' title="bbox 1096 456 1851 495; baseline 0.008 -13"><span class='ocrx_word' id='word_1_264' title='bbox 1096 456 1158 488; x_wconf 82' lang='grc' dir='ltr'>Πῶς</span> <span class='ocrx_word' id='word_1_265' title='bbox 1175 457 1267 492; x_wconf 81' lang='grc' dir='ltr'>ῥύεται</span> <span class='ocrx_word' id='word_1_266' title='bbox 1283 458 1299 492; x_wconf 84' lang='grc' dir='ltr'>ἡ</span> <span class='ocrx_word' id='word_1_267' title='bbox 1323 457 1402 492; x_wconf 70' lang='grc' dir='ltr'>σοφία</span> <span class='ocrx_word' id='word_1_268' title='bbox 1416 457 1466 494; x_wconf 78' lang='grc' dir='ltr'>τὴν</span> <span class='ocrx_word' id='word_1_269' title='bbox 1487 456 1533 486; x_wconf 79' lang='grc' dir='ltr'>τοῦ</span> <span class='ocrx_word' id='word_1_270' title='bbox 1547 458 1606 486; x_wconf 87' lang='grc' dir='ltr'>νέου</span> <span class='ocrx_word' id='word_1_271' title='bbox 1623 459 1712 495; x_wconf 70' lang='grc' dir='ltr'>ψυχὴν</span> <span class='ocrx_word' id='word_1_272' title='bbox 1727 461 1780 487; x_wconf 68' lang='grc' dir='ltr'><strong>ἀπὸ</strong></span> <span class='ocrx_word' id='word_1_273' title='bbox 1803 461 1851 488; x_wconf 84' lang='grc' dir='ltr'><strong>θα-</strong></span> 
     </span>
    </p>
   </div>
   <div class='ocr_carea' id='block_1_39' title="bbox 1060 503 1850 542">
    <p class='ocr_par' dir='ltr' id='par_1_39' title="bbox 1060 503 1850 542">
     <span class='ocr_line' id='line_1_39' title="bbox 1060 503 1850 542; baseline 0.006 -14"><span class='ocrx_word' id='word_1_274' title='bbox 1060 503 1140 529; x_wconf 87' lang='grc' dir='ltr'>νάτου</span> <span class='ocrx_word' id='word_1_275' title='bbox 1154 503 1202 535; x_wconf 85' lang='grc' dir='ltr'><strong>;Τί</strong></span> <span class='ocrx_word' id='word_1_276' title='bbox 1218 503 1395 538; x_wconf 73' lang='grc' dir='ltr'>συμϐουλεύει</span> <span class='ocrx_word' id='word_1_277' title='bbox 1407 506 1504 536; x_wconf 86' lang='grc' dir='ltr'><strong>ποιεῖν,</strong></span> <span class='ocrx_word' id='word_1_278' title='bbox 1519 505 1562 532; x_wconf 82' lang='grc' dir='ltr'><strong>ἵνα</strong></span> <span class='ocrx_word' id='word_1_279' title='bbox 1572 506 1608 540; x_wconf 89' lang='grc' dir='ltr'>μὴ</span> <span class='ocrx_word' id='word_1_280' title='bbox 1622 506 1744 542; x_wconf 75' lang='grc' dir='ltr'>ἀποθάνῃ</span> <span class='ocrx_word' id='word_1_281' title='bbox 1755 507 1769 533; x_wconf 85' lang='grc' dir='ltr'><strong>ό</strong></span> <span class='ocrx_word' id='word_1_282' title='bbox 1782 507 1850 539; x_wconf 84' lang='grc' dir='ltr'>νέος,</span> 
     </span>
    </p>
   </div>
   <div class='ocr_carea' id='block_1_40' title="bbox 1060 548 1850 585">
    <p class='ocr_par' dir='ltr' id='par_1_40' title="bbox 1060 548 1850 585">
     <span class='ocr_line' id='line_1_40' title="bbox 1060 548 1850 585; baseline 0.005 -11"><span class='ocrx_word' id='word_1_283' title='bbox 1060 548 1146 584; x_wconf 75' lang='grc' dir='ltr'>αὐτῆς</span> <span class='ocrx_word' id='word_1_284' title='bbox 1160 549 1320 584; x_wconf 81' lang='grc' dir='ltr'>ἀκούσωμεν</span> <span class='ocrx_word' id='word_1_285' title='bbox 1333 550 1383 585; x_wconf 85' lang='grc' dir='ltr'>τῆς</span> <span class='ocrx_word' id='word_1_286' title='bbox 1397 551 1502 584; x_wconf 78' lang='grc' dir='ltr'>σοφίας.</span> <span class='ocrx_word' id='word_1_287' title='bbox 1524 551 1591 578; x_wconf 80' lang='grc' dir='ltr'><strong>Ἐὰν</strong></span> <span class='ocrx_word' id='word_1_288' title='bbox 1605 551 1703 584; x_wconf 78' lang='grc' dir='ltr'>πατάξ</span> <span class='ocrx_word' id='word_1_289' title='bbox 1708 561 1742 585; x_wconf 78' lang='grc' dir='ltr'>ης</span> <span class='ocrx_word' id='word_1_290' title='bbox 1757 553 1850 579; x_wconf 70' lang='grc' dir='ltr'><strong>αὑτὲν</strong></span> 
     </span>
    </p>
   </div>
   <div class='ocr_carea' id='block_1_41' title="bbox 1056 594 1846 635">
    <p class='ocr_par' dir='ltr' id='par_1_41' title="bbox 1056 594 1846 635">
     <span class='ocr_line' id='line_1_41' title="bbox 1056 594 1846 635; baseline 0.008 -15"><span class='ocrx_word' id='word_1_291' title='bbox 1056 594 1165 628; x_wconf 75' lang='grc' dir='ltr'><strong>ῥάϐδῳ,</strong></span> <span class='ocrx_word' id='word_1_292' title='bbox 1179 595 1271 630; x_wconf 77' lang='grc' dir='ltr'>φησὶν,</span> <span class='ocrx_word' id='word_1_293' title='bbox 1290 597 1325 623; x_wconf 82' lang='grc' dir='ltr'>οὐ</span> <span class='ocrx_word' id='word_1_294' title='bbox 1344 596 1388 631; x_wconf 78' lang='grc' dir='ltr'>μὴ</span> <span class='ocrx_word' id='word_1_295' title='bbox 1412 597 1559 631; x_wconf 75' lang='grc' dir='ltr'><strong>ἀποθάνῃ.</strong></span> <span class='ocrx_word' id='word_1_296' title='bbox 1572 598 1608 624; x_wconf 84' lang='grc' dir='ltr'><strong>Σὺ</strong></span> <span class='ocrx_word' id='word_1_297' title='bbox 1628 599 1677 633; x_wconf 74' lang='grc' dir='ltr'>μὲν</span> <span class='ocrx_word' id='word_1_298' title='bbox 1691 598 1744 634; x_wconf 79' lang='grc' dir='ltr'>γὰρ</span> <span class='ocrx_word' id='word_1_299' title='bbox 1757 599 1846 635; x_wconf 74' lang='grc' dir='ltr'>ῥάϐδῳ</span> 
     </span>
    </p>
   </div>
   <div class='ocr_carea' id='block_1_42' title="bbox 1060 640 1846 678">
    <p class='ocr_par' dir='ltr' id='par_1_42' title="bbox 1060 640 1846 678">
     <span class='ocr_line' id='line_1_42' title="bbox 1060 640 1846 678; baseline 0.006 -13"><span class='ocrx_word' id='word_1_300' title='bbox 1060 640 1189 672; x_wconf 73' lang='grc' dir='ltr'><strong>πατάξειε</strong></span> <span class='ocrx_word' id='word_1_301' title='bbox 1200 641 1291 671; x_wconf 78' lang='grc' dir='ltr'>αὑτὸν.</span> <span class='ocrx_word' id='word_1_302' title='bbox 1304 642 1351 676; x_wconf 84' lang='grc' dir='ltr'><strong>τὴν</strong></span> <span class='ocrx_word' id='word_1_303' title='bbox 1360 642 1386 667; x_wconf 76' lang='grc' dir='ltr'>δὲ</span> <span class='ocrx_word' id='word_1_304' title='bbox 1397 641 1485 678; x_wconf 75' lang='grc' dir='ltr'>ψυχὴν</span> <span class='ocrx_word' id='word_1_305' title='bbox 1497 642 1577 669; x_wconf 74' lang='grc' dir='ltr'>αὐτοῦ</span> <span class='ocrx_word' id='word_1_306' title='bbox 1588 643 1657 678; x_wconf 77' lang='grc' dir='ltr'>ῥύσῃ</span> <span class='ocrx_word' id='word_1_307' title='bbox 1671 644 1702 669; x_wconf 80' lang='grc' dir='ltr'>ὲκ</span> <span class='ocrx_word' id='word_1_308' title='bbox 1719 643 1846 670; x_wconf 83' lang='grc' dir='ltr'>θανάτου.</span> 
     </span>
    </p>
   </div>
   <div class='ocr_carea' id='block_1_43' title="bbox 1061 686 1850 725">
    <p class='ocr_par' dir='ltr' id='par_1_43' title="bbox 1061 686 1850 725">
     <span class='ocr_line' id='line_1_43' title="bbox 1061 686 1850 725; baseline 0.006 -13"><span class='ocrx_word' id='word_1_309' title='bbox 1061 686 1154 712; x_wconf 83' lang='grc' dir='ltr'>Ἐοικε</span> <span class='ocrx_word' id='word_1_310' title='bbox 1165 687 1254 713; x_wconf 87' lang='grc' dir='ltr'>τοίνυν</span> <span class='ocrx_word' id='word_1_311' title='bbox 1270 687 1417 714; x_wconf 81' lang='grc' dir='ltr'>ἀθανασίαν</span> <span class='ocrx_word' id='word_1_312' title='bbox 1428 689 1587 724; x_wconf 78' lang='grc' dir='ltr'>ἑρμηνεύειν</span> <span class='ocrx_word' id='word_1_313' title='bbox 1600 690 1615 725; x_wconf 84' lang='grc' dir='ltr'>ἡ</span> <span class='ocrx_word' id='word_1_314' title='bbox 1630 688 1676 716; x_wconf 74' lang='grc' dir='ltr'>τοῦ</span> <span class='ocrx_word' id='word_1_315' title='bbox 1696 691 1850 722; x_wconf 78' lang='grc' dir='ltr'>Ἐπάταξαν</span> 
     </span>
    </p>
   </div>
   <div class='ocr_carea' id='block_1_44' title="bbox 1059 731 1850 770">
    <p class='ocr_par' dir='ltr' id='par_1_44' title="bbox 1059 731 1850 770">
     <span class='ocr_line' id='line_1_44' title="bbox 1059 731 1850 770; baseline 0.008 -13"><span class='ocrx_word' id='word_1_316' title='bbox 1059 731 1148 763; x_wconf 80' lang='grc' dir='ltr'><strong>λέξις,</strong></span> <span class='ocrx_word' id='word_1_317' title='bbox 1166 731 1256 764; x_wconf 75' lang='grc' dir='ltr'>καθὼς</span> <span class='ocrx_word' id='word_1_318' title='bbox 1270 734 1284 759; x_wconf 81' lang='grc' dir='ltr'>ὁ</span> <span class='ocrx_word' id='word_1_319' title='bbox 1300 732 1377 767; x_wconf 76' lang='grc' dir='ltr'>λόγος</span> <span class='ocrx_word' id='word_1_320' title='bbox 1391 734 1474 768; x_wconf 75' lang='grc' dir='ltr'>φησίν</span> <span class='ocrx_word' id='word_1_321' title='bbox 1487 743 1494 749; x_wconf 83' lang='lat'><strong>&#39;</strong></span> <span class='ocrx_word' id='word_1_322' title='bbox 1512 735 1552 760; x_wconf 81' lang='grc' dir='ltr'><strong>ὅτι</strong></span> <span class='ocrx_word' id='word_1_323' title='bbox 1573 735 1643 762; x_wconf 78' lang='grc' dir='ltr'><strong>Ἐὰν</strong></span> <span class='ocrx_word' id='word_1_324' title='bbox 1662 736 1796 770; x_wconf 73' lang='grc' dir='ltr'>πατάξῃς</span> <span class='ocrx_word' id='word_1_325' title='bbox 1814 735 1850 770; x_wconf 77' lang='grc' dir='ltr'>τῇ</span> 
     </span>
    </p>
   </div>
   <div class='ocr_carea' id='block_1_45' title="bbox 1058 777 1850 813">
    <p class='ocr_par' dir='ltr' id='par_1_45' title="bbox 1058 777 1850 813">
     <span class='ocr_line' id='line_1_45' title="bbox 1058 777 1850 813; baseline 0.005 -10"><span class='ocrx_word' id='word_1_326' title='bbox 1058 777 1165 809; x_wconf 68' lang='grc' dir='ltr'><strong>ῥάϐδῳ,</strong></span> <span class='ocrx_word' id='word_1_327' title='bbox 1184 779 1220 804; x_wconf 86' lang='grc' dir='ltr'>οὺ</span> <span class='ocrx_word' id='word_1_328' title='bbox 1235 777 1278 812; x_wconf 79' lang='grc' dir='ltr'><strong>μὴ</strong></span> <span class='ocrx_word' id='word_1_329' title='bbox 1297 778 1443 813; x_wconf 78' lang='grc' dir='ltr'><strong>ἀποθάνῃ,</strong></span> <span class='ocrx_word' id='word_1_330' title='bbox 1461 779 1507 806; x_wconf 69' lang='grc' dir='ltr'>καὶ</span> <span class='ocrx_word' id='word_1_331' title='bbox 1530 779 1570 806; x_wconf 80' lang='grc' dir='ltr'>ὅτι</span> <span class='ocrx_word' id='word_1_332' title='bbox 1598 780 1646 807; x_wconf 76' lang='grc' dir='ltr'><strong>οὐκ</strong></span> <span class='ocrx_word' id='word_1_333' title='bbox 1665 780 1736 807; x_wconf 78' lang='grc' dir='ltr'>ἐστιν</span> <span class='ocrx_word' id='word_1_334' title='bbox 1763 781 1850 813; x_wconf 79' lang='grc' dir='ltr'>ἄλλως</span> 
     </span>
    </p>
   </div>
   <div class='ocr_carea' id='block_1_46' title="bbox 1060 821 1849 860">
    <p class='ocr_par' dir='ltr' id='par_1_46' title="bbox 1060 821 1849 860">
     <span class='ocr_line' id='line_1_46' title="bbox 1060 821 1849 860; baseline 0.006 -13"><span class='ocrx_word' id='word_1_335' title='bbox 1060 821 1191 856; x_wconf 78' lang='grc' dir='ltr'>ῥυσῦῆναι</span> <span class='ocrx_word' id='word_1_336' title='bbox 1210 822 1258 858; x_wconf 84' lang='grc' dir='ltr'><strong>τὴν</strong></span> <span class='ocrx_word' id='word_1_337' title='bbox 1279 823 1368 858; x_wconf 75' lang='grc' dir='ltr'>ψυχὴν</span> <span class='ocrx_word' id='word_1_338' title='bbox 1384 824 1415 850; x_wconf 87' lang='grc' dir='ltr'>ὲκ</span> <span class='ocrx_word' id='word_1_339' title='bbox 1439 824 1484 850; x_wconf 81' lang='grc' dir='ltr'>τοῦ</span> <span class='ocrx_word' id='word_1_340' title='bbox 1501 824 1627 857; x_wconf 80' lang='grc' dir='ltr'>θανάτου,</span> <span class='ocrx_word' id='word_1_341' title='bbox 1641 826 1688 852; x_wconf 79' lang='grc' dir='ltr'><strong>ἐὰν</strong></span> <span class='ocrx_word' id='word_1_342' title='bbox 1708 826 1744 860; x_wconf 85' lang='grc' dir='ltr'><strong>μὴ</strong></span> <span class='ocrx_word' id='word_1_343' title='bbox 1761 825 1849 852; x_wconf 79' lang='grc' dir='ltr'>πατὰ-</span> 
     </span>
    </p>
   </div>
   <div class='ocr_carea' id='block_1_47' title="bbox 1056 866 1850 905">
    <p class='ocr_par' dir='ltr' id='par_1_47' title="bbox 1056 866 1850 905">
     <span class='ocr_line' id='line_1_47' title="bbox 1056 866 1850 905; baseline 0.008 -14"><span class='ocrx_word' id='word_1_344' title='bbox 1056 866 1107 902; x_wconf 77' lang='grc' dir='ltr'>χθῃ</span> <span class='ocrx_word' id='word_1_345' title='bbox 1121 868 1154 901; x_wconf 81' lang='grc' dir='ltr'>τῇ</span> <span class='ocrx_word' id='word_1_346' title='bbox 1172 867 1261 902; x_wconf 76' lang='grc' dir='ltr'><strong>ῥάϐδῳ</strong></span> <span class='ocrx_word' id='word_1_347' title='bbox 1277 876 1284 884; x_wconf 81' lang='grc'><em>’</em></span> <span class='ocrx_word' id='word_1_348' title='bbox 1302 868 1384 894; x_wconf 76' lang='grc' dir='ltr'>καλὸν</span> <span class='ocrx_word' id='word_1_349' title='bbox 1407 869 1461 904; x_wconf 79' lang='grc' dir='ltr'><strong>ἄρα</strong></span> <span class='ocrx_word' id='word_1_350' title='bbox 1480 869 1510 896; x_wconf 77' lang='grc' dir='ltr'>τὸ</span> <span class='ocrx_word' id='word_1_351' title='bbox 1526 870 1713 905; x_wconf 84' lang='grc' dir='ltr'>παταχθῆναι,</span> <span class='ocrx_word' id='word_1_352' title='bbox 1731 870 1774 897; x_wconf 76' lang='grc' dir='ltr'>διὰ</span> <span class='ocrx_word' id='word_1_353' title='bbox 1795 871 1850 897; x_wconf 84' lang='grc' dir='ltr'><strong>τῶν</strong></span> 
     </span>
    </p>
   </div>
   <div class='ocr_carea' id='block_1_48' title="bbox 1056 913 1849 949">
    <p class='ocr_par' dir='ltr' id='par_1_48' title="bbox 1056 913 1849 949">
     <span class='ocr_line' id='line_1_48' title="bbox 1056 913 1849 949; baseline 0.006 -11"><span class='ocrx_word' id='word_1_354' title='bbox 1056 913 1209 948; x_wconf 87' lang='grc' dir='ltr'>εἰρημένων</span> <span class='ocrx_word' id='word_1_355' title='bbox 1228 914 1294 949; x_wconf 80' lang='grc' dir='ltr'>ἡμῖν</span> <span class='ocrx_word' id='word_1_356' title='bbox 1319 915 1516 942; x_wconf 82' lang='grc' dir='ltr'>ἀποδέδεικται.</span> <span class='ocrx_word' id='word_1_357' title='bbox 1534 916 1606 942; x_wconf 78' lang='grc' dir='ltr'>Διότι</span> <span class='ocrx_word' id='word_1_358' title='bbox 1619 917 1700 943; x_wconf 80' lang='grc' dir='ltr'>καλόν</span> <span class='ocrx_word' id='word_1_359' title='bbox 1717 917 1790 943; x_wconf 76' lang='grc' dir='ltr'>εστιν</span> <span class='ocrx_word' id='word_1_360' title='bbox 1811 917 1849 948; x_wconf 87' lang='grc' dir='ltr'>ὡς</span> 
     </span>
    </p>
   </div>
   <div class='ocr_carea' id='block_1_49' title="bbox 1056 958 1849 997">
    <p class='ocr_par' dir='ltr' id='par_1_49' title="bbox 1056 958 1849 997">
     <span class='ocr_line' id='line_1_49' title="bbox 1056 958 1849 997; baseline 0.006 -13"><span class='ocrx_word' id='word_1_361' title='bbox 1056 958 1165 993; x_wconf 84' lang='grc' dir='ltr'>ἀληθῶς</span> <span class='ocrx_word' id='word_1_362' title='bbox 1184 958 1214 985; x_wconf 79' lang='grc' dir='ltr'>τὸ</span> <span class='ocrx_word' id='word_1_363' title='bbox 1238 960 1269 985; x_wconf 80' lang='grc' dir='ltr'>ὲκ</span> <span class='ocrx_word' id='word_1_364' title='bbox 1293 959 1410 986; x_wconf 79' lang='grc' dir='ltr'>Θανάτου</span> <span class='ocrx_word' id='word_1_365' title='bbox 1434 960 1483 996; x_wconf 79' lang='grc' dir='ltr'><strong>τὴν</strong></span> <span class='ocrx_word' id='word_1_366' title='bbox 1501 961 1589 997; x_wconf 75' lang='grc' dir='ltr'>ψυχὴν</span> <span class='ocrx_word' id='word_1_367' title='bbox 1612 962 1751 997; x_wconf 81' lang='grc' dir='ltr'>ῥυσθῆναι.</span> <span class='ocrx_word' id='word_1_368' title='bbox 1769 962 1849 989; x_wconf 77' lang='grc' dir='ltr'>Οὕτω</span> 
     </span>
    </p>
   </div>
   <div class='ocr_carea' id='block_1_50' title="bbox 1056 1005 1848 1042">
    <p class='ocr_par' dir='ltr' id='par_1_50' title="bbox 1056 1005 1848 1042">
     <span class='ocr_line' id='line_1_50' title="bbox 1056 1005 1848 1042; baseline 0.006 -12"><span class='ocrx_word' id='word_1_369' title='bbox 1056 1006 1143 1031; x_wconf 81' lang='grc' dir='ltr'>ποιεῖν</span> <span class='ocrx_word' id='word_1_370' title='bbox 1158 1005 1205 1031; x_wconf 78' lang='grc' dir='ltr'><strong>καὶ</strong></span> <span class='ocrx_word' id='word_1_371' title='bbox 1221 1005 1265 1032; x_wconf 71' lang='grc' dir='ltr'><strong>τὸν</strong></span> <span class='ocrx_word' id='word_1_372' title='bbox 1279 1005 1344 1031; x_wconf 65' lang='grc' dir='ltr'>Θεὸν</span> <span class='ocrx_word' id='word_1_373' title='bbox 1361 1007 1374 1032; x_wconf 85' lang='grc' dir='ltr'><strong>ὁ</strong></span> <span class='ocrx_word' id='word_1_374' title='bbox 1397 1007 1537 1042; x_wconf 66' lang='grc' dir='ltr'>προφήτης</span> <span class='ocrx_word' id='word_1_375' title='bbox 1552 1008 1644 1042; x_wconf 78' lang='grc' dir='ltr'>φησὶν,</span> <span class='ocrx_word' id='word_1_376' title='bbox 1660 1008 1704 1035; x_wconf 82' lang='grc' dir='ltr'>διὰ</span> <span class='ocrx_word' id='word_1_377' title='bbox 1719 1008 1766 1035; x_wconf 78' lang='grc' dir='ltr'>τοῦ</span> <span class='ocrx_word' id='word_1_378' title='bbox 1781 1009 1848 1035; x_wconf 83' lang='grc' dir='ltr'>ἁπο-</span> 
     </span>
    </p>
   </div>
   <div class='ocr_carea' id='block_1_51' title="bbox 1056 1050 1847 1088">
    <p class='ocr_par' dir='ltr' id='par_1_51' title="bbox 1056 1050 1847 1088">
     <span class='ocr_line' id='line_1_51' title="bbox 1056 1050 1847 1088; baseline 0.005 -12"><span class='ocrx_word' id='word_1_379' title='bbox 1056 1050 1170 1076; x_wconf 84' lang='grc' dir='ltr'>κτείνειν</span> <span class='ocrx_word' id='word_1_380' title='bbox 1185 1051 1377 1082; x_wconf 79' lang='grc' dir='ltr'>ζωοποιοῦντα,</span> <span class='ocrx_word' id='word_1_381' title='bbox 1396 1052 1442 1078; x_wconf 81' lang='grc' dir='ltr'>καὶ</span> <span class='ocrx_word' id='word_1_382' title='bbox 1454 1053 1497 1079; x_wconf 86' lang='grc' dir='ltr'>διὰ</span> <span class='ocrx_word' id='word_1_383' title='bbox 1513 1053 1559 1078; x_wconf 84' lang='grc' dir='ltr'>τοῦ</span> <span class='ocrx_word' id='word_1_384' title='bbox 1569 1053 1716 1080; x_wconf 80' lang='grc' dir='ltr'>πατάσσειν</span> <span class='ocrx_word' id='word_1_385' title='bbox 1726 1053 1847 1088; x_wconf 82' lang='grc' dir='ltr'>ἰώμενον.</span> 
     </span>
    </p>
   </div>
   <div class='ocr_carea' id='block_1_52' title="bbox 1063 1095 1846 1132">
    <p class='ocr_par' dir='ltr' id='par_1_52' title="bbox 1063 1095 1846 1132">
     <span class='ocr_line' id='line_1_52' title="bbox 1063 1095 1846 1132; baseline 0.004 -10"><span class='ocrx_word' id='word_1_386' title='bbox 1063 1096 1133 1131; x_wconf 81' lang='grc' dir='ltr'><strong>Ἐγὼ</strong></span> <span class='ocrx_word' id='word_1_387' title='bbox 1157 1095 1232 1131; x_wconf 70' lang='grc' dir='ltr'><strong>γὰρζ</strong></span> <span class='ocrx_word' id='word_1_388' title='bbox 1246 1097 1338 1131; x_wconf 71' lang='grc' dir='ltr'>φησὶν,</span> <span class='ocrx_word' id='word_1_389' title='bbox 1354 1097 1508 1123; x_wconf 76' lang='grc' dir='ltr'><strong>ἀποκτενῶ</strong></span> <span class='ocrx_word' id='word_1_390' title='bbox 1521 1117 1527 1129; x_wconf 92' lang='grc'><strong>,</strong></span> <span class='ocrx_word' id='word_1_391' title='bbox 1552 1098 1600 1124; x_wconf 76' lang='grc' dir='ltr'>καὶ</span> <span class='ocrx_word' id='word_1_392' title='bbox 1630 1097 1683 1132; x_wconf 75' lang='grc' dir='ltr'><strong>ζῇν</strong></span> <span class='ocrx_word' id='word_1_393' title='bbox 1708 1098 1824 1132; x_wconf 79' lang='grc' dir='ltr'>ποιήσω</span> <span class='ocrx_word' id='word_1_394' title='bbox 1839 1106 1846 1114; x_wconf 74' lang='grc'><em>¹</em></span> 
     </span>
    </p>
   </div>
   <div class='ocr_carea' id='block_1_53' title="bbox 1058 1141 1850 1178">
    <p class='ocr_par' dir='ltr' id='par_1_53' title="bbox 1058 1141 1850 1178">
     <span class='ocr_line' id='line_1_53' title="bbox 1058 1141 1850 1178; baseline 0.003 -10"><span class='ocrx_word' id='word_1_395' title='bbox 1058 1141 1186 1173; x_wconf 74' lang='grc' dir='ltr'>πατάξω,</span> <span class='ocrx_word' id='word_1_396' title='bbox 1204 1141 1284 1176; x_wconf 76' lang='grc' dir='ltr'><strong>κάγὼ</strong></span> <span class='ocrx_word' id='word_1_397' title='bbox 1305 1141 1434 1176; x_wconf 79' lang='grc' dir='ltr'>ἰάσομαι.</span> <span class='ocrx_word' id='word_1_398' title='bbox 1451 1143 1500 1170; x_wconf 80' lang='grc' dir='ltr'><strong>Διὰ</strong></span> <span class='ocrx_word' id='word_1_399' title='bbox 1515 1143 1592 1169; x_wconf 81' lang='grc' dir='ltr'>τοῦτο</span> <span class='ocrx_word' id='word_1_400' title='bbox 1612 1144 1683 1170; x_wconf 83' lang='grc' dir='ltr'><strong>καὶὸ</strong></span> <span class='ocrx_word' id='word_1_401' title='bbox 1697 1143 1784 1178; x_wconf 86' lang='grc' dir='ltr'>μέγας</span> <span class='ocrx_word' id='word_1_402' title='bbox 1795 1146 1850 1170; x_wconf 80' lang='grc' dir='ltr'><strong>Δα-</strong></span> 
     </span>
    </p>
   </div>
   <div class='ocr_carea' id='block_1_54' title="bbox 1055 1185 1850 1225">
    <p class='ocr_par' dir='ltr' id='par_1_54' title="bbox 1055 1185 1850 1225">
     <span class='ocr_line' id='line_1_54' title="bbox 1055 1185 1850 1225; baseline 0.001 -12"><span class='ocrx_word' id='word_1_403' title='bbox 1055 1187 1097 1213; x_wconf 77' lang='grc' dir='ltr'><strong>δὶδ</strong></span> <span class='ocrx_word' id='word_1_404' title='bbox 1119 1187 1180 1222; x_wconf 65' lang='grc' dir='ltr'>οὐχ).</span> <span class='ocrx_word' id='word_1_405' title='bbox 1204 1187 1312 1222; x_wconf 66' lang='grc' dir='ltr'>πληγὴν</span> <span class='ocrx_word' id='word_1_406' title='bbox 1340 1185 1426 1219; x_wconf 75' lang='grc' dir='ltr'>εἶπεν,</span> <span class='ocrx_word' id='word_1_407' title='bbox 1457 1188 1524 1215; x_wconf 78' lang='grc' dir='ltr'>ἀλλὰ</span> <span class='ocrx_word' id='word_1_408' title='bbox 1549 1188 1722 1225; x_wconf 85' lang='grc' dir='ltr'>παράκλησιν</span> <span class='ocrx_word' id='word_1_409' title='bbox 1746 1189 1779 1215; x_wconf 84' lang='grc' dir='ltr'>ἐκ</span> <span class='ocrx_word' id='word_1_410' title='bbox 1799 1189 1850 1223; x_wconf 76' lang='grc' dir='ltr'>τῆς</span> 
     </span>
    </p>
   </div>
   <div class='ocr_carea' id='block_1_55' title="bbox 1054 1230 1848 1266">
    <p class='ocr_par' dir='ltr' id='par_1_55' title="bbox 1054 1230 1848 1266">
     <span class='ocr_line' id='line_1_55' title="bbox 1054 1230 1848 1266; baseline 0.005 -10"><span class='ocrx_word' id='word_1_411' title='bbox 1054 1230 1183 1266; x_wconf 80' lang='grc' dir='ltr'>τοιαύτης</span> <span class='ocrx_word' id='word_1_412' title='bbox 1202 1231 1323 1265; x_wconf 76' lang='grc' dir='ltr'>γίνεσθαι</span> <span class='ocrx_word' id='word_1_413' title='bbox 1339 1231 1453 1266; x_wconf 79' lang='grc' dir='ltr'>ῥάϐδου,</span> <span class='ocrx_word' id='word_1_414' title='bbox 1469 1231 1557 1266; x_wconf 82' lang='grc' dir='ltr'>λέγων</span> <span class='ocrx_word' id='word_1_415' title='bbox 1568 1241 1574 1247; x_wconf 89' lang='grc'><strong>·</strong></span> <span class='ocrx_word' id='word_1_416' title='bbox 1596 1233 1629 1260; x_wconf 82' lang='grc' dir='ltr'><strong>Ἠ</strong></span> <span class='ocrx_word' id='word_1_417' title='bbox 1644 1232 1757 1266; x_wconf 74' lang='grc' dir='ltr'>ῥάϐδος</span> <span class='ocrx_word' id='word_1_418' title='bbox 1777 1240 1848 1264; x_wconf 79' lang='grc' dir='ltr'>σου,</span> 
     </span>
    </p>
   </div>
   <div class='ocr_carea' id='block_1_56' title="bbox 1054 1273 1848 1310">
    <p class='ocr_par' dir='ltr' id='par_1_56' title="bbox 1054 1273 1848 1310">
     <span class='ocr_line' id='line_1_56' title="bbox 1054 1273 1848 1310; baseline 0.005 -11"><span class='ocrx_word' id='word_1_419' title='bbox 1054 1273 1103 1300; x_wconf 77' lang='grc' dir='ltr'>καὶ</span> <span class='ocrx_word' id='word_1_420' title='bbox 1120 1273 1139 1306; x_wconf 81' lang='grc' dir='ltr'><strong><em>ἠ</em></strong></span> <span class='ocrx_word' id='word_1_421' title='bbox 1153 1274 1303 1308; x_wconf 78' lang='grc' dir='ltr'>,ϐακτηρία</span> <span class='ocrx_word' id='word_1_422' title='bbox 1326 1282 1395 1307; x_wconf 87' lang='grc' dir='ltr'>σου,</span> <span class='ocrx_word' id='word_1_423' title='bbox 1408 1273 1497 1302; x_wconf 83' lang='grc' dir='ltr'>αὗται</span> <span class='ocrx_word' id='word_1_424' title='bbox 1505 1284 1544 1310; x_wconf 80' lang='grc' dir='ltr'><strong>με</strong></span> <span class='ocrx_word' id='word_1_425' title='bbox 1558 1277 1768 1310; x_wconf 69' lang='grc' dir='ltr'>παρεκάῑεσαν</span> <span class='ocrx_word' id='word_1_426' title='bbox 1784 1285 1791 1292; x_wconf 78' lang='lat'>&#39;</span> <span class='ocrx_word' id='word_1_427' title='bbox 1809 1277 1848 1303; x_wconf 80' lang='grc' dir='ltr'>δι’</span> 
     </span>
    </p>
   </div>
   <div class='ocr_carea' id='block_1_57' title="bbox 1053 1315 1849 1356">
    <p class='ocr_par' dir='ltr' id='par_1_57' title="bbox 1053 1315 1849 1356">
     <span class='ocr_line' id='line_1_57' title="bbox 1053 1315 1849 1356; baseline 0.004 -11"><span class='ocrx_word' id='word_1_428' title='bbox 1053 1315 1092 1345; x_wconf 82' lang='grc' dir='ltr'>ὧν</span> <span class='ocrx_word' id='word_1_429' title='bbox 1104 1319 1208 1352; x_wconf 87' lang='grc' dir='ltr'>γίνεται</span> <span class='ocrx_word' id='word_1_430' title='bbox 1228 1321 1274 1346; x_wconf 79' lang='grc' dir='ltr'>καὶ</span> <span class='ocrx_word' id='word_1_431' title='bbox 1297 1319 1372 1352; x_wconf 76' lang='grc' dir='ltr'>θείας</span> <span class='ocrx_word' id='word_1_432' title='bbox 1392 1321 1532 1356; x_wconf 77' lang='grc' dir='ltr'><strong>τραπέζης</strong></span> <span class='ocrx_word' id='word_1_433' title='bbox 1551 1321 1704 1356; x_wconf 83' lang='grc' dir='ltr'>ὲτοιμασία,</span> <span class='ocrx_word' id='word_1_434' title='bbox 1725 1321 1772 1348; x_wconf 76' lang='grc' dir='ltr'><strong>καὶ</strong></span> <span class='ocrx_word' id='word_1_435' title='bbox 1797 1321 1849 1348; x_wconf 81' lang='grc' dir='ltr'><strong>ὃσα</strong></span> 
     </span>
    </p>
   </div>
   <div class='ocr_carea' id='block_1_58' title="bbox 1053 1364 1849 1402">
    <p class='ocr_par' dir='ltr' id='par_1_58' title="bbox 1053 1364 1849 1402">
     <span class='ocr_line' id='line_1_58' title="bbox 1053 1364 1849 1402; baseline 0.005 -12"><span class='ocrx_word' id='word_1_436' title='bbox 1053 1364 1124 1391; x_wconf 82' lang='grc' dir='ltr'>κατὰ</span> <span class='ocrx_word' id='word_1_437' title='bbox 1135 1365 1166 1390; x_wconf 86' lang='grc' dir='ltr'>τὺ</span> <span class='ocrx_word' id='word_1_438' title='bbox 1182 1365 1325 1392; x_wconf 82' lang='grc' dir='ltr'>ἀκόλουθον</span> <span class='ocrx_word' id='word_1_439' title='bbox 1340 1367 1462 1401; x_wconf 80' lang='grc' dir='ltr'>περιέχει</span> <span class='ocrx_word' id='word_1_440' title='bbox 1481 1368 1497 1402; x_wconf 79' lang='grc' dir='ltr'>ἡ</span> <span class='ocrx_word' id='word_1_441' title='bbox 1520 1367 1675 1402; x_wconf 76' lang='grc' dir='ltr'>ψαλμῳόία·</span> <span class='ocrx_word' id='word_1_442' title='bbox 1692 1367 1738 1394; x_wconf 70' lang='grc' dir='ltr'><strong>καὶ</strong></span> <span class='ocrx_word' id='word_1_443' title='bbox 1757 1367 1787 1393; x_wconf 84' lang='grc' dir='ltr'><strong>τὸ</strong></span> <span class='ocrx_word' id='word_1_444' title='bbox 1803 1367 1849 1394; x_wconf 74' lang='grc' dir='ltr'><strong>ἐπὶ</strong></span> 
     </span>
    </p>
   </div>
   <div class='ocr_carea' id='block_1_59' title="bbox 1053 1410 1849 1448">
    <p class='ocr_par' dir='ltr' id='par_1_59' title="bbox 1053 1410 1849 1448">
     <span class='ocr_line' id='line_1_59' title="bbox 1053 1410 1849 1448; baseline 0.006 -13"><span class='ocrx_word' id='word_1_445' title='bbox 1053 1410 1101 1445; x_wconf 82' lang='grc' dir='ltr'>τῆς</span> <span class='ocrx_word' id='word_1_446' title='bbox 1114 1410 1234 1445; x_wconf 79' lang='grc' dir='ltr'>κεφαλῆς</span> <span class='ocrx_word' id='word_1_447' title='bbox 1249 1410 1346 1442; x_wconf 73' lang='grc' dir='ltr'>ἔλαιον,</span> <span class='ocrx_word' id='word_1_448' title='bbox 1370 1412 1417 1438; x_wconf 67' lang='grc' dir='ltr'><strong>καλ⁸</strong></span> <span class='ocrx_word' id='word_1_449' title='bbox 1437 1413 1451 1438; x_wconf 83' lang='grc' dir='ltr'>ὁ</span> <span class='ocrx_word' id='word_1_450' title='bbox 1466 1411 1512 1438; x_wconf 80' lang='grc' dir='ltr'>τοῦ</span> <span class='ocrx_word' id='word_1_451' title='bbox 1538 1412 1667 1448; x_wconf 76' lang='grc' dir='ltr'>ποτηρίου</span> <span class='ocrx_word' id='word_1_452' title='bbox 1690 1413 1818 1448; x_wconf 82' lang='grc' dir='ltr'>ἄκρατος,</span> <span class='ocrx_word' id='word_1_453' title='bbox 1834 1413 1849 1440; x_wconf 83' lang='grc' dir='ltr'><strong><em>ὁ</em></strong></span> 
     </span>
    </p>
   </div>
   <div class='ocr_carea' id='block_1_60' title="bbox 1053 1454 1848 1492">
    <p class='ocr_par' dir='ltr' id='par_1_60' title="bbox 1053 1454 1848 1492">
     <span class='ocr_line' id='line_1_60' title="bbox 1053 1454 1848 1492; baseline 0.005 -12"><span class='ocrx_word' id='word_1_454' title='bbox 1053 1454 1102 1490; x_wconf 85' lang='grc' dir='ltr'><strong>τὴν</strong></span> <span class='ocrx_word' id='word_1_455' title='bbox 1116 1455 1244 1490; x_wconf 79' lang='grc' dir='ltr'>νηφάλιον</span> <span class='ocrx_word' id='word_1_456' title='bbox 1258 1456 1344 1492; x_wconf 80' lang='grc' dir='ltr'>μέθην</span> <span class='ocrx_word' id='word_1_457' title='bbox 1360 1457 1550 1492; x_wconf 77' lang='grc' dir='ltr'>ἐργαζόμενος,</span> <span class='ocrx_word' id='word_1_458' title='bbox 1568 1458 1614 1484; x_wconf 80' lang='grc' dir='ltr'>καὶ</span> <span class='ocrx_word' id='word_1_459' title='bbox 1631 1458 1645 1484; x_wconf 85' lang='grc' dir='ltr'><em>ὁ</em></span> <span class='ocrx_word' id='word_1_460' title='bbox 1660 1458 1750 1489; x_wconf 85' lang='grc' dir='ltr'>καλῶς</span> <span class='ocrx_word' id='word_1_461' title='bbox 1767 1458 1848 1485; x_wconf 76' lang='grc' dir='ltr'>αὐτὸν</span> 
     </span>
    </p>
   </div>
   <div class='ocr_carea' id='block_1_61' title="bbox 213 1500 1004 1547">
    <p class='ocr_par' dir='ltr' id='par_1_61' title="bbox 213 1506 1002 1541">
     <span class='ocr_line' id='line_1_61' title="bbox 213 1506 1002 1541; baseline 0.004 -9"><span class='ocrx_word' id='word_1_462' title='bbox 213 1513 333 1539; x_wconf 78' lang='lat' dir='ltr'><strong>sequens</strong></span> <span class='ocrx_word' id='word_1_463' title='bbox 351 1511 377 1532; x_wconf 88' lang='lat' dir='ltr'><strong>et</strong></span> <span class='ocrx_word' id='word_1_464' title='bbox 391 1506 473 1540; x_wconf 77' lang='lat' dir='ltr'><strong>longa</strong></span> <span class='ocrx_word' id='word_1_465' title='bbox 490 1507 517 1533; x_wconf 92' lang='lat' dir='ltr'><strong>in</strong></span> <span class='ocrx_word' id='word_1_466' title='bbox 535 1507 616 1534; x_wconf 90' lang='lat' dir='ltr'><strong>domo</strong></span> <span class='ocrx_word' id='word_1_467' title='bbox 634 1507 681 1534; x_wconf 87' lang='lat' dir='ltr'><strong>Dei</strong></span> <span class='ocrx_word' id='word_1_468' title='bbox 698 1515 786 1534; x_wconf 91' lang='lat' dir='ltr'><strong>mora.</strong></span> <span class='ocrx_word' id='word_1_469' title='bbox 805 1507 883 1541; x_wconf 85' lang='lat' dir='ltr'><strong>Quod</strong></span> <span class='ocrx_word' id='word_1_470' title='bbox 902 1509 925 1535; x_wconf 91' lang='lat' dir='ltr'><strong>si</strong></span> <span class='ocrx_word' id='word_1_471' title='bbox 944 1509 1002 1536; x_wconf 67' lang='lat' dir='ltr'><strong>haec</strong></span> 
     </span>
    </p>
   </div>
   <div class='ocr_carea' id='block_1_62' title="bbox 1056 1500 1850 1547">
    <p class='ocr_par' dir='ltr' id='par_1_62' title="bbox 1056 1500 1850 1539">
     <span class='ocr_line' id='line_1_62' title="bbox 1056 1500 1850 1539; baseline 0.005 -13"><span class='ocrx_word' id='word_1_472' title='bbox 1056 1500 1232 1527; x_wconf 83' lang='grc' dir='ltr'>καταδιώκων</span> <span class='ocrx_word' id='word_1_473' title='bbox 1264 1501 1348 1534; x_wconf 83' lang='grc' dir='ltr'>ἕλεος,</span> <span class='ocrx_word' id='word_1_474' title='bbox 1365 1503 1411 1528; x_wconf 80' lang='grc' dir='ltr'>καὶ</span> <span class='ocrx_word' id='word_1_475' title='bbox 1433 1503 1449 1538; x_wconf 79' lang='grc' dir='ltr'>ἡ</span> <span class='ocrx_word' id='word_1_476' title='bbox 1474 1504 1503 1529; x_wconf 83' lang='grc' dir='ltr'>ὲν</span> <span class='ocrx_word' id='word_1_477' title='bbox 1517 1503 1555 1538; x_wconf 85' lang='grc' dir='ltr'>τῷ</span> <span class='ocrx_word' id='word_1_478' title='bbox 1569 1503 1635 1539; x_wconf 77' lang='grc' dir='ltr'>οἴκῳ</span> <span class='ocrx_word' id='word_1_479' title='bbox 1655 1503 1701 1530; x_wconf 81' lang='grc' dir='ltr'>τοῦ</span> <span class='ocrx_word' id='word_1_480' title='bbox 1716 1503 1782 1530; x_wconf 80' lang='grc' dir='ltr'><strong>Θεοῦ</strong></span> <span class='ocrx_word' id='word_1_481' title='bbox 1798 1512 1850 1538; x_wconf 81' lang='grc' dir='ltr'>μα-</span> 
     </span>
    </p>
   </div>
   <div class='ocr_carea' id='block_1_63' title="bbox 212 1550 999 1588">
    <p class='ocr_par' dir='ltr' id='par_1_63' title="bbox 212 1550 999 1588">
     <span class='ocr_line' id='line_1_63' title="bbox 212 1550 999 1588; baseline 0.005 -11"><span class='ocrx_word' id='word_1_482' title='bbox 212 1550 303 1578; x_wconf 83' lang='lat' dir='ltr'><strong>dulcis</strong></span> <span class='ocrx_word' id='word_1_483' title='bbox 325 1551 370 1577; x_wconf 90' lang='lat' dir='ltr'><strong>illa</strong></span> <span class='ocrx_word' id='word_1_484' title='bbox 395 1552 549 1579; x_wconf 84' lang='lat' dir='ltr'><strong>vcrberatio</strong></span> <span class='ocrx_word' id='word_1_485' title='bbox 573 1552 750 1587; x_wconf 83' lang='lat' dir='ltr'><strong>suppeditat,</strong></span> <span class='ocrx_word' id='word_1_486' title='bbox 767 1553 999 1588; x_wconf 84' lang='lat' dir='ltr'><strong>quemadmodum</strong></span> 
     </span>
    </p>
   </div>
   <div class='ocr_carea' id='block_1_64' title="bbox 212 1596 1000 1634">
    <p class='ocr_par' dir='ltr' id='par_1_64' title="bbox 212 1596 1000 1634">
     <span class='ocr_line' id='line_1_64' title="bbox 212 1596 1000 1634; baseline 0.004 -10"><span class='ocrx_word' id='word_1_487' title='bbox 212 1601 239 1624; x_wconf 89' lang='lat' dir='ltr'><strong>et</strong></span> <span class='ocrx_word' id='word_1_488' title='bbox 255 1596 465 1624; x_wconf 76' lang='lat' dir='ltr'><strong>Proverbiorum</strong></span> <span class='ocrx_word' id='word_1_489' title='bbox 493 1599 572 1630; x_wconf 89' lang='lat' dir='ltr'><strong>liber,</strong></span> <span class='ocrx_word' id='word_1_490' title='bbox 597 1603 624 1626; x_wconf 82' lang='lat' dir='ltr'><strong>et</strong></span> <span class='ocrx_word' id='word_1_491' title='bbox 648 1599 785 1634; x_wconf 77' lang='lat' dir='ltr'><strong>Propheta</strong></span> <span class='ocrx_word' id='word_1_492' title='bbox 811 1600 855 1627; x_wconf 88' lang='lat' dir='ltr'><strong>hic</strong></span> <span class='ocrx_word' id='word_1_493' title='bbox 878 1600 1000 1630; x_wconf 83' lang='lat' dir='ltr'><strong>docent:</strong></span> 
     </span>
    </p>
   </div>
   <div class='ocr_carea' id='block_1_65' title="bbox 214 1643 1001 1680">
    <p class='ocr_par' dir='ltr' id='par_1_65' title="bbox 214 1643 1001 1680">
     <span class='ocr_line' id='line_1_65' title="bbox 214 1643 1001 1680; baseline 0.005 -12"><span class='ocrx_word' id='word_1_494' title='bbox 214 1643 342 1669; x_wconf 90' lang='lat' dir='ltr'><strong>nimirum</strong></span> <span class='ocrx_word' id='word_1_495' title='bbox 370 1643 443 1678; x_wconf 80' lang='lat' dir='ltr'><strong>virga</strong></span> <span class='ocrx_word' id='word_1_496' title='bbox 470 1644 536 1671; x_wconf 68' lang='lat' dir='ltr'><strong>cmdi</strong></span> <span class='ocrx_word' id='word_1_497' title='bbox 562 1645 664 1672; x_wconf 89' lang='lat' dir='ltr'><strong>bonum</strong></span> <span class='ocrx_word' id='word_1_498' title='bbox 687 1648 747 1676; x_wconf 84' lang='lat' dir='ltr'><strong>est,</strong></span> <span class='ocrx_word' id='word_1_499' title='bbox 774 1653 835 1680; x_wconf 78' lang='lat' dir='ltr'><strong>qtue</strong></span> <span class='ocrx_word' id='word_1_500' title='bbox 860 1650 1001 1673; x_wconf 90' lang='lat' dir='ltr'><strong>tantorum</strong></span> 
     </span>
    </p>
   </div>
   <div class='ocr_carea' id='block_1_66' title="bbox 212 1687 1003 1724">
    <p class='ocr_par' dir='ltr' id='par_1_66' title="bbox 212 1687 1003 1724">
     <span class='ocr_line' id='line_1_66' title="bbox 212 1687 1003 1724; baseline 0.005 -10"><span class='ocrx_word' id='word_1_501' title='bbox 212 1687 346 1714; x_wconf 74' lang='lat' dir='ltr'><strong>bonorum</strong></span> <span class='ocrx_word' id='word_1_502' title='bbox 376 1687 546 1716; x_wconf 81' lang='lat' dir='ltr'><strong>fertilitatem</strong></span> <span class='ocrx_word' id='word_1_503' title='bbox 564 1694 591 1717; x_wconf 88' lang='lat' dir='ltr'><strong>et</strong></span> <span class='ocrx_word' id='word_1_504' title='bbox 610 1690 718 1724; x_wconf 87' lang='lat' dir='ltr'><strong>copiam</strong></span> <span class='ocrx_word' id='word_1_505' title='bbox 737 1691 887 1718; x_wconf 81' lang='lat' dir='ltr'><strong>contineat.</strong></span> <span class='ocrx_word' id='word_1_506' title='bbox 907 1691 1003 1718; x_wconf 86' lang='lat' dir='ltr'><strong>Enim-</strong></span> 
     </span>
    </p>
   </div>
   <div class='ocr_carea' id='block_1_67' title="bbox 213 1731 1004 1770">
    <p class='ocr_par' dir='ltr' id='par_1_67' title="bbox 213 1731 1004 1770">
     <span class='ocr_line' id='line_1_67' title="bbox 213 1731 1004 1770; baseline 0.009 -13"><span class='ocrx_word' id='word_1_507' title='bbox 213 1739 279 1758; x_wconf 70' lang='grc' dir='ltr'>ιρι-ο</span> <span class='ocrx_word' id='word_1_508' title='bbox 293 1736 367 1759; x_wconf 82' lang='lat' dir='ltr'><strong>recte</strong></span> <span class='ocrx_word' id='word_1_509' title='bbox 387 1731 536 1760; x_wconf 78' lang='lat' dir='ltr'><strong>fecerimus</strong></span> <span class='ocrx_word' id='word_1_510' title='bbox 551 1754 558 1766; x_wconf 89' lang='lat'><strong>,</strong></span> <span class='ocrx_word' id='word_1_511' title='bbox 577 1735 600 1761; x_wconf 88' lang='lat' dir='ltr'><strong>si</strong></span> <span class='ocrx_word' id='word_1_512' title='bbox 624 1735 707 1762; x_wconf 86' lang='lat' dir='ltr'><strong>etiam</strong></span> <span class='ocrx_word' id='word_1_513' title='bbox 724 1735 750 1761; x_wconf 89' lang='lat' dir='ltr'><strong>id</strong></span> <span class='ocrx_word' id='word_1_514' title='bbox 773 1735 844 1770; x_wconf 86' lang='lat' dir='ltr'><strong>quod</strong></span> <span class='ocrx_word' id='word_1_515' title='bbox 867 1740 930 1763; x_wconf 87' lang='lat' dir='ltr'><strong>ante</strong></span> <span class='ocrx_word' id='word_1_516' title='bbox 946 1737 1004 1764; x_wconf 66' lang='lat' dir='ltr'><strong>haec</strong></span> 
     </span>
    </p>
   </div>
   <div class='ocr_carea' id='block_1_68' title="bbox 213 1779 1002 1815">
    <p class='ocr_par' dir='ltr' id='par_1_68' title="bbox 213 1779 1002 1815">
     <span class='ocr_line' id='line_1_68' title="bbox 213 1779 1002 1815; baseline 0.005 -11"><span class='ocrx_word' id='word_1_517' title='bbox 213 1779 295 1805; x_wconf 86' lang='lat' dir='ltr'><strong>verba</strong></span> <span class='ocrx_word' id='word_1_518' title='bbox 310 1779 442 1806; x_wconf 85' lang='lat' dir='ltr'><strong>omissum</strong></span> <span class='ocrx_word' id='word_1_519' title='bbox 458 1787 472 1806; x_wconf 89' lang='lat' dir='ltr'><strong>a</strong></span> <span class='ocrx_word' id='word_1_520' title='bbox 490 1780 572 1807; x_wconf 89' lang='lat' dir='ltr'><strong>nobis</strong></span> <span class='ocrx_word' id='word_1_521' title='bbox 586 1785 647 1812; x_wconf 83' lang='lat' dir='ltr'><strong>est,</strong></span> <span class='ocrx_word' id='word_1_522' title='bbox 666 1781 848 1815; x_wconf 83' lang='lat' dir='ltr'><strong>inquiramus.</strong></span> <span class='ocrx_word' id='word_1_523' title='bbox 869 1781 1002 1809; x_wconf 69' lang='lat' dir='ltr'><strong>Praﬂeriit</strong></span> 
     </span>
    </p>
   </div>
   <div class='ocr_carea' id='block_1_69' title="bbox 213 1822 1002 1860">
    <p class='ocr_par' dir='ltr' id='par_1_69' title="bbox 213 1822 1002 1860">
     <span class='ocr_line' id='line_1_69' title="bbox 213 1822 1002 1860; baseline 0.006 -11"><span class='ocrx_word' id='word_1_524' title='bbox 213 1830 343 1858; x_wconf 82' lang='lat' dir='ltr'><strong>sponsam</strong></span> <span class='ocrx_word' id='word_1_525' title='bbox 359 1822 478 1851; x_wconf 76' lang='lat' dir='ltr'><strong>Verbum</strong></span> <span class='ocrx_word' id='word_1_526' title='bbox 493 1825 549 1857; x_wconf 87' lang='lat' dir='ltr'><strong>sic,</strong></span> <span class='ocrx_word' id='word_1_527' title='bbox 564 1829 594 1852; x_wconf 91' lang='lat' dir='ltr'><strong>ut</strong></span> <span class='ocrx_word' id='word_1_528' title='bbox 612 1826 658 1852; x_wconf 90' lang='lat' dir='ltr'><strong>illa</strong></span> <span class='ocrx_word' id='word_1_529' title='bbox 674 1830 818 1860; x_wconf 87' lang='lat' dir='ltr'><strong>tantopere</strong></span> <span class='ocrx_word' id='word_1_530' title='bbox 839 1826 1002 1854; x_wconf 83' lang='lat' dir='ltr'><strong>desiderans</strong></span> 
     </span>
    </p>
   </div>
   <div class='ocr_carea' id='block_1_70' title="bbox 214 1867 1000 1904">
    <p class='ocr_par' dir='ltr' id='par_1_70' title="bbox 214 1867 1000 1904">
     <span class='ocr_line' id='line_1_70' title="bbox 214 1867 1000 1904; baseline 0.004 -10"><span class='ocrx_word' id='word_1_531' title='bbox 214 1867 321 1902; x_wconf 85' lang='lat' dir='ltr'><strong>ipsum,</strong></span> <span class='ocrx_word' id='word_1_532' title='bbox 344 1875 398 1895; x_wconf 86' lang='lat' dir='ltr'><strong>non</strong></span> <span class='ocrx_word' id='word_1_533' title='bbox 426 1873 517 1896; x_wconf 80' lang='lat' dir='ltr'><strong>tamen</strong></span> <span class='ocrx_word' id='word_1_534' title='bbox 549 1870 743 1904; x_wconf 78' lang='lat' dir='ltr'><strong>prehendenda</strong></span> <span class='ocrx_word' id='word_1_535' title='bbox 769 1874 918 1897; x_wconf 84' lang='lat' dir='ltr'><strong>consecuta</strong></span> <span class='ocrx_word' id='word_1_536' title='bbox 945 1871 1000 1898; x_wconf 87' lang='lat' dir='ltr'><strong>sit:</strong></span> 
     </span>
    </p>
   </div>
   <div class='ocr_carea' id='block_1_71' title="bbox 214 1914 1002 1950">
    <p class='ocr_par' dir='ltr' id='par_1_71' title="bbox 214 1914 1002 1950">
     <span class='ocr_line' id='line_1_71' title="bbox 214 1914 1002 1950; baseline 0.006 -11"><span class='ocrx_word' id='word_1_537' title='bbox 214 1914 344 1947; x_wconf 79' lang='lat' dir='ltr'><strong>przeteriit</strong></span> <span class='ocrx_word' id='word_1_538' title='bbox 364 1918 474 1946; x_wconf 82' lang='lat' dir='ltr'><strong>autem,</strong></span> <span class='ocrx_word' id='word_1_539' title='bbox 493 1922 547 1941; x_wconf 91' lang='lat' dir='ltr'><strong>non</strong></span> <span class='ocrx_word' id='word_1_540' title='bbox 568 1919 597 1942; x_wconf 95' lang='lat' dir='ltr'><strong>ut</strong></span> <span class='ocrx_word' id='word_1_541' title='bbox 619 1916 728 1942; x_wconf 82' lang='lat' dir='ltr'><strong>deserat</strong></span> <span class='ocrx_word' id='word_1_542' title='bbox 753 1918 937 1950; x_wconf 65' lang='lat' dir='ltr'><strong>praeteritam,</strong></span> <span class='ocrx_word' id='word_1_543' title='bbox 955 1917 1002 1944; x_wconf 86' lang='lat' dir='ltr'><strong>sed</strong></span> 
     </span>
    </p>
   </div>
   <div class='ocr_carea' id='block_1_72' title="bbox 215 1959 1003 1995">
    <p class='ocr_par' dir='ltr' id='par_1_72' title="bbox 215 1959 1003 1995">
     <span class='ocr_line' id='line_1_72' title="bbox 215 1959 1003 1995; baseline 0.004 -11"><span class='ocrx_word' id='word_1_544' title='bbox 215 1963 244 1985; x_wconf 91' lang='lat' dir='ltr'><strong>ut</strong></span> <span class='ocrx_word' id='word_1_545' title='bbox 267 1959 354 1993; x_wconf 77' lang='lat' dir='ltr'><strong>magis</strong></span> <span class='ocrx_word' id='word_1_546' title='bbox 370 1967 428 1986; x_wconf 88' lang='lat' dir='ltr'><strong>eam</strong></span> <span class='ocrx_word' id='word_1_547' title='bbox 445 1959 479 1986; x_wconf 85' lang='lat' dir='ltr'><strong>ad</strong></span> <span class='ocrx_word' id='word_1_548' title='bbox 495 1967 556 1987; x_wconf 87' lang='lat' dir='ltr'><strong>sese</strong></span> <span class='ocrx_word' id='word_1_549' title='bbox 570 1961 700 1987; x_wconf 81' lang='lat' dir='ltr'><strong>attrahat.</strong></span> <span class='ocrx_word' id='word_1_550' title='bbox 720 1960 766 1987; x_wconf 82' lang='lat' dir='ltr'><strong>Sic</strong></span> <span class='ocrx_word' id='word_1_551' title='bbox 788 1961 861 1987; x_wconf 88' lang='lat' dir='ltr'><strong>enim</strong></span> <span class='ocrx_word' id='word_1_552' title='bbox 885 1961 1003 1995; x_wconf 81' lang='lat' dir='ltr'><strong>ipsamet</strong></span> 
     </span>
    </p>
   </div>
   <div class='ocr_carea' id='block_1_73' title="bbox 215 2003 1004 2039">
    <p class='ocr_par' dir='ltr' id='par_1_73' title="bbox 215 2003 1004 2039">
     <span class='ocr_line' id='line_1_73' title="bbox 215 2003 1004 2039; baseline 0.003 -10"><span class='ocrx_word' id='word_1_553' title='bbox 215 2003 250 2030; x_wconf 88' lang='lat' dir='ltr'><strong>ait</strong></span> <span class='ocrx_word' id='word_1_554' title='bbox 266 2012 272 2029; x_wconf 87' lang='lat'><strong>:</strong></span> <span class='ocrx_word' id='word_1_555' title='bbox 289 2003 383 2029; x_wconf 76' lang='lat' dir='ltr'><strong>Anima</strong></span> <span class='ocrx_word' id='word_1_556' title='bbox 400 2011 457 2030; x_wconf 85' lang='lat' dir='ltr'><strong>mea</strong></span> <span class='ocrx_word' id='word_1_557' title='bbox 474 2012 577 2038; x_wconf 78' lang='lat' dir='ltr'><strong>egressa</strong></span> <span class='ocrx_word' id='word_1_558' title='bbox 594 2009 631 2031; x_wconf 77' lang='lat' dir='ltr'><strong>est</strong></span> <span class='ocrx_word' id='word_1_559' title='bbox 647 2005 681 2031; x_wconf 81' lang='lat' dir='ltr'><strong>ad</strong></span> <span class='ocrx_word' id='word_1_560' title='bbox 698 2013 843 2031; x_wconf 72' lang='lat' dir='ltr'><strong>sermonem</strong></span> <span class='ocrx_word' id='word_1_561' title='bbox 858 2004 926 2039; x_wconf 74' lang='lat' dir='ltr'><strong>ejus.</strong></span> <span class='ocrx_word' id='word_1_562' title='bbox 944 2005 1004 2031; x_wconf 87' lang='lat' dir='ltr'><strong>Pri-</strong></span> 
     </span>
    </p>
   </div>
   <div class='ocr_carea' id='block_1_74' title="bbox 214 2048 1004 2085">
    <p class='ocr_par' dir='ltr' id='par_1_74' title="bbox 214 2048 1004 2085">
     <span class='ocr_line' id='line_1_74' title="bbox 214 2048 1004 2085; baseline 0.003 -11"><span class='ocrx_word' id='word_1_563' title='bbox 214 2055 289 2074; x_wconf 91' lang='lat' dir='ltr'><strong>mum</strong></span> <span class='ocrx_word' id='word_1_564' title='bbox 307 2048 390 2082; x_wconf 78' lang='lat' dir='ltr'><strong>igitur</strong></span> <span class='ocrx_word' id='word_1_565' title='bbox 409 2049 456 2075; x_wconf 91' lang='lat' dir='ltr'><strong>illo</strong></span> <span class='ocrx_word' id='word_1_566' title='bbox 472 2049 505 2075; x_wconf 90' lang='lat' dir='ltr'><strong>de</strong></span> <span class='ocrx_word' id='word_1_567' title='bbox 523 2049 584 2076; x_wconf 89' lang='lat' dir='ltr'><strong>loco</strong></span> <span class='ocrx_word' id='word_1_568' title='bbox 604 2049 745 2084; x_wconf 80' lang='lat' dir='ltr'><strong>egreditur</strong></span> <span class='ocrx_word' id='word_1_569' title='bbox 764 2051 874 2081; x_wconf 85' lang='lat' dir='ltr'><strong>anima,</strong></span> <span class='ocrx_word' id='word_1_570' title='bbox 901 2050 928 2078; x_wconf 92' lang='lat' dir='ltr'><strong>in</strong></span> <span class='ocrx_word' id='word_1_571' title='bbox 948 2058 1004 2085; x_wconf 90' lang='lat' dir='ltr'><strong>quo</strong></span> 
     </span>
    </p>
   </div>
   <div class='ocr_carea' id='block_1_75' title="bbox 213 2094 1004 2130">
    <p class='ocr_par' dir='ltr' id='par_1_75' title="bbox 213 2094 1004 2130">
     <span class='ocr_line' id='line_1_75' title="bbox 213 2094 1004 2130; baseline 0.003 -9"><span class='ocrx_word' id='word_1_572' title='bbox 213 2098 292 2121; x_wconf 88' lang='lat' dir='ltr'><strong>erat:</strong></span> <span class='ocrx_word' id='word_1_573' title='bbox 310 2099 392 2128; x_wconf 85' lang='lat' dir='ltr'><strong>atque</strong></span> <span class='ocrx_word' id='word_1_574' title='bbox 408 2095 446 2121; x_wconf 87' lang='lat' dir='ltr'><strong>ita</strong></span> <span class='ocrx_word' id='word_1_575' title='bbox 469 2094 609 2122; x_wconf 87' lang='lat' dir='ltr'><strong>invenitur</strong></span> <span class='ocrx_word' id='word_1_576' title='bbox 624 2095 658 2122; x_wconf 91' lang='lat' dir='ltr'><strong>ab</strong></span> <span class='ocrx_word' id='word_1_577' title='bbox 675 2096 708 2123; x_wconf 88' lang='lat' dir='ltr'><strong>iis</strong></span> <span class='ocrx_word' id='word_1_578' title='bbox 726 2096 774 2130; x_wconf 90' lang='lat' dir='ltr'><strong>qui</strong></span> <span class='ocrx_word' id='word_1_579' title='bbox 796 2096 891 2123; x_wconf 85' lang='lat' dir='ltr'><strong>urbem</strong></span> <span class='ocrx_word' id='word_1_580' title='bbox 910 2100 1004 2124; x_wconf 85' lang='lat' dir='ltr'><strong>custo-</strong></span> 
     </span>
    </p>
   </div>
   <div class='ocr_carea' id='block_1_76' title="bbox 213 2139 1004 2176">
    <p class='ocr_par' dir='ltr' id='par_1_76' title="bbox 213 2139 1004 2176">
     <span class='ocr_line' id='line_1_76' title="bbox 213 2139 1004 2176; baseline 0.003 -10"><span class='ocrx_word' id='word_1_581' title='bbox 213 2139 303 2166; x_wconf 80' lang='lat' dir='ltr'><strong>diunt.</strong></span> <span class='ocrx_word' id='word_1_582' title='bbox 317 2139 378 2167; x_wconf 63' lang='lat' dir='ltr'><strong>Haac</strong></span> <span class='ocrx_word' id='word_1_583' title='bbox 392 2140 465 2167; x_wconf 89' lang='lat' dir='ltr'><strong>enim</strong></span> <span class='ocrx_word' id='word_1_584' title='bbox 480 2141 563 2167; x_wconf 87' lang='lat' dir='ltr'><strong>verba</strong></span> <span class='ocrx_word' id='word_1_585' title='bbox 579 2145 734 2176; x_wconf 89' lang='lat' dir='ltr'><strong>sequuntur</strong></span> <span class='ocrx_word' id='word_1_586' title='bbox 747 2150 754 2168; x_wconf 77' lang='grc' dir='ltr'>ε</span> <span class='ocrx_word' id='word_1_587' title='bbox 772 2141 946 2176; x_wconf 70' lang='lat' dir='ltr'><strong>Oﬁ‘enderunt</strong></span> <span class='ocrx_word' id='word_1_588' title='bbox 964 2150 1004 2169; x_wconf 87' lang='lat' dir='ltr'><strong>me</strong></span> 
     </span>
    </p>
   </div>
   <div class='ocr_carea' id='block_1_77' title="bbox 213 2184 718 2221">
    <p class='ocr_par' dir='ltr' id='par_1_77' title="bbox 213 2184 718 2221">
     <span class='ocr_line' id='line_1_77' title="bbox 213 2184 718 2221; baseline 0.002 -9"><span class='ocrx_word' id='word_1_589' title='bbox 213 2184 334 2212; x_wconf 64' lang='lat' dir='ltr'><strong>custodes</strong></span> <span class='ocrx_word' id='word_1_590' title='bbox 344 2205 352 2217; x_wconf 90' lang='lat'><strong>,</strong></span> <span class='ocrx_word' id='word_1_591' title='bbox 366 2186 411 2221; x_wconf 81' lang='lat' dir='ltr'><strong>qui</strong></span> <span class='ocrx_word' id='word_1_592' title='bbox 425 2188 453 2214; x_wconf 80' lang='lat' dir='ltr'><strong>in</strong></span> <span class='ocrx_word' id='word_1_593' title='bbox 467 2186 530 2213; x_wconf 83' lang='lat' dir='ltr'><strong>urbe</strong></span> <span class='ocrx_word' id='word_1_594' title='bbox 546 2187 718 2213; x_wconf 83' lang='lat' dir='ltr'><strong>circumeunt.</strong></span> 
     </span>
    </p>
   </div>
   <div class='ocr_carea' id='block_1_78' title="bbox 258 2225 1004 2261">
    <p class='ocr_par' dir='ltr' id='par_1_78' title="bbox 258 2225 1004 2261">
     <span class='ocr_line' id='line_1_78' title="bbox 258 2225 1004 2261; baseline 0.007 -11"><span class='ocrx_word' id='word_1_595' title='bbox 258 2233 276 2256; x_wconf 54' lang='grc' dir='ltr'>ιε</span> <span class='ocrx_word' id='word_1_596' title='bbox 290 2227 331 2251; x_wconf 75' lang='lat' dir='ltr'><strong>unt</strong></span> <span class='ocrx_word' id='word_1_597' title='bbox 347 2226 440 2260; x_wconf 72' lang='lat' dir='ltr'><strong>siergo</strong></span> <span class='ocrx_word' id='word_1_598' title='bbox 449 2225 489 2252; x_wconf 83' lang='lat' dir='ltr'><strong>vel</strong></span> <span class='ocrx_word' id='word_1_599' title='bbox 504 2225 602 2252; x_wconf 80' lang='lat' dir='ltr'><strong>inferni</strong></span> <span class='ocrx_word' id='word_1_600' title='bbox 615 2227 735 2260; x_wconf 87' lang='lat' dir='ltr'><strong>pericula</strong></span> <span class='ocrx_word' id='word_1_601' title='bbox 746 2234 806 2255; x_wconf 87' lang='lat' dir='ltr'><strong>eam</strong></span> <span class='ocrx_word' id='word_1_602' title='bbox 820 2227 1004 2261; x_wconf 79' lang='lat' dir='ltr'><strong>invenissent,</strong></span> 
     </span>
    </p>
   </div>
   <div class='ocr_carea' id='block_1_79' title="bbox 222 2270 1002 2306">
    <p class='ocr_par' dir='ltr' id='par_1_79' title="bbox 222 2270 1002 2306">
     <span class='ocr_line' id='line_1_79' title="bbox 222 2270 1002 2306; baseline 0.006 -12"><span class='ocrx_word' id='word_1_603' title='bbox 222 2271 261 2295; x_wconf 80' lang='lat' dir='ltr'><strong>vel</strong></span> <span class='ocrx_word' id='word_1_604' title='bbox 279 2271 311 2296; x_wconf 78' lang='lat' dir='ltr'><strong>ab</strong></span> <span class='ocrx_word' id='word_1_605' title='bbox 326 2270 478 2296; x_wconf 68' lang='lat' dir='ltr'><strong>latronibus</strong></span> <span class='ocrx_word' id='word_1_606' title='bbox 490 2270 628 2297; x_wconf 90' lang='lat' dir='ltr'><strong>inventam</strong></span> <span class='ocrx_word' id='word_1_607' title='bbox 643 2271 756 2303; x_wconf 71' lang='lat' dir='ltr'><strong>diceret,</strong></span> <span class='ocrx_word' id='word_1_608' title='bbox 771 2272 862 2306; x_wconf 78' lang='lat' dir='ltr'><strong>gravis</strong></span> <span class='ocrx_word' id='word_1_609' title='bbox 879 2271 1002 2306; x_wconf 80' lang='lat' dir='ltr'><strong>profecto</strong></span> 
     </span>
    </p>
   </div>
   <div class='ocr_carea' id='block_1_80' title="bbox 220 2314 1002 2350">
    <p class='ocr_par' dir='ltr' id='par_1_80' title="bbox 220 2314 1002 2350">
     <span class='ocr_line' id='line_1_80' title="bbox 220 2314 1002 2350; baseline 0.003 -8"><span class='ocrx_word' id='word_1_610' title='bbox 220 2322 302 2342; x_wconf 84' lang='lat' dir='ltr'><strong>casus</strong></span> <span class='ocrx_word' id='word_1_611' title='bbox 315 2316 337 2341; x_wconf 89' lang='lat' dir='ltr'><strong>is</strong></span> <span class='ocrx_word' id='word_1_612' title='bbox 354 2314 433 2342; x_wconf 85' lang='lat' dir='ltr'><strong>foret.</strong></span> <span class='ocrx_word' id='word_1_613' title='bbox 446 2315 518 2342; x_wconf 83' lang='lat' dir='ltr'><strong>Nam</strong></span> <span class='ocrx_word' id='word_1_614' title='bbox 530 2316 574 2350; x_wconf 79' lang='lat' dir='ltr'><strong>[ur</strong></span> <span class='ocrx_word' id='word_1_615' title='bbox 585 2324 636 2342; x_wconf 85' lang='lat' dir='ltr'><strong>non</strong></span> <span class='ocrx_word' id='word_1_616' title='bbox 649 2317 726 2348; x_wconf 81' lang='lat' dir='ltr'><strong>venit,</strong></span> <span class='ocrx_word' id='word_1_617' title='bbox 743 2317 796 2342; x_wconf 48' lang='lat' dir='ltr'><strong>nisi</strong></span> <span class='ocrx_word' id='word_1_618' title='bbox 808 2321 836 2343; x_wconf 85' lang='lat' dir='ltr'><strong>ut</strong></span> <span class='ocrx_word' id='word_1_619' title='bbox 848 2317 963 2350; x_wconf 77' lang='lat' dir='ltr'><strong>furelur,</strong></span> <span class='ocrx_word' id='word_1_620' title='bbox 977 2320 1002 2344; x_wconf 72' lang='lat' dir='ltr'><strong>et</strong></span> 
     </span>
    </p>
   </div>
   <div class='ocr_carea' id='block_1_81' title="bbox 220 2360 1001 2396">
    <p class='ocr_par' dir='ltr' id='par_1_81' title="bbox 220 2360 1001 2396">
     <span class='ocr_line' id='line_1_81' title="bbox 220 2360 1001 2396; baseline 0.003 -10"><span class='ocrx_word' id='word_1_621' title='bbox 220 2364 324 2391; x_wconf 83' lang='lat' dir='ltr'><strong>mactet,</strong></span> <span class='ocrx_word' id='word_1_622' title='bbox 334 2364 358 2387; x_wconf 85' lang='lat' dir='ltr'><strong>et</strong></span> <span class='ocrx_word' id='word_1_623' title='bbox 366 2360 457 2394; x_wconf 80' lang='lat' dir='ltr'><strong>perdat</strong></span> <span class='ocrx_word' id='word_1_624' title='bbox 468 2360 502 2387; x_wconf 69' lang='grc'><strong>⁷⁸.</strong></span> <span class='ocrx_word' id='word_1_625' title='bbox 516 2361 549 2387; x_wconf 84' lang='lat' dir='ltr'><strong>At</strong></span> <span class='ocrx_word' id='word_1_626' title='bbox 559 2361 582 2388; x_wconf 90' lang='lat' dir='ltr'><strong>si</strong></span> <span class='ocrx_word' id='word_1_627' title='bbox 591 2361 718 2388; x_wconf 88' lang='lat' dir='ltr'><strong>custodes</strong></span> <span class='ocrx_word' id='word_1_628' title='bbox 727 2368 787 2388; x_wconf 83' lang='lat' dir='ltr'><strong>eam</strong></span> <span class='ocrx_word' id='word_1_629' title='bbox 797 2361 947 2394; x_wconf 86' lang='lat' dir='ltr'><strong>inveniunt,</strong></span> <span class='ocrx_word' id='word_1_630' title='bbox 955 2362 1001 2396; x_wconf 89' lang='lat' dir='ltr'><strong>qui</strong></span> 
     </span>
    </p>
   </div>
   <div class='ocr_carea' id='block_1_82' title="bbox 221 2406 1001 2437">
    <p class='ocr_par' dir='ltr' id='par_1_82' title="bbox 221 2406 1001 2437">
     <span class='ocr_line' id='line_1_82' title="bbox 221 2406 1001 2437; baseline 0.003 -5"><span class='ocrx_word' id='word_1_631' title='bbox 221 2406 247 2432; x_wconf 92' lang='lat' dir='ltr'><strong>in</strong></span> <span class='ocrx_word' id='word_1_632' title='bbox 262 2406 328 2432; x_wconf 87' lang='lat' dir='ltr'><strong>urbe</strong></span> <span class='ocrx_word' id='word_1_633' title='bbox 339 2407 520 2437; x_wconf 80' lang='lat' dir='ltr'><strong>circumeunt,</strong></span> <span class='ocrx_word' id='word_1_634' title='bbox 536 2407 648 2433; x_wconf 91' lang='lat' dir='ltr'><strong>omnino</strong></span> <span class='ocrx_word' id='word_1_635' title='bbox 671 2407 751 2433; x_wconf 86' lang='lat' dir='ltr'><strong>talem</strong></span> <span class='ocrx_word' id='word_1_636' title='bbox 767 2407 802 2433; x_wconf 88' lang='lat' dir='ltr'><strong>ob</strong></span> <span class='ocrx_word' id='word_1_637' title='bbox 817 2407 1001 2434; x_wconf 87' lang='lat' dir='ltr'><strong>inventionem</strong></span> 
     </span>
    </p>
   </div>
   <div class='ocr_carea' id='block_1_83' title="bbox 221 2451 1001 2487">
    <p class='ocr_par' dir='ltr' id='par_1_83' title="bbox 221 2451 1001 2487">
     <span class='ocr_line' id='line_1_83' title="bbox 221 2451 1001 2487; baseline 0 -8"><span class='ocrx_word' id='word_1_638' title='bbox 221 2453 298 2480; x_wconf 83' lang='lat' dir='ltr'><strong>beata</strong></span> <span class='ocrx_word' id='word_1_639' title='bbox 307 2452 448 2487; x_wconf 81' lang='lat' dir='ltr'><strong>praedicari</strong></span> <span class='ocrx_word' id='word_1_640' title='bbox 457 2451 615 2479; x_wconf 84' lang='lat' dir='ltr'><strong>debet.Nam</strong></span> <span class='ocrx_word' id='word_1_641' title='bbox 622 2451 668 2486; x_wconf 89' lang='lat' dir='ltr'><strong>qui</strong></span> <span class='ocrx_word' id='word_1_642' title='bbox 677 2459 690 2478; x_wconf 88' lang='lat' dir='ltr'><strong>a</strong></span> <span class='ocrx_word' id='word_1_643' title='bbox 697 2452 810 2479; x_wconf 87' lang='lat' dir='ltr'><strong>custode</strong></span> <span class='ocrx_word' id='word_1_644' title='bbox 819 2456 943 2486; x_wconf 78' lang='lat' dir='ltr'><strong>repertus</strong></span> <span class='ocrx_word' id='word_1_645' title='bbox 949 2456 1001 2484; x_wconf 86' lang='lat' dir='ltr'><strong>est,</strong></span> 
     </span>
    </p>
   </div>
   <div class='ocr_carea' id='block_1_84' title="bbox 220 2497 1002 2532">
    <p class='ocr_par' dir='ltr' id='par_1_84' title="bbox 220 2497 1002 2532">
     <span class='ocr_line' id='line_1_84' title="bbox 220 2497 1002 2532; baseline 0.003 -8"><span class='ocrx_word' id='word_1_646' title='bbox 220 2505 234 2524; x_wconf 84' lang='lat' dir='ltr'><strong>a</strong></span> <span class='ocrx_word' id='word_1_647' title='bbox 249 2498 399 2525; x_wconf 85' lang='lat' dir='ltr'><strong>latronibus</strong></span> <span class='ocrx_word' id='word_1_648' title='bbox 409 2498 521 2525; x_wconf 89' lang='lat' dir='ltr'><strong>subduci</strong></span> <span class='ocrx_word' id='word_1_649' title='bbox 530 2497 621 2524; x_wconf 83' lang='lat' dir='ltr'><strong>furtim</strong></span> <span class='ocrx_word' id='word_1_650' title='bbox 635 2498 860 2532; x_wconf 84' lang='lat' dir='ltr'><strong>nequit.Quinam</strong></span> <span class='ocrx_word' id='word_1_651' title='bbox 874 2497 1002 2532; x_wconf 75' lang='lat' dir='ltr'><strong>igiturilli</strong></span> 
     </span>
    </p>
   </div>
   <div class='ocr_carea' id='block_1_85' title="bbox 218 2542 1001 2578">
    <p class='ocr_par' dir='ltr' id='par_1_85' title="bbox 218 2542 1001 2578">
     <span class='ocr_line' id='line_1_85' title="bbox 218 2542 1001 2578; baseline -0.001 -9"><span class='ocrx_word' id='word_1_652' title='bbox 218 2543 347 2570; x_wconf 79' lang='lat' dir='ltr'><strong>custodes</strong></span> <span class='ocrx_word' id='word_1_653' title='bbox 357 2543 556 2578; x_wconf 83' lang='lat' dir='ltr'><strong>sunt?quinam</strong></span> <span class='ocrx_word' id='word_1_654' title='bbox 572 2543 627 2574; x_wconf 86' lang='lat' dir='ltr'><strong>alii,</strong></span> <span class='ocrx_word' id='word_1_655' title='bbox 653 2550 734 2578; x_wconf 91' lang='lat' dir='ltr'><strong>quam</strong></span> <span class='ocrx_word' id='word_1_656' title='bbox 749 2542 865 2569; x_wconf 78' lang='lat' dir='ltr'><strong>ministri</strong></span> <span class='ocrx_word' id='word_1_657' title='bbox 874 2542 1001 2576; x_wconf 89' lang='lat' dir='ltr'><strong>ejus,qui</strong></span> 
     </span>
    </p>
   </div>
   <div class='ocr_carea' id='block_1_86' title="bbox 219 2587 1000 2623">
    <p class='ocr_par' dir='ltr' id='par_1_86' title="bbox 219 2587 1000 2623">
     <span class='ocr_line' id='line_1_86' title="bbox 219 2587 1000 2623; baseline -0.001 -9"><span class='ocrx_word' id='word_1_658' title='bbox 219 2588 339 2615; x_wconf 85' lang='lat' dir='ltr'><strong>custodit</strong></span> <span class='ocrx_word' id='word_1_659' title='bbox 363 2588 488 2616; x_wconf 78' lang='lat' dir='ltr'><strong>Israelem</strong></span> <span class='ocrx_word' id='word_1_660' title='bbox 506 2588 552 2614; x_wconf 87' lang='lat'><strong>“?</strong></span> <span class='ocrx_word' id='word_1_661' title='bbox 567 2588 613 2623; x_wconf 91' lang='lat' dir='ltr'><strong>qui</strong></span> <span class='ocrx_word' id='word_1_662' title='bbox 627 2587 786 2615; x_wconf 80' lang='lat' dir='ltr'><strong>excubando</strong></span> <span class='ocrx_word' id='word_1_663' title='bbox 799 2594 908 2614; x_wconf 87' lang='lat' dir='ltr'><strong>manum</strong></span> <span class='ocrx_word' id='word_1_664' title='bbox 923 2594 1000 2614; x_wconf 90' lang='lat' dir='ltr'><strong>suam</strong></span> 
     </span>
    </p>
   </div>
   <div class='ocr_carea' id='block_1_87' title="bbox 217 2632 1000 2669">
    <p class='ocr_par' dir='ltr' id='par_1_87' title="bbox 217 2632 1000 2669">
     <span class='ocr_line' id='line_1_87' title="bbox 217 2632 1000 2669; baseline -0.004 -8"><span class='ocrx_word' id='word_1_665' title='bbox 217 2634 358 2661; x_wconf 59' lang='lat' dir='ltr'><strong>dexteram</strong></span> <span class='ocrx_word' id='word_1_666' title='bbox 373 2634 457 2669; x_wconf 75' lang='lat' dir='ltr'><strong>tegit;</strong></span> <span class='ocrx_word' id='word_1_667' title='bbox 473 2635 516 2661; x_wconf 84' lang='lat' dir='ltr'><strong>cui</strong></span> <span class='ocrx_word' id='word_1_668' title='bbox 529 2634 619 2661; x_wconf 87' lang='lat' dir='ltr'><strong>anima</strong></span> <span class='ocrx_word' id='word_1_669' title='bbox 632 2634 724 2661; x_wconf 90' lang='lat' dir='ltr'><strong>omnia</strong></span> <span class='ocrx_word' id='word_1_670' title='bbox 735 2633 806 2659; x_wconf 89' lang='lat' dir='ltr'><strong>malo</strong></span> <span class='ocrx_word' id='word_1_671' title='bbox 822 2632 1000 2660; x_wconf 81' lang='lat' dir='ltr'><strong>custodienda</strong></span> 
     </span>
    </p>
   </div>
   <div class='ocr_carea' id='block_1_88' title="bbox 218 2675 1000 2714">
    <p class='ocr_par' dir='ltr' id='par_1_88' title="bbox 218 2675 1000 2714">
     <span class='ocr_line' id='line_1_88' title="bbox 218 2675 1000 2714; baseline -0.004 -8"><span class='ocrx_word' id='word_1_672' title='bbox 218 2680 321 2706; x_wconf 82' lang='lat' dir='ltr'><strong>credita</strong></span> <span class='ocrx_word' id='word_1_673' title='bbox 334 2679 395 2706; x_wconf 82' lang='lat' dir='ltr'><strong>est?</strong></span> <span class='ocrx_word' id='word_1_674' title='bbox 409 2679 454 2714; x_wconf 92' lang='lat' dir='ltr'><strong>qui</strong></span> <span class='ocrx_word' id='word_1_675' title='bbox 469 2680 610 2714; x_wconf 75' lang='lat' dir='ltr'><strong>ingressus</strong></span> <span class='ocrx_word' id='word_1_676' title='bbox 623 2682 651 2705; x_wconf 88' lang='lat' dir='ltr'><strong>et</strong></span> <span class='ocrx_word' id='word_1_677' title='bbox 658 2677 824 2713; x_wconf 73' lang='lat' dir='ltr'><strong>egressionis</strong></span> <span class='ocrx_word' id='word_1_678' title='bbox 831 2681 874 2704; x_wconf 83' lang='lat' dir='ltr'><strong>est</strong></span> <span class='ocrx_word' id='word_1_679' title='bbox 884 2675 1000 2704; x_wconf 80' lang='lat' dir='ltr'><strong>custos?</strong></span> 
     </span>
    </p>
   </div>
   <div class='ocr_carea' id='block_1_89' title="bbox 219 2723 997 2758">
    <p class='ocr_par' dir='ltr' id='par_1_89' title="bbox 219 2723 997 2758">
     <span class='ocr_line' id='line_1_89' title="bbox 219 2723 997 2758; baseline -0.001 -5"><span class='ocrx_word' id='word_1_680' title='bbox 219 2726 242 2753; x_wconf 89' lang='lat' dir='ltr'><strong>is</strong></span> <span class='ocrx_word' id='word_1_681' title='bbox 264 2727 391 2753; x_wconf 87' lang='lat' dir='ltr'><strong>nimirum</strong></span> <span class='ocrx_word' id='word_1_682' title='bbox 405 2729 447 2753; x_wconf 85' lang='lat' dir='ltr'><strong>est</strong></span> <span class='ocrx_word' id='word_1_683' title='bbox 470 2725 546 2753; x_wconf 87' lang='lat' dir='ltr'><strong>urbis</strong></span> <span class='ocrx_word' id='word_1_684' title='bbox 570 2725 616 2752; x_wconf 88' lang='lat' dir='ltr'><strong>ille</strong></span> <span class='ocrx_word' id='word_1_685' title='bbox 638 2729 731 2752; x_wconf 85' lang='lat' dir='ltr'><strong>custos</strong></span> <span class='ocrx_word' id='word_1_686' title='bbox 745 2724 779 2752; x_wconf 88' lang='lat' dir='ltr'><strong>de</strong></span> <span class='ocrx_word' id='word_1_687' title='bbox 799 2731 854 2758; x_wconf 90' lang='lat' dir='ltr'><strong>quo</strong></span> <span class='ocrx_word' id='word_1_688' title='bbox 876 2723 997 2752; x_wconf 77' lang='lat' dir='ltr'><strong>dicitur:</strong></span> 
     </span>
    </p>
   </div>
   <div class='ocr_carea' id='block_1_90' title="bbox 249 2824 518 2856">
    <p class='ocr_par' dir='ltr' id='par_1_90' title="bbox 249 2824 518 2856">
     <span class='ocr_line' id='line_1_90' title="bbox 249 2824 518 2856; baseline -0.007 -4"><span class='ocrx_word' id='word_1_689' title='bbox 249 2825 360 2852; x_wconf 81' lang='lat' dir='ltr'><strong>&quot;l&#39;rov.</strong></span> <span class='ocrx_word' id='word_1_690' title='bbox 383 2833 461 2856; x_wconf 73' lang='lat' dir='ltr'><strong>mn,</strong></span> <span class='ocrx_word' id='word_1_691' title='bbox 475 2824 518 2851; x_wconf 76' lang='lat' dir='ltr'><strong>i5.</strong></span> 
     </span>
    </p>
   </div>
   <div class='ocr_carea' id='block_1_91' title="bbox 574 2821 1140 2859">
    <p class='ocr_par' dir='ltr' id='par_1_91' title="bbox 574 2821 1140 2859">
     <span class='ocr_line' id='line_1_91' title="bbox 574 2821 1140 2859; baseline 0.004 -11"><span class='ocrx_word' id='word_1_692' title='bbox 574 2822 596 2838; x_wconf 82' lang='lat'><strong>&quot;</strong></span> <span class='ocrx_word' id='word_1_693' title='bbox 613 2821 691 2849; x_wconf 83' lang='lat' dir='ltr'><strong>Deut.</strong></span> <span class='ocrx_word' id='word_1_694' title='bbox 711 2821 853 2854; x_wconf 77' lang='lat' dir='ltr'><strong>xxxtt,39.</strong></span> <span class='ocrx_word' id='word_1_695' title='bbox 891 2823 913 2838; x_wconf 82' lang='lat'><strong>&quot;</strong></span> <span class='ocrx_word' id='word_1_696' title='bbox 931 2821 1004 2850; x_wconf 85' lang='lat' dir='ltr'><strong>Psal.</strong></span> <span class='ocrx_word' id='word_1_697' title='bbox 1023 2830 1092 2859; x_wconf 79' lang='lat' dir='ltr'><strong>ml,</strong></span> <span class='ocrx_word' id='word_1_698' title='bbox 1114 2823 1140 2850; x_wconf 77' lang='grc'><strong>4.</strong></span> 
     </span>
    </p>
   </div>
   <div class='ocr_carea' id='block_1_92' title="bbox 1056 1545 1852 1585">
    <p class='ocr_par' dir='ltr' id='par_1_92' title="bbox 1056 1545 1852 1585">
     <span class='ocr_line' id='line_1_92' title="bbox 1056 1545 1852 1585; baseline 0.005 -14"><span class='ocrx_word' id='word_1_699' title='bbox 1056 1546 1210 1581; x_wconf 73' lang='grc' dir='ltr'>κροὸίωσις.</span> <span class='ocrx_word' id='word_1_700' title='bbox 1232 1547 1262 1573; x_wconf 86' lang='grc' dir='ltr'>Εἰ</span> <span class='ocrx_word' id='word_1_701' title='bbox 1287 1545 1333 1574; x_wconf 75' lang='grc' dir='ltr'><strong>οὖν</strong></span> <span class='ocrx_word' id='word_1_702' title='bbox 1349 1547 1435 1575; x_wconf 80' lang='grc' dir='ltr'>ταῦτα</span> <span class='ocrx_word' id='word_1_703' title='bbox 1457 1549 1570 1583; x_wconf 84' lang='grc' dir='ltr'>παρέχει</span> <span class='ocrx_word' id='word_1_704' title='bbox 1590 1549 1607 1584; x_wconf 79' lang='grc' dir='ltr'>ἡ</span> <span class='ocrx_word' id='word_1_705' title='bbox 1622 1549 1732 1583; x_wconf 79' lang='grc' dir='ltr'>γλυκεῖα</span> <span class='ocrx_word' id='word_1_706' title='bbox 1757 1549 1852 1585; x_wconf 74' lang='grc' dir='ltr'>ἐκείνη</span> 
     </span>
    </p>
   </div>
   <div class='ocr_carea' id='block_1_93' title="bbox 1056 1593 1850 1630">
    <p class='ocr_par' dir='ltr' id='par_1_93' title="bbox 1056 1593 1850 1630">
     <span class='ocr_line' id='line_1_93' title="bbox 1056 1593 1850 1630; baseline 0.003 -11"><span class='ocrx_word' id='word_1_707' title='bbox 1056 1593 1167 1628; x_wconf 84' lang='grc' dir='ltr'>πληγή·</span> <span class='ocrx_word' id='word_1_708' title='bbox 1192 1594 1262 1620; x_wconf 81' lang='grc' dir='ltr'>κατά</span> <span class='ocrx_word' id='word_1_709' title='bbox 1285 1602 1314 1620; x_wconf 86' lang='grc' dir='ltr'><strong>τε</strong></span> <span class='ocrx_word' id='word_1_710' title='bbox 1337 1593 1386 1629; x_wconf 82' lang='grc' dir='ltr'><strong>τὴν</strong></span> <span class='ocrx_word' id='word_1_711' title='bbox 1410 1594 1581 1630; x_wconf 78' lang='grc' dir='ltr'>παροιμιώδη</span> <span class='ocrx_word' id='word_1_712' title='bbox 1600 1594 1783 1626; x_wconf 78' lang='grc' dir='ltr'>διδασκαλίαν,</span> <span class='ocrx_word' id='word_1_713' title='bbox 1803 1595 1850 1622; x_wconf 74' lang='grc' dir='ltr'>καὶ</span> 
     </span>
    </p>
   </div>
   <div class='ocr_carea' id='block_1_94' title="bbox 1055 1637 1850 1675">
    <p class='ocr_par' dir='ltr' id='par_1_94' title="bbox 1055 1637 1850 1675">
     <span class='ocr_line' id='line_1_94' title="bbox 1055 1637 1850 1675; baseline 0.003 -11"><span class='ocrx_word' id='word_1_714' title='bbox 1055 1638 1125 1664; x_wconf 80' lang='grc' dir='ltr'>κατὰ</span> <span class='ocrx_word' id='word_1_715' title='bbox 1141 1637 1190 1674; x_wconf 81' lang='grc' dir='ltr'><strong>τὴν</strong></span> <span class='ocrx_word' id='word_1_716' title='bbox 1210 1639 1256 1665; x_wconf 77' lang='grc' dir='ltr'>τοῦ</span> <span class='ocrx_word' id='word_1_717' title='bbox 1280 1638 1420 1674; x_wconf 79' lang='grc' dir='ltr'>Προφήτου</span> <span class='ocrx_word' id='word_1_718' title='bbox 1442 1640 1548 1674; x_wconf 80' lang='grc' dir='ltr'>φωνήν·</span> <span class='ocrx_word' id='word_1_719' title='bbox 1562 1640 1664 1674; x_wconf 81' lang='grc' dir='ltr'><strong>ἀγαθὸν</strong></span> <span class='ocrx_word' id='word_1_720' title='bbox 1680 1641 1733 1675; x_wconf 78' lang='grc' dir='ltr'>ἄρα</span> <span class='ocrx_word' id='word_1_721' title='bbox 1749 1640 1806 1666; x_wconf 67' lang='grc' dir='ltr'>ἐστὶ</span> <span class='ocrx_word' id='word_1_722' title='bbox 1820 1640 1850 1666; x_wconf 79' lang='grc' dir='ltr'><strong>τὸ</strong></span> 
     </span>
    </p>
   </div>
   <div class='ocr_carea' id='block_1_95' title="bbox 1055 1683 1851 1720">
    <p class='ocr_par' dir='ltr' id='par_1_95' title="bbox 1055 1683 1851 1720">
     <span class='ocr_line' id='line_1_95' title="bbox 1055 1683 1851 1720; baseline 0.005 -10"><span class='ocrx_word' id='word_1_723' title='bbox 1055 1683 1226 1719; x_wconf 82' lang='grc' dir='ltr'>παταχθῆναι</span> <span class='ocrx_word' id='word_1_724' title='bbox 1237 1686 1270 1720; x_wconf 75' lang='grc' dir='ltr'>τῇ</span> <span class='ocrx_word' id='word_1_725' title='bbox 1293 1685 1393 1720; x_wconf 79' lang='grc' dir='ltr'>ῥάϐδῳ,</span> <span class='ocrx_word' id='word_1_726' title='bbox 1409 1686 1454 1719; x_wconf 79' lang='grc' dir='ltr'><strong>ἀφ’</strong></span> <span class='ocrx_word' id='word_1_727' title='bbox 1465 1683 1496 1712; x_wconf 77' lang='grc' dir='ltr'>οὗ</span> <span class='ocrx_word' id='word_1_728' title='bbox 1510 1687 1567 1712; x_wconf 82' lang='grc' dir='ltr'>ἐστι</span> <span class='ocrx_word' id='word_1_729' title='bbox 1579 1686 1632 1712; x_wconf 85' lang='grc' dir='ltr'><strong>τῶν</strong></span> <span class='ocrx_word' id='word_1_730' title='bbox 1645 1686 1772 1713; x_wconf 84' lang='grc' dir='ltr'>τοιούτων</span> <span class='ocrx_word' id='word_1_731' title='bbox 1785 1686 1851 1720; x_wconf 83' lang='grc' dir='ltr'><strong>ἀγα.</strong></span> 
     </span>
    </p>
   </div>
   <div class='ocr_carea' id='block_1_96' title="bbox 1055 1729 1850 1766">
    <p class='ocr_par' dir='ltr' id='par_1_96' title="bbox 1055 1729 1850 1766">
     <span class='ocr_line' id='line_1_96' title="bbox 1055 1729 1850 1766; baseline 0.003 -11"><span class='ocrx_word' id='word_1_732' title='bbox 1055 1729 1109 1756; x_wconf 86' lang='grc' dir='ltr'><strong>θῶν</strong></span> <span class='ocrx_word' id='word_1_733' title='bbox 1123 1729 1244 1763; x_wconf 76' lang='grc' dir='ltr'>εὐθηνία.</span> <span class='ocrx_word' id='word_1_734' title='bbox 1264 1729 1372 1756; x_wconf 80' lang='grc' dir='ltr'>Μᾶλλον</span> <span class='ocrx_word' id='word_1_735' title='bbox 1387 1730 1414 1756; x_wconf 82' lang='grc' dir='ltr'>δὲ</span> <span class='ocrx_word' id='word_1_736' title='bbox 1427 1730 1457 1756; x_wconf 85' lang='grc' dir='ltr'>τὸ</span> <span class='ocrx_word' id='word_1_737' title='bbox 1476 1730 1594 1766; x_wconf 81' lang='grc' dir='ltr'>παρεθὲν</span> <span class='ocrx_word' id='word_1_738' title='bbox 1608 1731 1660 1766; x_wconf 79' lang='grc' dir='ltr'>πρὸ</span> <span class='ocrx_word' id='word_1_739' title='bbox 1671 1731 1724 1757; x_wconf 84' lang='grc' dir='ltr'><strong>τῶν</strong></span> <span class='ocrx_word' id='word_1_740' title='bbox 1737 1730 1850 1766; x_wconf 83' lang='grc' dir='ltr'>εἰρημέ-</span> 
     </span>
    </p>
   </div>
   <div class='ocr_carea' id='block_1_97' title="bbox 1054 1775 1850 1812">
    <p class='ocr_par' dir='ltr' id='par_1_97' title="bbox 1054 1775 1850 1812">
     <span class='ocr_line' id='line_1_97' title="bbox 1054 1775 1850 1812; baseline 0.003 -11"><span class='ocrx_word' id='word_1_741' title='bbox 1054 1776 1107 1801; x_wconf 59' lang='grc' dir='ltr'><strong>νων</strong></span> <span class='ocrx_word' id='word_1_742' title='bbox 1116 1775 1295 1810; x_wconf 80' lang='grc' dir='ltr'>ἐξετάσωμεν.</span> <span class='ocrx_word' id='word_1_743' title='bbox 1303 1776 1427 1811; x_wconf 84' lang='grc' dir='ltr'>Παρῆλθε</span> <span class='ocrx_word' id='word_1_744' title='bbox 1437 1778 1469 1812; x_wconf 78' lang='grc' dir='ltr'>τῇ</span> <span class='ocrx_word' id='word_1_745' title='bbox 1478 1776 1570 1812; x_wconf 80' lang='grc' dir='ltr'>νύμφῃ</span> <span class='ocrx_word' id='word_1_746' title='bbox 1581 1777 1595 1803; x_wconf 84' lang='grc' dir='ltr'><strong>ὁ</strong></span> <span class='ocrx_word' id='word_1_747' title='bbox 1604 1776 1697 1808; x_wconf 79' lang='grc' dir='ltr'>Λόγος,</span> <span class='ocrx_word' id='word_1_748' title='bbox 1706 1777 1850 1810; x_wconf 63' lang='grc' dir='ltr'>ἀνέφικτος</span> 
     </span>
    </p>
   </div>
   <div class='ocr_carea' id='block_1_98' title="bbox 1054 1821 1846 1857">
    <p class='ocr_par' dir='ltr' id='par_1_98' title="bbox 1054 1821 1846 1857">
     <span class='ocr_line' id='line_1_98' title="bbox 1054 1821 1846 1857; baseline 0.003 -11"><span class='ocrx_word' id='word_1_749' title='bbox 1054 1822 1087 1856; x_wconf 84' lang='grc' dir='ltr'>τῇ</span> <span class='ocrx_word' id='word_1_750' title='bbox 1097 1821 1164 1856; x_wconf 77' lang='grc' dir='ltr'>λαόῇ</span> <span class='ocrx_word' id='word_1_751' title='bbox 1176 1821 1225 1856; x_wconf 79' lang='grc' dir='ltr'>τῆς</span> <span class='ocrx_word' id='word_1_752' title='bbox 1236 1821 1369 1856; x_wconf 81' lang='grc' dir='ltr'>ποθούσης</span> <span class='ocrx_word' id='word_1_753' title='bbox 1380 1822 1533 1856; x_wconf 83' lang='grc' dir='ltr'>γενόμενος·</span> <span class='ocrx_word' id='word_1_754' title='bbox 1542 1821 1664 1857; x_wconf 78' lang='grc' dir='ltr'>παρῆ).οε</span> <span class='ocrx_word' id='word_1_755' title='bbox 1675 1821 1702 1848; x_wconf 82' lang='grc' dir='ltr'>δὲ</span> <span class='ocrx_word' id='word_1_756' title='bbox 1717 1822 1764 1856; x_wconf 72' lang='grc' dir='ltr'>οὐχ</span> <span class='ocrx_word' id='word_1_757' title='bbox 1775 1821 1846 1848; x_wconf 68' lang='grc' dir='ltr'>ὥστε</span> 
     </span>
    </p>
   </div>
   <div class='ocr_carea' id='block_1_99' title="bbox 1054 1867 1844 1903">
    <p class='ocr_par' dir='ltr' id='par_1_99' title="bbox 1054 1867 1844 1903">
     <span class='ocr_line' id='line_1_99' title="bbox 1054 1867 1844 1903; baseline 0 -10"><span class='ocrx_word' id='word_1_758' title='bbox 1054 1867 1101 1893; x_wconf 80' lang='grc' dir='ltr'>καὶ</span> <span class='ocrx_word' id='word_1_759' title='bbox 1122 1867 1280 1893; x_wconf 81' lang='grc' dir='ltr'>καταλιπεῖν</span> <span class='ocrx_word' id='word_1_760' title='bbox 1305 1868 1338 1903; x_wconf 79' lang='grc' dir='ltr'>ἦν</span> <span class='ocrx_word' id='word_1_761' title='bbox 1363 1868 1545 1903; x_wconf 83' lang='grc' dir='ltr'>παρέδραμεν,</span> <span class='ocrx_word' id='word_1_762' title='bbox 1570 1868 1625 1895; x_wconf 73' lang='grc' dir='ltr'>ἀλλ’</span> <span class='ocrx_word' id='word_1_763' title='bbox 1652 1868 1720 1894; x_wconf 80' lang='grc' dir='ltr'>ὥστε</span> <span class='ocrx_word' id='word_1_764' title='bbox 1745 1868 1844 1903; x_wconf 77' lang='grc' dir='ltr'>μᾶλλον</span> 
     </span>
    </p>
   </div>
   <div class='ocr_carea' id='block_1_100' title="bbox 1055 1912 1850 1948">
    <p class='ocr_par' dir='ltr' id='par_1_100' title="bbox 1055 1912 1850 1948">
     <span class='ocr_line' id='line_1_100' title="bbox 1055 1912 1850 1948; baseline 0.004 -11"><span class='ocrx_word' id='word_1_765' title='bbox 1055 1912 1138 1947; x_wconf 80' lang='grc' dir='ltr'>αὐτὴν</span> <span class='ocrx_word' id='word_1_766' title='bbox 1155 1912 1224 1948; x_wconf 79' lang='grc' dir='ltr'>πρὸς</span> <span class='ocrx_word' id='word_1_767' title='bbox 1247 1913 1341 1939; x_wconf 81' lang='grc' dir='ltr'>ἑαυτὸν</span> <span class='ocrx_word' id='word_1_768' title='bbox 1361 1913 1572 1940; x_wconf 77' lang='grc' dir='ltr'>ἐπισπάσασθαι.</span> <span class='ocrx_word' id='word_1_769' title='bbox 1586 1913 1655 1948; x_wconf 80' lang='grc' dir='ltr'>Φησὶ</span> <span class='ocrx_word' id='word_1_770' title='bbox 1669 1914 1737 1948; x_wconf 82' lang='grc' dir='ltr'>γάρ’</span> <span class='ocrx_word' id='word_1_771' title='bbox 1751 1913 1792 1940; x_wconf 82' lang='grc' dir='ltr'>ὅτι</span> <span class='ocrx_word' id='word_1_772' title='bbox 1813 1913 1850 1941; x_wconf 83' lang='grc' dir='ltr'><em>Ἠ</em></span> 
     </span>
    </p>
   </div>
   <div class='ocr_carea' id='block_1_101' title="bbox 1054 1958 1848 1996">
    <p class='ocr_par' dir='ltr' id='par_1_101' title="bbox 1054 1958 1848 1996">
     <span class='ocr_line' id='line_1_101' title="bbox 1054 1958 1848 1996; baseline 0.004 -13"><span class='ocrx_word' id='word_1_773' title='bbox 1054 1958 1140 1993; x_wconf 65' lang='grc' dir='ltr'>ψυχή</span> <span class='ocrx_word' id='word_1_774' title='bbox 1165 1968 1225 1993; x_wconf 86' lang='grc' dir='ltr'><strong>μου</strong></span> <span class='ocrx_word' id='word_1_775' title='bbox 1247 1958 1377 1993; x_wconf 66' lang='grc' dir='ltr'><strong>ἐξῆλθεν</strong></span> <span class='ocrx_word' id='word_1_776' title='bbox 1404 1960 1438 1986; x_wconf 86' lang='grc' dir='ltr'><strong>ἑν</strong></span> <span class='ocrx_word' id='word_1_777' title='bbox 1459 1961 1539 1995; x_wconf 71' lang='grc' dir='ltr'><strong>λόγῳ</strong></span> <span class='ocrx_word' id='word_1_778' title='bbox 1566 1960 1670 1987; x_wconf 80' lang='grc' dir='ltr'>αὑτοῦ.</span> <span class='ocrx_word' id='word_1_779' title='bbox 1693 1960 1848 1996; x_wconf 80' lang='grc' dir='ltr'>Ἐξέρχεται</span> 
     </span>
    </p>
   </div>
   <div class='ocr_carea' id='block_1_102' title="bbox 1054 2000 1848 2040">
    <p class='ocr_par' dir='ltr' id='par_1_102' title="bbox 1054 2000 1848 2040">
     <span class='ocr_line' id='line_1_102' title="bbox 1054 2000 1848 2040; baseline 0.001 -11"><span class='ocrx_word' id='word_1_780' title='bbox 1054 2004 1143 2030; x_wconf 84' lang='grc' dir='ltr'>τοίνυν</span> <span class='ocrx_word' id='word_1_781' title='bbox 1158 2004 1211 2030; x_wconf 78' lang='grc' dir='ltr'>ἀπὸ</span> <span class='ocrx_word' id='word_1_782' title='bbox 1227 2003 1274 2030; x_wconf 83' lang='grc' dir='ltr'>τοῦ</span> <span class='ocrx_word' id='word_1_783' title='bbox 1288 2005 1316 2031; x_wconf 82' lang='grc' dir='ltr'>ὲν</span> <span class='ocrx_word' id='word_1_784' title='bbox 1329 2000 1351 2037; x_wconf 82' lang='grc' dir='ltr'><em>ᾧ</em></span> <span class='ocrx_word' id='word_1_785' title='bbox 1363 2001 1397 2038; x_wconf 80' lang='grc' dir='ltr'>ἦν</span> <span class='ocrx_word' id='word_1_786' title='bbox 1413 2005 1429 2039; x_wconf 84' lang='grc' dir='ltr'>ἡ</span> <span class='ocrx_word' id='word_1_787' title='bbox 1442 2004 1524 2040; x_wconf 79' lang='grc' dir='ltr'>ψυχὴ,</span> <span class='ocrx_word' id='word_1_788' title='bbox 1545 2005 1591 2031; x_wconf 76' lang='grc' dir='ltr'><strong>καὶ</strong></span> <span class='ocrx_word' id='word_1_789' title='bbox 1614 2004 1700 2035; x_wconf 79' lang='grc' dir='ltr'>οὕτως</span> <span class='ocrx_word' id='word_1_790' title='bbox 1716 2005 1770 2031; x_wconf 81' lang='grc' dir='ltr'>ἀπὸ</span> <span class='ocrx_word' id='word_1_791' title='bbox 1791 2003 1848 2030; x_wconf 85' lang='grc' dir='ltr'>τῶν</span> 
     </span>
    </p>
   </div>
   <div class='ocr_carea' id='block_1_103' title="bbox 1055 2049 1846 2085">
    <p class='ocr_par' dir='ltr' id='par_1_103' title="bbox 1055 2049 1846 2085">
     <span class='ocr_line' id='line_1_103' title="bbox 1055 2049 1846 2085; baseline 0.003 -10"><span class='ocrx_word' id='word_1_792' title='bbox 1055 2049 1246 2083; x_wconf 82' lang='grc' dir='ltr'>φυλασσόντων</span> <span class='ocrx_word' id='word_1_793' title='bbox 1269 2050 1316 2085; x_wconf 77' lang='grc' dir='ltr'>τὴν</span> <span class='ocrx_word' id='word_1_794' title='bbox 1341 2051 1418 2076; x_wconf 82' lang='grc' dir='ltr'>πόλιν</span> <span class='ocrx_word' id='word_1_795' title='bbox 1440 2050 1762 2085; x_wconf 79' lang='grc' dir='ltr'>εὑρίσκεται·Εὒροσαν</span> <span class='ocrx_word' id='word_1_796' title='bbox 1780 2050 1846 2085; x_wconf 74' lang='grc' dir='ltr'>γὰρ,</span> 
     </span>
    </p>
   </div>
   <div class='ocr_carea' id='block_1_104' title="bbox 1055 2095 1810 2131">
    <p class='ocr_par' dir='ltr' id='par_1_104' title="bbox 1055 2095 1810 2131">
     <span class='ocr_line' id='line_1_104' title="bbox 1055 2095 1810 2131; baseline 0 -9"><span class='ocrx_word' id='word_1_797' title='bbox 1055 2096 1132 2131; x_wconf 84' lang='grc' dir='ltr'>φησὶ,</span> <span class='ocrx_word' id='word_1_798' title='bbox 1146 2097 1186 2130; x_wconf 83' lang='grc' dir='ltr'>μὲ</span> <span class='ocrx_word' id='word_1_799' title='bbox 1199 2097 1226 2122; x_wconf 80' lang='grc' dir='ltr'>οἱ</span> <span class='ocrx_word' id='word_1_800' title='bbox 1240 2096 1383 2129; x_wconf 68' lang='grc' dir='ltr'>φύλακες,</span> <span class='ocrx_word' id='word_1_801' title='bbox 1401 2097 1427 2123; x_wconf 79' lang='grc' dir='ltr'>οἱ</span> <span class='ocrx_word' id='word_1_802' title='bbox 1441 2095 1625 2128; x_wconf 74' lang='grc' dir='ltr'>κυκλοῦντες</span> <span class='ocrx_word' id='word_1_803' title='bbox 1639 2096 1697 2130; x_wconf 84' lang='grc' dir='ltr'><strong>τὴν</strong></span> <span class='ocrx_word' id='word_1_804' title='bbox 1709 2096 1810 2122; x_wconf 78' lang='grc' dir='ltr'><strong>πόλιν,</strong></span> 
     </span>
    </p>
   </div>
   <div class='ocr_carea' id='block_1_105' title="bbox 1087 2228 1847 2269">
    <p class='ocr_par' dir='ltr' id='par_1_105' title="bbox 1087 2228 1847 2269">
     <span class='ocr_line' id='line_1_105' title="bbox 1087 2228 1847 2269; baseline 0.004 -12"><span class='ocrx_word' id='word_1_805' title='bbox 1087 2232 1119 2258; x_wconf 85' lang='lat' dir='ltr'><strong>Et</strong></span> <span class='ocrx_word' id='word_1_806' title='bbox 1134 2231 1183 2267; x_wconf 77' lang='grc' dir='ltr'><strong>μὲν</strong></span> <span class='ocrx_word' id='word_1_807' title='bbox 1197 2229 1242 2258; x_wconf 71' lang='grc' dir='ltr'>οὖν</span> <span class='ocrx_word' id='word_1_808' title='bbox 1258 2231 1282 2257; x_wconf 86' lang='grc' dir='ltr'><strong>οἰ</strong></span> <span class='ocrx_word' id='word_1_809' title='bbox 1299 2232 1415 2259; x_wconf 86' lang='grc' dir='ltr'>κίνδυνοι</span> <span class='ocrx_word' id='word_1_810' title='bbox 1431 2232 1494 2267; x_wconf 76' lang='grc' dir='ltr'>ᾅδου</span> <span class='ocrx_word' id='word_1_811' title='bbox 1508 2228 1587 2268; x_wconf 78' lang='grc' dir='ltr'>εὗρον</span> <span class='ocrx_word' id='word_1_812' title='bbox 1602 2233 1698 2269; x_wconf 75' lang='grc' dir='ltr'>αὐτὴν,</span> <span class='ocrx_word' id='word_1_813' title='bbox 1713 2233 1729 2268; x_wconf 77' lang='grc' dir='ltr'>ἦ</span> <span class='ocrx_word' id='word_1_814' title='bbox 1745 2233 1847 2268; x_wconf 81' lang='grc' dir='ltr'>λῃστὰς</span> 
     </span>
    </p>
   </div>
   <div class='ocr_carea' id='block_1_106' title="bbox 1052 2277 1847 2314">
    <p class='ocr_par' dir='ltr' id='par_1_106' title="bbox 1052 2277 1847 2314">
     <span class='ocr_line' id='line_1_106' title="bbox 1052 2277 1847 2314; baseline 0.001 -9"><span class='ocrx_word' id='word_1_815' title='bbox 1052 2278 1137 2313; x_wconf 79' lang='grc' dir='ltr'>αὐτὴν</span> <span class='ocrx_word' id='word_1_816' title='bbox 1162 2277 1289 2312; x_wconf 82' lang='grc' dir='ltr'>εὑρέσθαι</span> <span class='ocrx_word' id='word_1_817' title='bbox 1307 2278 1397 2312; x_wconf 87' lang='grc' dir='ltr'>λέγει·</span> <span class='ocrx_word' id='word_1_818' title='bbox 1415 2279 1532 2314; x_wconf 80' lang='grc' dir='ltr'>χαλεπὸν</span> <span class='ocrx_word' id='word_1_819' title='bbox 1554 2277 1587 2314; x_wconf 80' lang='grc' dir='ltr'>ἦν</span> <span class='ocrx_word' id='word_1_820' title='bbox 1606 2279 1635 2306; x_wconf 74' lang='grc' dir='ltr'>τὸ</span> <span class='ocrx_word' id='word_1_821' title='bbox 1656 2279 1783 2306; x_wconf 83' lang='grc' dir='ltr'>τοιούτων</span> <span class='ocrx_word' id='word_1_822' title='bbox 1796 2279 1847 2306; x_wconf 85' lang='grc' dir='ltr'><strong>αὒ-</strong></span> 
     </span>
    </p>
   </div>
   <div class='ocr_carea' id='block_1_107' title="bbox 1053 2321 1844 2357">
    <p class='ocr_par' dir='ltr' id='par_1_107' title="bbox 1053 2321 1844 2357">
     <span class='ocr_line' id='line_1_107' title="bbox 1053 2321 1844 2357; baseline 0.001 -9"><span class='ocrx_word' id='word_1_823' title='bbox 1053 2323 1102 2357; x_wconf 82' lang='grc' dir='ltr'>τὴν</span> <span class='ocrx_word' id='word_1_824' title='bbox 1118 2321 1227 2357; x_wconf 76' lang='grc' dir='ltr'>εὕρημα</span> <span class='ocrx_word' id='word_1_825' title='bbox 1241 2322 1375 2356; x_wconf 74' lang='grc' dir='ltr'>γενέσθαι.</span> <span class='ocrx_word' id='word_1_826' title='bbox 1391 2323 1422 2349; x_wconf 88' lang='lat'><strong>&#39;0</strong></span> <span class='ocrx_word' id='word_1_827' title='bbox 1434 2323 1490 2357; x_wconf 76' lang='grc' dir='ltr'><strong>γὰρ</strong></span> <span class='ocrx_word' id='word_1_828' title='bbox 1501 2323 1633 2357; x_wconf 77' lang='grc' dir='ltr'>κλέπτης</span> <span class='ocrx_word' id='word_1_829' title='bbox 1641 2324 1696 2350; x_wconf 84' lang='grc' dir='ltr'>οὐκ</span> <span class='ocrx_word' id='word_1_830' title='bbox 1714 2323 1844 2357; x_wconf 79' lang='grc' dir='ltr'>ἔρχεται,</span> 
     </span>
    </p>
   </div>
   <div class='ocr_carea' id='block_1_108' title="bbox 1052 2367 1846 2403">
    <p class='ocr_par' dir='ltr' id='par_1_108' title="bbox 1052 2367 1846 2403">
     <span class='ocr_line' id='line_1_108' title="bbox 1052 2367 1846 2403; baseline 0.004 -10"><span class='ocrx_word' id='word_1_831' title='bbox 1052 2367 1129 2401; x_wconf 78' lang='grc' dir='ltr'>εἰμὴ</span> <span class='ocrx_word' id='word_1_832' title='bbox 1146 2368 1196 2394; x_wconf 82' lang='grc' dir='ltr'><strong>ἵνα</strong></span> <span class='ocrx_word' id='word_1_833' title='bbox 1211 2368 1322 2401; x_wconf 66' lang='grc' dir='ltr'>κλέψῃ,</span> <span class='ocrx_word' id='word_1_834' title='bbox 1342 2368 1391 2394; x_wconf 79' lang='grc' dir='ltr'>καὶ</span> <span class='ocrx_word' id='word_1_835' title='bbox 1403 2369 1492 2402; x_wconf 81' lang='grc' dir='ltr'>θύσῃ.</span> <span class='ocrx_word' id='word_1_836' title='bbox 1503 2369 1551 2395; x_wconf 81' lang='grc' dir='ltr'>καὶ</span> <span class='ocrx_word' id='word_1_837' title='bbox 1563 2369 1713 2403; x_wconf 81' lang='grc' dir='ltr'>ἀπολέσῃ.</span> <span class='ocrx_word' id='word_1_838' title='bbox 1732 2370 1762 2395; x_wconf 86' lang='grc' dir='ltr'>Εἰ</span> <span class='ocrx_word' id='word_1_839' title='bbox 1772 2369 1801 2395; x_wconf 85' lang='grc' dir='ltr'>δὲ</span> <span class='ocrx_word' id='word_1_840' title='bbox 1819 2370 1846 2396; x_wconf 83' lang='grc' dir='ltr'>οἱ</span> 
     </span>
    </p>
   </div>
   <div class='ocr_carea' id='block_1_109' title="bbox 1054 2412 1846 2450">
    <p class='ocr_par' dir='ltr' id='par_1_109' title="bbox 1054 2412 1846 2450">
     <span class='ocr_line' id='line_1_109' title="bbox 1054 2412 1846 2450; baseline 0.004 -12"><span class='ocrx_word' id='word_1_841' title='bbox 1054 2412 1172 2447; x_wconf 83' lang='grc' dir='ltr'>φύλακες</span> <span class='ocrx_word' id='word_1_842' title='bbox 1190 2412 1272 2448; x_wconf 81' lang='grc' dir='ltr'>αὐτὴν</span> <span class='ocrx_word' id='word_1_843' title='bbox 1289 2413 1458 2448; x_wconf 83' lang='grc' dir='ltr'>εὑρίσκουσιν</span> <span class='ocrx_word' id='word_1_844' title='bbox 1475 2414 1500 2440; x_wconf 76' lang='grc' dir='ltr'>οἱ</span> <span class='ocrx_word' id='word_1_845' title='bbox 1520 2414 1681 2446; x_wconf 81' lang='grc' dir='ltr'>κυκλοῦντες</span> <span class='ocrx_word' id='word_1_846' title='bbox 1700 2416 1728 2441; x_wconf 85' lang='grc' dir='ltr'>ὲν</span> <span class='ocrx_word' id='word_1_847' title='bbox 1745 2417 1778 2450; x_wconf 82' lang='grc' dir='ltr'>τῇ</span> <span class='ocrx_word' id='word_1_848' title='bbox 1797 2415 1846 2441; x_wconf 79' lang='grc' dir='ltr'><strong>πό-</strong></span> 
     </span>
    </p>
   </div>
   <div class='ocr_carea' id='block_1_110' title="bbox 1049 2459 1841 2497">
    <p class='ocr_par' dir='ltr' id='par_1_110' title="bbox 1049 2459 1841 2497">
     <span class='ocr_line' id='line_1_110' title="bbox 1049 2459 1841 2497; baseline 0.004 -13"><span class='ocrx_word' id='word_1_849' title='bbox 1049 2459 1099 2490; x_wconf 86' lang='grc' dir='ltr'>λει,</span> <span class='ocrx_word' id='word_1_850' title='bbox 1119 2459 1273 2494; x_wconf 84' lang='grc' dir='ltr'>μακαριστὴ</span> <span class='ocrx_word' id='word_1_851' title='bbox 1291 2459 1398 2490; x_wconf 86' lang='grc' dir='ltr'>πάντως</span> <span class='ocrx_word' id='word_1_852' title='bbox 1412 2459 1469 2485; x_wconf 76' lang='grc' dir='ltr'>ἐστί</span> <span class='ocrx_word' id='word_1_853' title='bbox 1485 2459 1534 2494; x_wconf 85' lang='grc' dir='ltr'>τῆς</span> <span class='ocrx_word' id='word_1_854' title='bbox 1547 2459 1673 2495; x_wconf 85' lang='grc' dir='ltr'>τοιαύτης</span> <span class='ocrx_word' id='word_1_855' title='bbox 1693 2461 1841 2497; x_wconf 78' lang='grc' dir='ltr'>εὑρήσεως.</span> 
     </span>
    </p>
   </div>
   <div class='ocr_carea' id='block_1_111' title="bbox 1054 2505 1845 2542">
    <p class='ocr_par' dir='ltr' id='par_1_111' title="bbox 1054 2505 1845 2542">
     <span class='ocr_line' id='line_1_111' title="bbox 1054 2505 1845 2542; baseline 0.001 -11"><span class='ocrx_word' id='word_1_856' title='bbox 1054 2505 1082 2531; x_wconf 93' lang='lat'><strong>&#39;0</strong></span> <span class='ocrx_word' id='word_1_857' title='bbox 1096 2505 1148 2541; x_wconf 75' lang='grc' dir='ltr'><strong>γὰρ</strong></span> <span class='ocrx_word' id='word_1_858' title='bbox 1167 2505 1219 2531; x_wconf 75' lang='grc' dir='ltr'>ὑπὸ</span> <span class='ocrx_word' id='word_1_859' title='bbox 1237 2505 1283 2531; x_wconf 81' lang='grc' dir='ltr'>τοῦ</span> <span class='ocrx_word' id='word_1_860' title='bbox 1306 2505 1424 2539; x_wconf 78' lang='grc' dir='ltr'>φύλακος</span> <span class='ocrx_word' id='word_1_861' title='bbox 1442 2505 1573 2540; x_wconf 69' lang='grc' dir='ltr'>εὑρεθεὶς,</span> <span class='ocrx_word' id='word_1_862' title='bbox 1590 2507 1642 2532; x_wconf 80' lang='grc' dir='ltr'><strong>ὑπὸ</strong></span> <span class='ocrx_word' id='word_1_863' title='bbox 1658 2506 1764 2542; x_wconf 78' lang='grc' dir='ltr'>λῃστῶν</span> <span class='ocrx_word' id='word_1_864' title='bbox 1779 2506 1845 2532; x_wconf 84' lang='grc' dir='ltr'>κλα-</span> 
     </span>
    </p>
   </div>
   <div class='ocr_carea' id='block_1_112' title="bbox 1049 2550 1844 2587">
    <p class='ocr_par' dir='ltr' id='par_1_112' title="bbox 1049 2550 1844 2587">
     <span class='ocr_line' id='line_1_112' title="bbox 1049 2550 1844 2587; baseline 0.003 -11"><span class='ocrx_word' id='word_1_865' title='bbox 1049 2551 1130 2585; x_wconf 81' lang='grc' dir='ltr'>πῆναι</span> <span class='ocrx_word' id='word_1_866' title='bbox 1147 2551 1176 2576; x_wconf 85' lang='grc' dir='ltr'>οὺ</span> <span class='ocrx_word' id='word_1_867' title='bbox 1193 2550 1314 2577; x_wconf 83' lang='grc' dir='ltr'>δύναται.</span> <span class='ocrx_word' id='word_1_868' title='bbox 1331 2551 1408 2582; x_wconf 84' lang='grc' dir='ltr'>Τίνες</span> <span class='ocrx_word' id='word_1_869' title='bbox 1426 2550 1472 2578; x_wconf 81' lang='grc' dir='ltr'>οὖν</span> <span class='ocrx_word' id='word_1_870' title='bbox 1486 2553 1554 2578; x_wconf 83' lang='grc' dir='ltr'>εἰσιν</span> <span class='ocrx_word' id='word_1_871' title='bbox 1573 2553 1597 2578; x_wconf 92' lang='grc' dir='ltr'><strong>οἰ</strong></span> <span class='ocrx_word' id='word_1_872' title='bbox 1611 2552 1749 2587; x_wconf 83' lang='grc' dir='ltr'>φύλακες;</span> <span class='ocrx_word' id='word_1_873' title='bbox 1765 2552 1844 2583; x_wconf 82' lang='grc' dir='ltr'>Τίνες</span> 
     </span>
    </p>
   </div>
   <div class='ocr_carea' id='block_1_113' title="bbox 1048 2595 1843 2632">
    <p class='ocr_par' dir='ltr' id='par_1_113' title="bbox 1048 2595 1843 2632">
     <span class='ocr_line' id='line_1_113' title="bbox 1048 2595 1843 2632; baseline 0.001 -11"><span class='ocrx_word' id='word_1_874' title='bbox 1048 2595 1131 2628; x_wconf 66' lang='grc' dir='ltr'>ἄλλοι,</span> <span class='ocrx_word' id='word_1_875' title='bbox 1149 2596 1165 2631; x_wconf 79' lang='grc' dir='ltr'>ἢ</span> <span class='ocrx_word' id='word_1_876' title='bbox 1186 2595 1292 2627; x_wconf 80' lang='grc' dir='ltr'>πάντως</span> <span class='ocrx_word' id='word_1_877' title='bbox 1318 2596 1343 2622; x_wconf 78' lang='grc' dir='ltr'>οἱ</span> <span class='ocrx_word' id='word_1_878' title='bbox 1369 2596 1513 2632; x_wconf 87' lang='grc' dir='ltr'>ὑπηρέται,</span> <span class='ocrx_word' id='word_1_879' title='bbox 1539 2598 1563 2624; x_wconf 80' lang='grc' dir='ltr'>οἰ</span> <span class='ocrx_word' id='word_1_880' title='bbox 1590 2597 1774 2631; x_wconf 74' lang='grc' dir='ltr'>φυλάσσοντες</span> <span class='ocrx_word' id='word_1_881' title='bbox 1796 2596 1843 2622; x_wconf 79' lang='grc' dir='ltr'>τὸν</span> 
     </span>
    </p>
   </div>
   <div class='ocr_carea' id='block_1_114' title="bbox 1057 2641 1843 2678">
    <p class='ocr_par' dir='ltr' id='par_1_114' title="bbox 1057 2641 1843 2678">
     <span class='ocr_line' id='line_1_114' title="bbox 1057 2641 1843 2678; baseline 0 -11"><span class='ocrx_word' id='word_1_882' title='bbox 1057 2641 1182 2676; x_wconf 72' lang='grc' dir='ltr'>Ἰσραήλς</span> <span class='ocrx_word' id='word_1_883' title='bbox 1208 2641 1261 2667; x_wconf 86' lang='grc' dir='ltr'>Τοῦ</span> <span class='ocrx_word' id='word_1_884' title='bbox 1288 2641 1332 2668; x_wconf 74' lang='grc' dir='ltr'><strong>διὰ</strong></span> <span class='ocrx_word' id='word_1_885' title='bbox 1355 2641 1406 2676; x_wconf 83' lang='grc' dir='ltr'>τῆς</span> <span class='ocrx_word' id='word_1_886' title='bbox 1433 2642 1555 2678; x_wconf 81' lang='grc' dir='ltr'>φυλακῆς</span> <span class='ocrx_word' id='word_1_887' title='bbox 1575 2642 1622 2676; x_wconf 86' lang='grc' dir='ltr'><strong>τὴν</strong></span> <span class='ocrx_word' id='word_1_888' title='bbox 1645 2641 1734 2674; x_wconf 80' lang='grc' dir='ltr'>δεξιὰν</span> <span class='ocrx_word' id='word_1_889' title='bbox 1762 2642 1843 2676; x_wconf 83' lang='grc' dir='ltr'>χεῖρα</span> 
     </span>
    </p>
   </div>
   <div class='ocr_carea' id='block_1_115' title="bbox 1051 2686 1840 2723">
    <p class='ocr_par' dir='ltr' id='par_1_115' title="bbox 1051 2686 1840 2723">
     <span class='ocr_line' id='line_1_115' title="bbox 1051 2686 1840 2723; baseline 0 -11"><span class='ocrx_word' id='word_1_890' title='bbox 1051 2686 1212 2719; x_wconf 83' lang='grc' dir='ltr'>σκέποντος;</span> <span class='ocrx_word' id='word_1_891' title='bbox 1241 2686 1294 2713; x_wconf 78' lang='grc' dir='ltr'><strong>Τοῦ</strong></span> <span class='ocrx_word' id='word_1_892' title='bbox 1318 2687 1371 2713; x_wconf 82' lang='grc' dir='ltr'><strong>ἀπὺ</strong></span> <span class='ocrx_word' id='word_1_893' title='bbox 1395 2688 1493 2719; x_wconf 79' lang='grc' dir='ltr'>παντὸς</span> <span class='ocrx_word' id='word_1_894' title='bbox 1521 2687 1604 2715; x_wconf 79' lang='grc' dir='ltr'>κακοῦ</span> <span class='ocrx_word' id='word_1_895' title='bbox 1624 2688 1672 2723; x_wconf 83' lang='grc' dir='ltr'><strong>τὴν</strong></span> <span class='ocrx_word' id='word_1_896' title='bbox 1687 2687 1775 2722; x_wconf 83' lang='grc' dir='ltr'>ψυχὴν</span> <span class='ocrx_word' id='word_1_897' title='bbox 1789 2695 1840 2721; x_wconf 73' lang='grc' dir='ltr'><strong>φυ-</strong></span> 
     </span>
    </p>
   </div>
   <div class='ocr_carea' id='block_1_116' title="bbox 1052 2730 1841 2767">
    <p class='ocr_par' dir='ltr' id='par_1_116' title="bbox 1052 2730 1841 2767">
     <span class='ocr_line' id='line_1_116' title="bbox 1052 2730 1841 2767; baseline 0.003 -10"><span class='ocrx_word' id='word_1_898' title='bbox 1052 2731 1161 2758; x_wconf 79' lang='grc' dir='ltr'>λάσσειν</span> <span class='ocrx_word' id='word_1_899' title='bbox 1177 2730 1410 2767; x_wconf 76' lang='grc' dir='ltr'>πεπιστευμένου;</span> <span class='ocrx_word' id='word_1_900' title='bbox 1428 2734 1475 2766; x_wconf 80' lang='grc' dir='ltr'>Ὃς</span> <span class='ocrx_word' id='word_1_901' title='bbox 1492 2734 1538 2760; x_wconf 77' lang='grc' dir='ltr'>καὶ</span> <span class='ocrx_word' id='word_1_902' title='bbox 1559 2734 1661 2760; x_wconf 83' lang='grc' dir='ltr'>εἰσόδου</span> <span class='ocrx_word' id='word_1_903' title='bbox 1687 2733 1733 2760; x_wconf 70' lang='grc' dir='ltr'>καὶ</span> <span class='ocrx_word' id='word_1_904' title='bbox 1751 2731 1841 2764; x_wconf 75' lang='grc' dir='ltr'>ἐξόδου</span> 
     </span>
    </p>
   </div>
   <div class='ocr_carea' id='block_1_117' title="bbox 1197 2823 1730 2857">
    <p class='ocr_par' dir='ltr' id='par_1_117' title="bbox 1197 2823 1730 2857">
     <span class='ocr_line' id='line_1_117' title="bbox 1197 2823 1730 2857; baseline 0.002 -7"><span class='ocrx_word' id='word_1_905' title='bbox 1197 2824 1220 2839; x_wconf 83' lang='grc'><strong>⁷⁰</strong></span> <span class='ocrx_word' id='word_1_906' title='bbox 1241 2823 1338 2851; x_wconf 78' lang='lat' dir='ltr'><strong>Joann.</strong></span> <span class='ocrx_word' id='word_1_907' title='bbox 1359 2832 1386 2857; x_wconf 72' lang='grc' dir='ltr'><strong>ι,</strong></span> <span class='ocrx_word' id='word_1_908' title='bbox 1400 2824 1443 2852; x_wconf 76' lang='grc'><strong>10.</strong></span> <span class='ocrx_word' id='word_1_909' title='bbox 1499 2825 1520 2840; x_wconf 90' lang='grc'><strong>⁷¹</strong></span> <span class='ocrx_word' id='word_1_910' title='bbox 1536 2823 1597 2851; x_wconf 81' lang='lat' dir='ltr'><strong>Psal</strong></span> <span class='ocrx_word' id='word_1_911' title='bbox 1622 2833 1685 2857; x_wconf 76' lang='lat' dir='ltr'><strong>cxx,</strong></span> <span class='ocrx_word' id='word_1_912' title='bbox 1705 2830 1730 2851; x_wconf 65' lang='grc' dir='ltr'><strong>Δ.</strong></span> 
     </span>
    </p>
   </div>
  </div>
