  <div class='ocr_page' id='page_1' title='image "/cluster/home/n/w/nwhite01/storage/ocr_20150623/44/njp.32101009003169/523.png"; bbox 0 0 1978 3068; ppageno 0'>
   <div class='ocr_carea' id='block_1_1' title="bbox 251 139 318 168">
    <p class='ocr_par' dir='ltr' id='par_1_1' title="bbox 251 139 318 168">
     <span class='ocr_line' id='line_1_1' title="bbox 251 139 318 168; baseline -0.015 0"><span class='ocrx_word' id='word_1_1' title='bbox 251 139 318 168; x_wconf 71' lang='grc'><strong>1035</strong></span> 
     </span>
    </p>
   </div>
   <div class='ocr_carea' id='block_1_2' title="bbox 890 137 1269 167">
    <p class='ocr_par' dir='ltr' id='par_1_2' title="bbox 890 137 1269 167">
     <span class='ocr_line' id='line_1_2' title="bbox 890 137 1269 167; baseline 0.003 -2"><span class='ocrx_word' id='word_1_2' title='bbox 890 137 918 165; x_wconf 79' lang='lat' dir='ltr'><strong>S.</strong></span> <span class='ocrx_word' id='word_1_3' title='bbox 940 137 1104 166; x_wconf 78' lang='lat' dir='ltr'><strong>CREGURH</strong></span> <span class='ocrx_word' id='word_1_4' title='bbox 1122 137 1269 167; x_wconf 77' lang='lat' dir='ltr'><strong>NYSSENl</strong></span> 
     </span>
    </p>
   </div>
   <div class='ocr_carea' id='block_1_3' title="bbox 1816 141 1884 168">
    <p class='ocr_par' dir='ltr' id='par_1_3' title="bbox 1816 141 1884 168">
     <span class='ocr_line' id='line_1_3' title="bbox 1816 141 1884 168; baseline 0.015 -1"><span class='ocrx_word' id='word_1_5' title='bbox 1816 141 1884 168; x_wconf 75' lang='lat' dir='ltr'><strong>i036</strong></span> 
     </span>
    </p>
   </div>
   <div class='ocr_carea' id='block_1_4' title="bbox 249 195 1042 235">
    <p class='ocr_par' dir='ltr' id='par_1_4' title="bbox 249 195 1037 232">
     <span class='ocr_line' id='line_1_4' title="bbox 249 195 1037 232; baseline -0.001 -7"><span class='ocrx_word' id='word_1_6' title='bbox 249 197 352 225; x_wconf 83' lang='lat' dir='ltr'><strong>recenti</strong></span> <span class='ocrx_word' id='word_1_7' title='bbox 370 195 490 232; x_wconf 88' lang='lat' dir='ltr'><strong>quadam</strong></span> <span class='ocrx_word' id='word_1_8' title='bbox 517 203 601 231; x_wconf 83' lang='lat' dir='ltr'><strong>supra</strong></span> <span class='ocrx_word' id='word_1_9' title='bbox 622 203 672 224; x_wconf 93' lang='lat' dir='ltr'><strong>nos</strong></span> <span class='ocrx_word' id='word_1_10' title='bbox 693 195 773 231; x_wconf 80' lang='lat' dir='ltr'><strong>positi</strong></span> <span class='ocrx_word' id='word_1_11' title='bbox 797 195 863 224; x_wconf 86' lang='lat' dir='ltr'><strong>boui</strong></span> <span class='ocrx_word' id='word_1_12' title='bbox 888 197 1037 232; x_wconf 81' lang='lat' dir='ltr'><strong>cupiditate</strong></span> 
     </span>
    </p>
   </div>
   <div class='ocr_carea' id='block_1_5' title="bbox 1094 195 1883 235">
    <p class='ocr_par' dir='ltr' id='par_1_5' title="bbox 1094 198 1883 235">
     <span class='ocr_line' id='line_1_5' title="bbox 1094 198 1883 235; baseline 0.003 -10"><span class='ocrx_word' id='word_1_13' title='bbox 1094 199 1216 234; x_wconf 78' lang='grc' dir='ltr'>κείμενον</span> <span class='ocrx_word' id='word_1_14' title='bbox 1233 198 1380 234; x_wconf 76' lang='grc' dir='ltr'><strong>ἐπιθυμίαν</strong></span> <span class='ocrx_word' id='word_1_15' title='bbox 1401 198 1473 234; x_wconf 79' lang='grc' dir='ltr'>ἔχει,</span> <span class='ocrx_word' id='word_1_16' title='bbox 1495 198 1623 226; x_wconf 76' lang='grc' dir='ltr'>οὐδέποτε</span> <span class='ocrx_word' id='word_1_17' title='bbox 1650 199 1723 235; x_wconf 79' lang='grc' dir='ltr'>κόρῳ</span> <span class='ocrx_word' id='word_1_18' title='bbox 1742 199 1787 226; x_wconf 78' lang='grc' dir='ltr'><strong>τὸν</strong></span> <span class='ocrx_word' id='word_1_19' title='bbox 1801 200 1883 227; x_wconf 75' lang='grc' dir='ltr'>πόθον</span> 
     </span>
    </p>
   </div>
   <div class='ocr_carea' id='block_1_6' title="bbox 250 240 1038 273">
    <p class='ocr_par' dir='ltr' id='par_1_6' title="bbox 250 240 1038 273">
     <span class='ocr_line' id='line_1_6' title="bbox 250 240 1038 273; baseline 0.001 -4"><span class='ocrx_word' id='word_1_20' title='bbox 250 241 427 273; x_wconf 80' lang='lat' dir='ltr'><strong>accenditur,</strong></span> <span class='ocrx_word' id='word_1_21' title='bbox 444 241 519 268; x_wconf 83' lang='lat' dir='ltr'><strong>nulla</strong></span> <span class='ocrx_word' id='word_1_22' title='bbox 541 241 667 268; x_wconf 87' lang='lat' dir='ltr'><strong>satietate</strong></span> <span class='ocrx_word' id='word_1_23' title='bbox 691 241 859 269; x_wconf 79' lang='lat' dir='ltr'><strong>desiderium</strong></span> <span class='ocrx_word' id='word_1_24' title='bbox 881 240 934 269; x_wconf 85' lang='lat' dir='ltr'><strong>hoc</strong></span> <span class='ocrx_word' id='word_1_25' title='bbox 955 241 1038 270; x_wconf 90' lang='lat' dir='ltr'><strong>hebe-</strong></span> 
     </span>
    </p>
   </div>
   <div class='ocr_carea' id='block_1_7' title="bbox 250 286 1037 322">
    <p class='ocr_par' dir='ltr' id='par_1_7' title="bbox 250 286 1037 322">
     <span class='ocr_line' id='line_1_7' title="bbox 250 286 1037 322; baseline 0.003 -9"><span class='ocrx_word' id='word_1_26' title='bbox 250 290 334 314; x_wconf 87' lang='lat' dir='ltr'><strong>tante.</strong></span> <span class='ocrx_word' id='word_1_27' title='bbox 353 286 501 322; x_wconf 80' lang='lat' dir='ltr'><strong>Propterea</strong></span> <span class='ocrx_word' id='word_1_28' title='bbox 523 294 631 322; x_wconf 85' lang='lat' dir='ltr'><strong>semper</strong></span> <span class='ocrx_word' id='word_1_29' title='bbox 648 286 681 313; x_wconf 91' lang='lat' dir='ltr'><strong>ad</strong></span> <span class='ocrx_word' id='word_1_30' title='bbox 696 287 835 314; x_wconf 81' lang='lat' dir='ltr'><strong>anteriora</strong></span> <span class='ocrx_word' id='word_1_31' title='bbox 855 287 1037 322; x_wconf 85' lang='lat' dir='ltr'><strong>contendens,</strong></span> 
     </span>
    </p>
   </div>
   <div class='ocr_carea' id='block_1_8' title="bbox 249 332 1038 368">
    <p class='ocr_par' dir='ltr' id='par_1_8' title="bbox 249 332 1038 368">
     <span class='ocr_line' id='line_1_8' title="bbox 249 332 1038 368; baseline 0.003 -9"><span class='ocrx_word' id='word_1_32' title='bbox 249 340 391 368; x_wconf 81' lang='lat' dir='ltr'><strong>nunquam</strong></span> <span class='ocrx_word' id='word_1_33' title='bbox 402 333 504 360; x_wconf 79' lang='lat' dir='ltr'><strong>desinit</strong></span> <span class='ocrx_word' id='word_1_34' title='bbox 520 332 583 360; x_wconf 86' lang='lat' dir='ltr'><strong>inde</strong></span> <span class='ocrx_word' id='word_1_35' title='bbox 600 332 722 368; x_wconf 89' lang='lat' dir='ltr'><strong>prodire,</strong></span> <span class='ocrx_word' id='word_1_36' title='bbox 740 333 785 360; x_wconf 93' lang='lat' dir='ltr'><strong>ubi</strong></span> <span class='ocrx_word' id='word_1_37' title='bbox 798 337 850 366; x_wconf 89' lang='lat' dir='ltr'><strong>est,</strong></span> <span class='ocrx_word' id='word_1_38' title='bbox 868 338 895 361; x_wconf 88' lang='lat' dir='ltr'><strong>et</strong></span> <span class='ocrx_word' id='word_1_39' title='bbox 917 333 950 361; x_wconf 88' lang='lat' dir='ltr'><strong>ad</strong></span> <span class='ocrx_word' id='word_1_40' title='bbox 971 334 1038 362; x_wconf 83' lang='lat' dir='ltr'><strong>inte-</strong></span> 
     </span>
    </p>
   </div>
   <div class='ocr_carea' id='block_1_9' title="bbox 250 378 1038 415">
    <p class='ocr_par' dir='ltr' id='par_1_9' title="bbox 250 378 1038 415">
     <span class='ocr_line' id='line_1_9' title="bbox 250 378 1038 415; baseline 0 -9"><span class='ocrx_word' id='word_1_41' title='bbox 250 379 324 406; x_wconf 86' lang='lat' dir='ltr'><strong>riora</strong></span> <span class='ocrx_word' id='word_1_42' title='bbox 342 383 497 414; x_wconf 73' lang='lat' dir='ltr'><strong>penetrare,</strong></span> <span class='ocrx_word' id='word_1_43' title='bbox 518 379 564 406; x_wconf 90' lang='lat' dir='ltr'><strong>ubi</strong></span> <span class='ocrx_word' id='word_1_44' title='bbox 588 379 705 407; x_wconf 88' lang='lat' dir='ltr'><strong>necdum</strong></span> <span class='ocrx_word' id='word_1_45' title='bbox 732 378 793 406; x_wconf 90' lang='lat' dir='ltr'><strong>fuit.</strong></span> <span class='ocrx_word' id='word_1_46' title='bbox 828 378 928 407; x_wconf 84' lang='lat' dir='ltr'><strong>Eadem</strong></span> <span class='ocrx_word' id='word_1_47' title='bbox 960 379 1038 415; x_wconf 84' lang='lat' dir='ltr'><strong>quid-</strong></span> 
     </span>
    </p>
   </div>
   <div class='ocr_carea' id='block_1_10' title="bbox 250 425 1038 462">
    <p class='ocr_par' dir='ltr' id='par_1_10' title="bbox 250 425 1038 462">
     <span class='ocr_line' id='line_1_10' title="bbox 250 425 1038 462; baseline 0 -9"><span class='ocrx_word' id='word_1_48' title='bbox 250 425 315 462; x_wconf 88' lang='lat' dir='ltr'><strong>quid</strong></span> <span class='ocrx_word' id='word_1_49' title='bbox 333 426 432 461; x_wconf 83' lang='lat' dir='ltr'><strong>quovis</strong></span> <span class='ocrx_word' id='word_1_50' title='bbox 447 426 472 453; x_wconf 90' lang='lat' dir='ltr'><strong>ei</strong></span> <span class='ocrx_word' id='word_1_51' title='bbox 489 429 612 461; x_wconf 88' lang='lat' dir='ltr'><strong>tempore</strong></span> <span class='ocrx_word' id='word_1_52' title='bbox 633 425 826 453; x_wconf 82' lang='lat' dir='ltr'><strong>admirandum</strong></span> <span class='ocrx_word' id='word_1_53' title='bbox 853 433 885 454; x_wconf 91' lang='lat' dir='ltr'><strong>ac</strong></span> <span class='ocrx_word' id='word_1_54' title='bbox 909 433 1038 462; x_wconf 75' lang='lat' dir='ltr'><strong>magnum</strong></span> 
     </span>
    </p>
   </div>
   <div class='ocr_carea' id='block_1_11' title="bbox 250 470 1038 507">
    <p class='ocr_par' dir='ltr' id='par_1_11' title="bbox 250 470 1038 507">
     <span class='ocr_line' id='line_1_11' title="bbox 250 470 1038 507; baseline 0.003 -10"><span class='ocrx_word' id='word_1_55' title='bbox 250 471 376 504; x_wconf 74' lang='lat' dir='ltr'><strong>offertur,</strong></span> <span class='ocrx_word' id='word_1_56' title='bbox 392 470 510 499; x_wconf 89' lang='lat' dir='ltr'><strong>inferius</strong></span> <span class='ocrx_word' id='word_1_57' title='bbox 528 471 652 498; x_wconf 89' lang='lat' dir='ltr'><strong>ulteriori</strong></span> <span class='ocrx_word' id='word_1_58' title='bbox 669 478 730 499; x_wconf 90' lang='lat' dir='ltr'><strong>csse</strong></span> <span class='ocrx_word' id='word_1_59' title='bbox 747 471 843 499; x_wconf 82' lang='lat' dir='ltr'><strong>statuit</strong></span> <span class='ocrx_word' id='word_1_60' title='bbox 862 480 868 499; x_wconf 92' lang='lat'>:</span> <span class='ocrx_word' id='word_1_61' title='bbox 893 475 1038 507; x_wconf 80' lang='lat' dir='ltr'><strong>propterea</strong></span> 
     </span>
    </p>
   </div>
   <div class='ocr_carea' id='block_1_12' title="bbox 251 516 1038 554">
    <p class='ocr_par' dir='ltr' id='par_1_12' title="bbox 251 516 1038 554">
     <span class='ocr_line' id='line_1_12' title="bbox 251 516 1038 554; baseline 0.001 -10"><span class='ocrx_word' id='word_1_62' title='bbox 251 517 324 552; x_wconf 90' lang='lat' dir='ltr'><strong>quod</strong></span> <span class='ocrx_word' id='word_1_63' title='bbox 348 516 492 552; x_wconf 91' lang='lat' dir='ltr'><strong>pulchrius</strong></span> <span class='ocrx_word' id='word_1_64' title='bbox 505 517 619 544; x_wconf 88' lang='lat' dir='ltr'><strong>omnino</strong></span> <span class='ocrx_word' id='word_1_65' title='bbox 637 520 680 545; x_wconf 85' lang='lat' dir='ltr'><strong>est</strong></span> <span class='ocrx_word' id='word_1_66' title='bbox 701 517 779 552; x_wconf 88' lang='lat' dir='ltr'><strong>prius</strong></span> <span class='ocrx_word' id='word_1_67' title='bbox 803 521 954 553; x_wconf 76' lang='lat' dir='ltr'><strong>percepto,~</strong></span> <span class='ocrx_word' id='word_1_68' title='bbox 964 517 1038 554; x_wconf 88' lang='lat' dir='ltr'><strong>quod</strong></span> 
     </span>
    </p>
   </div>
   <div class='ocr_carea' id='block_1_13' title="bbox 251 561 1039 599">
    <p class='ocr_par' dir='ltr' id='par_1_13' title="bbox 251 561 1039 599">
     <span class='ocr_line' id='line_1_13' title="bbox 251 561 1039 599; baseline 0.001 -9"><span class='ocrx_word' id='word_1_69' title='bbox 251 570 359 598; x_wconf 80' lang='lat' dir='ltr'><strong>semper</strong></span> <span class='ocrx_word' id='word_1_70' title='bbox 373 562 523 589; x_wconf 84' lang='lat' dir='ltr'><strong>invenitur.</strong></span> <span class='ocrx_word' id='word_1_71' title='bbox 539 561 778 595; x_wconf 84' lang='lat' dir='ltr'><strong>Quemadmodum</strong></span> <span class='ocrx_word' id='word_1_72' title='bbox 800 567 828 591; x_wconf 88' lang='lat' dir='ltr'><strong>et</strong></span> <span class='ocrx_word' id='word_1_73' title='bbox 844 562 947 591; x_wconf 81' lang='lat' dir='ltr'><strong>Paulus</strong></span> <span class='ocrx_word' id='word_1_74' title='bbox 971 571 1039 599; x_wconf 52' lang='lat' dir='ltr'><strong>quo.</strong></span> 
     </span>
    </p>
   </div>
   <div class='ocr_carea' id='block_1_14' title="bbox 250 608 1040 645">
    <p class='ocr_par' dir='ltr' id='par_1_14' title="bbox 250 608 1040 645">
     <span class='ocr_line' id='line_1_14' title="bbox 250 608 1040 645; baseline 0.003 -10"><span class='ocrx_word' id='word_1_75' title='bbox 250 608 318 636; x_wconf 88' lang='lat' dir='ltr'><strong>tidie</strong></span> <span class='ocrx_word' id='word_1_76' title='bbox 325 608 536 641; x_wconf 83' lang='lat' dir='ltr'><strong>moriebatur”,</strong></span> <span class='ocrx_word' id='word_1_77' title='bbox 549 616 582 636; x_wconf 88' lang='lat' dir='ltr'><strong>ex</strong></span> <span class='ocrx_word' id='word_1_78' title='bbox 598 616 652 643; x_wconf 88' lang='lat' dir='ltr'><strong>quo</strong></span> <span class='ocrx_word' id='word_1_79' title='bbox 662 616 771 644; x_wconf 86' lang='lat' dir='ltr'><strong>semper</strong></span> <span class='ocrx_word' id='word_1_80' title='bbox 784 608 818 635; x_wconf 89' lang='lat' dir='ltr'><strong>ad</strong></span> <span class='ocrx_word' id='word_1_81' title='bbox 836 617 935 636; x_wconf 88' lang='lat' dir='ltr'><strong>novam</strong></span> <span class='ocrx_word' id='word_1_82' title='bbox 946 617 1040 645; x_wconf 86' lang='lat' dir='ltr'><strong>quam-</strong></span> 
     </span>
    </p>
   </div>
   <div class='ocr_carea' id='block_1_15' title="bbox 249 654 1039 691">
    <p class='ocr_par' dir='ltr' id='par_1_15' title="bbox 249 654 1039 691">
     <span class='ocr_line' id='line_1_15' title="bbox 249 654 1039 691; baseline 0.003 -9"><span class='ocrx_word' id='word_1_83' title='bbox 249 655 312 682; x_wconf 87' lang='lat' dir='ltr'><strong>dam</strong></span> <span class='ocrx_word' id='word_1_84' title='bbox 325 654 409 683; x_wconf 85' lang='lat' dir='ltr'><strong>vitam</strong></span> <span class='ocrx_word' id='word_1_85' title='bbox 436 655 630 687; x_wconf 87' lang='lat' dir='ltr'><strong>contendebat,</strong></span> <span class='ocrx_word' id='word_1_86' title='bbox 658 659 785 682; x_wconf 88' lang='lat' dir='ltr'><strong>mortuus</strong></span> <span class='ocrx_word' id='word_1_87' title='bbox 807 656 871 683; x_wconf 60' lang='lat' dir='ltr'><strong>vitae</strong></span> <span class='ocrx_word' id='word_1_88' title='bbox 884 656 1039 691; x_wconf 61' lang='lat' dir='ltr'><strong>praeterittc,</strong></span> 
     </span>
    </p>
   </div>
   <div class='ocr_carea' id='block_1_16' title="bbox 251 699 1039 736">
    <p class='ocr_par' dir='ltr' id='par_1_16' title="bbox 251 699 1039 736">
     <span class='ocr_line' id='line_1_16' title="bbox 251 699 1039 736; baseline -0.001 -7"><span class='ocrx_word' id='word_1_89' title='bbox 251 708 283 729; x_wconf 90' lang='lat' dir='ltr'><strong>ac</strong></span> <span class='ocrx_word' id='word_1_90' title='bbox 299 707 396 728; x_wconf 89' lang='lat' dir='ltr'><strong>eorum</strong></span> <span class='ocrx_word' id='word_1_91' title='bbox 414 707 475 736; x_wconf 64' lang='lat' dir='ltr'><strong>quae</strong></span> <span class='ocrx_word' id='word_1_92' title='bbox 500 700 556 736; x_wconf 83' lang='lat' dir='ltr'><strong>jam</strong></span> <span class='ocrx_word' id='word_1_93' title='bbox 585 699 741 728; x_wconf 87' lang='lat' dir='ltr'><strong>confecerat</strong></span> <span class='ocrx_word' id='word_1_94' title='bbox 763 701 938 729; x_wconf 79' lang='lat' dir='ltr'><strong>obliviscens.</strong></span> <span class='ocrx_word' id='word_1_95' title='bbox 973 701 1039 728; x_wconf 87' lang='lat' dir='ltr'><strong>Eam</strong></span> 
     </span>
    </p>
   </div>
   <div class='ocr_carea' id='block_1_17' title="bbox 250 745 1041 781">
    <p class='ocr_par' dir='ltr' id='par_1_17' title="bbox 250 745 1041 781">
     <span class='ocr_line' id='line_1_17' title="bbox 250 745 1041 781; baseline -0.001 -7"><span class='ocrx_word' id='word_1_96' title='bbox 250 746 286 774; x_wconf 91' lang='lat' dir='ltr'><strong>ob</strong></span> <span class='ocrx_word' id='word_1_97' title='bbox 303 753 415 774; x_wconf 89' lang='lat' dir='ltr'><strong>causam</strong></span> <span class='ocrx_word' id='word_1_98' title='bbox 431 749 458 773; x_wconf 90' lang='lat' dir='ltr'><strong>et</strong></span> <span class='ocrx_word' id='word_1_99' title='bbox 474 752 587 780; x_wconf 84' lang='lat' dir='ltr'><strong>sponsa,</strong></span> <span class='ocrx_word' id='word_1_100' title='bbox 608 752 669 780; x_wconf 65' lang='lat' dir='ltr'><strong>qua:</strong></span> <span class='ocrx_word' id='word_1_101' title='bbox 681 745 715 772; x_wconf 85' lang='lat' dir='ltr'><strong>ad</strong></span> <span class='ocrx_word' id='word_1_102' title='bbox 730 753 862 781; x_wconf 90' lang='lat' dir='ltr'><strong>sponsum</strong></span> <span class='ocrx_word' id='word_1_103' title='bbox 879 753 963 773; x_wconf 90' lang='lat' dir='ltr'><strong>cursu</strong></span> <span class='ocrx_word' id='word_1_104' title='bbox 977 753 1041 773; x_wconf 85' lang='lat' dir='ltr'><strong>con-</strong></span> 
     </span>
    </p>
   </div>
   <div class='ocr_carea' id='block_1_18' title="bbox 249 790 1041 827">
    <p class='ocr_par' dir='ltr' id='par_1_18' title="bbox 249 790 1041 827">
     <span class='ocr_line' id='line_1_18' title="bbox 249 790 1041 827; baseline 0 -9"><span class='ocrx_word' id='word_1_105' title='bbox 249 791 346 824; x_wconf 81' lang='lat' dir='ltr'><strong>tendit,</strong></span> <span class='ocrx_word' id='word_1_106' title='bbox 362 791 483 827; x_wconf 86' lang='lat' dir='ltr'><strong>quietem</strong></span> <span class='ocrx_word' id='word_1_107' title='bbox 503 798 518 817; x_wconf 86' lang='lat' dir='ltr'><strong>a</strong></span> <span class='ocrx_word' id='word_1_108' title='bbox 533 790 660 826; x_wconf 90' lang='lat' dir='ltr'><strong>profectu</strong></span> <span class='ocrx_word' id='word_1_109' title='bbox 677 791 710 818; x_wconf 88' lang='lat' dir='ltr'><strong>ad</strong></span> <span class='ocrx_word' id='word_1_110' title='bbox 724 791 827 826; x_wconf 82' lang='lat' dir='ltr'><strong>majora</strong></span> <span class='ocrx_word' id='word_1_111' title='bbox 848 791 951 819; x_wconf 86' lang='lat' dir='ltr'><strong>nullam</strong></span> <span class='ocrx_word' id='word_1_112' title='bbox 967 793 1041 819; x_wconf 80' lang='lat' dir='ltr'><strong>inve-</strong></span> 
     </span>
    </p>
   </div>
   <div class='ocr_carea' id='block_1_19' title="bbox 249 837 1040 873">
    <p class='ocr_par' dir='ltr' id='par_1_19' title="bbox 249 837 1040 873">
     <span class='ocr_line' id='line_1_19' title="bbox 249 837 1040 873; baseline -0.001 -8"><span class='ocrx_word' id='word_1_113' title='bbox 249 838 300 866; x_wconf 85' lang='lat' dir='ltr'><strong>nit.</strong></span> <span class='ocrx_word' id='word_1_114' title='bbox 311 837 402 864; x_wconf 81' lang='lat' dir='ltr'><strong>Efﬁcit</strong></span> <span class='ocrx_word' id='word_1_115' title='bbox 415 845 448 865; x_wconf 89' lang='lat' dir='ltr'><strong>ex</strong></span> <span class='ocrx_word' id='word_1_116' title='bbox 460 844 507 865; x_wconf 86' lang='lat' dir='ltr'><strong>ore</strong></span> <span class='ocrx_word' id='word_1_117' title='bbox 531 845 580 865; x_wconf 91' lang='lat' dir='ltr'><strong>suo</strong></span> <span class='ocrx_word' id='word_1_118' title='bbox 605 837 751 873; x_wconf 81' lang='lat' dir='ltr'><strong>paradisos</strong></span> <span class='ocrx_word' id='word_1_119' title='bbox 766 837 901 864; x_wconf 85' lang='lat' dir='ltr'><strong>malorum</strong></span> <span class='ocrx_word' id='word_1_120' title='bbox 925 838 1040 872; x_wconf 89' lang='lat' dir='ltr'><strong>punico-</strong></span> 
     </span>
    </p>
   </div>
   <div class='ocr_carea' id='block_1_20' title="bbox 1089 244 1883 282">
    <p class='ocr_par' dir='ltr' id='par_1_20' title="bbox 1089 244 1883 282">
     <span class='ocr_line' id='line_1_20' title="bbox 1089 244 1883 282; baseline 0 -10"><span class='ocrx_word' id='word_1_121' title='bbox 1089 245 1271 280; x_wconf 78' lang='grc' dir='ltr'>ἀμϐλύνουσα.</span> <span class='ocrx_word' id='word_1_122' title='bbox 1307 244 1356 271; x_wconf 81' lang='grc' dir='ltr'>Διὰ</span> <span class='ocrx_word' id='word_1_123' title='bbox 1385 244 1463 272; x_wconf 81' lang='grc' dir='ltr'>τοῦτο</span> <span class='ocrx_word' id='word_1_124' title='bbox 1496 246 1610 273; x_wconf 80' lang='grc' dir='ltr'>πάντοτε</span> <span class='ocrx_word' id='word_1_125' title='bbox 1645 247 1701 278; x_wconf 81' lang='grc' dir='ltr'>τοῖς</span> <span class='ocrx_word' id='word_1_126' title='bbox 1730 245 1883 282; x_wconf 75' lang='grc' dir='ltr'>ἔμπροσθεν</span> 
     </span>
    </p>
   </div>
   <div class='ocr_carea' id='block_1_21' title="bbox 1090 288 1883 327">
    <p class='ocr_par' dir='ltr' id='par_1_21' title="bbox 1090 288 1883 327">
     <span class='ocr_line' id='line_1_21' title="bbox 1090 288 1883 327; baseline 0 -9"><span class='ocrx_word' id='word_1_127' title='bbox 1090 291 1300 327; x_wconf 79' lang='grc' dir='ltr'>ἐπεκτεινομένη</span> <span class='ocrx_word' id='word_1_128' title='bbox 1316 291 1346 317; x_wconf 71' lang='grc' dir='ltr'>οὗ</span> <span class='ocrx_word' id='word_1_129' title='bbox 1361 291 1487 322; x_wconf 82' lang='grc' dir='ltr'>παύεται,</span> <span class='ocrx_word' id='word_1_130' title='bbox 1505 291 1552 318; x_wconf 71' lang='grc' dir='ltr'>καὶ</span> <span class='ocrx_word' id='word_1_131' title='bbox 1577 291 1631 318; x_wconf 77' lang='grc' dir='ltr'><strong>ἀπὸ</strong></span> <span class='ocrx_word' id='word_1_132' title='bbox 1654 291 1700 318; x_wconf 78' lang='grc' dir='ltr'>τοῦ</span> <span class='ocrx_word' id='word_1_133' title='bbox 1721 293 1750 319; x_wconf 86' lang='grc' dir='ltr'>ὲν</span> <span class='ocrx_word' id='word_1_134' title='bbox 1769 288 1791 325; x_wconf 76' lang='grc' dir='ltr'>ὦ</span> <span class='ocrx_word' id='word_1_135' title='bbox 1811 293 1883 318; x_wconf 76' lang='grc' dir='ltr'>ἐστιν</span> 
     </span>
    </p>
   </div>
   <div class='ocr_carea' id='block_1_22' title="bbox 1090 333 1884 373">
    <p class='ocr_par' dir='ltr' id='par_1_22' title="bbox 1090 333 1884 373">
     <span class='ocr_line' id='line_1_22' title="bbox 1090 333 1884 373; baseline -0.001 -10"><span class='ocrx_word' id='word_1_136' title='bbox 1090 337 1198 369; x_wconf 75' lang='grc' dir='ltr'><strong>ἐξιοῦσα</strong></span> <span class='ocrx_word' id='word_1_137' title='bbox 1218 337 1264 364; x_wconf 79' lang='grc' dir='ltr'>καὶ</span> <span class='ocrx_word' id='word_1_138' title='bbox 1289 337 1357 372; x_wconf 81' lang='grc' dir='ltr'>πρὸς</span> <span class='ocrx_word' id='word_1_139' title='bbox 1379 337 1425 363; x_wconf 67' lang='grc' dir='ltr'><strong>τὸν</strong></span> <span class='ocrx_word' id='word_1_140' title='bbox 1451 337 1585 372; x_wconf 77' lang='grc' dir='ltr'><strong>ἐνδότερον</strong></span> <span class='ocrx_word' id='word_1_141' title='bbox 1610 337 1780 373; x_wconf 75' lang='grc' dir='ltr'>εἱσδυομένη,</span> <span class='ocrx_word' id='word_1_142' title='bbox 1809 338 1837 364; x_wconf 79' lang='grc' dir='ltr'>ἐν</span> <span class='ocrx_word' id='word_1_143' title='bbox 1861 333 1884 370; x_wconf 85' lang='grc' dir='ltr'>ᾧ</span> 
     </span>
    </p>
   </div>
   <div class='ocr_carea' id='block_1_23' title="bbox 1089 382 1884 418">
    <p class='ocr_par' dir='ltr' id='par_1_23' title="bbox 1089 382 1884 418">
     <span class='ocr_line' id='line_1_23' title="bbox 1089 382 1884 418; baseline -0.001 -8"><span class='ocrx_word' id='word_1_144' title='bbox 1089 382 1166 410; x_wconf 74' lang='grc' dir='ltr'>οὔπω</span> <span class='ocrx_word' id='word_1_145' title='bbox 1180 383 1300 418; x_wconf 78' lang='grc' dir='ltr'>ἐγένετο·</span> <span class='ocrx_word' id='word_1_146' title='bbox 1320 383 1367 409; x_wconf 71' lang='grc' dir='ltr'>καὶ</span> <span class='ocrx_word' id='word_1_147' title='bbox 1390 384 1420 409; x_wconf 60' lang='lat' dir='ltr'><strong>ab</strong></span> <span class='ocrx_word' id='word_1_148' title='bbox 1443 383 1558 409; x_wconf 83' lang='grc' dir='ltr'>πάντοτε</span> <span class='ocrx_word' id='word_1_149' title='bbox 1583 383 1738 418; x_wconf 78' lang='grc' dir='ltr'>θαυμαστὸν</span> <span class='ocrx_word' id='word_1_150' title='bbox 1752 383 1819 418; x_wconf 73' lang='grc' dir='ltr'>αὐτῇ</span> <span class='ocrx_word' id='word_1_151' title='bbox 1837 383 1884 409; x_wconf 79' lang='grc' dir='ltr'>καὶ</span> 
     </span>
    </p>
   </div>
   <div class='ocr_carea' id='block_1_24' title="bbox 1091 424 1882 466">
    <p class='ocr_par' dir='ltr' id='par_1_24' title="bbox 1091 424 1882 466">
     <span class='ocr_line' id='line_1_24' title="bbox 1091 424 1882 466; baseline -0.003 -10"><span class='ocrx_word' id='word_1_152' title='bbox 1091 430 1161 466; x_wconf 83' lang='grc' dir='ltr'>μέγα</span> <span class='ocrx_word' id='word_1_153' title='bbox 1182 429 1352 464; x_wconf 70' lang='grc' dir='ltr'>φαινόμενον,</span> <span class='ocrx_word' id='word_1_154' title='bbox 1370 428 1522 463; x_wconf 84' lang='grc' dir='ltr'>κατώτερον</span> <span class='ocrx_word' id='word_1_155' title='bbox 1546 428 1693 464; x_wconf 74' lang='grc' dir='ltr'><strong>ποιουμένη</strong></span> <span class='ocrx_word' id='word_1_156' title='bbox 1713 428 1760 455; x_wconf 80' lang='grc' dir='ltr'>τοῦ</span> <span class='ocrx_word' id='word_1_157' title='bbox 1775 424 1882 464; x_wconf 70' lang='grc' dir='ltr'>ἐφεξῆς,</span> 
     </span>
    </p>
   </div>
   <div class='ocr_carea' id='block_1_25' title="bbox 1090 472 1882 511">
    <p class='ocr_par' dir='ltr' id='par_1_25' title="bbox 1090 472 1882 511">
     <span class='ocr_line' id='line_1_25' title="bbox 1090 472 1882 511; baseline -0.004 -8"><span class='ocrx_word' id='word_1_158' title='bbox 1090 476 1133 503; x_wconf 78' lang='grc' dir='ltr'><strong>διὰ</strong></span> <span class='ocrx_word' id='word_1_159' title='bbox 1149 476 1178 503; x_wconf 80' lang='grc' dir='ltr'><strong>τὺ</strong></span> <span class='ocrx_word' id='word_1_160' title='bbox 1194 484 1225 502; x_wconf 89' lang='grc' dir='ltr'><strong>πε</strong></span> <span class='ocrx_word' id='word_1_161' title='bbox 1231 475 1434 511; x_wconf 81' lang='grc' dir='ltr'>ρικαλλέστερον</span> <span class='ocrx_word' id='word_1_162' title='bbox 1451 475 1558 506; x_wconf 78' lang='grc' dir='ltr'>πάντως</span> <span class='ocrx_word' id='word_1_163' title='bbox 1579 472 1647 501; x_wconf 73' lang='grc' dir='ltr'>εἶναι</span> <span class='ocrx_word' id='word_1_164' title='bbox 1671 474 1718 501; x_wconf 79' lang='grc' dir='ltr'>τοῦ</span> <span class='ocrx_word' id='word_1_165' title='bbox 1738 482 1882 510; x_wconf 85' lang='grc' dir='ltr'>προκατει-</span> 
     </span>
    </p>
   </div>
   <div class='ocr_carea' id='block_1_26' title="bbox 1089 519 1882 557">
    <p class='ocr_par' dir='ltr' id='par_1_26' title="bbox 1089 519 1882 557">
     <span class='ocr_line' id='line_1_26' title="bbox 1089 519 1882 557; baseline -0.004 -9"><span class='ocrx_word' id='word_1_166' title='bbox 1089 522 1227 557; x_wconf 86' lang='grc' dir='ltr'>λημμένου</span> <span class='ocrx_word' id='word_1_167' title='bbox 1247 521 1277 547; x_wconf 80' lang='grc' dir='ltr'>τὸ</span> <span class='ocrx_word' id='word_1_168' title='bbox 1293 521 1335 547; x_wconf 69' lang='grc' dir='ltr'><strong>ἀεὶ</strong></span> <span class='ocrx_word' id='word_1_169' title='bbox 1349 520 1551 555; x_wconf 80' lang='grc' dir='ltr'>εὑρισκόμενον.</span> <span class='ocrx_word' id='word_1_170' title='bbox 1570 519 1670 552; x_wconf 82' lang='grc' dir='ltr'>Καθὼς</span> <span class='ocrx_word' id='word_1_171' title='bbox 1683 520 1730 547; x_wconf 78' lang='grc' dir='ltr'>καὶ</span> <span class='ocrx_word' id='word_1_172' title='bbox 1749 520 1763 546; x_wconf 85' lang='grc' dir='ltr'><strong>ὀ</strong></span> <span class='ocrx_word' id='word_1_173' title='bbox 1779 519 1882 551; x_wconf 79' lang='grc' dir='ltr'>Παῦλος</span> 
     </span>
    </p>
   </div>
   <div class='ocr_carea' id='block_1_27' title="bbox 1090 565 1883 602">
    <p class='ocr_par' dir='ltr' id='par_1_27' title="bbox 1090 565 1883 602">
     <span class='ocr_line' id='line_1_27' title="bbox 1090 565 1883 602; baseline -0.003 -8"><span class='ocrx_word' id='word_1_174' title='bbox 1090 567 1150 594; x_wconf 81' lang='grc' dir='ltr'>καθ’</span> <span class='ocrx_word' id='word_1_175' title='bbox 1167 566 1274 602; x_wconf 80' lang='grc' dir='ltr'><strong>ἡμέραν</strong></span> <span class='ocrx_word' id='word_1_176' title='bbox 1291 565 1470 601; x_wconf 79' lang='grc' dir='ltr'><strong>ἀπέθνησκεν,</strong></span> <span class='ocrx_word' id='word_1_177' title='bbox 1488 565 1582 601; x_wconf 78' lang='grc' dir='ltr'>ἐπειδὴ</span> <span class='ocrx_word' id='word_1_178' title='bbox 1602 565 1717 592; x_wconf 72' lang='grc' dir='ltr'>πάντοτε</span> <span class='ocrx_word' id='word_1_179' title='bbox 1735 566 1802 601; x_wconf 83' lang='grc' dir='ltr'>πρὸς</span> <span class='ocrx_word' id='word_1_180' title='bbox 1826 574 1883 592; x_wconf 88' lang='grc' dir='ltr'>και-</span> 
     </span>
    </p>
   </div>
   <div class='ocr_carea' id='block_1_28' title="bbox 1090 611 1883 649">
    <p class='ocr_par' dir='ltr' id='par_1_28' title="bbox 1090 611 1883 649">
     <span class='ocr_line' id='line_1_28' title="bbox 1090 611 1883 649; baseline -0.003 -9"><span class='ocrx_word' id='word_1_181' title='bbox 1090 613 1138 649; x_wconf 88' lang='grc' dir='ltr'><strong>νήν</strong></span> <span class='ocrx_word' id='word_1_182' title='bbox 1151 621 1212 639; x_wconf 80' lang='grc' dir='ltr'>τινα</span> <span class='ocrx_word' id='word_1_183' title='bbox 1226 612 1318 648; x_wconf 79' lang='grc' dir='ltr'><strong>μετείη</strong></span> <span class='ocrx_word' id='word_1_184' title='bbox 1337 611 1417 647; x_wconf 77' lang='grc' dir='ltr'>ζωὴν,</span> <span class='ocrx_word' id='word_1_185' title='bbox 1433 611 1527 647; x_wconf 79' lang='grc' dir='ltr'>νεκρὸς</span> <span class='ocrx_word' id='word_1_186' title='bbox 1543 611 1586 638; x_wconf 71' lang='grc' dir='ltr'><strong>ἀεὶ</strong></span> <span class='ocrx_word' id='word_1_187' title='bbox 1597 611 1636 647; x_wconf 85' lang='grc' dir='ltr'>τῷ</span> <span class='ocrx_word' id='word_1_188' title='bbox 1651 611 1825 646; x_wconf 74' lang='grc' dir='ltr'>παρῳχηκότι</span> <span class='ocrx_word' id='word_1_189' title='bbox 1841 620 1883 646; x_wconf 83' lang='grc' dir='ltr'>γι-</span> 
     </span>
    </p>
   </div>
   <div class='ocr_carea' id='block_1_29' title="bbox 1091 656 1883 694">
    <p class='ocr_par' dir='ltr' id='par_1_29' title="bbox 1091 656 1883 694">
     <span class='ocr_line' id='line_1_29' title="bbox 1091 656 1883 694; baseline -0.001 -10"><span class='ocrx_word' id='word_1_190' title='bbox 1091 657 1211 694; x_wconf 81' lang='grc' dir='ltr'>νόμενος,</span> <span class='ocrx_word' id='word_1_191' title='bbox 1229 658 1275 684; x_wconf 79' lang='grc' dir='ltr'>καὶ</span> <span class='ocrx_word' id='word_1_192' title='bbox 1290 656 1376 693; x_wconf 81' lang='grc' dir='ltr'>λήθην</span> <span class='ocrx_word' id='word_1_193' title='bbox 1393 656 1446 683; x_wconf 88' lang='grc' dir='ltr'><strong>τῶν</strong></span> <span class='ocrx_word' id='word_1_194' title='bbox 1462 657 1697 692; x_wconf 80' lang='grc' dir='ltr'>προδιηνυσμένων</span> <span class='ocrx_word' id='word_1_195' title='bbox 1712 656 1883 692; x_wconf 81' lang='grc' dir='ltr'>ποιούμενος,</span> 
     </span>
    </p>
   </div>
   <div class='ocr_carea' id='block_1_30' title="bbox 1091 701 1883 737">
    <p class='ocr_par' dir='ltr' id='par_1_30' title="bbox 1091 701 1883 737">
     <span class='ocr_line' id='line_1_30' title="bbox 1091 701 1883 737; baseline -0.003 -8"><span class='ocrx_word' id='word_1_196' title='bbox 1091 702 1140 729; x_wconf 75' lang='grc' dir='ltr'>Διὰ</span> <span class='ocrx_word' id='word_1_197' title='bbox 1155 702 1234 729; x_wconf 81' lang='grc' dir='ltr'>τοῦτο</span> <span class='ocrx_word' id='word_1_198' title='bbox 1250 702 1297 729; x_wconf 75' lang='grc' dir='ltr'>καὶ</span> <span class='ocrx_word' id='word_1_199' title='bbox 1315 702 1332 737; x_wconf 85' lang='grc' dir='ltr'><strong>ἡ</strong></span> <span class='ocrx_word' id='word_1_200' title='bbox 1351 701 1418 736; x_wconf 73' lang='grc' dir='ltr'>πρὸς</span> <span class='ocrx_word' id='word_1_201' title='bbox 1438 701 1483 727; x_wconf 78' lang='grc' dir='ltr'>τὸν</span> <span class='ocrx_word' id='word_1_202' title='bbox 1504 701 1619 736; x_wconf 79' lang='grc' dir='ltr'>νυμφίον</span> <span class='ocrx_word' id='word_1_203' title='bbox 1631 701 1763 736; x_wconf 80' lang='grc' dir='ltr'>τρέχουσα</span> <span class='ocrx_word' id='word_1_204' title='bbox 1777 701 1883 737; x_wconf 75' lang='grc' dir='ltr'>νύμφη,</span> 
     </span>
    </p>
   </div>
   <div class='ocr_carea' id='block_1_31' title="bbox 1093 746 1882 783">
    <p class='ocr_par' dir='ltr' id='par_1_31' title="bbox 1093 746 1882 783">
     <span class='ocr_line' id='line_1_31' title="bbox 1093 746 1882 783; baseline -0.001 -9"><span class='ocrx_word' id='word_1_205' title='bbox 1093 749 1185 775; x_wconf 79' lang='grc' dir='ltr'><strong>στάσιν</strong></span> <span class='ocrx_word' id='word_1_206' title='bbox 1199 747 1260 774; x_wconf 72' lang='grc' dir='ltr'>τινὰ</span> <span class='ocrx_word' id='word_1_207' title='bbox 1273 748 1322 783; x_wconf 76' lang='grc' dir='ltr'>τῆς</span> <span class='ocrx_word' id='word_1_208' title='bbox 1334 748 1380 774; x_wconf 69' lang='grc' dir='ltr'>ἐπὶ</span> <span class='ocrx_word' id='word_1_209' title='bbox 1390 747 1420 773; x_wconf 82' lang='grc' dir='ltr'>τὸ</span> <span class='ocrx_word' id='word_1_210' title='bbox 1433 746 1525 782; x_wconf 85' lang='grc' dir='ltr'>μεῖζον</span> <span class='ocrx_word' id='word_1_211' title='bbox 1538 748 1678 782; x_wconf 80' lang='grc' dir='ltr'><strong>προκοπῆς</strong></span> <span class='ocrx_word' id='word_1_212' title='bbox 1690 747 1739 782; x_wconf 84' lang='grc' dir='ltr'>οὐχ</span> <span class='ocrx_word' id='word_1_213' title='bbox 1750 747 1882 782; x_wconf 68' lang='grc' dir='ltr'>εὑρίσκει.</span> 
     </span>
    </p>
   </div>
   <div class='ocr_carea' id='block_1_32' title="bbox 1092 784 1885 829">
    <p class='ocr_par' dir='ltr' id='par_1_32' title="bbox 1092 784 1885 829">
     <span class='ocr_line' id='line_1_32' title="bbox 1092 784 1885 829; baseline -0.001 -9"><span class='ocrx_word' id='word_1_214' title='bbox 1092 793 1276 829; x_wconf 75' lang='grc' dir='ltr'>Παραδείσους</span> <span class='ocrx_word' id='word_1_215' title='bbox 1289 794 1361 820; x_wconf 79' lang='grc' dir='ltr'>ποιεῖ</span> <span class='ocrx_word' id='word_1_216' title='bbox 1375 792 1444 828; x_wconf 78' lang='grc' dir='ltr'>ῥοῶν</span> <span class='ocrx_word' id='word_1_217' title='bbox 1458 791 1501 818; x_wconf 77' lang='grc' dir='ltr'>διὰ</span> <span class='ocrx_word' id='word_1_218' title='bbox 1515 793 1647 828; x_wconf 80' lang='grc' dir='ltr'>στόματος</span> <span class='ocrx_word' id='word_1_219' title='bbox 1661 784 1794 828; x_wconf 78' lang='grc' dir='ltr'>ἀρώματα</span> <span class='ocrx_word' id='word_1_220' title='bbox 1810 793 1885 828; x_wconf 75' lang='grc' dir='ltr'>ῥέον-</span> 
     </span>
    </p>
   </div>
   <div class='ocr_carea' id='block_1_33' title="bbox 1092 838 1884 880">
    <p class='ocr_par' dir='ltr' id='par_1_33' title="bbox 1092 838 1884 880">
     <span class='ocr_line' id='line_1_33' title="bbox 1092 838 1884 880; baseline -0.001 -15"><span class='ocrx_word' id='word_1_221' title='bbox 1092 848 1150 880; x_wconf 49' lang='grc' dir='ltr'>τας,</span> <span class='ocrx_word' id='word_1_222' title='bbox 1166 839 1276 875; x_wconf 66' lang='grc' dir='ltr'>Τροφὴ-ι</span> <span class='ocrx_word' id='word_1_223' title='bbox 1289 839 1425 874; x_wconf 80' lang='grc' dir='ltr'>ὲτοιμάζει</span> <span class='ocrx_word' id='word_1_224' title='bbox 1438 839 1476 874; x_wconf 83' lang='grc' dir='ltr'>τῷ</span> <span class='ocrx_word' id='word_1_225' title='bbox 1487 839 1610 875; x_wconf 79' lang='grc' dir='ltr'>Δεσπότῃ</span> <span class='ocrx_word' id='word_1_226' title='bbox 1627 838 1676 873; x_wconf 82' lang='grc' dir='ltr'>τῆς</span> <span class='ocrx_word' id='word_1_227' title='bbox 1691 839 1814 870; x_wconf 75' lang='grc' dir='ltr'>κτίσεως.</span> <span class='ocrx_word' id='word_1_228' title='bbox 1828 840 1884 870; x_wconf 83' lang='grc' dir='ltr'>τοῖς</span> 
     </span>
    </p>
   </div>
   <div class='ocr_carea' id='block_1_34' title="bbox 251 873 1042 920">
    <p class='ocr_par' dir='ltr' id='par_1_34' title="bbox 251 883 1040 920">
     <span class='ocr_line' id='line_1_34' title="bbox 251 883 1040 920; baseline 0 -10"><span class='ocrx_word' id='word_1_229' title='bbox 251 891 323 917; x_wconf 86' lang='lat' dir='ltr'><strong>rum,</strong></span> <span class='ocrx_word' id='word_1_230' title='bbox 339 883 386 920; x_wconf 86' lang='lat' dir='ltr'><strong>qui</strong></span> <span class='ocrx_word' id='word_1_231' title='bbox 411 884 543 911; x_wconf 78' lang='lat' dir='ltr'><strong>aromatis</strong></span> <span class='ocrx_word' id='word_1_232' title='bbox 557 883 654 911; x_wconf 86' lang='lat' dir='ltr'><strong>ﬂuant.</strong></span> <span class='ocrx_word' id='word_1_233' title='bbox 684 883 780 911; x_wconf 85' lang='lat' dir='ltr'><strong>Cibum</strong></span> <span class='ocrx_word' id='word_1_234' title='bbox 802 887 879 919; x_wconf 84' lang='lat' dir='ltr'><strong>parat</strong></span> <span class='ocrx_word' id='word_1_235' title='bbox 898 887 1040 911; x_wconf 85' lang='lat' dir='ltr'><strong>creatura-</strong></span> 
     </span>
    </p>
   </div>
   <div class='ocr_carea' id='block_1_35' title="bbox 1094 873 1882 920">
    <p class='ocr_par' dir='ltr' id='par_1_35' title="bbox 1094 873 1882 920">
     <span class='ocr_line' id='line_1_35' title="bbox 1094 873 1882 920; baseline -0.003 -8"><span class='ocrx_word' id='word_1_236' title='bbox 1094 876 1168 917; x_wconf 75' lang='grc' dir='ltr'>ἰδίοις</span> <span class='ocrx_word' id='word_1_237' title='bbox 1190 873 1271 912; x_wconf 70' lang='grc' dir='ltr'>αὑτὸν</span> <span class='ocrx_word' id='word_1_238' title='bbox 1295 873 1601 920; x_wconf 55' lang='grc' dir='ltr'>δεξιουμένηκαρποῖςξ</span> <span class='ocrx_word' id='word_1_239' title='bbox 1623 884 1744 920; x_wconf 73' lang='grc' dir='ltr'>Πηγάζει</span> <span class='ocrx_word' id='word_1_240' title='bbox 1769 885 1882 919; x_wconf 78' lang='grc' dir='ltr'>κήπους.</span> 
     </span>
    </p>
   </div>
   <div class='ocr_carea' id='block_1_36' title="bbox 249 927 1040 964">
    <p class='ocr_par' dir='ltr' id='par_1_36' title="bbox 249 927 1040 964">
     <span class='ocr_line' id='line_1_36' title="bbox 249 927 1040 964; baseline -0.005 -6"><span class='ocrx_word' id='word_1_241' title='bbox 249 937 310 958; x_wconf 84' lang='lat' dir='ltr'><strong>rum</strong></span> <span class='ocrx_word' id='word_1_242' title='bbox 334 929 468 962; x_wconf 90' lang='lat' dir='ltr'><strong>Domino,</strong></span> <span class='ocrx_word' id='word_1_243' title='bbox 493 929 552 957; x_wconf 84' lang='lat' dir='ltr'><strong>suis</strong></span> <span class='ocrx_word' id='word_1_244' title='bbox 575 937 636 957; x_wconf 85' lang='lat' dir='ltr'><strong>cum</strong></span> <span class='ocrx_word' id='word_1_245' title='bbox 655 929 789 957; x_wconf 72' lang='lat' dir='ltr'><strong>fructibus</strong></span> <span class='ocrx_word' id='word_1_246' title='bbox 804 928 951 964; x_wconf 85' lang='lat' dir='ltr'><strong>excipiens.</strong></span> <span class='ocrx_word' id='word_1_247' title='bbox 972 927 1040 954; x_wconf 83' lang='lat' dir='ltr'><strong>Hor-</strong></span> 
     </span>
    </p>
   </div>
   <div class='ocr_carea' id='block_1_37' title="bbox 251 973 1041 1005">
    <p class='ocr_par' dir='ltr' id='par_1_37' title="bbox 251 973 1041 1005">
     <span class='ocr_line' id='line_1_37' title="bbox 251 973 1041 1005; baseline -0.004 -2"><span class='ocrx_word' id='word_1_248' title='bbox 251 979 294 1003; x_wconf 86' lang='lat' dir='ltr'><strong>tos</strong></span> <span class='ocrx_word' id='word_1_249' title='bbox 316 975 344 1003; x_wconf 92' lang='lat' dir='ltr'><strong>in</strong></span> <span class='ocrx_word' id='word_1_250' title='bbox 369 975 481 1003; x_wconf 87' lang='lat' dir='ltr'><strong>modum</strong></span> <span class='ocrx_word' id='word_1_251' title='bbox 504 974 620 1002; x_wconf 89' lang='lat' dir='ltr'><strong>fontium</strong></span> <span class='ocrx_word' id='word_1_252' title='bbox 647 982 680 1002; x_wconf 90' lang='lat' dir='ltr'><strong>ex</strong></span> <span class='ocrx_word' id='word_1_253' title='bbox 705 982 766 1002; x_wconf 89' lang='lat' dir='ltr'><strong>sese</strong></span> <span class='ocrx_word' id='word_1_254' title='bbox 788 973 911 1002; x_wconf 84' lang='lat' dir='ltr'><strong>distillat.</strong></span> <span class='ocrx_word' id='word_1_255' title='bbox 933 973 976 1000; x_wconf 85' lang='lat' dir='ltr'><strong>Fit</strong></span> <span class='ocrx_word' id='word_1_256' title='bbox 991 981 1041 1005; x_wconf 87' lang='lat' dir='ltr'><strong>pu-</strong></span> 
     </span>
    </p>
   </div>
   <div class='ocr_carea' id='block_1_38' title="bbox 251 1018 1041 1056">
    <p class='ocr_par' dir='ltr' id='par_1_38' title="bbox 251 1018 1041 1056">
     <span class='ocr_line' id='line_1_38' title="bbox 251 1018 1041 1056; baseline -0.004 -7"><span class='ocrx_word' id='word_1_257' title='bbox 251 1027 311 1050; x_wconf 80' lang='lat' dir='ltr'><strong>teus</strong></span> <span class='ocrx_word' id='word_1_258' title='bbox 334 1028 411 1056; x_wconf 79' lang='lat' dir='ltr'><strong>aquze</strong></span> <span class='ocrx_word' id='word_1_259' title='bbox 427 1021 505 1048; x_wconf 64' lang='lat' dir='ltr'><strong>vivat.</strong></span> <span class='ocrx_word' id='word_1_260' title='bbox 531 1020 598 1047; x_wconf 87' lang='lat' dir='ltr'><strong>Tota</strong></span> <span class='ocrx_word' id='word_1_261' title='bbox 622 1020 737 1055; x_wconf 87' lang='lat' dir='ltr'><strong>pulchra</strong></span> <span class='ocrx_word' id='word_1_262' title='bbox 763 1024 789 1047; x_wconf 84' lang='lat' dir='ltr'><strong>et</strong></span> <span class='ocrx_word' id='word_1_263' title='bbox 819 1018 1041 1054; x_wconf 81' lang='lat' dir='ltr'><strong>reprehensionis</strong></span> 
     </span>
    </p>
   </div>
   <div class='ocr_carea' id='block_1_39' title="bbox 251 1064 1040 1103">
    <p class='ocr_par' dir='ltr' id='par_1_39' title="bbox 251 1064 1040 1103">
     <span class='ocr_line' id='line_1_39' title="bbox 251 1064 1040 1103; baseline -0.008 -7"><span class='ocrx_word' id='word_1_264' title='bbox 251 1075 348 1103; x_wconf 87' lang='lat' dir='ltr'><strong>expers</strong></span> <span class='ocrx_word' id='word_1_265' title='bbox 363 1067 452 1102; x_wconf 87' lang='lat' dir='ltr'><strong>ipsius</strong></span> <span class='ocrx_word' id='word_1_266' title='bbox 469 1065 551 1093; x_wconf 82' lang='lat' dir='ltr'><strong>Verbi</strong></span> <span class='ocrx_word' id='word_1_267' title='bbox 568 1066 725 1093; x_wconf 85' lang='lat' dir='ltr'><strong>testimonio</strong></span> <span class='ocrx_word' id='word_1_268' title='bbox 738 1066 904 1093; x_wconf 81' lang='lat' dir='ltr'><strong>declaratur.</strong></span> <span class='ocrx_word' id='word_1_269' title='bbox 920 1064 1040 1092; x_wconf 83' lang='lat' dir='ltr'><strong>Rursum</strong></span> 
     </span>
    </p>
   </div>
   <div class='ocr_carea' id='block_1_40' title="bbox 251 1110 1040 1148">
    <p class='ocr_par' dir='ltr' id='par_1_40' title="bbox 251 1110 1040 1148">
     <span class='ocr_line' id='line_1_40' title="bbox 251 1110 1040 1148; baseline -0.004 -7"><span class='ocrx_word' id='word_1_270' title='bbox 251 1115 336 1141; x_wconf 86' lang='lat' dir='ltr'><strong>altius</strong></span> <span class='ocrx_word' id='word_1_271' title='bbox 353 1113 396 1141; x_wconf 85' lang='lat' dir='ltr'><strong>his</strong></span> <span class='ocrx_word' id='word_1_272' title='bbox 411 1116 516 1144; x_wconf 82' lang='lat' dir='ltr'><strong>evecta,</strong></span> <span class='ocrx_word' id='word_1_273' title='bbox 535 1111 656 1140; x_wconf 82' lang='lat' dir='ltr'><strong>Verbum</strong></span> <span class='ocrx_word' id='word_1_274' title='bbox 670 1111 892 1148; x_wconf 64' lang='lat' dir='ltr'><strong>magnificentius</strong></span> <span class='ocrx_word' id='word_1_275' title='bbox 907 1110 1040 1138; x_wconf 81' lang='lat' dir='ltr'><strong>accedens</strong></span> 
     </span>
    </p>
   </div>
   <div class='ocr_carea' id='block_1_41' title="bbox 251 1156 1042 1193">
    <p class='ocr_par' dir='ltr' id='par_1_41' title="bbox 251 1156 1042 1193">
     <span class='ocr_line' id='line_1_41' title="bbox 251 1156 1042 1193; baseline -0.005 -7"><span class='ocrx_word' id='word_1_276' title='bbox 251 1157 456 1192; x_wconf 81' lang='lat' dir='ltr'><strong>animadvertit,</strong></span> <span class='ocrx_word' id='word_1_277' title='bbox 477 1158 558 1193; x_wconf 90' lang='lat' dir='ltr'><strong>cujus</strong></span> <span class='ocrx_word' id='word_1_278' title='bbox 579 1161 652 1185; x_wconf 89' lang='lat' dir='ltr'><strong>esset</strong></span> <span class='ocrx_word' id='word_1_279' title='bbox 667 1161 751 1193; x_wconf 89' lang='lat' dir='ltr'><strong>caput</strong></span> <span class='ocrx_word' id='word_1_280' title='bbox 775 1165 837 1185; x_wconf 85' lang='lat' dir='ltr'><strong>rore</strong></span> <span class='ocrx_word' id='word_1_281' title='bbox 860 1156 983 1193; x_wconf 87' lang='lat' dir='ltr'><strong>plenum,</strong></span> <span class='ocrx_word' id='word_1_282' title='bbox 1014 1159 1042 1183; x_wconf 87' lang='lat' dir='ltr'><strong>et</strong></span> 
     </span>
    </p>
   </div>
   <div class='ocr_carea' id='block_1_42' title="bbox 250 1203 1042 1240">
    <p class='ocr_par' dir='ltr' id='par_1_42' title="bbox 250 1203 1042 1240">
     <span class='ocr_line' id='line_1_42' title="bbox 250 1203 1042 1240; baseline -0.005 -7"><span class='ocrx_word' id='word_1_283' title='bbox 250 1204 373 1233; x_wconf 88' lang='lat' dir='ltr'><strong>cincinni</strong></span> <span class='ocrx_word' id='word_1_284' title='bbox 391 1208 482 1240; x_wconf 77' lang='lat' dir='ltr'><strong>guttas</strong></span> <span class='ocrx_word' id='word_1_285' title='bbox 507 1207 660 1232; x_wconf 88' lang='lat' dir='ltr'><strong>nocturnas</strong></span> <span class='ocrx_word' id='word_1_286' title='bbox 681 1204 866 1232; x_wconf 88' lang='lat' dir='ltr'><strong>continerent.</strong></span> <span class='ocrx_word' id='word_1_287' title='bbox 883 1203 977 1230; x_wconf 82' lang='lat' dir='ltr'><strong>Abluit</strong></span> <span class='ocrx_word' id='word_1_288' title='bbox 995 1209 1042 1237; x_wconf 85' lang='lat' dir='ltr'><strong>pe-</strong></span> 
     </span>
    </p>
   </div>
   <div class='ocr_carea' id='block_1_43' title="bbox 251 1248 1040 1287">
    <p class='ocr_par' dir='ltr' id='par_1_43' title="bbox 251 1248 1040 1287">
     <span class='ocr_line' id='line_1_43' title="bbox 251 1248 1040 1287; baseline -0.005 -7"><span class='ocrx_word' id='word_1_289' title='bbox 251 1253 310 1285; x_wconf 86' lang='lat' dir='ltr'><strong>des,</strong></span> <span class='ocrx_word' id='word_1_290' title='bbox 336 1252 457 1279; x_wconf 89' lang='lat' dir='ltr'><strong>tunicam</strong></span> <span class='ocrx_word' id='word_1_291' title='bbox 472 1251 562 1284; x_wconf 91' lang='lat' dir='ltr'><strong>exuit,</strong></span> <span class='ocrx_word' id='word_1_292' title='bbox 576 1250 717 1287; x_wconf 83' lang='lat' dir='ltr'><strong>myrrham</strong></span> <span class='ocrx_word' id='word_1_293' title='bbox 737 1258 752 1278; x_wconf 91' lang='lat' dir='ltr'><strong>e</strong></span> <span class='ocrx_word' id='word_1_294' title='bbox 767 1250 894 1278; x_wconf 88' lang='lat' dir='ltr'><strong>manibus</strong></span> <span class='ocrx_word' id='word_1_295' title='bbox 918 1248 1040 1277; x_wconf 88' lang='lat' dir='ltr'><strong>distillat.</strong></span> 
     </span>
    </p>
   </div>
   <div class='ocr_carea' id='block_1_44' title="bbox 252 1295 1041 1332">
    <p class='ocr_par' dir='ltr' id='par_1_44' title="bbox 252 1295 1041 1332">
     <span class='ocr_line' id='line_1_44' title="bbox 252 1295 1041 1332; baseline -0.009 -4"><span class='ocrx_word' id='word_1_296' title='bbox 252 1301 385 1328; x_wconf 78' lang='lat' dir='ltr'><strong>Admovet</strong></span> <span class='ocrx_word' id='word_1_297' title='bbox 401 1300 523 1327; x_wconf 89' lang='lat' dir='ltr'><strong>claustro</strong></span> <span class='ocrx_word' id='word_1_298' title='bbox 540 1304 649 1330; x_wconf 85' lang='lat' dir='ltr'><strong>manus,</strong></span> <span class='ocrx_word' id='word_1_299' title='bbox 668 1296 771 1324; x_wconf 84' lang='lat' dir='ltr'><strong>aditum</strong></span> <span class='ocrx_word' id='word_1_300' title='bbox 797 1295 946 1332; x_wconf 78' lang='lat' dir='ltr'><strong>patefacit,</strong></span> <span class='ocrx_word' id='word_1_301' title='bbox 965 1302 1041 1329; x_wconf 78' lang='lat' dir='ltr'><strong>quae-</strong></span> 
     </span>
    </p>
   </div>
   <div class='ocr_carea' id='block_1_45' title="bbox 252 1342 1042 1381">
    <p class='ocr_par' dir='ltr' id='par_1_45' title="bbox 252 1342 1042 1381">
     <span class='ocr_line' id='line_1_45' title="bbox 252 1342 1042 1381; baseline -0.009 -6"><span class='ocrx_word' id='word_1_302' title='bbox 252 1348 289 1375; x_wconf 89' lang='lat' dir='ltr'><strong>rit</strong></span> <span class='ocrx_word' id='word_1_303' title='bbox 323 1353 386 1374; x_wconf 89' lang='lat' dir='ltr'><strong>eum</strong></span> <span class='ocrx_word' id='word_1_304' title='bbox 421 1345 467 1381; x_wconf 90' lang='lat' dir='ltr'><strong>qui</strong></span> <span class='ocrx_word' id='word_1_305' title='bbox 491 1351 547 1372; x_wconf 89' lang='lat' dir='ltr'><strong>non</strong></span> <span class='ocrx_word' id='word_1_306' title='bbox 575 1342 837 1378; x_wconf 82' lang='lat' dir='ltr'><strong>comprehenditur,</strong></span> <span class='ocrx_word' id='word_1_307' title='bbox 874 1345 954 1369; x_wconf 82' lang='lat' dir='ltr'><strong>vocat</strong></span> <span class='ocrx_word' id='word_1_308' title='bbox 980 1348 1042 1369; x_wconf 89' lang='lat' dir='ltr'><strong>eum</strong></span> 
     </span>
    </p>
   </div>
   <div class='ocr_carea' id='block_1_46' title="bbox 252 1387 1041 1428">
    <p class='ocr_par' dir='ltr' id='par_1_46' title="bbox 252 1387 1041 1428">
     <span class='ocr_line' id='line_1_46' title="bbox 252 1387 1041 1428; baseline -0.008 -8"><span class='ocrx_word' id='word_1_309' title='bbox 252 1399 333 1428; x_wconf 91' lang='lat' dir='ltr'><strong>quem</strong></span> <span class='ocrx_word' id='word_1_310' title='bbox 353 1390 465 1426; x_wconf 86' lang='lat' dir='ltr'><strong>assequi</strong></span> <span class='ocrx_word' id='word_1_311' title='bbox 489 1397 544 1417; x_wconf 92' lang='lat' dir='ltr'><strong>nou</strong></span> <span class='ocrx_word' id='word_1_312' title='bbox 561 1396 720 1424; x_wconf 83' lang='lat' dir='ltr'><strong>possumus,</strong></span> <span class='ocrx_word' id='word_1_313' title='bbox 738 1387 885 1415; x_wconf 82' lang='lat' dir='ltr'><strong>oﬂ‘cnditur</strong></span> <span class='ocrx_word' id='word_1_314' title='bbox 907 1395 923 1414; x_wconf 90' lang='lat' dir='ltr'><strong>a</strong></span> <span class='ocrx_word' id='word_1_315' title='bbox 947 1390 1041 1415; x_wconf 86' lang='lat' dir='ltr'><strong>custo-</strong></span> 
     </span>
    </p>
   </div>
   <div class='ocr_carea' id='block_1_47' title="bbox 252 1434 1041 1473">
    <p class='ocr_par' dir='ltr' id='par_1_47' title="bbox 252 1434 1041 1473">
     <span class='ocr_line' id='line_1_47' title="bbox 252 1434 1041 1473; baseline -0.006 -7"><span class='ocrx_word' id='word_1_316' title='bbox 252 1434 344 1466; x_wconf 85' lang='lat' dir='ltr'><strong>dibus.</strong></span> <span class='ocrx_word' id='word_1_317' title='bbox 374 1437 487 1473; x_wconf 78' lang='lat' dir='ltr'><strong>Virgam</strong></span> <span class='ocrx_word' id='word_1_318' title='bbox 516 1436 706 1464; x_wconf 75' lang='lat' dir='ltr'><strong>verberantem</strong></span> <span class='ocrx_word' id='word_1_319' title='bbox 733 1439 830 1470; x_wconf 85' lang='lat' dir='ltr'><strong>sponte</strong></span> <span class='ocrx_word' id='word_1_320' title='bbox 859 1443 910 1464; x_wconf 85' lang='lat' dir='ltr'><strong>sua</strong></span> <span class='ocrx_word' id='word_1_321' title='bbox 932 1434 1041 1470; x_wconf 86' lang='lat' dir='ltr'><strong>recipit.</strong></span> 
     </span>
    </p>
   </div>
   <div class='ocr_carea' id='block_1_48' title="bbox 253 1480 1043 1519">
    <p class='ocr_par' dir='ltr' id='par_1_48' title="bbox 253 1480 1043 1519">
     <span class='ocr_line' id='line_1_48' title="bbox 253 1480 1043 1519; baseline -0.006 -7"><span class='ocrx_word' id='word_1_322' title='bbox 253 1485 377 1512; x_wconf 82' lang='lat' dir='ltr'><strong>imitatur</strong></span> <span class='ocrx_word' id='word_1_323' title='bbox 402 1490 498 1512; x_wconf 84' lang='lat' dir='ltr'><strong>saxum</strong></span> <span class='ocrx_word' id='word_1_324' title='bbox 521 1482 589 1509; x_wconf 89' lang='lat' dir='ltr'><strong>illud</strong></span> <span class='ocrx_word' id='word_1_325' title='bbox 613 1481 647 1509; x_wconf 87' lang='lat' dir='ltr'><strong>de</strong></span> <span class='ocrx_word' id='word_1_326' title='bbox 665 1490 718 1519; x_wconf 89' lang='lat' dir='ltr'><strong>quo</strong></span> <span class='ocrx_word' id='word_1_327' title='bbox 726 1481 809 1509; x_wconf 83' lang='lat' dir='ltr'><strong>Vates</strong></span> <span class='ocrx_word' id='word_1_328' title='bbox 827 1481 864 1508; x_wconf 90' lang='lat' dir='ltr'><strong>ait</strong></span> <span class='ocrx_word' id='word_1_329' title='bbox 880 1489 887 1507; x_wconf 87' lang='lat'><strong>:</strong></span> <span class='ocrx_word' id='word_1_330' title='bbox 905 1480 1043 1508; x_wconf 77' lang='lat' dir='ltr'><strong>Percussit</strong></span> 
     </span>
    </p>
   </div>
   <div class='ocr_carea' id='block_1_49' title="bbox 253 1526 1078 1575">
    <p class='ocr_par' dir='ltr' id='par_1_49' title="bbox 253 1526 1078 1575">
     <span class='ocr_line' id='line_1_49' title="bbox 253 1526 1078 1575; baseline -0.006 -17"><span class='ocrx_word' id='word_1_331' title='bbox 253 1539 360 1562; x_wconf 72' lang='lat' dir='ltr'><strong>saxum,</strong></span> <span class='ocrx_word' id='word_1_332' title='bbox 372 1534 396 1557; x_wconf 82' lang='lat' dir='ltr'><strong>et</strong></span> <span class='ocrx_word' id='word_1_333' title='bbox 414 1537 489 1565; x_wconf 63' lang='lat' dir='ltr'><strong>aqua</strong></span> <span class='ocrx_word' id='word_1_334' title='bbox 500 1528 686 1563; x_wconf 79' lang='lat' dir='ltr'><strong>proﬂuxerunt</strong></span> <span class='ocrx_word' id='word_1_335' title='bbox 700 1527 735 1554; x_wconf 68' lang='grc' dir='ltr'><strong>θ’.</strong></span> <span class='ocrx_word' id='word_1_336' title='bbox 756 1527 851 1554; x_wconf 81' lang='lat' dir='ltr'><strong>Vidcn‘</strong></span> <span class='ocrx_word' id='word_1_337' title='bbox 866 1531 995 1562; x_wconf 86' lang='lat' dir='ltr'><strong>quantam</strong></span> <span class='ocrx_word' id='word_1_338' title='bbox 1007 1526 1040 1554; x_wconf 92' lang='lat' dir='ltr'><strong>ad</strong></span> <span class='ocrx_word' id='word_1_339' title='bbox 1055 1544 1078 1575; x_wconf 70' lang='grc' dir='ltr'>ο</span> 
     </span>
    </p>
   </div>
   <div class='ocr_carea' id='block_1_50' title="bbox 252 1572 1042 1609">
    <p class='ocr_par' dir='ltr' id='par_1_50' title="bbox 252 1572 1042 1609">
     <span class='ocr_line' id='line_1_50' title="bbox 252 1572 1042 1609; baseline -0.006 -5"><span class='ocrx_word' id='word_1_340' title='bbox 252 1576 449 1605; x_wconf 84' lang='lat' dir='ltr'><strong>sublimitatem</strong></span> <span class='ocrx_word' id='word_1_341' title='bbox 470 1581 571 1609; x_wconf 88' lang='lat' dir='ltr'><strong>sponsa</strong></span> <span class='ocrx_word' id='word_1_342' title='bbox 589 1572 840 1608; x_wconf 87' lang='lat' dir='ltr'><strong>pervencrit?Eam</strong></span> <span class='ocrx_word' id='word_1_343' title='bbox 859 1573 989 1600; x_wconf 89' lang='lat' dir='ltr'><strong>nimirum</strong></span> <span class='ocrx_word' id='word_1_344' title='bbox 1007 1573 1042 1600; x_wconf 89' lang='lat' dir='ltr'><strong>ob</strong></span> 
     </span>
    </p>
   </div>
   <div class='ocr_carea' id='block_1_51' title="bbox 254 1617 1043 1655">
    <p class='ocr_par' dir='ltr' id='par_1_51' title="bbox 254 1617 1043 1655">
     <span class='ocr_line' id='line_1_51' title="bbox 254 1617 1043 1655; baseline -0.005 -6"><span class='ocrx_word' id='word_1_345' title='bbox 254 1628 366 1649; x_wconf 83' lang='lat' dir='ltr'><strong>causam</strong></span> <span class='ocrx_word' id='word_1_346' title='bbox 387 1627 529 1655; x_wconf 86' lang='lat' dir='ltr'><strong>percussa,</strong></span> <span class='ocrx_word' id='word_1_347' title='bbox 556 1618 631 1645; x_wconf 73' lang='lat' dir='ltr'><strong>velut</strong></span> <span class='ocrx_word' id='word_1_348' title='bbox 653 1625 668 1644; x_wconf 91' lang='lat' dir='ltr'><strong>a</strong></span> <span class='ocrx_word' id='word_1_349' title='bbox 689 1617 763 1645; x_wconf 69' lang='lat' dir='ltr'><strong>Diosc</strong></span> <span class='ocrx_word' id='word_1_350' title='bbox 786 1626 869 1653; x_wconf 87' lang='lat' dir='ltr'><strong>rupes</strong></span> <span class='ocrx_word' id='word_1_351' title='bbox 894 1619 939 1645; x_wconf 85' lang='lat' dir='ltr'><strong>illa</strong></span> <span class='ocrx_word' id='word_1_352' title='bbox 961 1618 1043 1645; x_wconf 69' lang='lat' dir='ltr'><strong>ferie-</strong></span> 
     </span>
    </p>
   </div>
   <div class='ocr_carea' id='block_1_52' title="bbox 253 1663 1043 1701">
    <p class='ocr_par' dir='ltr' id='par_1_52' title="bbox 253 1663 1043 1701">
     <span class='ocr_line' id='line_1_52' title="bbox 253 1663 1043 1701; baseline -0.008 -6"><span class='ocrx_word' id='word_1_353' title='bbox 253 1669 346 1701; x_wconf 86' lang='lat' dir='ltr'><strong>batur,</strong></span> <span class='ocrx_word' id='word_1_354' title='bbox 365 1671 395 1694; x_wconf 91' lang='lat' dir='ltr'><strong>ut</strong></span> <span class='ocrx_word' id='word_1_355' title='bbox 418 1665 451 1693; x_wconf 93' lang='lat' dir='ltr'><strong>ad</strong></span> <span class='ocrx_word' id='word_1_356' title='bbox 475 1663 686 1693; x_wconf 87' lang='lat' dir='ltr'><strong>similitudinem</strong></span> <span class='ocrx_word' id='word_1_357' title='bbox 710 1663 785 1691; x_wconf 90' lang='lat' dir='ltr'><strong>illius</strong></span> <span class='ocrx_word' id='word_1_358' title='bbox 801 1667 827 1691; x_wconf 89' lang='lat' dir='ltr'><strong>et</strong></span> <span class='ocrx_word' id='word_1_359' title='bbox 843 1664 903 1699; x_wconf 84' lang='lat' dir='ltr'><strong>ipsa</strong></span> <span class='ocrx_word' id='word_1_360' title='bbox 923 1663 1043 1691; x_wconf 85' lang='lat' dir='ltr'><strong>Verbum</strong></span> 
     </span>
    </p>
   </div>
   <div class='ocr_carea' id='block_1_53' title="bbox 254 1709 1044 1745">
    <p class='ocr_par' dir='ltr' id='par_1_53' title="bbox 254 1709 1044 1745">
     <span class='ocr_line' id='line_1_53' title="bbox 254 1709 1044 1745; baseline -0.004 -6"><span class='ocrx_word' id='word_1_361' title='bbox 254 1713 301 1741; x_wconf 82' lang='lat' dir='ltr'><strong>Dei</strong></span> <span class='ocrx_word' id='word_1_362' title='bbox 321 1711 355 1740; x_wconf 89' lang='lat' dir='ltr'><strong>de</strong></span> <span class='ocrx_word' id='word_1_363' title='bbox 375 1711 490 1739; x_wconf 86' lang='lat' dir='ltr'><strong>vulnere</strong></span> <span class='ocrx_word' id='word_1_364' title='bbox 511 1710 608 1738; x_wconf 90' lang='lat' dir='ltr'><strong>imbris</strong></span> <span class='ocrx_word' id='word_1_365' title='bbox 620 1710 710 1737; x_wconf 81' lang='lat' dir='ltr'><strong>instar</strong></span> <span class='ocrx_word' id='word_1_366' title='bbox 732 1709 860 1743; x_wconf 78' lang='lat' dir='ltr'><strong>effusum,</strong></span> <span class='ocrx_word' id='word_1_367' title='bbox 879 1717 929 1745; x_wconf 91' lang='lat' dir='ltr'><strong>pro</strong></span> <span class='ocrx_word' id='word_1_368' title='bbox 948 1710 1044 1737; x_wconf 86' lang='lat' dir='ltr'><strong>sitien-</strong></span> 
     </span>
    </p>
   </div>
   <div class='ocr_carea' id='block_1_54' title="bbox 255 1755 1043 1793">
    <p class='ocr_par' dir='ltr' id='par_1_54' title="bbox 255 1755 1043 1793">
     <span class='ocr_line' id='line_1_54' title="bbox 255 1755 1043 1793; baseline -0.003 -7"><span class='ocrx_word' id='word_1_369' title='bbox 255 1759 327 1787; x_wconf 85' lang='lat' dir='ltr'><strong>tibus</strong></span> <span class='ocrx_word' id='word_1_370' title='bbox 348 1757 428 1793; x_wconf 86' lang='lat' dir='ltr'><strong>quasi</strong></span> <span class='ocrx_word' id='word_1_371' title='bbox 451 1756 597 1792; x_wconf 86' lang='lat' dir='ltr'><strong>quamdam</strong></span> <span class='ocrx_word' id='word_1_372' title='bbox 626 1756 821 1791; x_wconf 79' lang='lat' dir='ltr'><strong>scaturiginem</strong></span> <span class='ocrx_word' id='word_1_373' title='bbox 844 1756 960 1784; x_wconf 83' lang='lat' dir='ltr'><strong>emittat.</strong></span> <span class='ocrx_word' id='word_1_374' title='bbox 993 1755 1043 1784; x_wconf 88' lang='lat' dir='ltr'><strong>Se-</strong></span> 
     </span>
    </p>
   </div>
   <div class='ocr_carea' id='block_1_55' title="bbox 254 1800 1044 1832">
    <p class='ocr_par' dir='ltr' id='par_1_55' title="bbox 254 1800 1044 1832">
     <span class='ocr_line' id='line_1_55' title="bbox 254 1800 1044 1832; baseline -0.004 0"><span class='ocrx_word' id='word_1_375' title='bbox 254 1804 374 1832; x_wconf 85' lang='lat' dir='ltr'><strong>cundum</strong></span> <span class='ocrx_word' id='word_1_376' title='bbox 401 1803 459 1830; x_wconf 70' lang='lat' dir='ltr'><strong>hazc</strong></span> <span class='ocrx_word' id='word_1_377' title='bbox 485 1801 605 1831; x_wconf 90' lang='lat' dir='ltr'><strong>ostendit</strong></span> <span class='ocrx_word' id='word_1_378' title='bbox 628 1801 792 1829; x_wconf 77' lang='lat' dir='ltr'><strong>denudatum</strong></span> <span class='ocrx_word' id='word_1_379' title='bbox 811 1800 890 1829; x_wconf 88' lang='lat' dir='ltr'><strong>faciei</strong></span> <span class='ocrx_word' id='word_1_380' title='bbox 914 1806 1044 1829; x_wconf 85' lang='lat' dir='ltr'><strong>venusta-</strong></span> 
     </span>
    </p>
   </div>
   <div class='ocr_carea' id='block_1_56' title="bbox 254 1847 1042 1885">
    <p class='ocr_par' dir='ltr' id='par_1_56' title="bbox 254 1847 1042 1885">
     <span class='ocr_line' id='line_1_56' title="bbox 254 1847 1042 1885; baseline -0.003 -9"><span class='ocrx_word' id='word_1_381' title='bbox 254 1855 320 1883; x_wconf 87' lang='lat' dir='ltr'><strong>tem,</strong></span> <span class='ocrx_word' id='word_1_382' title='bbox 340 1854 518 1885; x_wconf 86' lang='lat' dir='ltr'><strong>posteaquam</strong></span> <span class='ocrx_word' id='word_1_383' title='bbox 548 1848 575 1876; x_wconf 88' lang='lat' dir='ltr'><strong>ei</strong></span> <span class='ocrx_word' id='word_1_384' title='bbox 596 1848 706 1883; x_wconf 90' lang='lat' dir='ltr'><strong>peplum</strong></span> <span class='ocrx_word' id='word_1_385' title='bbox 722 1847 849 1876; x_wconf 89' lang='lat' dir='ltr'><strong>custodes</strong></span> <span class='ocrx_word' id='word_1_386' title='bbox 871 1848 1042 1875; x_wconf 87' lang='lat' dir='ltr'><strong>ademerunt.</strong></span> 
     </span>
    </p>
   </div>
   <div class='ocr_carea' id='block_1_57' title="bbox 256 1893 1041 1930">
    <p class='ocr_par' dir='ltr' id='par_1_57' title="bbox 256 1893 1041 1930">
     <span class='ocr_line' id='line_1_57' title="bbox 256 1893 1041 1930; baseline -0.001 -9"><span class='ocrx_word' id='word_1_387' title='bbox 256 1895 318 1923; x_wconf 75' lang='lat' dir='ltr'><strong>llaec</strong></span> <span class='ocrx_word' id='word_1_388' title='bbox 330 1899 405 1927; x_wconf 88' lang='lat' dir='ltr'><strong>sunt,</strong></span> <span class='ocrx_word' id='word_1_389' title='bbox 426 1902 487 1930; x_wconf 60' lang='lat' dir='ltr'><strong>quae</strong></span> <span class='ocrx_word' id='word_1_390' title='bbox 500 1894 533 1922; x_wconf 87' lang='lat' dir='ltr'><strong>de</strong></span> <span class='ocrx_word' id='word_1_391' title='bbox 549 1893 601 1921; x_wconf 90' lang='lat' dir='ltr'><strong>hoc</strong></span> <span class='ocrx_word' id='word_1_392' title='bbox 616 1894 677 1920; x_wconf 91' lang='lat' dir='ltr'><strong>loco</strong></span> <span class='ocrx_word' id='word_1_393' title='bbox 690 1893 793 1928; x_wconf 84' lang='lat' dir='ltr'><strong>percipi</strong></span> <span class='ocrx_word' id='word_1_394' title='bbox 813 1900 827 1920; x_wconf 92' lang='lat' dir='ltr'><strong>a</strong></span> <span class='ocrx_word' id='word_1_395' title='bbox 844 1893 923 1922; x_wconf 87' lang='lat' dir='ltr'><strong>nobis</strong></span> <span class='ocrx_word' id='word_1_396' title='bbox 943 1897 1041 1929; x_wconf 87' lang='lat' dir='ltr'><strong>potue-</strong></span> 
     </span>
    </p>
   </div>
   <div class='ocr_carea' id='block_1_58' title="bbox 255 1938 1045 1974">
    <p class='ocr_par' dir='ltr' id='par_1_58' title="bbox 255 1938 1045 1974">
     <span class='ocr_line' id='line_1_58' title="bbox 255 1938 1045 1974; baseline -0.001 -6"><span class='ocrx_word' id='word_1_397' title='bbox 255 1945 328 1968; x_wconf 82' lang='lat' dir='ltr'><strong>runt.</strong></span> <span class='ocrx_word' id='word_1_398' title='bbox 343 1940 451 1969; x_wconf 85' lang='lat' dir='ltr'><strong>Nemini</strong></span> <span class='ocrx_word' id='word_1_399' title='bbox 466 1943 556 1967; x_wconf 88' lang='lat' dir='ltr'><strong>autem</strong></span> <span class='ocrx_word' id='word_1_400' title='bbox 571 1939 764 1972; x_wconf 88' lang='lat' dir='ltr'><strong>invidehimus,</strong></span> <span class='ocrx_word' id='word_1_401' title='bbox 781 1938 804 1966; x_wconf 89' lang='lat' dir='ltr'><strong>si</strong></span> <span class='ocrx_word' id='word_1_402' title='bbox 819 1939 852 1966; x_wconf 87' lang='lat' dir='ltr'><strong>ab</strong></span> <span class='ocrx_word' id='word_1_403' title='bbox 871 1947 904 1967; x_wconf 92' lang='lat' dir='ltr'><strong>eo</strong></span> <span class='ocrx_word' id='word_1_404' title='bbox 920 1939 967 1974; x_wconf 90' lang='lat' dir='ltr'><strong>qui</strong></span> <span class='ocrx_word' id='word_1_405' title='bbox 981 1939 1045 1968; x_wconf 85' lang='lat' dir='ltr'><strong>abs-</strong></span> 
     </span>
    </p>
   </div>
   <div class='ocr_carea' id='block_1_59' title="bbox 255 1984 1045 2022">
    <p class='ocr_par' dir='ltr' id='par_1_59' title="bbox 255 1984 1045 2022">
     <span class='ocr_line' id='line_1_59' title="bbox 255 1984 1045 2022; baseline -0.001 -9"><span class='ocrx_word' id='word_1_406' title='bbox 255 1986 365 2013; x_wconf 82' lang='lat' dir='ltr'><strong>condita</strong></span> <span class='ocrx_word' id='word_1_407' title='bbox 393 1985 522 2022; x_wconf 76' lang='lat' dir='ltr'><strong>mysteria</strong></span> <span class='ocrx_word' id='word_1_408' title='bbox 559 1985 688 2016; x_wconf 87' lang='lat' dir='ltr'><strong>revelat,</strong></span> <span class='ocrx_word' id='word_1_409' title='bbox 715 1984 971 2019; x_wconf 86' lang='lat' dir='ltr'><strong>coutemplationem</strong></span> <span class='ocrx_word' id='word_1_410' title='bbox 995 1985 1045 2012; x_wconf 89' lang='lat' dir='ltr'><strong>ho-</strong></span> 
     </span>
    </p>
   </div>
   <div class='ocr_carea' id='block_1_60' title="bbox 259 2030 1044 2066">
    <p class='ocr_par' dir='ltr' id='par_1_60' title="bbox 259 2030 1044 2066">
     <span class='ocr_line' id='line_1_60' title="bbox 259 2030 1044 2066; baseline -0.001 -7"><span class='ocrx_word' id='word_1_411' title='bbox 259 2040 319 2060; x_wconf 90' lang='lat' dir='ltr'><strong>rum</strong></span> <span class='ocrx_word' id='word_1_412' title='bbox 347 2031 446 2066; x_wconf 83' lang='lat' dir='ltr'><strong>majori</strong></span> <span class='ocrx_word' id='word_1_413' title='bbox 469 2039 531 2059; x_wconf 92' lang='lat' dir='ltr'><strong>cum</strong></span> <span class='ocrx_word' id='word_1_414' title='bbox 556 2030 710 2058; x_wconf 85' lang='lat' dir='ltr'><strong>animorum</strong></span> <span class='ocrx_word' id='word_1_415' title='bbox 735 2030 851 2059; x_wconf 87' lang='lat' dir='ltr'><strong>utilitate</strong></span> <span class='ocrx_word' id='word_1_416' title='bbox 871 2031 1044 2066; x_wconf 88' lang='lat' dir='ltr'><strong>conjunctam</strong></span> 
     </span>
    </p>
   </div>
   <div class='ocr_carea' id='block_1_61' title="bbox 257 2075 1044 2112">
    <p class='ocr_par' dir='ltr' id='par_1_61' title="bbox 257 2075 1044 2112">
     <span class='ocr_line' id='line_1_61' title="bbox 257 2075 1044 2112; baseline 0.001 -9"><span class='ocrx_word' id='word_1_417' title='bbox 257 2081 452 2112; x_wconf 80' lang='lat' dir='ltr'><strong>consequetur.</strong></span> <span class='ocrx_word' id='word_1_418' title='bbox 473 2076 612 2104; x_wconf 81' lang='lat' dir='ltr'><strong>Fortassis</strong></span> <span class='ocrx_word' id='word_1_419' title='bbox 628 2076 709 2103; x_wconf 90' lang='lat' dir='ltr'><strong>etiam</strong></span> <span class='ocrx_word' id='word_1_420' title='bbox 725 2075 824 2104; x_wconf 81' lang='lat' dir='ltr'><strong>dixerit</strong></span> <span class='ocrx_word' id='word_1_421' title='bbox 837 2076 947 2112; x_wconf 79' lang='lat' dir='ltr'><strong>aliquis,</strong></span> <span class='ocrx_word' id='word_1_422' title='bbox 967 2076 1044 2105; x_wconf 68' lang='lat' dir='ltr'><strong>Isaia:</strong></span> 
     </span>
    </p>
   </div>
   <div class='ocr_carea' id='block_1_62' title="bbox 257 2122 1046 2158">
    <p class='ocr_par' dir='ltr' id='par_1_62' title="bbox 257 2122 1046 2158">
     <span class='ocr_line' id='line_1_62' title="bbox 257 2122 1046 2158; baseline 0 -8"><span class='ocrx_word' id='word_1_423' title='bbox 257 2123 328 2152; x_wconf 72' lang='lat' dir='ltr'><strong>ralis</strong></span> <span class='ocrx_word' id='word_1_424' title='bbox 346 2123 480 2151; x_wconf 85' lang='lat' dir='ltr'><strong>visionem</strong></span> <span class='ocrx_word' id='word_1_425' title='bbox 497 2122 576 2150; x_wconf 80' lang='lat' dir='ltr'><strong>aliine</strong></span> <span class='ocrx_word' id='word_1_426' title='bbox 597 2122 662 2158; x_wconf 88' lang='lat' dir='ltr'><strong>quid</strong></span> <span class='ocrx_word' id='word_1_427' title='bbox 689 2122 790 2151; x_wconf 85' lang='lat' dir='ltr'><strong>habere</strong></span> <span class='ocrx_word' id='word_1_428' title='bbox 805 2131 867 2150; x_wconf 90' lang='lat' dir='ltr'><strong>cum</strong></span> <span class='ocrx_word' id='word_1_429' title='bbox 885 2123 976 2151; x_wconf 83' lang='lat' dir='ltr'><strong>verbis</strong></span> <span class='ocrx_word' id='word_1_430' title='bbox 1000 2123 1046 2151; x_wconf 85' lang='lat' dir='ltr'><strong>hic</strong></span> 
     </span>
    </p>
   </div>
   <div class='ocr_carea' id='block_1_63' title="bbox 256 2168 1045 2210">
    <p class='ocr_par' dir='ltr' id='par_1_63' title="bbox 256 2168 1045 2210">
     <span class='ocr_line' id='line_1_63' title="bbox 256 2168 1045 2210; baseline 0 -13"><span class='ocrx_word' id='word_1_431' title='bbox 256 2169 514 2210; x_wconf 32' lang='lat' dir='ltr'><strong>nobis&#39;propositis.</strong></span> <span class='ocrx_word' id='word_1_432' title='bbox 531 2168 606 2196; x_wconf 83' lang='lat' dir='ltr'><strong>Illam</strong></span> <span class='ocrx_word' id='word_1_433' title='bbox 626 2168 688 2196; x_wconf 90' lang='lat' dir='ltr'><strong>dico</strong></span> <span class='ocrx_word' id='word_1_434' title='bbox 704 2168 837 2197; x_wconf 83' lang='lat' dir='ltr'><strong>visionem</strong></span> <span class='ocrx_word' id='word_1_435' title='bbox 853 2177 915 2196; x_wconf 89' lang='lat' dir='ltr'><strong>eum</strong></span> <span class='ocrx_word' id='word_1_436' title='bbox 935 2173 1045 2197; x_wconf 91' lang='lat' dir='ltr'><strong>mortuo</strong></span> 
     </span>
    </p>
   </div>
   <div class='ocr_carea' id='block_1_64' title="bbox 1090 929 1884 966">
    <p class='ocr_par' dir='ltr' id='par_1_64' title="bbox 1090 929 1884 966">
     <span class='ocr_line' id='line_1_64' title="bbox 1090 929 1884 966; baseline -0.003 -9"><span class='ocrx_word' id='word_1_437' title='bbox 1090 930 1180 966; x_wconf 81' lang='grc' dir='ltr'>Φρέαρ</span> <span class='ocrx_word' id='word_1_438' title='bbox 1194 931 1298 964; x_wconf 83' lang='grc' dir='ltr'>γίνεται</span> <span class='ocrx_word' id='word_1_439' title='bbox 1319 929 1414 961; x_wconf 48' lang='lat' dir='ltr'><strong>ﬁas-.m-</strong></span> <span class='ocrx_word' id='word_1_440' title='bbox 1438 929 1538 962; x_wconf 85' lang='grc' dir='ltr'>ζῶντος</span> <span class='ocrx_word' id='word_1_441' title='bbox 1552 948 1559 956; x_wconf 93' lang='grc'><strong><em>.</em></strong></span> <span class='ocrx_word' id='word_1_442' title='bbox 1578 929 1646 965; x_wconf 83' lang='grc' dir='ltr'>Ὄλη</span> <span class='ocrx_word' id='word_1_443' title='bbox 1663 929 1732 964; x_wconf 80' lang='grc' dir='ltr'>καλὴ</span> <span class='ocrx_word' id='word_1_444' title='bbox 1746 930 1792 956; x_wconf 73' lang='grc' dir='ltr'>καὶ</span> <span class='ocrx_word' id='word_1_445' title='bbox 1808 929 1884 964; x_wconf 76' lang='grc' dir='ltr'>ἄμω-</span> 
     </span>
    </p>
   </div>
   <div class='ocr_carea' id='block_1_65' title="bbox 1092 974 1884 1012">
    <p class='ocr_par' dir='ltr' id='par_1_65' title="bbox 1092 974 1884 1012">
     <span class='ocr_line' id='line_1_65' title="bbox 1092 974 1884 1012; baseline -0.004 -8"><span class='ocrx_word' id='word_1_446' title='bbox 1092 985 1141 1012; x_wconf 89' lang='grc' dir='ltr'><strong>μος</strong></span> <span class='ocrx_word' id='word_1_447' title='bbox 1155 977 1292 1003; x_wconf 82' lang='grc' dir='ltr'><strong>δείκνυται</strong></span> <span class='ocrx_word' id='word_1_448' title='bbox 1307 976 1377 1003; x_wconf 82' lang='grc' dir='ltr'>κατὰ</span> <span class='ocrx_word' id='word_1_449' title='bbox 1392 976 1441 1012; x_wconf 85' lang='grc' dir='ltr'>τὴν</span> <span class='ocrx_word' id='word_1_450' title='bbox 1458 975 1609 1011; x_wconf 80' lang='grc' dir='ltr'><strong>μαρτυρίαν</strong></span> <span class='ocrx_word' id='word_1_451' title='bbox 1624 974 1670 1002; x_wconf 74' lang='grc' dir='ltr'>τοῦ</span> <span class='ocrx_word' id='word_1_452' title='bbox 1682 975 1780 1009; x_wconf 84' lang='grc' dir='ltr'>Λόγου.</span> <span class='ocrx_word' id='word_1_453' title='bbox 1800 975 1884 1002; x_wconf 80' lang='grc' dir='ltr'>Πάλιν</span> 
     </span>
    </p>
   </div>
   <div class='ocr_carea' id='block_1_66' title="bbox 1091 1021 1884 1059">
    <p class='ocr_par' dir='ltr' id='par_1_66' title="bbox 1091 1021 1884 1059">
     <span class='ocr_line' id='line_1_66' title="bbox 1091 1021 1884 1059; baseline -0.005 -9"><span class='ocrx_word' id='word_1_454' title='bbox 1091 1023 1162 1059; x_wconf 79' lang='grc' dir='ltr'>ὑπὲρ</span> <span class='ocrx_word' id='word_1_455' title='bbox 1175 1023 1262 1050; x_wconf 80' lang='grc' dir='ltr'>ταῦτα</span> <span class='ocrx_word' id='word_1_456' title='bbox 1279 1023 1422 1058; x_wconf 81' lang='grc' dir='ltr'>γενομένη,</span> <span class='ocrx_word' id='word_1_457' title='bbox 1448 1022 1604 1049; x_wconf 77' lang='grc' dir='ltr'>αἰσθάνεται</span> <span class='ocrx_word' id='word_1_458' title='bbox 1631 1021 1884 1057; x_wconf 80' lang='grc' dir='ltr'>μεγαλοπρεπέστε-</span> 
     </span>
    </p>
   </div>
   <div class='ocr_carea' id='block_1_67' title="bbox 1093 1066 1883 1105">
    <p class='ocr_par' dir='ltr' id='par_1_67' title="bbox 1093 1066 1883 1105">
     <span class='ocr_line' id='line_1_67' title="bbox 1093 1066 1883 1105; baseline -0.004 -9"><span class='ocrx_word' id='word_1_459' title='bbox 1093 1077 1154 1105; x_wconf 89' lang='grc' dir='ltr'>ρον,</span> <span class='ocrx_word' id='word_1_460' title='bbox 1182 1069 1321 1105; x_wconf 86' lang='grc' dir='ltr'>προϊόντος</span> <span class='ocrx_word' id='word_1_461' title='bbox 1343 1067 1391 1095; x_wconf 80' lang='grc' dir='ltr'><strong>τοῦ</strong></span> <span class='ocrx_word' id='word_1_462' title='bbox 1405 1068 1491 1102; x_wconf 85' lang='grc' dir='ltr'><strong>Λόγου</strong></span> <span class='ocrx_word' id='word_1_463' title='bbox 1505 1087 1512 1099; x_wconf 87' lang='grc'><strong>,</strong></span> <span class='ocrx_word' id='word_1_464' title='bbox 1536 1067 1723 1103; x_wconf 79' lang='grc' dir='ltr'>πληρουμένου</span> <span class='ocrx_word' id='word_1_465' title='bbox 1743 1066 1813 1094; x_wconf 76' lang='grc' dir='ltr'>κατὰ</span> <span class='ocrx_word' id='word_1_466' title='bbox 1836 1066 1883 1102; x_wconf 78' lang='grc' dir='ltr'>τὴν</span> 
     </span>
    </p>
   </div>
   <div class='ocr_carea' id='block_1_68' title="bbox 1092 1111 1881 1150">
    <p class='ocr_par' dir='ltr' id='par_1_68' title="bbox 1092 1111 1881 1150">
     <span class='ocr_line' id='line_1_68' title="bbox 1092 1111 1881 1150; baseline -0.004 -9"><span class='ocrx_word' id='word_1_467' title='bbox 1092 1114 1211 1149; x_wconf 80' lang='grc' dir='ltr'>κεφαλὴν</span> <span class='ocrx_word' id='word_1_468' title='bbox 1227 1115 1276 1149; x_wconf 80' lang='grc' dir='ltr'>τῆς</span> <span class='ocrx_word' id='word_1_469' title='bbox 1291 1114 1397 1150; x_wconf 79' lang='grc' dir='ltr'>δρόσου,</span> <span class='ocrx_word' id='word_1_470' title='bbox 1424 1114 1471 1140; x_wconf 81' lang='grc' dir='ltr'>καὶ</span> <span class='ocrx_word' id='word_1_471' title='bbox 1494 1114 1547 1141; x_wconf 83' lang='grc' dir='ltr'><strong>τῶν</strong></span> <span class='ocrx_word' id='word_1_472' title='bbox 1570 1114 1618 1149; x_wconf 76' lang='grc' dir='ltr'>τῆς</span> <span class='ocrx_word' id='word_1_473' title='bbox 1633 1113 1728 1144; x_wconf 73' lang='grc' dir='ltr'>νυκτὸς</span> <span class='ocrx_word' id='word_1_474' title='bbox 1749 1111 1881 1147; x_wconf 58' lang='lat' dir='ltr'><strong>omam,</strong></span> 
     </span>
    </p>
   </div>
   <div class='ocr_carea' id='block_1_69' title="bbox 1091 1157 1885 1194">
    <p class='ocr_par' dir='ltr' id='par_1_69' title="bbox 1091 1157 1885 1194">
     <span class='ocr_line' id='line_1_69' title="bbox 1091 1157 1885 1194; baseline -0.003 -9"><span class='ocrx_word' id='word_1_475' title='bbox 1091 1159 1145 1185; x_wconf 80' lang='grc' dir='ltr'><strong>τῶν</strong></span> <span class='ocrx_word' id='word_1_476' title='bbox 1168 1159 1196 1185; x_wconf 85' lang='grc' dir='ltr'>ὲν</span> <span class='ocrx_word' id='word_1_477' title='bbox 1225 1160 1280 1190; x_wconf 81' lang='grc' dir='ltr'>τοῖς</span> <span class='ocrx_word' id='word_1_478' title='bbox 1303 1158 1461 1194; x_wconf 78' lang='grc' dir='ltr'>βοστρύχοις</span> <span class='ocrx_word' id='word_1_479' title='bbox 1485 1158 1643 1194; x_wconf 86' lang='grc' dir='ltr'>γινομένων.</span> <span class='ocrx_word' id='word_1_480' title='bbox 1667 1158 1799 1184; x_wconf 72' lang='grc' dir='ltr'>Νεπτεται</span> <span class='ocrx_word' id='word_1_481' title='bbox 1824 1157 1885 1188; x_wconf 69' lang='grc' dir='ltr'>τοὺς</span> 
     </span>
    </p>
   </div>
   <div class='ocr_carea' id='block_1_70' title="bbox 1093 1202 1885 1240">
    <p class='ocr_par' dir='ltr' id='par_1_70' title="bbox 1093 1202 1885 1240">
     <span class='ocr_line' id='line_1_70' title="bbox 1093 1202 1885 1240; baseline -0.004 -9"><span class='ocrx_word' id='word_1_482' title='bbox 1093 1204 1185 1238; x_wconf 76' lang='grc' dir='ltr'>πόδας,</span> <span class='ocrx_word' id='word_1_483' title='bbox 1202 1204 1248 1231; x_wconf 83' lang='grc' dir='ltr'>τὸν</span> <span class='ocrx_word' id='word_1_484' title='bbox 1263 1205 1362 1240; x_wconf 88' lang='grc' dir='ltr'>χιτῶνα</span> <span class='ocrx_word' id='word_1_485' title='bbox 1377 1204 1512 1236; x_wconf 80' lang='grc' dir='ltr'>ἐκδύεται,</span> <span class='ocrx_word' id='word_1_486' title='bbox 1527 1204 1649 1240; x_wconf 81' lang='grc' dir='ltr'>σμύρναν</span> <span class='ocrx_word' id='word_1_487' title='bbox 1662 1203 1704 1230; x_wconf 81' lang='grc' dir='ltr'>διὰ</span> <span class='ocrx_word' id='word_1_488' title='bbox 1718 1203 1772 1230; x_wconf 87' lang='grc' dir='ltr'>τῶν</span> <span class='ocrx_word' id='word_1_489' title='bbox 1786 1202 1885 1238; x_wconf 81' lang='grc' dir='ltr'>χειρῶν</span> 
     </span>
    </p>
   </div>
   <div class='ocr_carea' id='block_1_71' title="bbox 1093 1248 1884 1286">
    <p class='ocr_par' dir='ltr' id='par_1_71' title="bbox 1093 1248 1884 1286">
     <span class='ocr_line' id='line_1_71' title="bbox 1093 1248 1884 1286; baseline -0.004 -9"><span class='ocrx_word' id='word_1_490' title='bbox 1093 1250 1251 1282; x_wconf 80' lang='grc' dir='ltr'><strong>ἀποστάζει.</strong></span> <span class='ocrx_word' id='word_1_491' title='bbox 1269 1250 1405 1286; x_wconf 75' lang='grc' dir='ltr'><strong>Προσάγει</strong></span> <span class='ocrx_word' id='word_1_492' title='bbox 1420 1250 1459 1284; x_wconf 74' lang='grc' dir='ltr'>τῷ</span> <span class='ocrx_word' id='word_1_493' title='bbox 1473 1249 1591 1286; x_wconf 80' lang='grc' dir='ltr'>κλείθρῳ</span> <span class='ocrx_word' id='word_1_494' title='bbox 1601 1249 1650 1281; x_wconf 78' lang='grc' dir='ltr'><strong>τὰς</strong></span> <span class='ocrx_word' id='word_1_495' title='bbox 1666 1250 1769 1285; x_wconf 81' lang='grc' dir='ltr'>χεῖρας,</span> <span class='ocrx_word' id='word_1_496' title='bbox 1784 1248 1884 1282; x_wconf 70' lang='grc' dir='ltr'>ἀνοίγει</span> 
     </span>
    </p>
   </div>
   <div class='ocr_carea' id='block_1_72' title="bbox 1093 1294 1886 1331">
    <p class='ocr_par' dir='ltr' id='par_1_72' title="bbox 1093 1294 1886 1331">
     <span class='ocr_line' id='line_1_72' title="bbox 1093 1294 1886 1331; baseline -0.005 -8"><span class='ocrx_word' id='word_1_497' title='bbox 1093 1295 1140 1331; x_wconf 79' lang='grc' dir='ltr'>τὴν</span> <span class='ocrx_word' id='word_1_498' title='bbox 1156 1295 1268 1328; x_wconf 71' lang='grc' dir='ltr'>εἴσοδον,</span> <span class='ocrx_word' id='word_1_499' title='bbox 1283 1295 1360 1330; x_wconf 83' lang='grc' dir='ltr'>ζητεῖ</span> <span class='ocrx_word' id='word_1_500' title='bbox 1378 1295 1423 1321; x_wconf 76' lang='grc' dir='ltr'><strong>τὸν</strong></span> <span class='ocrx_word' id='word_1_501' title='bbox 1445 1295 1482 1331; x_wconf 87' lang='grc' dir='ltr'>μὴ</span> <span class='ocrx_word' id='word_1_502' title='bbox 1501 1294 1784 1330; x_wconf 73' lang='grc' dir='ltr'>καταλαμϐανόμενον,</span> <span class='ocrx_word' id='word_1_503' title='bbox 1803 1294 1886 1328; x_wconf 78' lang='grc' dir='ltr'>φωνεί</span> 
     </span>
    </p>
   </div>
   <div class='ocr_carea' id='block_1_73' title="bbox 1093 1340 1886 1378">
    <p class='ocr_par' dir='ltr' id='par_1_73' title="bbox 1093 1340 1886 1378">
     <span class='ocr_line' id='line_1_73' title="bbox 1093 1340 1886 1378; baseline -0.004 -8"><span class='ocrx_word' id='word_1_504' title='bbox 1093 1343 1137 1370; x_wconf 79' lang='grc' dir='ltr'>τὸν</span> <span class='ocrx_word' id='word_1_505' title='bbox 1152 1343 1306 1378; x_wconf 78' lang='grc' dir='ltr'>ἀνέφικτον.</span> <span class='ocrx_word' id='word_1_506' title='bbox 1321 1342 1484 1378; x_wconf 79' lang='grc' dir='ltr'>Εὕρίσκεται</span> <span class='ocrx_word' id='word_1_507' title='bbox 1501 1342 1554 1369; x_wconf 76' lang='grc' dir='ltr'>ὑπὸ</span> <span class='ocrx_word' id='word_1_508' title='bbox 1574 1342 1628 1368; x_wconf 87' lang='grc' dir='ltr'>τῶν</span> <span class='ocrx_word' id='word_1_509' title='bbox 1649 1341 1785 1376; x_wconf 80' lang='grc' dir='ltr'>φυλάκων.</span> <span class='ocrx_word' id='word_1_510' title='bbox 1806 1340 1886 1376; x_wconf 80' lang='grc' dir='ltr'>Δέχε-</span> 
     </span>
    </p>
   </div>
   <div class='ocr_carea' id='block_1_74' title="bbox 1093 1387 1887 1424">
    <p class='ocr_par' dir='ltr' id='par_1_74' title="bbox 1093 1387 1887 1424">
     <span class='ocr_line' id='line_1_74' title="bbox 1093 1387 1887 1424; baseline -0.003 -8"><span class='ocrx_word' id='word_1_511' title='bbox 1093 1397 1137 1416; x_wconf 89' lang='grc' dir='ltr'><strong>ται</strong></span> <span class='ocrx_word' id='word_1_512' title='bbox 1152 1389 1194 1424; x_wconf 73' lang='grc' dir='ltr'><strong>ἐφ’</strong></span> <span class='ocrx_word' id='word_1_513' title='bbox 1220 1389 1319 1424; x_wconf 79' lang='grc' dir='ltr'>ἑαυτῆς</span> <span class='ocrx_word' id='word_1_514' title='bbox 1339 1387 1387 1424; x_wconf 86' lang='grc' dir='ltr'>τὴν</span> <span class='ocrx_word' id='word_1_515' title='bbox 1409 1388 1601 1415; x_wconf 86' lang='grc' dir='ltr'>πατάσσουσαν</span> <span class='ocrx_word' id='word_1_516' title='bbox 1626 1387 1731 1424; x_wconf 79' lang='grc' dir='ltr'>ράῦδον.</span> <span class='ocrx_word' id='word_1_517' title='bbox 1755 1388 1887 1422; x_wconf 81' lang='grc' dir='ltr'>Μιμείται</span> 
     </span>
    </p>
   </div>
   <div class='ocr_carea' id='block_1_75' title="bbox 1093 1431 1888 1471">
    <p class='ocr_par' dir='ltr' id='par_1_75' title="bbox 1093 1431 1888 1471">
     <span class='ocr_line' id='line_1_75' title="bbox 1093 1431 1888 1471; baseline -0.001 -10"><span class='ocrx_word' id='word_1_518' title='bbox 1093 1435 1142 1470; x_wconf 83' lang='grc' dir='ltr'>τὴν</span> <span class='ocrx_word' id='word_1_519' title='bbox 1156 1435 1268 1471; x_wconf 80' lang='grc' dir='ltr'>πέτραν,</span> <span class='ocrx_word' id='word_1_520' title='bbox 1289 1434 1352 1470; x_wconf 76' lang='grc' dir='ltr'>περὶ</span> <span class='ocrx_word' id='word_1_521' title='bbox 1370 1431 1404 1470; x_wconf 84' lang='grc' dir='ltr'><strong>ἧς</strong></span> <span class='ocrx_word' id='word_1_522' title='bbox 1415 1442 1497 1470; x_wconf 87' lang='grc' dir='ltr'>φησιν</span> <span class='ocrx_word' id='word_1_523' title='bbox 1520 1435 1534 1460; x_wconf 85' lang='grc' dir='ltr'>ὁ</span> <span class='ocrx_word' id='word_1_524' title='bbox 1554 1433 1717 1470; x_wconf 77' lang='grc' dir='ltr'><strong>Προφήτης·</strong></span> <span class='ocrx_word' id='word_1_525' title='bbox 1737 1434 1778 1460; x_wconf 84' lang='grc' dir='ltr'>ὅτι</span> <span class='ocrx_word' id='word_1_526' title='bbox 1799 1431 1888 1460; x_wconf 76' lang='grc' dir='ltr'><strong>Ἐπά-</strong></span> 
     </span>
    </p>
   </div>
   <div class='ocr_carea' id='block_1_76' title="bbox 1094 1479 1887 1515">
    <p class='ocr_par' dir='ltr' id='par_1_76' title="bbox 1094 1479 1887 1515">
     <span class='ocr_line' id='line_1_76' title="bbox 1094 1479 1887 1515; baseline -0.004 -7"><span class='ocrx_word' id='word_1_527' title='bbox 1094 1482 1166 1514; x_wconf 67' lang='lat' dir='ltr'><strong>rufa</strong></span> <span class='ocrx_word' id='word_1_528' title='bbox 1189 1481 1315 1515; x_wconf 75' lang='grc' dir='ltr'>πέτραν,</span> <span class='ocrx_word' id='word_1_529' title='bbox 1342 1481 1390 1508; x_wconf 76' lang='grc' dir='ltr'>καὶ</span> <span class='ocrx_word' id='word_1_530' title='bbox 1408 1481 1540 1515; x_wconf 75' lang='grc' dir='ltr'>ἑρῤυσιιν</span> <span class='ocrx_word' id='word_1_531' title='bbox 1555 1480 1657 1507; x_wconf 79' lang='grc' dir='ltr'>ὕδατα.</span> <span class='ocrx_word' id='word_1_532' title='bbox 1680 1479 1760 1515; x_wconf 78' lang='grc' dir='ltr'>Ὁρᾷς</span> <span class='ocrx_word' id='word_1_533' title='bbox 1774 1480 1813 1511; x_wconf 77' lang='grc' dir='ltr'>εἰς</span> <span class='ocrx_word' id='word_1_534' title='bbox 1826 1479 1887 1506; x_wconf 76' lang='grc' dir='ltr'>ὅσον</span> 
     </span>
    </p>
   </div>
   <div class='ocr_carea' id='block_1_77' title="bbox 1094 1525 1886 1563">
    <p class='ocr_par' dir='ltr' id='par_1_77' title="bbox 1094 1525 1886 1563">
     <span class='ocr_line' id='line_1_77' title="bbox 1094 1525 1886 1563; baseline -0.004 -9"><span class='ocrx_word' id='word_1_535' title='bbox 1094 1527 1244 1563; x_wconf 81' lang='grc' dir='ltr'>ἀνέδραμεν</span> <span class='ocrx_word' id='word_1_536' title='bbox 1262 1527 1327 1562; x_wconf 76' lang='grc' dir='ltr'>’ύψος</span> <span class='ocrx_word' id='word_1_537' title='bbox 1343 1527 1360 1562; x_wconf 82' lang='grc' dir='ltr'>ἡ</span> <span class='ocrx_word' id='word_1_538' title='bbox 1377 1526 1490 1562; x_wconf 73' lang='grc' dir='ltr'>νύμφης</span> <span class='ocrx_word' id='word_1_539' title='bbox 1511 1525 1561 1553; x_wconf 83' lang='grc' dir='ltr'>Διὰ</span> <span class='ocrx_word' id='word_1_540' title='bbox 1585 1525 1663 1553; x_wconf 82' lang='grc' dir='ltr'>τοῦτο</span> <span class='ocrx_word' id='word_1_541' title='bbox 1682 1525 1886 1561; x_wconf 77' lang='grc' dir='ltr'>πατασσομένη,</span> 
     </span>
    </p>
   </div>
   <div class='ocr_carea' id='block_1_78' title="bbox 1094 1572 1889 1609">
    <p class='ocr_par' dir='ltr' id='par_1_78' title="bbox 1094 1572 1889 1609">
     <span class='ocr_line' id='line_1_78' title="bbox 1094 1572 1889 1609; baseline -0.001 -10"><span class='ocrx_word' id='word_1_542' title='bbox 1094 1573 1187 1609; x_wconf 84' lang='grc' dir='ltr'>ὥσπερ</span> <span class='ocrx_word' id='word_1_543' title='bbox 1210 1574 1227 1608; x_wconf 83' lang='grc' dir='ltr'>ἡ</span> <span class='ocrx_word' id='word_1_544' title='bbox 1252 1573 1402 1608; x_wconf 85' lang='grc' dir='ltr'>ἀκρότομος</span> <span class='ocrx_word' id='word_1_545' title='bbox 1428 1572 1481 1599; x_wconf 68' lang='grc' dir='ltr'>ὑπὸ</span> <span class='ocrx_word' id='word_1_546' title='bbox 1506 1572 1553 1598; x_wconf 83' lang='grc' dir='ltr'><strong>τοῦ</strong></span> <span class='ocrx_word' id='word_1_547' title='bbox 1576 1573 1730 1605; x_wconf 80' lang='grc' dir='ltr'>Μωῦσέως·</span> <span class='ocrx_word' id='word_1_548' title='bbox 1755 1573 1798 1599; x_wconf 76' lang='grc' dir='ltr'>ἵνα</span> <span class='ocrx_word' id='word_1_549' title='bbox 1828 1572 1889 1598; x_wconf 75' lang='grc' dir='ltr'>καθ’</span> 
     </span>
    </p>
   </div>
   <div class='ocr_carea' id='block_1_79' title="bbox 1094 1616 1889 1653">
    <p class='ocr_par' dir='ltr' id='par_1_79' title="bbox 1094 1616 1889 1653">
     <span class='ocr_line' id='line_1_79' title="bbox 1094 1616 1889 1653; baseline -0.003 -8"><span class='ocrx_word' id='word_1_550' title='bbox 1094 1618 1239 1653; x_wconf 80' lang='grc' dir='ltr'>ὁμοιότητα</span> <span class='ocrx_word' id='word_1_551' title='bbox 1255 1617 1371 1653; x_wconf 53' lang='grc' dir='ltr'>ἑγείνης,</span> <span class='ocrx_word' id='word_1_552' title='bbox 1387 1617 1435 1644; x_wconf 80' lang='grc' dir='ltr'>καὶ</span> <span class='ocrx_word' id='word_1_553' title='bbox 1451 1616 1519 1652; x_wconf 76' lang='grc' dir='ltr'>αὓτη</span> <span class='ocrx_word' id='word_1_554' title='bbox 1534 1616 1646 1653; x_wconf 80' lang='grc' dir='ltr'>πηγάσῃ</span> <span class='ocrx_word' id='word_1_555' title='bbox 1662 1618 1718 1648; x_wconf 80' lang='grc' dir='ltr'>τοῖς</span> <span class='ocrx_word' id='word_1_556' title='bbox 1734 1616 1830 1652; x_wconf 68' lang='grc' dir='ltr'>διψῶσι</span> <span class='ocrx_word' id='word_1_557' title='bbox 1843 1617 1889 1643; x_wconf 73' lang='grc' dir='ltr'><strong>τὸν</strong></span> 
     </span>
    </p>
   </div>
   <div class='ocr_carea' id='block_1_80' title="bbox 1094 1660 1888 1699">
    <p class='ocr_par' dir='ltr' id='par_1_80' title="bbox 1094 1660 1888 1699">
     <span class='ocr_line' id='line_1_80' title="bbox 1094 1660 1888 1699; baseline -0.004 -7"><span class='ocrx_word' id='word_1_558' title='bbox 1094 1665 1191 1699; x_wconf 74' lang='grc' dir='ltr'>Λόγον,</span> <span class='ocrx_word' id='word_1_559' title='bbox 1205 1664 1237 1691; x_wconf 78' lang='grc' dir='ltr'>ὲκ</span> <span class='ocrx_word' id='word_1_560' title='bbox 1250 1663 1300 1699; x_wconf 75' lang='grc' dir='ltr'>τῆς</span> <span class='ocrx_word' id='word_1_561' title='bbox 1314 1663 1406 1699; x_wconf 80' lang='grc' dir='ltr'>πηγῆς</span> <span class='ocrx_word' id='word_1_562' title='bbox 1422 1662 1642 1698; x_wconf 80' lang='grc' dir='ltr'>ἀνομϐρήσαντα.</span> <span class='ocrx_word' id='word_1_563' title='bbox 1651 1660 1718 1690; x_wconf 69' lang='grc' dir='ltr'>Εἶτα</span> <span class='ocrx_word' id='word_1_564' title='bbox 1729 1663 1774 1690; x_wconf 65' lang='grc' dir='ltr'><strong>ἐπὶ</strong></span> <span class='ocrx_word' id='word_1_565' title='bbox 1785 1663 1888 1694; x_wconf 81' lang='grc' dir='ltr'>τούτοις</span> 
     </span>
    </p>
   </div>
   <div class='ocr_carea' id='block_1_81' title="bbox 1095 1709 1888 1746">
    <p class='ocr_par' dir='ltr' id='par_1_81' title="bbox 1095 1709 1888 1746">
     <span class='ocr_line' id='line_1_81' title="bbox 1095 1709 1888 1746; baseline -0.003 -9"><span class='ocrx_word' id='word_1_566' title='bbox 1095 1711 1193 1746; x_wconf 89' lang='grc' dir='ltr'>γυμνοῖ</span> <span class='ocrx_word' id='word_1_567' title='bbox 1215 1710 1246 1737; x_wconf 70' lang='grc' dir='ltr'>τὸ</span> <span class='ocrx_word' id='word_1_568' title='bbox 1269 1710 1366 1741; x_wconf 85' lang='grc' dir='ltr'>κάλλος</span> <span class='ocrx_word' id='word_1_569' title='bbox 1395 1709 1445 1744; x_wconf 83' lang='grc' dir='ltr'>τῆς</span> <span class='ocrx_word' id='word_1_570' title='bbox 1467 1709 1564 1744; x_wconf 69' lang='grc' dir='ltr'>ὂψεως.</span> <span class='ocrx_word' id='word_1_571' title='bbox 1582 1709 1635 1736; x_wconf 85' lang='grc' dir='ltr'>τῶν</span> <span class='ocrx_word' id='word_1_572' title='bbox 1655 1709 1781 1743; x_wconf 82' lang='grc' dir='ltr'>φυλάκων</span> <span class='ocrx_word' id='word_1_573' title='bbox 1804 1709 1888 1742; x_wconf 74' lang='grc' dir='ltr'>αὐτῆς</span> 
     </span>
    </p>
   </div>
   <div class='ocr_carea' id='block_1_82' title="bbox 1095 1752 1890 1790">
    <p class='ocr_par' dir='ltr' id='par_1_82' title="bbox 1095 1752 1890 1790">
     <span class='ocr_line' id='line_1_82' title="bbox 1095 1752 1890 1790; baseline -0.003 -9"><span class='ocrx_word' id='word_1_574' title='bbox 1095 1754 1274 1790; x_wconf 81' lang='grc' dir='ltr'>περιελόντων</span> <span class='ocrx_word' id='word_1_575' title='bbox 1299 1754 1328 1781; x_wconf 87' lang='grc' dir='ltr'>τδ</span> <span class='ocrx_word' id='word_1_576' title='bbox 1346 1754 1497 1789; x_wconf 84' lang='grc' dir='ltr'>θέριστρον.</span> <span class='ocrx_word' id='word_1_577' title='bbox 1520 1752 1613 1780; x_wconf 78' lang='grc' dir='ltr'>Ταῦτά</span> <span class='ocrx_word' id='word_1_578' title='bbox 1629 1754 1702 1779; x_wconf 80' lang='grc' dir='ltr'>ἐστιν</span> <span class='ocrx_word' id='word_1_579' title='bbox 1722 1753 1740 1780; x_wconf 76' lang='grc' dir='ltr'><strong>ἃ.</strong></span> <span class='ocrx_word' id='word_1_580' title='bbox 1758 1753 1829 1780; x_wconf 78' lang='grc' dir='ltr'>κατὰ</span> <span class='ocrx_word' id='word_1_581' title='bbox 1843 1752 1890 1779; x_wconf 78' lang='grc' dir='ltr'>τὸν</span> 
     </span>
    </p>
   </div>
   <div class='ocr_carea' id='block_1_83' title="bbox 1094 1798 1889 1836">
    <p class='ocr_par' dir='ltr' id='par_1_83' title="bbox 1094 1798 1889 1836">
     <span class='ocr_line' id='line_1_83' title="bbox 1094 1798 1889 1836; baseline -0.005 -8"><span class='ocrx_word' id='word_1_582' title='bbox 1094 1802 1176 1828; x_wconf 79' lang='grc' dir='ltr'>τόπον</span> <span class='ocrx_word' id='word_1_583' title='bbox 1187 1801 1280 1828; x_wconf 76' lang='grc' dir='ltr'>τοῦτον</span> <span class='ocrx_word' id='word_1_584' title='bbox 1298 1801 1378 1836; x_wconf 81' lang='grc' dir='ltr'>ἡμεῖς</span> <span class='ocrx_word' id='word_1_585' title='bbox 1400 1799 1564 1827; x_wconf 74' lang='grc' dir='ltr'>καταλαϐεῖν</span> <span class='ocrx_word' id='word_1_586' title='bbox 1588 1799 1769 1835; x_wconf 80' lang='grc' dir='ltr'>ἠδυνήθημεν.</span> <span class='ocrx_word' id='word_1_587' title='bbox 1791 1798 1889 1829; x_wconf 79' lang='grc' dir='ltr'>Φθόνος</span> 
     </span>
    </p>
   </div>
   <div class='ocr_carea' id='block_1_84' title="bbox 1095 1845 1891 1882">
    <p class='ocr_par' dir='ltr' id='par_1_84' title="bbox 1095 1845 1891 1882">
     <span class='ocr_line' id='line_1_84' title="bbox 1095 1845 1891 1882; baseline -0.006 -6"><span class='ocrx_word' id='word_1_588' title='bbox 1095 1849 1123 1876; x_wconf 80' lang='grc' dir='ltr'><strong>δὲ</strong></span> <span class='ocrx_word' id='word_1_589' title='bbox 1139 1848 1235 1880; x_wconf 74' lang='grc' dir='ltr'>οὐδεὶς,</span> <span class='ocrx_word' id='word_1_590' title='bbox 1258 1847 1384 1882; x_wconf 82' lang='grc' dir='ltr'>γενέσθαι</span> <span class='ocrx_word' id='word_1_591' title='bbox 1407 1847 1460 1873; x_wconf 71' lang='grc' dir='ltr'>τινὶ</span> <span class='ocrx_word' id='word_1_592' title='bbox 1484 1846 1560 1882; x_wconf 81' lang='grc' dir='ltr'>παρὰ</span> <span class='ocrx_word' id='word_1_593' title='bbox 1581 1846 1627 1873; x_wconf 84' lang='grc' dir='ltr'>τοῦ</span> <span class='ocrx_word' id='word_1_594' title='bbox 1652 1845 1891 1876; x_wconf 81' lang='grc' dir='ltr'>ἁποκαλύπτοντος</span> 
     </span>
    </p>
   </div>
   <div class='ocr_carea' id='block_1_85' title="bbox 1095 1889 1891 1930">
    <p class='ocr_par' dir='ltr' id='par_1_85' title="bbox 1095 1889 1891 1930">
     <span class='ocr_line' id='line_1_85' title="bbox 1095 1889 1891 1930; baseline -0.006 -9"><span class='ocrx_word' id='word_1_595' title='bbox 1095 1894 1129 1921; x_wconf 83' lang='grc' dir='ltr'>τὰ</span> <span class='ocrx_word' id='word_1_596' title='bbox 1144 1893 1321 1930; x_wconf 79' lang='grc' dir='ltr'>κεκρυμμένα</span> <span class='ocrx_word' id='word_1_597' title='bbox 1338 1893 1475 1928; x_wconf 84' lang='grc' dir='ltr'>μυστήρια</span> <span class='ocrx_word' id='word_1_598' title='bbox 1495 1891 1740 1927; x_wconf 80' lang='grc' dir='ltr'>ψυχωφελεστέραν</span> <span class='ocrx_word' id='word_1_599' title='bbox 1755 1890 1804 1926; x_wconf 77' lang='grc' dir='ltr'>τὴν</span> <span class='ocrx_word' id='word_1_600' title='bbox 1823 1889 1891 1916; x_wconf 76' lang='grc' dir='ltr'>θεω-</span> 
     </span>
    </p>
   </div>
   <div class='ocr_carea' id='block_1_86' title="bbox 1097 1937 1891 1976">
    <p class='ocr_par' dir='ltr' id='par_1_86' title="bbox 1097 1937 1891 1976">
     <span class='ocr_line' id='line_1_86' title="bbox 1097 1937 1891 1976; baseline -0.006 -9"><span class='ocrx_word' id='word_1_601' title='bbox 1097 1941 1157 1976; x_wconf 80' lang='grc' dir='ltr'>ρίαν</span> <span class='ocrx_word' id='word_1_602' title='bbox 1182 1941 1211 1966; x_wconf 80' lang='grc' dir='ltr'>ὲν</span> <span class='ocrx_word' id='word_1_603' title='bbox 1234 1940 1291 1971; x_wconf 82' lang='grc' dir='ltr'>τοῖς</span> <span class='ocrx_word' id='word_1_604' title='bbox 1315 1938 1514 1974; x_wconf 83' lang='grc' dir='ltr'>προκειμένοις.</span> <span class='ocrx_word' id='word_1_605' title='bbox 1532 1937 1611 1969; x_wconf 81' lang='grc' dir='ltr'>Ἴσως</span> <span class='ocrx_word' id='word_1_606' title='bbox 1630 1937 1659 1964; x_wconf 86' lang='grc' dir='ltr'>δέ</span> <span class='ocrx_word' id='word_1_607' title='bbox 1681 1946 1723 1968; x_wconf 77' lang='grc' dir='ltr'><strong>τις</strong></span> <span class='ocrx_word' id='word_1_608' title='bbox 1742 1938 1823 1972; x_wconf 83' lang='grc' dir='ltr'>φήσει</span> <span class='ocrx_word' id='word_1_609' title='bbox 1842 1937 1891 1964; x_wconf 74' lang='grc' dir='ltr'>καὶ</span> 
     </span>
    </p>
   </div>
   <div class='ocr_carea' id='block_1_87' title="bbox 1095 1983 1892 2020">
    <p class='ocr_par' dir='ltr' id='par_1_87' title="bbox 1095 1983 1892 2020">
     <span class='ocr_line' id='line_1_87' title="bbox 1095 1983 1892 2020; baseline -0.005 -7"><span class='ocrx_word' id='word_1_610' title='bbox 1095 1985 1143 2013; x_wconf 84' lang='grc' dir='ltr'>τοῦ</span> <span class='ocrx_word' id='word_1_611' title='bbox 1159 1985 1272 2013; x_wconf 83' lang='grc' dir='ltr'>Ἦσαῖου</span> <span class='ocrx_word' id='word_1_612' title='bbox 1287 1985 1334 2020; x_wconf 78' lang='grc' dir='ltr'>τὴν</span> <span class='ocrx_word' id='word_1_613' title='bbox 1351 1984 1483 2011; x_wconf 74' lang='grc' dir='ltr'>ὀπτασίαν</span> <span class='ocrx_word' id='word_1_614' title='bbox 1502 1983 1573 2019; x_wconf 71' lang='grc' dir='ltr'>ἔχειν</span> <span class='ocrx_word' id='word_1_615' title='bbox 1595 1983 1655 2010; x_wconf 87' lang='grc' dir='ltr'>τινὰ</span> <span class='ocrx_word' id='word_1_616' title='bbox 1676 1983 1745 2019; x_wconf 73' lang='grc' dir='ltr'>πρὸς</span> <span class='ocrx_word' id='word_1_617' title='bbox 1767 1983 1802 2009; x_wconf 80' lang='grc' dir='ltr'><strong>τὰ</strong></span> <span class='ocrx_word' id='word_1_618' title='bbox 1822 1991 1892 2018; x_wconf 84' lang='grc' dir='ltr'>προ-</span> 
     </span>
    </p>
   </div>
   <div class='ocr_carea' id='block_1_88' title="bbox 1097 2029 1891 2067">
    <p class='ocr_par' dir='ltr' id='par_1_88' title="bbox 1097 2029 1891 2067">
     <span class='ocr_line' id='line_1_88' title="bbox 1097 2029 1891 2067; baseline -0.004 -8"><span class='ocrx_word' id='word_1_619' title='bbox 1097 2032 1209 2067; x_wconf 68' lang='grc' dir='ltr'>κείμενα</span> <span class='ocrx_word' id='word_1_620' title='bbox 1235 2030 1304 2067; x_wconf 80' lang='grc' dir='ltr'>ῥητὰ</span> <span class='ocrx_word' id='word_1_621' title='bbox 1322 2030 1473 2058; x_wconf 74' lang='grc' dir='ltr'>κοινωνίαν.</span> <span class='ocrx_word' id='word_1_622' title='bbox 1495 2029 1617 2065; x_wconf 79' lang='grc' dir='ltr'>Ἐκείνην</span> <span class='ocrx_word' id='word_1_623' title='bbox 1636 2029 1707 2064; x_wconf 80' lang='grc' dir='ltr'>λέγω</span> <span class='ocrx_word' id='word_1_624' title='bbox 1731 2029 1780 2064; x_wconf 79' lang='grc' dir='ltr'>τὴν</span> <span class='ocrx_word' id='word_1_625' title='bbox 1805 2029 1891 2056; x_wconf 71' lang='grc' dir='ltr'>ὀπτα-</span> 
     </span>
    </p>
   </div>
   <div class='ocr_carea' id='block_1_89' title="bbox 1098 2075 1891 2111">
    <p class='ocr_par' dir='ltr' id='par_1_89' title="bbox 1098 2075 1891 2111">
     <span class='ocr_line' id='line_1_89' title="bbox 1098 2075 1891 2111; baseline -0.004 -7"><span class='ocrx_word' id='word_1_626' title='bbox 1098 2077 1167 2110; x_wconf 79' lang='grc' dir='ltr'>σίαν,</span> <span class='ocrx_word' id='word_1_627' title='bbox 1183 2077 1228 2104; x_wconf 85' lang='grc' dir='ltr'>ὅτε</span> <span class='ocrx_word' id='word_1_628' title='bbox 1250 2076 1429 2108; x_wconf 83' lang='grc' dir='ltr'>ἀποθανόντος</span> <span class='ocrx_word' id='word_1_629' title='bbox 1451 2075 1499 2103; x_wconf 79' lang='grc' dir='ltr'>τοῦ</span> <span class='ocrx_word' id='word_1_630' title='bbox 1521 2075 1620 2111; x_wconf 89' lang='grc' dir='ltr'>λεπροῦ</span> <span class='ocrx_word' id='word_1_631' title='bbox 1638 2075 1779 2110; x_wconf 78' lang='grc' dir='ltr'>βασιλέως,</span> <span class='ocrx_word' id='word_1_632' title='bbox 1804 2075 1891 2110; x_wconf 78' lang='grc' dir='ltr'>ἑωρα-</span> 
     </span>
    </p>
   </div>
   <div class='ocr_carea' id='block_1_90' title="bbox 1097 2121 1891 2160">
    <p class='ocr_par' dir='ltr' id='par_1_90' title="bbox 1097 2121 1891 2160">
     <span class='ocr_line' id='line_1_90' title="bbox 1097 2121 1891 2160; baseline -0.004 -10"><span class='ocrx_word' id='word_1_633' title='bbox 1097 2123 1173 2150; x_wconf 85' lang='grc' dir='ltr'>κέναι</span> <span class='ocrx_word' id='word_1_634' title='bbox 1190 2123 1257 2160; x_wconf 75' lang='grc' dir='ltr'>φησὶ</span> <span class='ocrx_word' id='word_1_635' title='bbox 1273 2123 1318 2150; x_wconf 76' lang='grc' dir='ltr'>τὸν</span> <span class='ocrx_word' id='word_1_636' title='bbox 1344 2123 1390 2149; x_wconf 72' lang='grc' dir='ltr'><strong>ἐπὶ</strong></span> <span class='ocrx_word' id='word_1_637' title='bbox 1413 2121 1461 2149; x_wconf 78' lang='grc' dir='ltr'>τοῦ</span> <span class='ocrx_word' id='word_1_638' title='bbox 1487 2122 1589 2157; x_wconf 59' lang='lat' dir='ltr'><strong>utimini»</strong></span> <span class='ocrx_word' id='word_1_639' title='bbox 1615 2130 1645 2148; x_wconf 86' lang='grc' dir='ltr'><strong>τε</strong></span> <span class='ocrx_word' id='word_1_640' title='bbox 1667 2122 1713 2148; x_wconf 70' lang='grc' dir='ltr'>καὶ</span> <span class='ocrx_word' id='word_1_641' title='bbox 1734 2121 1891 2157; x_wconf 80' lang='grc' dir='ltr'>ἐπηρμένου</span> 
     </span>
    </p>
   </div>
   <div class='ocr_carea' id='block_1_91' title="bbox 1098 2164 1890 2206">
    <p class='ocr_par' dir='ltr' id='par_1_91' title="bbox 1098 2164 1890 2206">
     <span class='ocr_line' id='line_1_91' title="bbox 1098 2164 1890 2206; baseline -0.004 -10"><span class='ocrx_word' id='word_1_642' title='bbox 1098 2169 1193 2206; x_wconf 80' lang='grc' dir='ltr'>θρόνου</span> <span class='ocrx_word' id='word_1_643' title='bbox 1209 2168 1425 2205; x_wconf 84' lang='grc' dir='ltr'>μεγαλοπρεπῶς</span> <span class='ocrx_word' id='word_1_644' title='bbox 1439 2168 1660 2204; x_wconf 88' lang='grc' dir='ltr'>προκαθήμενον·</span> <span class='ocrx_word' id='word_1_645' title='bbox 1681 2164 1711 2195; x_wconf 72' lang='grc' dir='ltr'><strong>οὗ</strong></span> <span class='ocrx_word' id='word_1_646' title='bbox 1727 2168 1818 2203; x_wconf 80' lang='grc' dir='ltr'>σχῆμα</span> <span class='ocrx_word' id='word_1_647' title='bbox 1840 2167 1890 2202; x_wconf 73' lang='grc' dir='ltr'>μὲν</span> 
     </span>
    </p>
   </div>
   <div class='ocr_carea' id='block_1_92' title="bbox 257 2209 1042 2251">
    <p class='ocr_par' dir='ltr' id='par_1_92' title="bbox 257 2214 1042 2251">
     <span class='ocr_line' id='line_1_92' title="bbox 257 2214 1042 2251; baseline 0 -8"><span class='ocrx_word' id='word_1_648' title='bbox 257 2224 320 2251; x_wconf 77' lang='lat' dir='ltr'><strong>rege</strong></span> <span class='ocrx_word' id='word_1_649' title='bbox 347 2215 422 2250; x_wconf 89' lang='lat' dir='ltr'><strong>lepra</strong></span> <span class='ocrx_word' id='word_1_650' title='bbox 444 2215 556 2247; x_wconf 78' lang='lat' dir='ltr'><strong>infecto,</strong></span> <span class='ocrx_word' id='word_1_651' title='bbox 577 2214 681 2243; x_wconf 78' lang='lat' dir='ltr'><strong>vidisse</strong></span> <span class='ocrx_word' id='word_1_652' title='bbox 705 2214 744 2242; x_wconf 91' lang='lat' dir='ltr'><strong>ait</strong></span> <span class='ocrx_word' id='word_1_653' title='bbox 771 2223 832 2243; x_wconf 89' lang='lat' dir='ltr'><strong>sese</strong></span> <span class='ocrx_word' id='word_1_654' title='bbox 847 2215 992 2251; x_wconf 86' lang='lat' dir='ltr'><strong>quemdam</strong></span> <span class='ocrx_word' id='word_1_655' title='bbox 1016 2216 1042 2244; x_wconf 92' lang='lat' dir='ltr'><strong>iu</strong></span> 
     </span>
    </p>
   </div>
   <div class='ocr_carea' id='block_1_93' title="bbox 1094 2209 1892 2251">
    <p class='ocr_par' dir='ltr' id='par_1_93' title="bbox 1098 2209 1892 2251">
     <span class='ocr_line' id='line_1_93' title="bbox 1098 2209 1892 2251; baseline -0.006 -8"><span class='ocrx_word' id='word_1_656' title='bbox 1098 2216 1145 2243; x_wconf 76' lang='grc' dir='ltr'><strong>καὶ</strong></span> <span class='ocrx_word' id='word_1_657' title='bbox 1170 2214 1284 2251; x_wconf 83' lang='grc' dir='ltr'>μέγεθος</span> <span class='ocrx_word' id='word_1_658' title='bbox 1304 2214 1351 2241; x_wconf 76' lang='grc' dir='ltr'><strong>καὶ</strong></span> <span class='ocrx_word' id='word_1_659' title='bbox 1370 2212 1439 2245; x_wconf 83' lang='grc' dir='ltr'>εἶδος</span> <span class='ocrx_word' id='word_1_660' title='bbox 1462 2213 1524 2240; x_wconf 78' lang='grc' dir='ltr'><strong>ἰδεῖν</strong></span> <span class='ocrx_word' id='word_1_661' title='bbox 1547 2213 1597 2239; x_wconf 74' lang='grc' dir='ltr'>οὐκ</span> <span class='ocrx_word' id='word_1_662' title='bbox 1617 2212 1764 2248; x_wconf 76' lang='grc' dir='ltr'>ἐχώρησεν.</span> <span class='ocrx_word' id='word_1_663' title='bbox 1783 2209 1820 2238; x_wconf 71' lang='grc' dir='ltr'><strong>’Ἡ</strong></span> <span class='ocrx_word' id='word_1_664' title='bbox 1835 2213 1892 2248; x_wconf 79' lang='grc' dir='ltr'><strong>γὰρ</strong></span> 
     </span>
    </p>
   </div>
   <div class='ocr_carea' id='block_1_94' title="bbox 257 2260 1045 2296">
    <p class='ocr_par' dir='ltr' id='par_1_94' title="bbox 257 2260 1045 2296">
     <span class='ocr_line' id='line_1_94' title="bbox 257 2260 1045 2296; baseline 0 -8"><span class='ocrx_word' id='word_1_665' title='bbox 257 2261 366 2289; x_wconf 80' lang='lat' dir='ltr'><strong>sublimi</strong></span> <span class='ocrx_word' id='word_1_666' title='bbox 389 2265 415 2288; x_wconf 90' lang='lat' dir='ltr'><strong>et</strong></span> <span class='ocrx_word' id='word_1_667' title='bbox 440 2261 545 2288; x_wconf 88' lang='lat' dir='ltr'><strong>elevato</strong></span> <span class='ocrx_word' id='word_1_668' title='bbox 569 2261 638 2288; x_wconf 89' lang='lat' dir='ltr'><strong>solio</strong></span> <span class='ocrx_word' id='word_1_669' title='bbox 661 2260 804 2296; x_wconf 77' lang='lat' dir='ltr'><strong>magnifice</strong></span> <span class='ocrx_word' id='word_1_670' title='bbox 827 2260 855 2288; x_wconf 88' lang='lat' dir='ltr'><strong>in</strong></span> <span class='ocrx_word' id='word_1_671' title='bbox 879 2260 966 2288; x_wconf 87' lang='lat' dir='ltr'><strong>oculis</strong></span> <span class='ocrx_word' id='word_1_672' title='bbox 985 2268 1045 2288; x_wconf 89' lang='lat' dir='ltr'><strong>om-</strong></span> 
     </span>
    </p>
   </div>
   <div class='ocr_carea' id='block_1_95' title="bbox 257 2305 1045 2341">
    <p class='ocr_par' dir='ltr' id='par_1_95' title="bbox 257 2305 1045 2341">
     <span class='ocr_line' id='line_1_95' title="bbox 257 2305 1045 2341; baseline 0.001 -8"><span class='ocrx_word' id='word_1_673' title='bbox 257 2306 333 2334; x_wconf 91' lang='lat' dir='ltr'><strong>nium</strong></span> <span class='ocrx_word' id='word_1_674' title='bbox 361 2306 500 2333; x_wconf 84' lang='lat' dir='ltr'><strong>sedentem</strong></span> <span class='ocrx_word' id='word_1_675' title='bbox 526 2316 532 2333; x_wconf 73' lang='grc' dir='ltr'>ε</span> <span class='ocrx_word' id='word_1_676' title='bbox 561 2305 641 2341; x_wconf 85' lang='lat' dir='ltr'><strong>cujus</strong></span> <span class='ocrx_word' id='word_1_677' title='bbox 677 2310 704 2333; x_wconf 88' lang='lat' dir='ltr'><strong>et</strong></span> <span class='ocrx_word' id='word_1_678' title='bbox 733 2305 843 2341; x_wconf 80' lang='lat' dir='ltr'><strong>figurae,</strong></span> <span class='ocrx_word' id='word_1_679' title='bbox 875 2310 902 2334; x_wconf 93' lang='lat' dir='ltr'><strong>et</strong></span> <span class='ocrx_word' id='word_1_680' title='bbox 933 2305 1045 2338; x_wconf 66' lang='lat' dir='ltr'><strong>formae,</strong></span> 
     </span>
    </p>
   </div>
   <div class='ocr_carea' id='block_1_96' title="bbox 257 2351 1044 2388">
    <p class='ocr_par' dir='ltr' id='par_1_96' title="bbox 257 2351 1044 2388">
     <span class='ocr_line' id='line_1_96' title="bbox 257 2351 1044 2388; baseline 0.003 -10"><span class='ocrx_word' id='word_1_681' title='bbox 257 2357 285 2378; x_wconf 86' lang='lat' dir='ltr'><strong>et</strong></span> <span class='ocrx_word' id='word_1_682' title='bbox 315 2352 512 2387; x_wconf 74' lang='lat' dir='ltr'><strong>magnitudinis</strong></span> <span class='ocrx_word' id='word_1_683' title='bbox 538 2351 735 2387; x_wconf 71' lang='lat' dir='ltr'><strong>perspicienda:</strong></span> <span class='ocrx_word' id='word_1_684' title='bbox 754 2360 838 2388; x_wconf 78' lang='lat' dir='ltr'><strong>capax</strong></span> <span class='ocrx_word' id='word_1_685' title='bbox 871 2361 925 2380; x_wconf 90' lang='lat' dir='ltr'><strong>non</strong></span> <span class='ocrx_word' id='word_1_686' title='bbox 953 2353 1044 2380; x_wconf 90' lang='lat' dir='ltr'><strong>fuerit.</strong></span> 
     </span>
    </p>
   </div>
   <div class='ocr_carea' id='block_1_97' title="bbox 257 2397 1048 2434">
    <p class='ocr_par' dir='ltr' id='par_1_97' title="bbox 257 2397 1048 2434">
     <span class='ocr_line' id='line_1_97' title="bbox 257 2397 1048 2434; baseline 0.003 -10"><span class='ocrx_word' id='word_1_687' title='bbox 257 2397 376 2424; x_wconf 89' lang='lat' dir='ltr'><strong>Omnino</strong></span> <span class='ocrx_word' id='word_1_688' title='bbox 395 2398 467 2425; x_wconf 88' lang='lat' dir='ltr'><strong>enim</strong></span> <span class='ocrx_word' id='word_1_689' title='bbox 493 2398 549 2425; x_wconf 60' lang='lat' dir='ltr'><strong>hac</strong></span> <span class='ocrx_word' id='word_1_690' title='bbox 564 2397 742 2432; x_wconf 79' lang='lat' dir='ltr'><strong>prodidisset.</strong></span> <span class='ocrx_word' id='word_1_691' title='bbox 769 2398 790 2425; x_wconf 91' lang='lat' dir='ltr'><strong>si</strong></span> <span class='ocrx_word' id='word_1_692' title='bbox 817 2398 927 2434; x_wconf 90' lang='lat' dir='ltr'><strong>quidem</strong></span> <span class='ocrx_word' id='word_1_693' title='bbox 952 2398 1048 2426; x_wconf 84' lang='lat' dir='ltr'><strong>fuisset</strong></span> 
     </span>
    </p>
   </div>
   <div class='ocr_carea' id='block_1_98' title="bbox 257 2443 1044 2479">
    <p class='ocr_par' dir='ltr' id='par_1_98' title="bbox 257 2443 1044 2479">
     <span class='ocr_line' id='line_1_98' title="bbox 257 2443 1044 2479; baseline 0.001 -9"><span class='ocrx_word' id='word_1_694' title='bbox 257 2449 351 2470; x_wconf 89' lang='lat' dir='ltr'><strong>corum</strong></span> <span class='ocrx_word' id='word_1_695' title='bbox 381 2449 477 2477; x_wconf 81' lang='lat' dir='ltr'><strong>capax,</strong></span> <span class='ocrx_word' id='word_1_696' title='bbox 503 2443 574 2470; x_wconf 88' lang='lat' dir='ltr'><strong>sicut</strong></span> <span class='ocrx_word' id='word_1_697' title='bbox 599 2443 626 2470; x_wconf 91' lang='lat' dir='ltr'><strong>in</strong></span> <span class='ocrx_word' id='word_1_698' title='bbox 645 2443 752 2471; x_wconf 65' lang='lat' dir='ltr'><strong>caeteris</strong></span> <span class='ocrx_word' id='word_1_699' title='bbox 774 2443 867 2477; x_wconf 87' lang='lat' dir='ltr'><strong>etiam,</strong></span> <span class='ocrx_word' id='word_1_700' title='bbox 892 2452 952 2479; x_wconf 67' lang='lat' dir='ltr'><strong>qua:</strong></span> <span class='ocrx_word' id='word_1_701' title='bbox 979 2452 1044 2471; x_wconf 93' lang='lat' dir='ltr'><strong>con-</strong></span> 
     </span>
    </p>
   </div>
   <div class='ocr_carea' id='block_1_99' title="bbox 258 2487 1046 2522">
    <p class='ocr_par' dir='ltr' id='par_1_99' title="bbox 258 2487 1046 2522">
     <span class='ocr_line' id='line_1_99' title="bbox 258 2487 1046 2522; baseline 0.004 -8"><span class='ocrx_word' id='word_1_702' title='bbox 258 2488 357 2522; x_wconf 73' lang='lat' dir='ltr'><strong>Spexit,</strong></span> <span class='ocrx_word' id='word_1_703' title='bbox 377 2487 450 2521; x_wconf 82' lang='lat' dir='ltr'><strong>fecit,</strong></span> <span class='ocrx_word' id='word_1_704' title='bbox 478 2488 542 2516; x_wconf 85' lang='lat' dir='ltr'><strong>dum</strong></span> <span class='ocrx_word' id='word_1_705' title='bbox 560 2489 617 2516; x_wconf 90' lang='lat' dir='ltr'><strong>alas</strong></span> <span class='ocrx_word' id='word_1_706' title='bbox 638 2493 790 2522; x_wconf 87' lang='lat' dir='ltr'><strong>enumerat,</strong></span> <span class='ocrx_word' id='word_1_707' title='bbox 808 2493 835 2516; x_wconf 90' lang='lat' dir='ltr'><strong>et</strong></span> <span class='ocrx_word' id='word_1_708' title='bbox 853 2493 955 2517; x_wconf 89' lang='lat' dir='ltr'><strong>statum</strong></span> <span class='ocrx_word' id='word_1_709' title='bbox 972 2490 1046 2517; x_wconf 82' lang='lat' dir='ltr'><strong>vola—</strong></span> 
     </span>
    </p>
   </div>
   <div class='ocr_carea' id='block_1_100' title="bbox 258 2534 1044 2570">
    <p class='ocr_par' dir='ltr' id='par_1_100' title="bbox 258 2534 1044 2570">
     <span class='ocr_line' id='line_1_100' title="bbox 258 2534 1044 2570; baseline 0.003 -10"><span class='ocrx_word' id='word_1_710' title='bbox 258 2540 371 2569; x_wconf 80' lang='lat' dir='ltr'><strong>tumque</strong></span> <span class='ocrx_word' id='word_1_711' title='bbox 385 2539 592 2562; x_wconf 86' lang='lat' dir='ltr'><strong>commemorat.</strong></span> <span class='ocrx_word' id='word_1_712' title='bbox 612 2534 714 2563; x_wconf 86' lang='lat' dir='ltr'><strong>Saltem</strong></span> <span class='ocrx_word' id='word_1_713' title='bbox 730 2543 760 2563; x_wconf 85' lang='lat' dir='ltr'><strong>sc</strong></span> <span class='ocrx_word' id='word_1_714' title='bbox 779 2542 872 2562; x_wconf 87' lang='lat' dir='ltr'><strong>vocem</strong></span> <span class='ocrx_word' id='word_1_715' title='bbox 896 2535 1044 2570; x_wconf 82' lang='lat' dir='ltr'><strong>quamdam</strong></span> 
     </span>
    </p>
   </div>
   <div class='ocr_carea' id='block_1_101' title="bbox 242 2579 1046 2616">
    <p class='ocr_par' dir='ltr' id='par_1_101' title="bbox 242 2579 1046 2616">
     <span class='ocr_line' id='line_1_101' title="bbox 242 2579 1046 2616; baseline 0.006 -11"><span class='ocrx_word' id='word_1_716' title='bbox 242 2579 369 2616; x_wconf 85' lang='lat' dir='ltr'><strong>_audisse</strong></span> <span class='ocrx_word' id='word_1_717' title='bbox 383 2579 460 2613; x_wconf 85' lang='lat' dir='ltr'><strong>dicit,</strong></span> <span class='ocrx_word' id='word_1_718' title='bbox 478 2585 701 2616; x_wconf 87' lang='lat' dir='ltr'><strong>summotumque</strong></span> <span class='ocrx_word' id='word_1_719' title='bbox 715 2581 775 2607; x_wconf 88' lang='lat' dir='ltr'><strong>loco</strong></span> <span class='ocrx_word' id='word_1_720' title='bbox 792 2579 877 2608; x_wconf 89' lang='lat' dir='ltr'><strong>fuisse</strong></span> <span class='ocrx_word' id='word_1_721' title='bbox 894 2579 976 2608; x_wconf 84' lang='lat' dir='ltr'><strong>limen</strong></span> <span class='ocrx_word' id='word_1_722' title='bbox 996 2589 1046 2610; x_wconf 83' lang='lat' dir='ltr'><strong>su-</strong></span> 
     </span>
    </p>
   </div>
   <div class='ocr_carea' id='block_1_102' title="bbox 256 2625 1047 2663">
    <p class='ocr_par' dir='ltr' id='par_1_102' title="bbox 256 2625 1047 2663">
     <span class='ocr_line' id='line_1_102' title="bbox 256 2625 1047 2663; baseline 0.004 -10"><span class='ocrx_word' id='word_1_723' title='bbox 256 2625 348 2662; x_wconf 80' lang='lat' dir='ltr'><strong>perius</strong></span> <span class='ocrx_word' id='word_1_724' title='bbox 374 2633 422 2661; x_wconf 83' lang='lat' dir='ltr'><strong>per</strong></span> <span class='ocrx_word' id='word_1_725' title='bbox 447 2632 610 2654; x_wconf 86' lang='lat' dir='ltr'><strong>concentum</strong></span> <span class='ocrx_word' id='word_1_726' title='bbox 635 2627 798 2663; x_wconf 76' lang='lat' dir='ltr'><strong>hymnorum</strong></span> <span class='ocrx_word' id='word_1_727' title='bbox 828 2625 991 2662; x_wconf 87' lang='lat' dir='ltr'><strong>Serapbim,</strong></span> <span class='ocrx_word' id='word_1_728' title='bbox 1020 2632 1047 2656; x_wconf 90' lang='lat' dir='ltr'><strong>et</strong></span> 
     </span>
    </p>
   </div>
   <div class='ocr_carea' id='block_1_103' title="bbox 257 2671 1047 2708">
    <p class='ocr_par' dir='ltr' id='par_1_103' title="bbox 257 2671 1047 2708">
     <span class='ocr_line' id='line_1_103' title="bbox 257 2671 1047 2708; baseline 0.001 -9"><span class='ocrx_word' id='word_1_729' title='bbox 257 2673 334 2700; x_wconf 83' lang='lat' dir='ltr'><strong>fumo</strong></span> <span class='ocrx_word' id='word_1_730' title='bbox 347 2671 458 2700; x_wconf 91' lang='lat' dir='ltr'><strong>domum</strong></span> <span class='ocrx_word' id='word_1_731' title='bbox 474 2673 646 2708; x_wconf 83' lang='lat' dir='ltr'><strong>completam.</strong></span> <span class='ocrx_word' id='word_1_732' title='bbox 667 2673 838 2708; x_wconf 78' lang='lat' dir='ltr'><strong>ignitnmque</strong></span> <span class='ocrx_word' id='word_1_733' title='bbox 850 2673 997 2701; x_wconf 87' lang='lat' dir='ltr'><strong>carbonem</strong></span> <span class='ocrx_word' id='word_1_734' title='bbox 1013 2673 1047 2700; x_wconf 88' lang='lat' dir='ltr'><strong>ab</strong></span> 
     </span>
    </p>
   </div>
   <div class='ocr_carea' id='block_1_104' title="bbox 259 2717 1047 2754">
    <p class='ocr_par' dir='ltr' id='par_1_104' title="bbox 259 2717 1047 2754">
     <span class='ocr_line' id='line_1_104' title="bbox 259 2717 1047 2754; baseline 0.001 -10"><span class='ocrx_word' id='word_1_735' title='bbox 259 2726 313 2746; x_wconf 83' lang='lat' dir='ltr'><strong>uno</strong></span> <span class='ocrx_word' id='word_1_736' title='bbox 327 2726 362 2747; x_wconf 76' lang='lat' dir='ltr'><strong>ex</strong></span> <span class='ocrx_word' id='word_1_737' title='bbox 381 2717 524 2754; x_wconf 76' lang='lat' dir='ltr'><strong>Seraphin)</strong></span> <span class='ocrx_word' id='word_1_738' title='bbox 540 2719 567 2746; x_wconf 88' lang='lat' dir='ltr'><strong>in</strong></span> <span class='ocrx_word' id='word_1_739' title='bbox 580 2727 611 2747; x_wconf 89' lang='lat' dir='ltr'><strong>os</strong></span> <span class='ocrx_word' id='word_1_740' title='bbox 625 2719 696 2746; x_wconf 89' lang='lat' dir='ltr'><strong>vatis</strong></span> <span class='ocrx_word' id='word_1_741' title='bbox 716 2719 846 2753; x_wconf 85' lang='lat' dir='ltr'><strong>injectqu</strong></span> <span class='ocrx_word' id='word_1_742' title='bbox 868 2718 964 2752; x_wconf 81' lang='lat' dir='ltr'><strong>fuisse,</strong></span> <span class='ocrx_word' id='word_1_743' title='bbox 993 2728 1047 2754; x_wconf 88' lang='lat' dir='ltr'><strong>quo</strong></span> 
     </span>
    </p>
   </div>
   <div class='ocr_carea' id='block_1_105' title="bbox 258 2763 1046 2801">
    <p class='ocr_par' dir='ltr' id='par_1_105' title="bbox 258 2763 1046 2801">
     <span class='ocr_line' id='line_1_105' title="bbox 258 2763 1046 2801; baseline 0.003 -10"><span class='ocrx_word' id='word_1_744' title='bbox 258 2763 340 2798; x_wconf 72' lang='lat' dir='ltr'><strong>facto,</strong></span> <span class='ocrx_word' id='word_1_745' title='bbox 358 2772 413 2792; x_wconf 89' lang='lat' dir='ltr'><strong>non</strong></span> <span class='ocrx_word' id='word_1_746' title='bbox 435 2764 516 2792; x_wconf 90' lang='lat' dir='ltr'><strong>modo</strong></span> <span class='ocrx_word' id='word_1_747' title='bbox 532 2765 615 2798; x_wconf 80' lang='lat' dir='ltr'><strong>labia,</strong></span> <span class='ocrx_word' id='word_1_748' title='bbox 637 2765 683 2792; x_wconf 85' lang='lat' dir='ltr'><strong>sed</strong></span> <span class='ocrx_word' id='word_1_749' title='bbox 710 2765 792 2792; x_wconf 85' lang='lat' dir='ltr'><strong>etiam</strong></span> <span class='ocrx_word' id='word_1_750' title='bbox 811 2772 894 2793; x_wconf 81' lang='lat' dir='ltr'><strong>aures</strong></span> <span class='ocrx_word' id='word_1_751' title='bbox 908 2765 994 2801; x_wconf 86' lang='lat' dir='ltr'><strong>ipsius</strong></span> <span class='ocrx_word' id='word_1_752' title='bbox 1013 2766 1046 2793; x_wconf 85' lang='lat' dir='ltr'><strong>ad</strong></span> 
     </span>
    </p>
   </div>
   <div class='ocr_carea' id='block_1_106' title="bbox 313 2851 867 2886">
    <p class='ocr_par' dir='ltr' id='par_1_106' title="bbox 313 2851 867 2886">
     <span class='ocr_line' id='line_1_106' title="bbox 313 2851 867 2886; baseline 0.004 -8"><span class='ocrx_word' id='word_1_753' title='bbox 313 2853 335 2868; x_wconf 70' lang='grc' dir='ltr'><strong>⁸ο</strong></span> <span class='ocrx_word' id='word_1_754' title='bbox 353 2851 434 2880; x_wconf 86' lang='lat' dir='ltr'><strong>lCor.</strong></span> <span class='ocrx_word' id='word_1_755' title='bbox 447 2860 491 2886; x_wconf 82' lang='lat' dir='ltr'><strong>xv,</strong></span> <span class='ocrx_word' id='word_1_756' title='bbox 505 2851 548 2880; x_wconf 78' lang='lat' dir='ltr'><strong>t5.</strong></span> <span class='ocrx_word' id='word_1_757' title='bbox 584 2852 605 2868; x_wconf 76' lang='lat'>“</span> <span class='ocrx_word' id='word_1_758' title='bbox 623 2851 694 2879; x_wconf 82' lang='lat' dir='ltr'><strong>Psal.</strong></span> <span class='ocrx_word' id='word_1_759' title='bbox 706 2859 808 2886; x_wconf 77' lang='lat' dir='ltr'><strong>Lxxru,</strong></span> <span class='ocrx_word' id='word_1_760' title='bbox 822 2852 867 2880; x_wconf 72' lang='lat'><strong>20.</strong></span> 
     </span>
    </p>
   </div>
   <div class='ocr_carea' id='block_1_107' title="bbox 1098 2258 1892 2294">
    <p class='ocr_par' dir='ltr' id='par_1_107' title="bbox 1098 2258 1892 2294">
     <span class='ocr_line' id='line_1_107' title="bbox 1098 2258 1892 2294; baseline -0.008 -5"><span class='ocrx_word' id='word_1_761' title='bbox 1098 2262 1132 2289; x_wconf 79' lang='grc' dir='ltr'>ἂν</span> <span class='ocrx_word' id='word_1_762' title='bbox 1154 2259 1214 2288; x_wconf 77' lang='grc' dir='ltr'>εἶπε</span> <span class='ocrx_word' id='word_1_763' title='bbox 1234 2261 1352 2292; x_wconf 82' lang='grc' dir='ltr'>πάντως,</span> <span class='ocrx_word' id='word_1_764' title='bbox 1374 2259 1453 2294; x_wconf 80' lang='grc' dir='ltr'>εἴπερ</span> <span class='ocrx_word' id='word_1_765' title='bbox 1474 2258 1608 2294; x_wconf 79' lang='grc' dir='ltr'>ἐχώρησε,</span> <span class='ocrx_word' id='word_1_766' title='bbox 1628 2258 1754 2293; x_wconf 79' lang='grc' dir='ltr'>καθάπερ</span> <span class='ocrx_word' id='word_1_767' title='bbox 1776 2258 1822 2284; x_wconf 74' lang='grc' dir='ltr'>καὶ</span> <span class='ocrx_word' id='word_1_768' title='bbox 1844 2258 1892 2284; x_wconf 70' lang='grc' dir='ltr'><strong>ἐπὶ</strong></span> 
     </span>
    </p>
   </div>
   <div class='ocr_carea' id='block_1_108' title="bbox 1098 2302 1890 2340">
    <p class='ocr_par' dir='ltr' id='par_1_108' title="bbox 1098 2302 1890 2340">
     <span class='ocr_line' id='line_1_108' title="bbox 1098 2302 1890 2340; baseline -0.008 -5"><span class='ocrx_word' id='word_1_769' title='bbox 1098 2307 1151 2335; x_wconf 86' lang='grc' dir='ltr'>τῶν</span> <span class='ocrx_word' id='word_1_770' title='bbox 1167 2306 1253 2334; x_wconf 78' lang='grc' dir='ltr'>ἄλλων</span> <span class='ocrx_word' id='word_1_771' title='bbox 1273 2302 1310 2333; x_wconf 82' lang='grc' dir='ltr'>ὧν</span> <span class='ocrx_word' id='word_1_772' title='bbox 1331 2303 1401 2332; x_wconf 80' lang='grc' dir='ltr'>εἶδεν</span> <span class='ocrx_word' id='word_1_773' title='bbox 1424 2305 1546 2340; x_wconf 86' lang='grc' dir='ltr'>ὲποιησε,</span> <span class='ocrx_word' id='word_1_774' title='bbox 1564 2304 1702 2339; x_wconf 84' lang='grc' dir='ltr'>πτέρυγας</span> <span class='ocrx_word' id='word_1_775' title='bbox 1724 2303 1890 2339; x_wconf 81' lang='grc' dir='ltr'>ἀριθμήσας,</span> 
     </span>
    </p>
   </div>
   <div class='ocr_carea' id='block_1_109' title="bbox 1099 2349 1890 2387">
    <p class='ocr_par' dir='ltr' id='par_1_109' title="bbox 1099 2349 1890 2387">
     <span class='ocr_line' id='line_1_109' title="bbox 1099 2349 1890 2387; baseline -0.006 -7"><span class='ocrx_word' id='word_1_776' title='bbox 1099 2352 1145 2380; x_wconf 79' lang='grc' dir='ltr'><strong>καὶ</strong></span> <span class='ocrx_word' id='word_1_777' title='bbox 1162 2353 1255 2379; x_wconf 81' lang='grc' dir='ltr'>στάσιν</span> <span class='ocrx_word' id='word_1_778' title='bbox 1270 2351 1316 2379; x_wconf 76' lang='grc' dir='ltr'><strong>καὶ</strong></span> <span class='ocrx_word' id='word_1_779' title='bbox 1343 2351 1442 2387; x_wconf 79' lang='grc' dir='ltr'>πτῆσιν</span> <span class='ocrx_word' id='word_1_780' title='bbox 1463 2351 1672 2386; x_wconf 80' lang='grc' dir='ltr'>διηγησάμενος.</span> <span class='ocrx_word' id='word_1_781' title='bbox 1693 2350 1785 2385; x_wconf 83' lang='grc' dir='ltr'>Φωνῆς</span> <span class='ocrx_word' id='word_1_782' title='bbox 1797 2349 1825 2376; x_wconf 77' lang='grc' dir='ltr'><strong>δὲ</strong></span> <span class='ocrx_word' id='word_1_783' title='bbox 1840 2350 1890 2384; x_wconf 87' lang='grc' dir='ltr'>μό-</span> 
     </span>
    </p>
   </div>
   <div class='ocr_carea' id='block_1_110' title="bbox 1097 2395 1894 2435">
    <p class='ocr_par' dir='ltr' id='par_1_110' title="bbox 1097 2395 1894 2435">
     <span class='ocr_line' id='line_1_110' title="bbox 1097 2395 1894 2435; baseline -0.006 -8"><span class='ocrx_word' id='word_1_784' title='bbox 1097 2409 1146 2435; x_wconf 87' lang='grc' dir='ltr'><strong>νης</strong></span> <span class='ocrx_word' id='word_1_785' title='bbox 1161 2399 1306 2434; x_wconf 83' lang='grc' dir='ltr'>ἀκηκοέναι</span> <span class='ocrx_word' id='word_1_786' title='bbox 1321 2399 1412 2434; x_wconf 74' lang='grc' dir='ltr'>φησὶν,</span> <span class='ocrx_word' id='word_1_787' title='bbox 1426 2398 1471 2425; x_wconf 78' lang='grc' dir='ltr'>ὅτε</span> <span class='ocrx_word' id='word_1_788' title='bbox 1492 2397 1599 2433; x_wconf 72' lang='grc' dir='ltr'>ἐπήρθη</span> <span class='ocrx_word' id='word_1_789' title='bbox 1618 2397 1647 2424; x_wconf 81' lang='grc' dir='ltr'>τὸ</span> <span class='ocrx_word' id='word_1_790' title='bbox 1668 2395 1820 2432; x_wconf 84' lang='grc' dir='ltr'>ὑπέρθυρον</span> <span class='ocrx_word' id='word_1_791' title='bbox 1838 2396 1894 2423; x_wconf 75' lang='grc' dir='ltr'><strong>ὑπὸ</strong></span> 
     </span>
    </p>
   </div>
   <div class='ocr_carea' id='block_1_111' title="bbox 1098 2440 1893 2481">
    <p class='ocr_par' dir='ltr' id='par_1_111' title="bbox 1098 2440 1893 2481">
     <span class='ocr_line' id='line_1_111' title="bbox 1098 2440 1893 2481; baseline -0.004 -8"><span class='ocrx_word' id='word_1_792' title='bbox 1098 2446 1147 2481; x_wconf 78' lang='grc' dir='ltr'>τῆς</span> <span class='ocrx_word' id='word_1_793' title='bbox 1168 2445 1222 2472; x_wconf 83' lang='grc' dir='ltr'>τῶν</span> <span class='ocrx_word' id='word_1_794' title='bbox 1245 2445 1368 2481; x_wconf 77' lang='grc' dir='ltr'>Σεραφὶμ</span> <span class='ocrx_word' id='word_1_795' title='bbox 1393 2444 1537 2480; x_wconf 80' lang='grc' dir='ltr'>ὑμνῳδίας,</span> <span class='ocrx_word' id='word_1_796' title='bbox 1563 2444 1610 2471; x_wconf 79' lang='grc' dir='ltr'>καὶ</span> <span class='ocrx_word' id='word_1_797' title='bbox 1631 2444 1645 2470; x_wconf 86' lang='grc' dir='ltr'><em>ὁ</em></span> <span class='ocrx_word' id='word_1_798' title='bbox 1668 2440 1741 2475; x_wconf 74' lang='grc' dir='ltr'>οἶκος</span> <span class='ocrx_word' id='word_1_799' title='bbox 1766 2442 1893 2478; x_wconf 82' lang='grc' dir='ltr'>ἐπλήσθη</span> 
     </span>
    </p>
   </div>
   <div class='ocr_carea' id='block_1_112' title="bbox 1099 2487 1892 2525">
    <p class='ocr_par' dir='ltr' id='par_1_112' title="bbox 1099 2487 1892 2525">
     <span class='ocr_line' id='line_1_112' title="bbox 1099 2487 1892 2525; baseline -0.006 -6"><span class='ocrx_word' id='word_1_800' title='bbox 1099 2491 1214 2523; x_wconf 79' lang='grc' dir='ltr'>καπνοῦ,</span> <span class='ocrx_word' id='word_1_801' title='bbox 1227 2491 1273 2518; x_wconf 77' lang='grc' dir='ltr'>καὶ</span> <span class='ocrx_word' id='word_1_802' title='bbox 1286 2490 1319 2517; x_wconf 81' lang='grc' dir='ltr'><strong>δι’</strong></span> <span class='ocrx_word' id='word_1_803' title='bbox 1335 2490 1393 2522; x_wconf 74' lang='grc' dir='ltr'>ἑνὸς</span> <span class='ocrx_word' id='word_1_804' title='bbox 1406 2490 1460 2516; x_wconf 83' lang='grc' dir='ltr'><strong>τῶν</strong></span> <span class='ocrx_word' id='word_1_805' title='bbox 1481 2489 1606 2525; x_wconf 73' lang='grc' dir='ltr'>Σεραφὶμ</span> <span class='ocrx_word' id='word_1_806' title='bbox 1621 2488 1756 2524; x_wconf 74' lang='grc' dir='ltr'>ἐπεϐλήθη</span> <span class='ocrx_word' id='word_1_807' title='bbox 1773 2487 1813 2523; x_wconf 84' lang='grc' dir='ltr'>τῷ</span> <span class='ocrx_word' id='word_1_808' title='bbox 1829 2488 1892 2515; x_wconf 85' lang='grc' dir='ltr'>στό-</span> 
     </span>
    </p>
   </div>
   <div class='ocr_carea' id='block_1_113' title="bbox 1101 2530 1893 2573">
    <p class='ocr_par' dir='ltr' id='par_1_113' title="bbox 1101 2530 1893 2573">
     <span class='ocr_line' id='line_1_113' title="bbox 1101 2530 1893 2573; baseline -0.005 -9"><span class='ocrx_word' id='word_1_809' title='bbox 1101 2546 1165 2573; x_wconf 89' lang='grc' dir='ltr'>ματι</span> <span class='ocrx_word' id='word_1_810' title='bbox 1180 2537 1225 2563; x_wconf 77' lang='grc' dir='ltr'><strong>τοῦ</strong></span> <span class='ocrx_word' id='word_1_811' title='bbox 1242 2537 1384 2572; x_wconf 78' lang='grc' dir='ltr'>Προφήτου</span> <span class='ocrx_word' id='word_1_812' title='bbox 1399 2535 1530 2570; x_wconf 83' lang='grc' dir='ltr'>διάπυρος</span> <span class='ocrx_word' id='word_1_813' title='bbox 1556 2534 1658 2570; x_wconf 76' lang='grc' dir='ltr'>ἄνθραξ</span> <span class='ocrx_word' id='word_1_814' title='bbox 1671 2542 1678 2549; x_wconf 91' lang='grc'><strong>·</strong></span> <span class='ocrx_word' id='word_1_815' title='bbox 1699 2530 1730 2560; x_wconf 74' lang='grc' dir='ltr'><strong>οὗ</strong></span> <span class='ocrx_word' id='word_1_816' title='bbox 1746 2533 1893 2568; x_wconf 76' lang='grc' dir='ltr'>γενομένου</span> 
     </span>
    </p>
   </div>
   <div class='ocr_carea' id='block_1_114' title="bbox 1100 2579 1894 2617">
    <p class='ocr_par' dir='ltr' id='par_1_114' title="bbox 1100 2579 1894 2617">
     <span class='ocr_line' id='line_1_114' title="bbox 1100 2579 1894 2617; baseline -0.006 -7"><span class='ocrx_word' id='word_1_817' title='bbox 1100 2583 1130 2610; x_wconf 73' lang='grc' dir='ltr'>οὗ</span> <span class='ocrx_word' id='word_1_818' title='bbox 1146 2582 1181 2610; x_wconf 81' lang='grc' dir='ltr'>τὰ</span> <span class='ocrx_word' id='word_1_819' title='bbox 1196 2581 1271 2617; x_wconf 79' lang='grc' dir='ltr'>χείλη</span> <span class='ocrx_word' id='word_1_820' title='bbox 1291 2581 1380 2616; x_wconf 82' lang='grc' dir='ltr'>μόνον,</span> <span class='ocrx_word' id='word_1_821' title='bbox 1393 2580 1461 2607; x_wconf 79' lang='grc' dir='ltr'>ἀλλὰ</span> <span class='ocrx_word' id='word_1_822' title='bbox 1487 2580 1534 2608; x_wconf 80' lang='grc' dir='ltr'>καὶ</span> <span class='ocrx_word' id='word_1_823' title='bbox 1552 2581 1568 2616; x_wconf 89' lang='grc' dir='ltr'>ὴ</span> <span class='ocrx_word' id='word_1_824' title='bbox 1593 2579 1661 2615; x_wconf 79' lang='grc' dir='ltr'>ἀκοὴ</span> <span class='ocrx_word' id='word_1_825' title='bbox 1683 2579 1750 2614; x_wconf 80' lang='grc' dir='ltr'>πρὸς</span> <span class='ocrx_word' id='word_1_826' title='bbox 1767 2579 1817 2614; x_wconf 76' lang='grc' dir='ltr'>τὴν</span> <span class='ocrx_word' id='word_1_827' title='bbox 1843 2579 1894 2606; x_wconf 81' lang='grc' dir='ltr'>τοῦ</span> 
     </span>
    </p>
   </div>
   <div class='ocr_carea' id='block_1_115' title="bbox 1101 2624 1895 2663">
    <p class='ocr_par' dir='ltr' id='par_1_115' title="bbox 1101 2624 1895 2663">
     <span class='ocr_line' id='line_1_115' title="bbox 1101 2624 1895 2663; baseline -0.006 -7"><span class='ocrx_word' id='word_1_828' title='bbox 1101 2629 1178 2663; x_wconf 79' lang='grc' dir='ltr'>λόγου</span> <span class='ocrx_word' id='word_1_829' title='bbox 1197 2627 1329 2663; x_wconf 81' lang='grc' dir='ltr'>ὑποδοχὴν</span> <span class='ocrx_word' id='word_1_830' title='bbox 1341 2627 1527 2663; x_wconf 83' lang='grc' dir='ltr'>καθαρίζεται.</span> <span class='ocrx_word' id='word_1_831' title='bbox 1547 2626 1591 2658; x_wconf 80' lang='grc' dir='ltr'>Ὠς</span> <span class='ocrx_word' id='word_1_832' title='bbox 1603 2626 1657 2662; x_wconf 82' lang='grc' dir='ltr'><strong>γὰρ</strong></span> <span class='ocrx_word' id='word_1_833' title='bbox 1672 2624 1788 2652; x_wconf 76' lang='grc' dir='ltr'>ἐνταῦθα</span> <span class='ocrx_word' id='word_1_834' title='bbox 1804 2634 1895 2652; x_wconf 83' lang='grc' dir='ltr'>πατα-</span> 
     </span>
    </p>
   </div>
   <div class='ocr_carea' id='block_1_116' title="bbox 1098 2671 1894 2710">
    <p class='ocr_par' dir='ltr' id='par_1_116' title="bbox 1098 2671 1894 2710">
     <span class='ocr_line' id='line_1_116' title="bbox 1098 2671 1894 2710; baseline -0.005 -9"><span class='ocrx_word' id='word_1_835' title='bbox 1098 2674 1194 2710; x_wconf 86' lang='grc' dir='ltr'>χθῆναι</span> <span class='ocrx_word' id='word_1_836' title='bbox 1216 2674 1300 2708; x_wconf 89' lang='grc' dir='ltr'>λέγει,</span> <span class='ocrx_word' id='word_1_837' title='bbox 1322 2673 1369 2700; x_wconf 76' lang='grc' dir='ltr'>καὶ</span> <span class='ocrx_word' id='word_1_838' title='bbox 1390 2672 1625 2708; x_wconf 86' lang='grc' dir='ltr'>τραυματισθῆναι</span> <span class='ocrx_word' id='word_1_839' title='bbox 1641 2671 1716 2708; x_wconf 73' lang='grc' dir='ltr'>παρὰ</span> <span class='ocrx_word' id='word_1_840' title='bbox 1734 2671 1788 2698; x_wconf 81' lang='grc' dir='ltr'>τῶν</span> <span class='ocrx_word' id='word_1_841' title='bbox 1807 2671 1894 2706; x_wconf 81' lang='grc' dir='ltr'>φυλά-</span> 
     </span>
    </p>
   </div>
   <div class='ocr_carea' id='block_1_117' title="bbox 1098 2716 1892 2756">
    <p class='ocr_par' dir='ltr' id='par_1_117' title="bbox 1098 2716 1892 2756">
     <span class='ocr_line' id='line_1_117' title="bbox 1098 2716 1892 2756; baseline -0.004 -9"><span class='ocrx_word' id='word_1_842' title='bbox 1098 2729 1154 2748; x_wconf 83' lang='grc' dir='ltr'>κων</span> <span class='ocrx_word' id='word_1_843' title='bbox 1173 2719 1304 2756; x_wconf 79' lang='grc' dir='ltr'>ὴνύμφη,</span> <span class='ocrx_word' id='word_1_844' title='bbox 1328 2719 1375 2747; x_wconf 81' lang='grc' dir='ltr'>καὶ</span> <span class='ocrx_word' id='word_1_845' title='bbox 1396 2719 1467 2746; x_wconf 75' lang='grc' dir='ltr'>οὕτω</span> <span class='ocrx_word' id='word_1_846' title='bbox 1489 2717 1668 2754; x_wconf 81' lang='grc' dir='ltr'>γυμνωθῆναι</span> <span class='ocrx_word' id='word_1_847' title='bbox 1684 2718 1734 2753; x_wconf 87' lang='grc' dir='ltr'>τῆς</span> <span class='ocrx_word' id='word_1_848' title='bbox 1755 2716 1804 2744; x_wconf 79' lang='grc' dir='ltr'><strong>τοῦ</strong></span> <span class='ocrx_word' id='word_1_849' title='bbox 1816 2717 1892 2752; x_wconf 81' lang='grc' dir='ltr'>θερί-</span> 
     </span>
    </p>
   </div>
   <div class='ocr_carea' id='block_1_118' title="bbox 1100 2761 1892 2802">
    <p class='ocr_par' dir='ltr' id='par_1_118' title="bbox 1100 2761 1892 2802">
     <span class='ocr_line' id='line_1_118' title="bbox 1100 2761 1892 2802; baseline -0.004 -10"><span class='ocrx_word' id='word_1_850' title='bbox 1100 2774 1180 2802; x_wconf 82' lang='grc' dir='ltr'>στρου</span> <span class='ocrx_word' id='word_1_851' title='bbox 1193 2765 1338 2801; x_wconf 74' lang='grc' dir='ltr'>περιϐολῆς</span> <span class='ocrx_word' id='word_1_852' title='bbox 1348 2773 1354 2780; x_wconf 62' lang='grc' dir='ltr'><strong>ε</strong></span> <span class='ocrx_word' id='word_1_853' title='bbox 1371 2765 1441 2792; x_wconf 85' lang='grc' dir='ltr'>οὓτω</span> <span class='ocrx_word' id='word_1_854' title='bbox 1458 2765 1538 2792; x_wconf 83' lang='grc' dir='ltr'>κάκεῖ</span> <span class='ocrx_word' id='word_1_855' title='bbox 1553 2764 1613 2791; x_wconf 79' lang='grc' dir='ltr'>ἀντὶ</span> <span class='ocrx_word' id='word_1_856' title='bbox 1629 2763 1677 2799; x_wconf 67' lang='grc' dir='ltr'>μὲν</span> <span class='ocrx_word' id='word_1_857' title='bbox 1689 2762 1736 2790; x_wconf 82' lang='grc' dir='ltr'>τοῦ</span> <span class='ocrx_word' id='word_1_858' title='bbox 1749 2761 1892 2799; x_wconf 76' lang='grc' dir='ltr'>θεριστρου</span> 
     </span>
    </p>
   </div>
  </div>
