1978 3068
135 169 205 197 I051

667 167 702 196 IN
717 167 867 197 CANTICA
883 166 1018 196 CANTIC.
1038 166 1181 196 HOMILIA
1199 168 1269 195 XIII.

1695 166 1764 194 I038

134 227 164 253 τὺ
181 224 334 261 ὑπέρθυρον
349 226 464 261 αἴρεται,
487 225 557 252 ὥστε
575 226 771 261 ἀνεμπόδιστον
794 224 868 260 αὺτῷ
882 233 929 259 γε·

988 225 1138 260 recipienda
1164 224 1246 252 verba
1275 227 1469 259 purgarentur.
1506 224 1641 252 Nimirum
1671 229 1702 252 ut
1724 225 1769 252 hic

133 272 227 299 νὲσθαι
240 272 294 298 τῶν
309 273 338 299 ὲν
353 273 409 304 τοῖς
427 273 532 304 ἀδύτοις
546 273 596 308 τὴν
614 272 744 308 Θεωρίαν·
762 271 861 299 amat
875 270 928 297 τῶν

135 317 263 352 φυλάκων
276 316 311 343 τὰ
326 317 451 352 Σεραφὶμ
473 317 651 353 ὀνομάζεται·
673 317 734 344 ἀντὶ
752 317 781 344 δὲ
800 317 850 352 τῆς
864 315 930 352 M6-

133 362 190 394 δου,
209 362 223 387 ὁ
238 361 358 397 ἄνθραξ·
373 362 433 388 ἀντὶ
451 362 479 388 δὲ
491 363 541 397 τῆς
561 362 677 397 πληγῆς,
694 363 710 398 ἡ
732 361 839 394 καῦσις.

983 277 1142 304 percussam
1163 277 1192 298 se
1213 277 1314 305 sponsa
1341 269 1417 302 dicit,
1437 277 1469 298 ac
1495 270 1665 298 vulneratam
1687 277 1704 297 a
1721 276 1770 298 eu-

983 316 1120 347 stodibus,
1143 323 1232 350 eoque
1254 318 1334 350 pacto
1355 315 1485 343 nudatam
1501 316 1574 351 pepli
1588 316 1688 343 amictu
1705 323 1711 341 :
1728 315 1769 343 sit:

983 361 1021 388 ibi
1039 362 1108 396 pepli
1135 362 1244 397 quidem
1260 362 1320 389 loco
1346 362 1430 389 limen
1455 362 1583 397 superius
1603 361 1722 394 tollitur,
1740 364 1772 387 ut

140 408 322 442 contemplari
352 407 456 442 absque
486 408 679 440 impedimento
700 416 760 443 quae
785 408 812 435 in
840 407 928 443 adytis
947 411 1041 435 essent
1077 413 1193 442 posset;
1229 415 1279 443 pro
1298 408 1460 435 custodibus
1478 415 1554 441 vero,
1578 407 1722 442 Serapltim
1740 406 1770 433 ﬁt

140 455 260 487 mentio;
278 463 327 490 pro
343 456 428 491 virga,
444 456 590 489 carbonis;
605 464 653 491 pro
665 456 785 488 verbere,
799 455 925 483 ustionis.

172 501 268 528 Κοινδν
289 502 317 528 δὲ
335 502 365 528 τὸ
384 503 470 538 πέρας
490 504 535 530 ὲπι
547 512 576 529 τε
599 503 649 538 τῆς
674 503 792 538 νύμφης,
813 504 861 530 καὶ
882 502 928 529 ἐπὶ

133 547 186 581 τῆς
204 547 251 573 τοῦ
278 548 416 583 προφήτου
435 547 534 582 ψυχῆς,
561 549 577 583 ἠ
604 548 758 584 καθαρότης
782 548 865 574 ἐστιν.
883 548 927 579 Ὧς

133 592 180 619 οἷαν
205 595 219 619 ὁ
249 595 390 629 προφήτης
414 593 457 621 διὰ
479 594 526 620 τοῦ
551 594 684 629 ἄνθρακος
702 595 762 629 οὐχὶ
785 593 928 628 ἀλγύνεται

135 639 289 673 καιόμενος,
304 639 370 666 ἀλλὰ
384 639 524 672 δοξάζεται
536 638 770 675 λαμπρυνάμενος,
783 639 868 671 οὕτως
881 639 928 666 καὶ

134 684 279 720 ὲνταῦθαὴ
295 684 397 720 νύμφη.
413 686 462 712 οὐκ
480 685 576 720 ὀδύνην
597 686 629 712 ἐκ
649 686 698 720 τῆς
715 685 822 720 πληγῆς
840 685 928 711 αἰτιᾶ-

134 739 190 762 ται,
207 730 264 756 ἀλλ’
281 721 462 766 ἐπικαυχᾶται
485 732 517 766 τῇ
533 731 581 765 τῆς
603 731 758 767 παρρησίας
775 731 928 768 προσθήκῃ,

134 777 168 811 τῇ
198 776 340 812 ἀφαιρέσει
365 776 411 803 τοῦ
439 777 682 812 προκαλύμματος,
709 777 723 803 ὃ
752 777 893 812 θέριστρον
915 777 930 803 ὸ

1018 500 1152 527 Caeterum
1181 501 1244 529 linis
1273 505 1300 528 et
1335 501 1362 528 in
1389 508 1495 536 sponsa:
1524 505 1551 528 et
1577 501 1605 528 in
1631 502 1772 537 propheta:

983 547 1074 573 anitno
1090 546 1160 574 idem
1175 549 1228 578 cst,
1250 546 1378 573 nimirum
1403 547 1517 581 puritas.
1541 546 1715 582 Quapropter
1732 547 1772 574 uti

982 597 1058 620 vates
1075 599 1122 626 per
1136 592 1284 620 carbonem
1309 596 1388 620 ustus
1404 592 1526 619 dolorem
1549 592 1656 619 nullum
1678 592 1772 624 sentit,

983 638 1031 665 sed
1043 639 1203 674 ampliorem
1217 639 1331 674 gloriam
1344 639 1498 666 illustratus
1511 639 1691 674 consequitur
1706 647 1713 665 :
1732 638 1773 666 sic

983 686 1064 712 etiam
1081 685 1132 712 hoc
1149 686 1208 713 loco
1223 693 1324 720 sponsa
1339 692 1393 712 non
1412 685 1445 712 de
1461 685 1522 712 ullo
1538 692 1572 712 ex
1585 685 1700 712 vulnere
1719 685 1770 712 do-

983 733 1042 760 lore
1062 732 1196 767 queritur,
1217 732 1264 759 sed
1287 731 1418 759 audacter
1441 731 1524 759 etiam
1546 731 1686 767 libereque
1709 739 1773 767 pro-

985 781 1045 812 pter
1055 777 1255 812 ademptionem
1271 777 1425 809 velaminis,
1445 777 1518 812 quod
1537 776 1582 804 hic
1597 777 1708 812 peplum
1727 784 1774 812 ap—

134 821 213 856 λόγος
230 822 380 857 ὠνόμασεν.
398 823 476 849 Ἔστι
501 822 529 849 δὲ
555 823 602 849 καὶ
627 822 709 858 ἄλλην
729 823 789 849 τινὰ
813 822 931 850 διάνοιαν

988 822 1113 856 pellatur,
1131 829 1192 849 sese
1209 822 1305 856 jactat.
1332 821 1420 848 Etiam
1440 821 1510 849 alius
1536 821 1648 856 quidam
1672 829 1774 849 sensus

135 868 165 894 ἐν
185 867 241 898 τοῖς
258 867 448 902 προκειμένοις
464 867 566 902 εὑρεῖν,
585 867 661 893 οὐδὲν
684 867 738 894 τῶν
760 867 932 902 τεθεωρημέ-

135 921 188 939 νων
207 912 372 948 ἀπᾴδουσαν.
396 912 428 939 'H
442 913 496 948 γὰρ
513 912 656 945 ἐξελθοῦσα
671 913 744 948 ψυχὴ
759 913 787 940 ἐν
801 913 840 948 τῷ
859 913 932 949 λόγῳ

135 958 228 991 αὐτοῦ,
245 958 293 989 καὶ.
308 958 426 994 ζητοῦσα
441 959 490 994 μὲν
506 959 552 986 τὸν
571 960 621 994 οὐχ
635 960 827 995 εὑρισκόμενον
839 968 846 975 ·
863 961 932 989 ἀνα-

136 1003 257 1030 καλοῦσα
271 1004 300 1030 δὲ
318 1004 364 1030 τὸν
378 1005 411 1039 τῇ
426 1005 548 1039 σημασία
559 1005 613 1031 τῶν
627 1005 766 1040 ὀνομάτων
778 1005 931 1040 ἀνέφικτον,

91 1071 94 1074 .
134 1049 288 1076 διδάσκεται
313 1049 389 1084 παρά
412 1049 466 1076 τῶν
487 1050 624 1083 φυλάκων,
646 1050 685 1076 ὅτι
713 1050 761 1076 τοῦ
788 1051 932 1084 ἀνεφίκτου

135 1095 196 1129 ἐρᾷ.
217 1094 264 1120 καὶ
283 1094 330 1120 τοῦ
350 1094 542 1128 ἀκαταλήπτου
571 1095 687 1128 ἐφίεται.
713 1095 751 1121 Δι’
772 1092 810 1122 ὢν
832 1095 932 1131 τρόπον

135 1140 197 1166 τινὰ
210 1139 357 1174 πλήσσεται
373 1139 420 1165 καὶ
434 1140 644 1174 τραυματίζεται
662 1141 695 1176 τῇ
712 1140 872 1176 ἀνελπιστίᾳ.
886 1140 932 1167 τοῦ

136 1183 315 1220 ποθουμένου,
339 1183 420 1218 ἀτελῆ
444 1192 473 1209 τε
495 1184 542 1210 καὶ
563 1184 766 1210 ἀναπόλαυστον
785 1183 831 1210 τοῦ
853 1184 933 1211 ἄλλου

135 1228 185 1263 τὴν
202 1228 349 1263 ἐπιθυμίαν
371 1229 514 1264 νομίσασα.
534 1229 613 1256 Ἀλλά
635 1231 818 1265 περιαιρεῖται
835 1230 866 1257 τὸ
884 1230 934 1265 τῆς

136 1275 224 1310 λύπης
241 1275 392 1311 θέριστρον,
417 1275 461 1302 διὰ
483 1275 530 1302 τοῦ
555 1275 651 1311 μαθεῖν
669 1276 709 1302 ὅτι
730 1275 761 1302 τὸ
774 1276 817 1302 ἀεὶ
833 1276 933 1311 προκό-

137 1330 213 1347 πτειν
239 1321 267 1347 ὲν
294 1320 332 1355 τῷ
354 1320 454 1356 ζητεῖν,
481 1321 525 1348 καὶ
550 1321 582 1347 τὸ
606 1321 739 1356 μηδέποτε
765 1321 817 1355 τῆς
840 1321 934 1348 ἀνόδου

137 1366 282 1398 παύεσθαι,
296 1367 432 1393 τουτέστιν
452 1367 468 1401 ἡ
490 1366 592 1401 ἀληθὴς
614 1360 660 1393 τοῦ
685 1367 852 1403 ποθουμένου
868 1367 935 1393 ἀπό-

137 1411 242 1443 λαυσις,
258 1412 306 1447 τῆς
323 1412 435 1438 πάντοτε
452 1412 641 1447 πληρουμένης
661 1413 822 1448 ἐπιθυμίας,
838 1412 934 1447 ἑτέραν

984 875 1017 895 ex
1040 867 1133 894 verbis
1158 866 1233 894 hisce
1257 870 1347 901 potest
1369 866 1443 897 elici,
1467 866 1579 893 minime
1604 866 1638 894 ab
1653 866 1686 894 iis
1713 874 1774 901 quae

983 913 1221 940 consideravimus
1236 912 1369 940 hactenus
1384 912 1546 940 abhorrens.
1558 911 1666 939 Etenim
1678 912 1769 939 anima

985 964 1096 991 egressa
1114 956 1147 983 ad
1171 964 1326 984 sermonem
1348 955 1419 991 ejus,
1436 959 1462 983 et
1481 963 1607 991 quaerens
1631 956 1708 984 illum
1725 957 1772 991 qui

984 1011 1040 1030 non
1063 1003 1212 1038 reperitur,
1236 1009 1339 1030 vocans
1352 1009 1414 1030 eum
1442 1002 1488 1037 qui
1505 1003 1580 1030 nulla
1604 1002 1773 1030 indicatione

984 1056 1081 1076 vocum
1110 1048 1307 1083 comprehendi
1325 1053 1426 1084 potest,
1442 1055 1457 1076 a
1474 1049 1636 1076 custodibus
1650 1049 1774 1081 docetur,

985 1094 1107 1120 adamari
1134 1094 1168 1121 ab
1195 1101 1227 1121 ea
1257 1088 1336 1128 quod
1354 1101 1435 1121 nemo
1463 1094 1595 1130 consequi
1620 1095 1719 1129 possit,
1748 1100 1775 1122 ct

985 1139 1075 1174 expeti
1095 1139 1168 1174 quod
1185 1139 1236 1166 sub
1257 1139 1460 1174 pereeptionem
1485 1147 1541 1166 non
1557 1140 1647 1172 cadat,
1664 1147 1719 1175 quo
1735 1141 1774 1173 ﬁt,

985 1188 1016 1212 ut
1037 1185 1084 1212 illa
1106 1184 1225 1219 quodam
1245 1185 1327 1212 modo
1351 1189 1463 1220 propter
1478 1185 1695 1220 desperationem
1712 1194 1775 1214 con-

985 1230 1118 1265 sequendi
1136 1229 1209 1265 quod
1226 1229 1375 1263 desiderat,
1390 1230 1550 1258 verberetur
1569 1238 1602 1258 ac
1615 1231 1775 1259 vulneribus

986 1274 1119 1301 adiciatur
1143 1283 1150 1302 :
1173 1274 1305 1301 arbitrata
1332 1274 1509 1310 cupiditatem
1538 1275 1609 1303 hanc
1641 1276 1694 1304 ﬁne
1725 1284 1776 1304 suo

985 1320 1123 1351 excidere.
1141 1328 1231 1355 neque
1248 1328 1277 1348 se
1301 1320 1373 1348 bono
1392 1321 1439 1347 illo
1463 1321 1545 1356 potiri
1563 1329 1653 1356 posse.
1673 1321 1774 1350 Verum

986 1364 1116 1392 adimitur
1137 1364 1183 1392 hic
1209 1365 1234 1392 ei
1253 1365 1383 1393 man-oris
1409 1366 1515 1400 peplus,
1535 1367 1599 1393 dum
1625 1366 1703 1394 discit
1730 1375 1777 1395 ve-

986 1417 1045 1436 ram
1071 1410 1221 1438 desiderati
1245 1410 1402 1438 I'ruitioncm
1425 1418 1497 1444 esse,
1527 1419 1635 1446 semper
1656 1412 1683 1439 in
1702 1419 1778 1447 quaa-

137 1457 284 1492 ὲπιθυμέαν
295 1458 342 1483 τοῦ
358 1458 554 1493 ὑπερκειμένου
570 1458 716 1494 γεννώσης.
734 1459 779 1488 Ὧς
793 1455 842 1485 οὖν
859 1467 932 1493 περι-

991 1455 1078 1483 rendo
1111 1456 1265 1491 proﬁcere,
1296 1464 1384 1492 neque
1416 1456 1537 1492 unquam
1568 1458 1597 1485 in
1629 1466 1776 1493 progressu

137 1503 224 1531 είλετο
241 1504 290 1538 τῆς
311 1503 485 1535 ἀνελπιστίας
503 1504 533 1530 τὺ
557 1504 706 1540 θέριστρον,
723 1505 770 1532 καὶ
791 1505 828 1531 ἴδε
843 1504 874 1530 τὸ
888 1505 934 1530 ἀν-

138 1549 263 1576 έλπιστον
278 1558 307 1576 τε
323 1550 370 1576 καὶ
385 1549 589 1584 ἀπερίγραπτον
602 1550 648 1576 τοῦ
664 1550 847 1586 ἀγαπωμένου
868 1550 935 1578 κάλ⁸

138 1595 183 1626 λος
204 1596 233 1621 ὲν
254 1595 328 1631 πάσῃ
352 1596 385 1630 τῇ
412 1595 542 1631 ἀῖδιὸτητι
559 1594 613 1622 τῶν
627 1595 733 1623 αἰώνων
753 1598 875 1632 κρεῖττον
890 1597 936 1624 ἀεὶ

139 1641 345 1676 εὑρισκόμενον·
363 1642 391 1667 ὲν
405 1641 574 1676 σφοδροτέρῳ
589 1641 704 1668 τείνεται
717 1642 802 1677 πόθῳ,
820 1643 866 1668 καὶ
880 1651 935 1678 μη-

139 1688 195 1715 νύει
209 1687 247 1722 τῷ
263 1688 438 1723 ἀγαπωμένῳ
461 1687 505 1714 διὰ
520 1686 574 1713 τῶν
589 1687 639 1721 τῆς
657 1686 832 1723 Ἰερουσαλὴμ
850 1688 933 1722 θυγα-

139 1733 226 1769 τέρων
249 1734 298 1768 τὴν
321 1733 370 1767 τῆς
394 1733 508 1769 καρδίας
534 1732 662 1765 διάθεσιν,
686 1733 726 1759 ὅτι
750 1733 782 1759 τὸ
808 1733 933 1760 ἐκλεκτὸν

141 1779 217 1814 βέλος
234 1779 280 1806 τοῦ
295 1778 362 1805 Θεοῦ
379 1779 407 1805 ὲν
422 1779 505 1813 ἑαυτῇ
522 1778 666 1813 δεξαμένη,
678 1778 722 1804 διὰ
735 1779 783 1813 τῆς
801 1780 872 1805 κατὰ
886 1779 934 1815 τὴν

140 1826 232 1852 πίστιν
252 1825 343 1856 ἀκίδος
365 1825 492 1859 βέϐληται
515 1824 564 1859 τὴν
586 1824 708 1858 καρδίαν,
732 1824 760 1849 ὲν
778 1824 817 1859 τῷ
835 1826 934 1861 καιρίῳ

139 1869 273 1905 δεξαμένη
296 1869 345 1904 τὴν
361 1869 410 1904 τῆς
426 1869 535 1903 ἀγάπης
556 1867 671 1900 τοξείαν.
690 1867 756 1899 Θεὸς
777 1868 805 1894 δέ
824 1869 897 1895 ἐστιν
917 1870 933 1905 ἡ

140 1916 246 1951 ἀγάπη,
270 1914 341 1941 κατά
362 1915 412 1949 τὴν
433 1914 555 1940 Ἰωάννου
580 1914 684 1949 φωνήν·
748 1914 848 1950 πρέπει
871 1915 934 1949 δόξα

141 1962 189 1988 καὶ
206 1961 235 1987 τὸ
249 1960 348 1995 κράτος
360 1960 399 1991 εἰς
412 1960 474 1991 τοὺς
489 1959 587 1991 αἰῶνας
600 1959 654 1985 τῶν
670 1959 784 1987 αἰώνων.
805 1961 901 1995 ’Δμήν.

142 2011 233 2034 autent
255 2007 366 2034 dilectio
393 2010 445 2039 est,
474 2006 702 2041 quemadmodum
725 2006 845 2036 Joannes
867 2008 906 2035 ait
916 2009 952 2042 ⁸⁸,

143 2055 238 2081 Amen.
416 2085 420 2087 μ

444 2099 568 2126 ΟΜΙΛῘΛ
583 2099 632 2126 ιο.

178 2145 304 2178 Ὠρκισα
315 2143 406 2178 ὑμεῖς,
419 2143 578 2177 θυγατέρες
596 2143 806 2178 Ἰερουσαλὴμ.
823 2145 858 2171 ἑν
869 2145 933 2180 ταῖς

142 2189 289 2224 δυνάμεσι
303 2209 310 2221 ,
329 2188 378 2215 καὶ
397 2189 432 2215 ἐν
450 2188 515 2220 ταῖς
533 2189 675 2222 ὶσχύσεσι
690 2188 743 2215 τοῦ
756 2189 850 2222 ἀγροῦ
861 2209 868 2221 ,
880 2190 934 2217 ἐὰν

142 2235 248 2269 εὕρητε
261 2234 314 2260 τὸν
324 2233 488 2267 ἀδελφιδῶν
500 2241 570 2267 μου,
582 2233 611 2260 τί
622 2233 821 2268 ἀπαγγείλητε
836 2235 934 2268 uorti};

144 2280 188 2306 ὅτι
206 2277 371 2313 τετρωμένη
401 2277 520 2312 ἀγάπης
545 2277 601 2312 ἐγώ
620 2278 687 2312 ειμι.
715 2277 749 2304 Tl
772 2278 935 2313 ἀδελφιᾶός

144 2333 203 2352 σου
220 2325 279 2352 ἀπὸ
307 2323 488 2358 ἀδελφιδοῦ,
507 2320 530 2350 ὦ
554 2323 633 2357 καλὴ
655 2324 689 2350 ἐν
710 2324 869 2358 γυναιξίν;
891 2325 936 2351 ὅτι

144 2371 240 2404 οὕτως
253 2371 383 2405 ὦρκισας
397 2369 496 2404 quae;
514 2369 676 2404 ἀδελφιδός
686 2378 747 2404 μου
764 2371 873 2404 λευκές
887 2371 936 2398 καὶ

145 2417 533 2452 πιρῤὸς,ἑκλελοχισμένος
549 2416 609 2443 ἀπὸ
633 2416 794 2451 μιψιάὸων.
813 2418 935 2452 Regilli;

145 2463 239 2491 αὑτοῦ
256 2463 384 2497 χρυσίον
400 2462 515 2496 Κεφὰς,
530 2462 698 2496 βόστρυχοι
713 2463 806 2490 αὐτοῦ
820 2464 936 2497 ἐλαῖαι,

145 2509 274 2544 μέλανες
288 2509 328 2540 ὡς
342 2507 434 2540 κόραξ
445 2515 452 2522 ·
467 2507 615 2542 ὀφθαλμοὶ
632 2507 725 2534 αὑτοῦ
740 2508 780 2541 ὡς
803 2517 937 2543 περιστε-

143 2555 196 2589 ραὶ
207 2554 256 2580 ἐπὶ
280 2552 462 2587 πληρώματα
483 2551 602 2579 ὑδάτων
613 2573 621 2585 ,
643 2551 822 2588 λελουμέναι
838 2555 872 2582 ἐν
888 2556 938 2590 γά-

146 2602 244 2631 λακτι,
261 2598 424 2633 καθήμεναι
440 2597 489 2624 ἐπὶ
506 2598 687 2633 πληρώματα
701 2600 830 2628 ὑδάτων.

187 2648 217 2674 Ὀ
233 2648 277 2675 διὰ
291 2647 430 2678 Μωῡσέως
448 2647 497 2680 μὲν
517 2647 700 2683 νομοθετήσας
727 2649 761 2676 τὰ
784 2650 830 2676 τοῦ
855 2651 937 2686 νόμου

149 2693 303 2729 μυστήρια·
323 2691 470 2727 πληρώσας
485 2690 514 2716 δὲ
539 2690 572 2716 δι’
591 2691 688 2718 ἑαυτοῦ
704 2693 763 2720 ὅλον
789 2693 834 2720 τὸν
855 2695 937 2730 νόμον

147 2739 194 2766 καὶ
210 2739 272 2770 τοὺς
288 2738 431 2773 προφήτας
443 2757 450 2768 ,
466 2736 556 2768 καθὼς
571 2737 599 2762 ὲν
617 2737 656 2772 τῷ
670 2738 828 2775 Εὐαγιελιῳ
844 2741 934 2775 φησίψ

147 2784 189 2811 ἔτι
207 2783 267 2810 οὐκ
282 2782 378 2817 ἦλθον
394 2781 561 2809 καταλῦσαι
578 2781 632 2808 τὸν
647 2783 751 2817 νόμον,
767 2785 848 2812 ἀλλὰ
861 2788 937 2820 πλη-

201 2872 224 2888 ¹¹²
238 2871 317 2900 Lan.
335 2879 371 2904 tv.
384 2870 427 2898 10.
485 2870 508 2886 "
521 2868 615 2897 Matth.
634 2877 659 2904 v,
677 2870 718 2898 I7.
732 2897 749 2913 .

987 1509 1108 1534 cessare,
1125 1509 1233 1537 semper
1249 1509 1281 1529 ea
1297 1502 1458 1537 cupiditate,
1479 1504 1523 1531 cui
1545 1504 1642 1538 Qttovis
1656 1510 1777 1539 tempore

987 1548 1098 1581 satisﬁt,
1119 1549 1199 1575 aliam
1225 1548 1401 1583 cupiditatem
1424 1549 1614 1577 sublimiorum
1639 1551 1775 1586 gignente.

987 1593 1135 1629 Postquam
1167 1595 1218 1622 hoc
1246 1595 1329 1622 modo
1358 1595 1558 1630 desperationis
1590 1597 1698 1631 peplum
1725 1597 1777 1625 sibi

988 1639 1098 1671 ademit,
1118 1639 1307 1675 inﬁnitamque
1321 1647 1353 1667 ac
1370 1640 1454 1667 nullis
1466 1641 1634 1676 descriptam
1652 1641 1777 1668 terminis

990 1685 1082 1712 dilecti
1094 1690 1268 1713 venustatem
1286 1686 1364 1717 vidit,
1390 1694 1450 1720 quae
1466 1694 1514 1721 per
1531 1693 1639 1714 omnem
1664 1687 1778 1714 εωουιος

988 1738 1048 1757 rum
1065 1731 1246 1759 mternitatem
1268 1739 1375 1765 semper
1395 1731 1485 1765 major
1503 1739 1535 1758 ac
1548 1732 1637 1766 major
1652 1740 1714 1760 esse
1726 1733 1778 1760 dc—

985 1775 1173 1811 prehenditur,
1192 1776 1387 1803 vehementiori
1418 1776 1556 1803 desiderio
1577 1776 1776 1809 inﬂammatur,

986 1821 1127 1857 animique
1145 1822 1186 1849 sui
1204 1821 1375 1849 affectionem
1395 1830 1442 1857 per
1466 1822 1535 1850 ﬁlias
1561 1821 1713 1850 Jerusalem
1731 1823 1776 1850 idi—

987 1869 1059 1896 lecto
1073 1868 1221 1903 signiﬁcat,
1237 1868 1364 1895 nimirum
1383 1868 1456 1903 quod
1471 1868 1559 1895 electo
1573 1868 1620 1895 Dei
1636 1869 1689 1895 telo
1701 1868 1777 1896 intra

987 1923 1017 1943 se
1034 1918 1145 1948 recepto
1161 1921 1209 1948 per
1224 1913 1284 1941 ﬁdei
1298 1914 1449 1948 cuspidem,
1471 1913 1615 1941 vulnerata
1631 1915 1715 1944 corde
1730 1915 1776 1947 sit,

986 1960 1154 1996 jaculatione
1169 1961 1323 1988 dilcuionis
1339 1960 1365 1987 in
1386 1960 1460 1987 letali
1481 1960 1541 1987 loco
1565 1965 1687 1996 accepta.
1707 1961 1777 1991 Deus

983 2017 1063 2044 quem
1087 2010 1165 2038 decet
1188 2009 1274 2044 gloria
1295 2013 1322 2036 et
1344 2008 1487 2043 imperium
1509 2007 1626 2036 inﬁnitis
1657 2008 1775 2037 seculis.

1261 2098 1406 2127 IIOIIILIA
1423 2098 1494 2126 XIII.

1019 2147 1085 2175 Car.
1100 2155 1126 2180 v,
1139 2146 1192 2182 38.
1209 2145 1389 2181 Jurejurando
1408 2145 1523 2172 artrinzi
1542 2153 1597 2177 vos,
1611 2146 1677 2180 ﬁlia:
1697 2145 1776 2173 Jeru-

985 2195 1080 2227 salem,
1097 2194 1124 2220 in
1135 2193 1307 2228 potestatibus
1323 2200 1354 2219 ac
1368 2192 1465 2218 viribus
1483 2192 1541 2226 agri
1557 2199 1566 2218 :
1588 2191 1612 2218 si
1628 2192 1778 2220 inveneritis

986 2245 1124 2275 cognatum
1139 2247 1235 2272 meum,
1252 2238 1314 2273 quid
1343 2238 1527 2265 renuntiabilis
1544 2237 1589 2264 ei!
1601 2237 1670 2272 quod
1684 2246 1700 2264 ιι
1713 2239 1779 2266 dile-

986 2287 1070 2313 ctione
1082 2285 1220 2312 vulncmta
1233 2285 1282 2311 sim
1297 2292 1351 2319 ego.
1364 2283 1391 2310 9.
1402 2283 1472 2316 Quid
1480 2283 1568 2317 differt
1578 2288 1706 2318 cognatus
1719 2287 1778 2312 luus

990 2336 1135 2366 acognato,
1152 2339 1166 2357 ο
1187 2330 1304 2364 formosa
1324 2330 1392 2356 inter
1411 2329 1555 2356 mulieres?
1572 2328 1636 2364 quid
1650 2335 1778 2365 cognatus

989 2383 1048 2405 tuus
1061 2387 1077 2404 α
1089 2382 1200 2412 cognato
1210 2375 1386 2411 di/I‘erl,quod
1394 2375 1615 2410 ilajurciurando
1626 2384 1673 2403 nos
1683 2377 1780 2403 astrin-

988 2424 1081 2451 xeris?
1095 2423 1135 2450 I0.
1149 2422 1282 2458 Cognatas
1291 2429 1363 2448 metu
1374 2425 1412 2448 est
1422 2420 1551 2448 candidus
1562 2429 1593 2448 ac
1605 2421 1776 2454 rubicundus,

989 2471 1086 2498 electus
1104 2477 1136 2496 ea:
1146 2469 1233 2496 decem
1245 2467 1374 2496 millibus.
1386 2467 1431 2495 Il.
1441 2467 1527 2501 Caput
1540 2467 1608 2502 ejus,
1626 2476 1721 2494 aurum
1730 2466 1780 2494 Ce-

988 2516 1057 2551 pltaz
1073 2523 1082 2542 :
1098 2515 1213 2542 cincinni
1231 2514 1288 2548 ejus
1302 2514 1402 2541 abiete;
1416 2533 1423 2545 ,
1445 2513 1515 2548 nigri
1533 2518 1659 2548 tanquam
1674 2521 1777 2540 corvus.

990 2561 1033 2588 12.
1051 2560 1130 2588 Oculi
1151 2559 1208 2594 ejus
1222 2559 1291 2586 sicut
1314 2557 1452 2591 calumbtr,
1476 2557 1510 2585 ad
1527 2566 1658 2593 aquarum
1678 2558 1778 2592 copias,

991 2606 1088 2633 ablutw
1101 2606 1180 2638 lacte,
1198 2604 1316 2631 sedentes
1328 2604 1408 2639 juxta
1425 2604 1516 2639 copias
1534 2612 1676 2638 aquarum.

1026 2651 1051 2678 Is
1075 2651 1121 2686 qui
1141 2658 1189 2685 per
1210 2650 1311 2677 Mosem
1332 2649 1441 2683 quidem
1463 2649 1624 2691 legisjnitia
1642 2647 1758 2676 sancivit
1771 2667 1778 2680 ,

990 2704 1040 2732 per
1054 2704 1084 2724 se
1101 2704 1166 2724 vero
1177 2695 1300 2732 implevit
1314 2695 1471 2723 universam
1483 2696 1568 2731 legem
1581 2699 1608 2722 ct
1618 2694 1777 2729 prophetas,

990 2742 1221 2778 quemadmodum
1237 2742 1274 2769 ait
1291 2741 1318 2769 in
1333 2741 1481 2776 Evangelio
1498 2750 1504 2768 :
1523 2740 1584 2768 Non
1602 2739 1659 2767 veni
1672 2738 1706 2766 ad
1722 2738 1779 2767 dia-

991 2787 1144 2815 solvendam
1161 2787 1256 2823 legem,
1270 2786 1315 2815 sed
1329 2787 1489 2823 Implandam
1499 2786 1522 2803 "
1538 2785 1603 2820 :qui
1619 2785 1659 2812 ira
1672 2784 1778 2813 sublata
