1978 3068
124 137 189 166 ιοιι

613 137 646 166 ΙΝ
660 137 810 167 CANTICA
833 137 968 167 CANTIC.
984 137 1208 174 llOMlLlAyXlll.

1672 139 1706 168 l0
1711 139 1742 166 ια

122 195 138 221 ὀ
150 193 243 228 λόγος
254 193 298 226 τὸ,
313 193 378 227 Ναὶ,
393 194 457 221 ’ναίυ
473 193 522 221 καί
539 193 584 226 τὸ,
597 193 650 228 Οὒ,
664 194 712 222 οῦ.
728 196 760 222 El
776 195 864 223 τοίνυν
879 196 906 223 ὲν

959 195 1048 224 solum
1062 202 1128 223 vero
1140 194 1301 224 conceditur
1313 194 1502 231 usurpandum
1515 194 1615 229 Etiam,
1626 199 1656 224 et
1670 195 1743 231 Non,

122 241 176 272 τοῖς
195 239 297 275 ὁρκίοις
313 241 429 275 νοήμασι
443 239 577 267 κωλύεται
595 242 644 275 μὲν
660 241 674 267 ὁ
691 240 784 276 θρόνος
795 241 841 268 τοῦ
860 242 908 277 βα-

122 285 216 316 σιλέως
230 285 491 321 παραλαμϐάνεσθαι
504 293 511 300 ·
534 287 666 314 κωλύεται
682 287 710 314 δὲ
725 287 772 314 καὶ
791 288 807 323 ἠ
821 287 906 321 πόλις,

121 331 149 357 ὲν
169 327 231 366 ᾖτὰ
249 331 386 365 βασίλεια·
403 331 536 359 κωλύεται
553 332 580 359 δὲ
595 332 724 364 ὡσαύτως
741 333 788 360 καὶ
810 334 826 369 ὴ
843 333 908 369 άλη-

121 375 179 410 θινὴ
196 376 301 411 κεφαλὴ
317 376 380 412 περὶ
403 377 452 412 τὴν
466 377 514 404 τοῦ
529 378 611 413 ὅρκου
637 378 809 413 παράληψιν
829 379 908 414 μόνον

119 420 147 447 δὲ
162 421 192 447 τὸ
208 421 272 453 Nai,
287 422 376 448 καὶτὸ
387 420 437 454 Οὓ,
456 423 662 459 συγκεχώρηται
675 444 682 456 ,
697 424 729 450 δι’
745 424 907 460 ἀμφοτέρων

120 467 190 494 κατὰ
205 468 236 494 τὸ
253 468 310 494 ἴσον
324 469 373 503 τῆς
385 468 511 503 ἀληθείας
527 469 555 495 ἐν
574 469 613 504 τῷ
623 468 675 495 Ναὶ
698 468 886 504 θεωρουμένης
898 477 904 484 ·

119 513 198 548 δῆλον
208 514 241 541 ἂν
254 514 307 549 εἴη,
323 515 363 540 ὅτι
379 514 426 540 καὶ
441 514 488 541 νῦν
502 515 516 541 ὁ
531 515 591 546 ταῖς
607 515 723 542 νεάνισιν
738 515 906 550 ἑπαγόμενος

118 559 198 595 ὅρκος
211 559 286 595 παρὰ
299 561 348 596 τῆς
360 559 468 595 νύμφης
479 580 487 592 ,
509 560 574 596 περὶ
589 560 638 596 τὴν
660 560 706 587 τοῦ
722 561 776 588 Ναὶ
788 561 906 588 διάνοιαν

959 241 988 268 in
1013 247 1130 276 quorum
1162 243 1279 275 utroque
1302 239 1404 267 veritas
1431 247 1465 267 ex
1481 247 1559 276 atquo
1586 247 1636 275 per
1651 239 1744 268 Etiam

959 286 1163 321 conspiciatur:
1181 285 1358 314 manifestum
1372 290 1414 314 est
1430 286 1477 313 hic
1493 293 1604 321 quoque
1618 285 1740 314 delatum

959 339 975 360 a
1004 340 1105 368 sponsa
1126 332 1285 368 juvenculis
1307 332 1503 368 jusjurandum
1529 333 1557 360 in
1585 332 1745 361 alIirmando

959 379 1082 411 versari,
1106 378 1152 404 ubi
1182 377 1340 405 conﬁrmari
1369 385 1513 405 assensum
1541 377 1626 405 animi
1653 378 1744 406 nostri

960 427 1077 458 oportet.
1098 422 1186 451 Verba
1208 427 1273 451 sunt
1293 422 1451 458 bujusmodi
1471 431 1478 450 :
1496 422 1678 457 Jurejurando
1698 431 1744 451 iu-

961 469 1042 495 trinxi
1057 477 1100 496 vos
1110 489 1117 501 ,
1135 469 1201 503 ﬁlia:
1214 468 1365 496 Jerusalem
1376 488 1383 500 ,
1403 469 1433 495 in
1446 469 1621 502 potestatibus
1637 477 1669 496 ac
1680 468 1745 495 viri-

961 514 1008 541 bus
1025 514 1082 549 agri
1098 522 1106 541 :
1124 515 1149 542 si
1170 515 1320 542 inveneritis
1335 518 1473 549 cognatum
1493 522 1594 547 meum,
1620 513 1682 549 quid
1702 521 1745 541 τοι

959 560 1116 587 nuntiabitis
1132 561 1176 587 ei?
1187 561 1256 596 quod
1268 559 1431 587 adilectione
1439 560 1577 587 vulnerata
1591 561 1640 587 tim
1652 568 1709 594 ego.

119 606 322 642 ἀναγράφεται,
339 607 405 633 ὅπου
432 606 484 641 χρὴ
501 607 699 642 ἐρηρεισμένην
726 607 805 642 ἡμῶν
833 607 903 634 εἶναι
941 606 988 642 τὴν
1001 607 1051 641 τῆς
1065 606 1155 642 ψυχῆς
1188 606 1397 641 συγκατάθεσιν.
1413 606 1489 640 Ἔχει
1500 606 1528 632 δὲ
1539 607 1554 641 ἠ
1566 605 1637 638 λέξις
1648 605 1743 636 οὕτως·

119 653 246 687 Ὠρκισιι
262 652 355 687 ὑμᾶς,
373 652 531 688 θυγατέρες
550 652 744 688 Ἰερουσαλὴμ
758 673 766 685 ,
791 653 825 680 ἐν
841 652 906 685 ταῖς
925 652 1071 685 δυνάμεσι
1104 652 1153 679 καὶ
1188 652 1331 686 Ζσχύσεσι
1357 653 1410 681 τοῦ
1435 652 1544 687 ἀγροῦ·
1570 651 1624 678 ἐὰν
1638 651 1745 686 εὕρητε

119 698 173 725 τὸν
186 697 349 733 ἀδελφιδόν
368 707 429 733 μου
442 718 450 731 ,
477 700 507 726 τί
522 699 717 734 dat/armisin
741 699 838 732 alito");
861 699 906 726 ὅτι

959 699 1090 734 τρωμένη
1105 698 1225 734 ἀγάπης
1239 699 1304 733 ἐγώ·

155 744 248 771 Ταῦτα
266 744 295 771 δὲ
308 745 473 781 τεθεώρηται
489 746 538 782 μὲν
552 747 603 783 ἤδη
617 748 666 774 καὶ
678 747 708 774 ὲν
723 748 779 779 τοῖς
800 747 906 782 φθάσα-

118 799 163 818 σιν
175 810 182 823 ,
197 791 234 822 ὡς
249 792 265 826 ἡ
280 791 426 818 ἀκολουθία
445 792 499 818 τῶν
514 793 656 827 νοημάτων
674 791 809 819 ἐνέϐαλεν.
824 792 908 828 Εἰρή-

997 746 1085 781 Atque
1096 746 1153 774 haec
1167 747 1339 774 considerata
1355 749 1419 774 sunt
1434 753 1450 773 a
1461 746 1542 774 nobis
1557 746 1640 774 etiam
1660 752 1744 780 supe-

961 791 1031 823 rius,
1049 795 1131 826 prout
1153 791 1352 818 sententiarum
1371 791 1457 819 series
1473 790 1553 818 nobis
1570 789 1742 825 suggerebat.

121 845 197 863 σεται
211 836 238 863 δὲ
252 837 298 863 καὶ
311 836 358 864 νῦν
372 837 415 864 διὰ
429 837 552 872 βραχέων
565 837 599 864 τὰ
613 838 803 873 εὑρισκόμενα.
826 837 906 872 ’Δμε-

960 836 1144 865 Nihilominus
1157 838 1240 865 etiam
1263 837 1344 864 modo
1355 857 1363 870 ,
1383 836 1456 872 quod
1481 836 1637 864 invenimus
1648 856 1656 867 ,
1672 835 1744 862 indi-

120 881 231 908 τάθετόν
243 890 270 908 τι
288 883 403 918 πρᾶγμα
417 882 462 909 τὸν
477 883 556 918 ὅρκον
568 881 637 910 εἷναί
655 891 736 918 φησιν
749 882 762 908 ό
779 882 908 910 Ἀπόστο-

120 926 181 960 λος,
204 927 363 962 βεϐαιοῦντα
381 928 413 954 δι’
428 927 510 955 αὑτοῦ
536 928 584 963 τὴν
599 928 742 964 ἀλήθειαν,
757 928 805 955 καὶ
817 928 907 963 πάσης

120 972 200 999 αὑτὸν
220 973 372 1007 ἀντιλογίας
391 974 477 1009 πέρας
491 974 609 1009 ὁρίζεται
631 974 719 1007 εἶναι,
732 976 773 1006 εὶς
791 975 840 1009 τὴν
853 974 907 1001 τῶν

119 1020 299 1055 ἐγνωσμένων
311 1020 464 1054 βεϐαίωσιν.
483 1021 595 1055 Ἐπάγει
615 1021 704 1048 τοίνυν
717 1021 763 1048 τὸν
777 1021 907 1057 ὅρκισμὸν

119 1065 179 1095 ταῖς
196 1065 338 1100 παρθένοις
351 1067 368 1100 ἡ
382 1065 485 1100 νύμφη,
499 1065 569 1092 ὥστε
582 1067 758 1102 ἀπαράϐατον
772 1066 908 1101 φυλαχθῆ-

119 1118 164 1136 ναι
190 1110 283 1142 αὑταῖς
307 1111 337 1136 τὸ
361 1111 516 1145 λεγόμενον.
544 1111 614 1138 Ἀλλ’
633 1112 727 1146 ἐπειδὴ
753 1112 805 1142 πᾶς
827 1112 908 1146 ὅρκος

59 1160 63 1162 ⁷
119 1155 191 1181 κατὰ
207 1155 254 1182 τοῦ
272 1155 393 1190 μείζονος
405 1156 526 1190 γίνεται,
543 1156 633 1189 καθώς
649 1166 731 1192 φησιν
742 1158 757 1183 ό
778 1156 907 1183 Ἀπόστο-

119 1201 165 1232 λος
178 1208 185 1215 ·
201 1201 232 1227 οὐ
246 1200 299 1236 γὰρ
311 1201 343 1228 ἄν
358 1210 400 1234 τις
416 1202 496 1237 ὅρκον
516 1204 657 1238 ποιήσαιτο
671 1203 769 1230 ἑαυτοῦ
781 1203 909 1238 ἀτιμότε-

119 1254 167 1280 ρον
180 1254 186 1260 ·
202 1246 335 1282 σκοπῆσαι
352 1248 484 1283 προσήκει
497 1249 523 1275 τί
543 1250 600 1280 ταῖς
610 1249 728 1276 νεάνισιν
745 1249 775 1275 ἐν
786 1250 825 1285 τῷ
834 1250 908 1284 ὅρκῳ

120 1290 195 1324 παρὰ
226 1291 274 1325 τῆς
300 1290 408 1326 νύμφης
445 1292 535 1327 μεῖζον
568 1293 907 1328 προτείνεταιμὭρκισιι

119 1335 211 1370 ὑμᾶς,
227 1336 308 1371 φησὶν
320 1356 327 1368 ,
343 1335 366 1364 ὦ
385 1337 543 1372 θυγατέρες
562 1338 756 1374 Ἰερουσαλὴμ
768 1358 775 1371 ,
791 1338 825 1365 ἐν
844 1339 908 1372 ταῖς

117 1380 267 1415 δυνάμεσι
283 1381 331 1408 καὶ
344 1383 485 1417 ἰσχύσεσι
500 1383 553 1410 τοῦ
567 1384 669 1417 ἀγροῦ.
688 1384 721 1410 Τί
733 1380 780 1410 οὖν
792 1383 824 1410 τὸ
839 1384 908 1419 ὑπὲρ

120 1426 194 1460 ἡμᾶς
216 1427 244 1452 ὲν
259 1427 361 1459 τούτοις
373 1428 461 1461 ὲστίν;
486 1429 583 1464 Ἀγρὸν
607 1429 660 1464 γὰρ
677 1429 721 1456 τὸν
747 1431 849 1464 κόσμον
865 1429 908 1456 διὰ

119 1470 170 1505 τῆς
182 1472 313 1506 τροπικῆς
328 1472 466 1507 σημασίας
482 1473 598 1500 νοεῖσθαι
612 1494 619 1507 ,
633 1474 682 1501 οὐκ
691 1474 906 1511 ἀμφιϐάλλομεν,

120 1514 191 1541 οὕτω
216 1515 263 1542 τοῦ
288 1517 390 1552 Κυρίου
408 1518 455 1545 καὶ
472 1519 653 1554 ὀνομάσαντος
677 1507 723 1546 τὸν
738 1507 910 1556 *κόσμονγκαλ
922 1507 944 1537 c‘

121 1560 346 1595 ἑρμηνεύσαντας.
364 1561 396 1588 Αἱ
413 1561 502 1589 τοίνυν
511 1562 606 1589 πολλαὶ
616 1562 744 1598 δυνάμεις
756 1563 802 1589 καὶ
819 1563 909 1598 ἰσχύες

120 1603 167 1630 τοῦ
181 1604 285 1638 κόσμου
297 1604 370 1636 τίνες
389 1605 457 1632 είσὶν
476 1607 502 1632 αἱ
517 1606 555 1640 τῷ
576 1607 651 1642 ὅρκῳ
667 1607 861 1642 προκείμεναι,
875 1607 909 1639 ἃς

119 1649 172 1684 χρὴ
191 1649 315 1684 μείζονας
329 1650 406 1686 ἡμῶν
421 1651 590 1686 νομισθῆναι,
606 1651 649 1678 ἵνα
667 1652 744 1687 ίσχὺν
757 1651 825 1686 λάϐῃ
840 1651 907 1686 πρὸς

120 1693 265 1728 βεϐαίωσιν
285 1696 335 1729 τῆς
353 1695 481 1730 ἀληθείας
495 1696 509 1722 ό
530 1696 609 1729 ὅρκος
622 1696 692 1722 κατὰ
707 1696 761 1723 τῶν
778 1696 909 1730 μειζόνων

120 1739 281 1774 γενόμενος
303 1740 406 1766 Οὐκοῦν
435 1741 582 1774 ἀναγκαῖον
611 1741 643 1767 ἂν
669 1741 711 1776 εἴη
739 1740 908 1776 παραθέσθαι

120 1784 188 1819 πρὸς
200 1785 249 1819 τὴν
263 1785 412 1820 σαφήνειαν
427 1785 480 1811 τῶν
494 1785 681 1820 προκειμένων
696 1785 791 1821 ἑτέραν
804 1785 908 1814 ἔκδοσιν

120 1830 319 1866 ἑρμηνευτικὴν
335 1831 389 1857 τῶν
404 1831 492 1866 ῥητῶν
505 1851 512 1862 ,
531 1831 644 1866 ἔχουσαν
665 1831 749 1863 οὕτως
760 1840 767 1846 ·
784 1832 909 1866 Ὥρκισα

119 1875 370 1911 ὐμᾶςβυγπατέρες
382 1877 589 1912 Ἰερουσαλὴμ.
604 1877 679 1904 κατὰ
692 1878 908 1912 τῶν-δορκάδων

119 1922 250 1950 καὶκατὰ
257 1921 316 1948 τῶν
327 1922 447 1956 ἐλάφων
455 1922 508 1949 τοῦ
516 1923 618 1957 ἀπροῦ.
627 1923 812 1959 Διδασκόμεθα
820 1925 908 1952 τοίνυν

118 1967 163 1994 διὰ
180 1968 233 1994 τῶν
248 1968 386 2018 ὀνομάτων
400 1969 500 1996 τούτων
513 1971 541 1996 ὲν
553 1970 606 1996 τίνι
623 1971 696 1997 ἐστὶν
710 1972 726 2006 ἡ
744 1971 790 1997 τοῦ
805 1972 907 2007 κόσμου

118 2013 214 2040 τούτου
229 2013 321 2048 ίσίὺς,
334 2015 380 2040 καὶ
390 2016 418 2041 ἐν
433 2015 486 2041 τίνι
499 2017 515 2051 ὴ
534 2015 661 2051 δύναμις,
676 2016 694 2043 ἃ.
708 2017 775 2052 πρὸς
795 2017 908 2052 βεϐαίω-

121 2067 164 2086 σιν
176 2060 225 2094 τῆς
239 2059 366 2094 ἀληθείας
379 2060 421 2087 διὰ
434 2061 481 2087 τοῦ
494 2062 575 2097 ὅρκου
591 2062 842 2097 παραλαμϐάνεται.
855 2063 907 2090 Δύο

119 2103 178 2129 ἐστὶ
194 2103 227 2130 τὰ
246 2103 285 2139 τῷ
299 2104 357 2139 Θεῷ
371 2105 520 2131 οίκειοῦντα
535 2106 580 2132 τὸν
594 2106 747 2141 ἄνθρωπον.
771 2108 818 2134 Ἓν
846 2108 905 2143 μὲν,

118 2149 150 2175 τὺ
164 2149 283 2181 ἀπλανὲς
298 2150 347 2185 τῆς
363 2150 425 2185 περὶ
439 2151 469 2177 τὸ
485 2150 568 2182 ὅντως
588 2151 620 2178 ὃν
640 2152 799 2188 ὑπολήψεως
811 2174 818 2185 ,
834 2153 905 2180 ὥστε

118 2193 158 2228 μὴ
184 2195 244 2225 ταῐς
260 2194 449 2230 ὴπατημέναις
467 2195 602 2226 ὑπονοίαις
626 2197 665 2227 είς
681 2197 789 2228 teme;
804 2206 833 2224 τε
857 2199 905 2225 καὶ

118 2239 258 2274 αἱρετικας
282 2240 345 2276 περὶ
367 2240 413 2267 τοῦ
433 2241 511 2268 Θείου
540 2241 617 2274 δόξας
638 2243 800 2278 ἐκφέρεσθαι
814 2264 820 2274 ,
837 2245 905 2280 ὅπερ

119 2284 192 2310 ἐστὶν
204 2283 241 2315 ὡς
253 2284 361 2320 άληθῶς
372 2285 402 2311 τὸ
416 2285 480 2312 Ναί.
497 2286 532 2312 Τὸ
548 2286 569 2312 δ’
581 2287 683 2323 ἕτερον,
702 2289 715 2314 ὁ
732 2288 850 2324 καθαρὸς
861 2289 905 2316 λο-

118 2329 233 2364 γισμὸς,
249 2330 263 2356 ό
276 2330 366 2356 πᾶσαν
380 2330 490 2364 ἐμπαθῆ
506 2331 625 2358 διάθεσιν
644 2332 693 2366 τῆς
716 2333 803 2368 ψυχῆς
818 2334 905 2370 ἐξορί-

119 2372 174 2403 ζων
184 2380 191 2388 ·
205 2373 271 2408 ὅπερ
285 2373 339 2399 οὐδ’
350 2373 404 2400 ἀπὸ
418 2374 464 2400 τοῦ
478 2374 535 2401 Ναὶ
548 2375 734 2410 ἠλλοτρίωται.
747 2377 801 2412 Τῆς
816 2378 904 2405 τοίνυν

116 2415 212 2452 διπλῆς
223 2417 324 2452 ταύτης
336 2418 389 2444 τῶν
403 2418 512 2453 ἀγαθῶν
527 2419 610 2452 ἕξεως
621 2440 628 2452 ,
644 2417 681 2446 ὧν
694 2421 710 2456 ἡ
726 2421 775 2454 μὲν
792 2423 858 2457 πρὸς
873 2423 904 2449 τὸ

117 2461 202 2494 ὅντως
214 2462 243 2489 ὃν
257 2463 418 2490 ἀναϐλέπειν
433 2465 521 2490 ποιεῖ·
571 2465 599 2492 δὲ
612 2466 755 2500 φυγαδεύει
774 2467 809 2494 τὰ
828 2469 901 2504 πάθη

117 2506 154 2534 τὰ
166 2507 213 2543 τὴν
226 2507 314 2543 ψυχὴν
327 2508 511 2544 λυμαινόμενα
520 2519 527 2526 ·
542 2511 558 2546 ἡ
575 2511 629 2538 τῶν
639 2511 776 2547 δορκάδων
791 2513 838 2539 καὶ
849 2513 903 2540 τῶν

117 2552 224 2586 ἐλάφων
241 2553 334 2588 μνήμη
348 2573 356 2584 ,
376 2553 421 2579 διὰ
438 2554 578 2589 συμϐόλων
599 2556 725 2591 γνωρίζει
750 2556 799 2592 τὴν
824 2557 903 2584 δύνα-

118 2605 175 2633 μιν.
188 2596 296 2623 Τούτων
312 2597 366 2633 γὰρ
378 2599 394 2633 ἡ
415 2598 463 2633 μὲν
478 2599 604 2631 ἀπλανῶς
617 2602 677 2636 ὁρᾷ,
695 2603 711 2636 ἡ
725 2601 753 2628 δὲ
766 2602 903 2639 βρωτικήν

115 2651 178 2670 ⁴τινα
188 2643 235 2669 καὶ
250 2644 418 2679 ἀναλωτικὴν
431 2644 484 2671 τῶν
501 2645 602 2681 θηρίων
614 2647 727 2682 δύναμιν
740 2648 806 2683 ἔχει.
818 2649 902 2676 Τοῦτο

115 2690 206 2715 τοίνυν
222 2689 357 2723 προτείνει
369 2690 429 2721 ταῖς
446 2690 591 2725 παρθένοις
604 2692 621 2726 ὴ
638 2692 730 2728 νύμφη
745 2695 775 2720 τὺ
788 2695 842 2721 Ναὶ
852 2715 859 2727 ,
872 2694 902 2722 τό

114 2740 147 2759 τι
163 2732 280 2765 εὐσεϐῶς
292 2734 346 2761 δεῖν
357 2736 425 2770 πρὸς
435 2736 465 2762 τὸ
477 2736 553 2763 θεῖον
572 2737 692 2772 βλέπειν,
709 2740 756 2766 καὶ
774 2740 901 2776 καθαρῶς

170 2822 194 2839 ⁸⁸
211 2822 293 2852 ﬂcbr.
308 2824 402 2856 νι,16.
439 2825 460 2841 ⁸⁷
472 2825 569 2852 Matth.
588 2833 647 2858 xm,
664 2826 745 2892 58..

959 890 1023 910 care
1039 882 1158 910 breviter
1169 882 1243 910 libet.
1260 883 1303 909 Ait
1318 882 1465 918 Apostolus
1479 881 1673 917 jusjurandum
1682 887 1744 908 esse

957 929 1088 964 quiddam
1115 928 1188 962 quod
1211 928 1309 954 mutari
1336 932 1470 962 nequeat.
1487 927 1619 962 quodque
1637 933 1686 960 per
1713 933 1745 953 se

959 974 1099 1002 veritatem
1114 973 1277 1005 conﬁrmet,
1301 978 1327 1000 ct
1344 973 1435 1001 omnis
1456 972 1522 1000 adeo
1545 971 1744 1000 controversia)

958 1019 1019 1047 ﬁnis
1029 1019 1075 1050 sit.
1089 1019 1121 1046 ad
1133 1019 1349 1046 conﬁrmandum
1362 1027 1392 1046 ea
1414 1026 1475 1053 qua:
1483 1018 1694 1054 cognoverimus
1705 1017 1740 1042 ".

958 1064 1142 1098 Quamobrem
1163 1071 1264 1099 sponsa
1289 1063 1492 1098 jusjurandum
1511 1063 1664 1099 virginibus
1691 1061 1739 1089 de-

958 1109 1020 1141 fert.
1038 1113 1067 1136 ut
1081 1109 1212 1144 quidquid
1223 1108 1336 1136 dictura:
1348 1109 1413 1141 sint,
1427 1112 1514 1137 ratum
1530 1109 1609 1143 plene
1619 1111 1739 1135 servent.

958 1155 1027 1188 Quia
1051 1161 1114 1182 vero
1143 1153 1326 1189 jurameutum
1352 1161 1433 1180 omne
1456 1160 1504 1187 per
1527 1152 1615 1186 majus
1642 1150 1753 1186 aliquid:

958 1201 1130 1235 concipitur,
1145 1199 1373 1234 quemadmodum
1399 1200 1437 1226 ait
1454 1198 1603 1233 Apostolus
1619 1217 1627 1230 ,
1643 1197 1751 1232 quippe»

958 1246 1032 1282 quod
1061 1253 1142 1273 nemo
1166 1253 1214 1280 per
1237 1245 1264 1271 id
1284 1245 1355 1280 quod
1376 1253 1405 1272 sc
1429 1245 1510 1272 vilius
1534 1244 1569 1272 sit
1598 1243 1740 1278 jusjuran-

958 1291 1022 1318 dum
1053 1293 1178 1325 prtestet:
1203 1289 1305 1316 idcirco
1330 1288 1408 1316 nobis
1433 1289 1486 1316 erit
1516 1288 1743 1329 considerandum

958 1335 1087 1372 quidnam
1113 1335 1149 1363 sit
1170 1335 1237 1362 illud
1274 1334 1362 1369 majus
1388 1342 1436 1370 per
1455 1333 1528 1369 quod
1552 1332 1708 1368 juvenculis
1729 1340 1745 1359 a

959 1390 1059 1417 sponsa
1075 1382 1259 1417 juramentum
1279 1380 1411 1408 defertur.
1428 1379 1624 1413 Jurejurando,
1639 1378 1741 1413 inquit,

958 1428 1075 1455 σειν-ἱππί
1101 1436 1144 1454 vos
1159 1447 1166 1459 ,
1185 1427 1252 1462 ﬁlia:
1277 1426 1446 1457 Jerusalem,
1467 1426 1494 1452 in
1510 1424 1687 1459 potestatibus
1709 1432 1741 1451 ac

960 1473 1061 1501 viribus
1084 1473 1150 1508 agri.
1170 1472 1240 1505 Quid
1266 1472 1294 1499 in
1310 1472 1354 1499 his
1374 1471 1542 1503 continetur,
1568 1469 1641 1505 quod
1661 1477 1744 1504 supra

960 1527 1011 1547 nos
1030 1519 1150 1554 pesitum
1174 1518 1227 1544 sit?
1251 1516 1318 1543 Nam
1348 1523 1397 1552 per
1422 1523 1517 1550 agrum
1546 1514 1746 1550 signiﬁcatione

960 1565 1073 1600 ﬁgurata
1085 1563 1216 1591 mundum
1229 1562 1343 1598 intelligi
1360 1569 1414 1589 non
1431 1561 1600 1593 dubitamus,
1616 1567 1678 1587 cum
1696 1559 1746 1587 hac

961 1617 1030 1638 voce
1055 1609 1186 1637 Dominus
1212 1611 1238 1636 et
1264 1608 1381 1643 appellet
1395 1611 1422 1635 et
1441 1607 1639 1642 interpretetur
1664 1613 1745 1633 mun-

959 1657 1024 1684 dum
1040 1656 1074 1682 ⁸⁷.
1092 1656 1221 1688 Quaenam
1243 1660 1307 1683 sunt
1332 1655 1416 1690 igitur
1439 1654 1531 1682 multae
1555 1658 1703 1689 potestates
1719 1659 1747 1682 et

959 1703 1033 1730 vires
1048 1701 1141 1728 mundi
1155 1701 1311 1735 juramento
1325 1700 1390 1727 huic
1403 1700 1543 1732 adhibitae,
1560 1707 1631 1735 quas
1647 1700 1745 1728 existi.-

959 1753 1034 1773 mare
1053 1745 1200 1772 debeamus
1215 1744 1294 1772 nobis
1310 1744 1431 1778 majores
1450 1752 1526 1776 csse,
1545 1747 1576 1771 ut
1601 1745 1746 1779 jusjuran-

959 1790 1023 1818 dum
1036 1798 1085 1825 per
1097 1790 1216 1825 majores
1239 1797 1321 1824 quam
1343 1797 1393 1817 nos
1412 1790 1500 1817 simus
1526 1793 1688 1824 conceptum
1711 1789 1745 1816 ad

959 1835 1174 1863 conﬁrmandam
1195 1834 1339 1862 veritatem
1357 1834 1441 1861 robur
1455 1834 1594 1869 accipiat?
1608 1833 1744 1868 Equidem

959 1878 1148 1906 necessarium
1177 1877 1295 1905 arbitror
1325 1880 1354 1904 ut
1382 1877 1416 1904 ad
1446 1877 1661 1905 declarationem
1692 1878 1745 1906 loci

958 1924 1093 1959 propositi
1112 1923 1192 1950 aliam
1213 1923 1421 1951 conversionem
1435 1923 1493 1951 haec
1507 1923 1590 1951 verba
1610 1924 1744 1959 interpre-

959 1974 1061 1997 tantem
1085 1976 1263 2004 apponamus,
1285 1976 1345 2004 quae
1363 1968 1474 2004 quidem
1497 1973 1539 1997 est
1559 1969 1740 2004 bujusmodi:

957 2014 1138 2049 Jurejurando
1156 2014 1271 2041 aslrinxi
1290 2022 1350 2046 vos,
1366 2014 1431 2048 ﬁlia:
1444 2013 1595 2042 Jerusalem
1608 2034 1615 2047 ,
1635 2023 1683 2050 per
1698 2023 1743 2042 ca-

957 2068 1033 2095 preas
1053 2065 1078 2088 et
1092 2069 1137 2095 per
1151 2060 1273 2087 hinnulei
1283 2061 1351 2096 agri.
1371 2059 1422 2088 Per
1433 2068 1494 2096 qua:
1511 2061 1643 2088 vocabula
1660 2061 1743 2088 doce-

958 2114 1021 2134 mur
1041 2106 1068 2133 in
1093 2114 1147 2142 quo
1164 2110 1222 2134 tum
1241 2107 1327 2134 robur
1340 2107 1435 2134 mundi
1453 2106 1547 2142 hujus,
1561 2112 1617 2134 tum
1630 2107 1671 2134 vis
1689 2107 1742 2135 sita

959 2152 996 2180 sit
1022 2161 1028 2179 :
1053 2160 1114 2187 quae
1133 2152 1242 2187 quidem
1261 2152 1295 2179 ad
1316 2152 1552 2180 conﬁrmationem
1571 2153 1696 2180 veritatis
1713 2153 1742 2180 in

955 2199 1112 2233 juramento
1128 2197 1303 2226 adhibentur.
1318 2197 1383 2225 Duae
1399 2202 1463 2225 sunt
1478 2198 1590 2225 omnino
1616 2205 1661 2225 res
1681 2205 1742 2232 quae

959 2245 1096 2272 hominem
1113 2251 1175 2272 cum
1190 2238 1244 2271 Deo
1263 2243 1443 2279 conjungunt.
1468 2243 1567 2270 Earum
1584 2243 1668 2270 altera
1687 2247 1740 2276 est,

957 2288 1052 2323 opinio
1069 2295 1125 2315 non
1140 2294 1235 2315 errans
1258 2287 1286 2314 in
1301 2295 1334 2315 eo
1350 2287 1425 2322 quod
1450 2294 1545 2315 revera
1561 2287 1689 2320 exsistit,
1704 2288 1740 2314 ita

957 2335 988 2358 ut
1004 2338 1052 2366 per
1072 2331 1253 2366 cogitationes
1276 2338 1408 2358 erroneas
1431 2331 1493 2366 quis
1512 2331 1547 2359 ad
1570 2331 1695 2360 ethnicas
1714 2335 1743 2360 et

958 2375 1100 2404 baereticas
1117 2376 1151 2404 de
1171 2376 1218 2403 Dei
1235 2379 1334 2403 natura
1351 2377 1503 2405 sententias
1516 2384 1572 2404 non
1589 2377 1738 2405 exorbitet.

957 2422 1046 2457 Atque
1063 2422 1116 2449 hoc
1131 2429 1226 2450 revera
1240 2427 1283 2450 est
1296 2422 1361 2449 illud
1374 2421 1475 2450 Etiam.
1491 2423 1583 2450 Altera
1597 2425 1641 2451 est
1657 2423 1743 2451 ratio-

957 2467 1061 2494 cinatio
1074 2475 1141 2502 pura
1152 2489 1159 2500 ,
1178 2475 1239 2502 quae
1253 2475 1360 2495 omnem
1376 2467 1503 2496 vitiosam
1520 2468 1603 2496 animi
1619 2467 1742 2496 alfectio~

957 2521 1018 2541 nem
1038 2513 1111 2540 velut
1133 2513 1254 2541 eliminat
1272 2522 1278 2540 :
1296 2513 1368 2548 quod
1387 2513 1476 2548 ipsum
1495 2521 1604 2548 quoque
1629 2514 1664 2541 ab
1689 2513 1746 2541 hoc

957 2557 1050 2585 Etiam
1072 2565 1128 2586 non
1153 2563 1196 2586 est
1218 2564 1384 2593 separatum.
1404 2558 1499 2594 Itaque
1515 2558 1636 2593 duplicis
1657 2558 1740 2592 hujus

957 2604 1092 2632 bonorum
1117 2604 1226 2631 habitus
1252 2609 1387 2639 (quorum
1403 2604 1472 2631 alter
1489 2602 1556 2631 facit
1573 2607 1602 2630 ut
1618 2603 1646 2630 id
1665 2604 1740 2638 quod

956 2657 1020 2678 vere
1033 2650 1140 2678 exsistit
1155 2650 1322 2682 intueamur,
1342 2649 1412 2676 alter
1434 2649 1518 2685 abigit
1533 2649 1615 2676 animi
1630 2648 1740 2676 merbos

956 2700 984 2724 et
998 2697 1073 2729 vitia,
1094 2696 1194 2731 quibus
1208 2696 1254 2723 ille
1271 2695 1473 2731 corrumpitur)
1489 2695 1543 2721 vim
1560 2693 1638 2721 nobis
1659 2692 1740 2728 quasi

955 2749 1004 2777 per
1014 2741 1137 2778 quaedam
1145 2741 1388 2777 signacaprearum
1404 2744 1431 2769 et
1446 2739 1622 2767 hinnulorum
1635 2737 1742 2767 mentio

1463 2873 1533 2882 .»~
1590 2872 1634 2884 τε·
