1978 3068
244 127 309 156 10ιὸ

860 124 889 152 S.
902 123 1066 152 GREGOMI
1085 124 1232 154 NYSSENI
1274 139 1276 141 -

1797 126 1864 154 Ιθμ

241 184 374 212 declarat.
390 181 458 210 Nam
478 189 511 210 ex
525 181 568 209 his
584 181 670 209 altera
687 182 747 210 sine
764 189 858 210 errore
873 183 972 215 cernit,
989 182 1025 210 al-

1083 184 1105 210 ὲν
1115 183 1234 218 ἀπαθείᾳ
1244 182 1426 218 παρατρέχειν
1438 181 1483 208 τδν
1497 181 1552 217 βίον
1563 189 1569 195 ·
1580 177 1618 209 ὧν
1629 181 1862 218 κατορθουμένων,

241 233 285 257 ter
297 229 356 256 νίιπ
365 228 526 256 comedendi
541 232 569 256 et
584 228 747 256 absumendi
762 231 910 256 venenatas
921 227 1025 255 beSIias

240 273 332 300 habet.
351 272 408 300 Hoc
428 272 509 308 igitur
530 273 621 299 Etiam
643 279 743 308 sponsa
760 273 911 308 virginibus
929 279 1026 308 propo-

240 317 292 349 nit,
310 317 438 344 nimirum
459 317 585 353 religiose
598 317 703 345 Numen
718 317 842 345 divinum
864 316 1025 344 intuendum

246 369 326 394 esse,
343 367 375 389 ac
397 369 464 397 pure
479 362 562 389 vitam
583 362 654 389 haue
672 363 731 390 sine
749 362 824 390 vitiis
837 362 918 398 quasi
936 366 1027 390 traus-
1058 366 1060 368 '

241 408 406 435 cui-rendam
422 417 428 434 :
447 408 540 443 quaesi
556 412 730 444 praestentur,
748 409 886 436 stabilitur
903 409 930 435 in
947 408 1027 436 nobis

245 455 310 482 illud
327 455 416 482 Etiam
428 475 436 487 ,
454 456 526 490 quod
544 457 643 483 mutari
667 457 771 491 nequit.
791 455 858 483 Nam
879 460 921 484 est
934 456 1027 491 jusju-

243 501 357 528 randum
373 501 450 534 illud,
467 502 540 536 quod
552 502 659 529 veritati
680 502 757 529 iidem
773 503 882 535 astruit,
900 506 926 530 et
942 501 1026 537 quod,

241 547 264 572 si
282 547 345 582 quis
360 547 387 574 in
399 554 431 574 eo
449 551 570 582 praestet,
585 547 723 580 laudatur,
744 547 972 583 quemadmodum
989 549 1027 575 ait

242 591 386 628 Propheta.
400 591 470 619 Vere
484 593 556 619 enim
577 593 601 620 is
619 593 667 628 qui
690 594 718 620 in
732 594 839 622 duobus
855 594 930 622 hisce
944 593 1028 621 certi-

242 636 364 662 tudiuem
380 637 432 664 sibi
447 642 598 673 comparat,
614 639 742 666 nimirum
766 639 793 666 in
807 640 891 668 verbo
906 639 978 672 ﬁdei,
1000 643 1029 666 ut

242 681 303 709 sine
313 690 406 710 errore
416 684 556 711 veritatem
569 684 696 718 aspiciat,
707 689 733 712 et
746 685 773 712 in
787 685 893 713 ratione
906 685 1028 717 vivendi,

242 727 266 754 si
289 728 323 755 ab
338 729 412 755 omni
436 730 580 762 pravitatis
605 731 794 765 inquinatione
826 739 912 766 purus
935 731 982 763 sit,
1006 739 1030 759 IS

241 773 325 808 igitur
340 782 402 802 vere
416 776 491 809 jurat
504 775 619 804 Domino
629 775 667 810 ⁸⁸,
689 785 745 804 non
759 785 789 805 se
805 785 985 805 ascensurum
1002 778 1029 805 in

244 820 375 848 lectulum
391 822 444 849 sibi
464 825 580 849 stratum
591 843 599 855 ,
615 830 704 857 neque
719 830 845 850 somnum
860 823 949 850 oculis
970 823 1028 851 suis

1076 228 1108 254 τδ
1120 228 1286 264 ἀμετάθετον
1303 228 1419 263 πρᾶγμα
1434 229 1463 254 ὲν
1484 227 1550 263 ἡμΖν
1567 226 1720 262 βεϐαιοῦται
1751 227 1782 255 τδ
1797 229 1862 256 Ναί.

1078 271 1162 304 Οὗτος
1176 273 1230 308 γάρ
1245 273 1319 299 ἐστιν
1334 273 1348 298 ὁ
1371 273 1420 308 τὴν
1437 272 1564 308 ἀλήθειαν
1577 272 1757 307 πιστούμενος
1773 274 1862 309 ὅρκος,

1076 317 1107 344 ὃν
1120 318 1175 349 πᾶς
1189 317 1296 352 ὀμνύων
1311 318 1340 344 ὲν
1355 316 1430 352 αὺτῷ
1451 318 1602 344 ἐπαινεῖται
1615 338 1622 351 ,
1640 317 1732 350 καθώς
1751 326 1832 353 φησιν
1851 319 1866 345 ὁ

1078 365 1236 400 Προφήτης.
1257 364 1376 399 Ἀληθῶς
1391 364 1445 399 γὰρ
1472 364 1486 390 ὁ
1510 365 1539 391 ὲν
1560 365 1616 395 τοῖς
1639 364 1685 390 δύο
1710 364 1812 397 τούτοις
1837 365 1866 392 τὸ

1079 410 1201 444 ἀσφαλὲς
1219 410 1248 436 ἐν
1264 410 1354 445 ἑαυτῷ
1373 409 1549 445 κατορθώσας
1560 429 1568 441 ,
1589 409 1618 436 ἐν
1631 418 1661 435 τε
1672 409 1710 444 τῷ
1729 409 1800 444 λόγῳ
1819 410 1875 445 τῆς

1079 455 1216 488 πίστεως,
1230 456 1294 483 ὅταν
1315 455 1442 487 ἀπλανῶς
1465 455 1534 490 πρὸς
1554 455 1603 490 τὴν
1623 455 1750 491 ἀλήθειαν
1771 456 1866 492 βλέπῃ,

1080 501 1127 528 καὶ
1142 501 1171 527 ὲν
1183 500 1222 536 τῷ
1237 501 1330 536 τρόπῳ
1348 501 1394 536 τῆς
1412 500 1485 535 ζωῆς
1498 520 1505 532 ,
1520 500 1584 527 ὅταν
1603 501 1705 532 παντὸς
1728 501 1868 537 καθαρεύῃ

1079 547 1126 574 τοῦ
1141 547 1173 574 ὲκ
1187 547 1319 582 πονηρίας
1335 546 1506 582 μολύσματος
1516 554 1523 561 ’
1547 543 1625 578 οὗτος
1641 546 1736 582 ὀμνύει
1753 546 1793 582 τῷ
1812 548 1868 573 Ku-

1082 595 1142 630 ρίῳ,
1157 593 1194 630 μὴ
1210 594 1344 628 ἀναϐῆναι
1360 594 1406 620 ἐπὶ
1426 593 1521 627 κλίνης
1537 593 1681 628 στρωμνῆς
1693 613 1700 625 ,
1725 593 1762 629 μὴ
1777 593 1867 620 δοῦναι

1082 639 1166 667 ὕπνον
1188 641 1244 671 τοῖς
1261 639 1409 674 ὀφθαλμοῖς
1436 638 1532 671 αὑτοῦ,
1556 638 1624 674 μηδὲ
1647 639 1801 674 νυσταγμδν
1814 641 1870 670 τοῖς

1082 685 1243 721 βλεφάροις,
1260 685 1313 716 ἕως
1331 682 1362 712 οὗ
1376 685 1442 721 εὕρῃ
1463 685 1492 710 ὲν
1503 683 1595 719 ἐαυτῷ
1607 684 1686 710 τόπον
1706 684 1744 719 τῷ
1762 685 1868 720 Κυρίῳ,

1082 732 1215 766 σκήνωμα
1232 730 1270 766 τῷ
1285 732 1313 757 ὲν
1327 730 1400 766 αὐτῷ
1415 730 1533 757 οἰκοῦντι
1556 730 1709 765 γενόμενος.
1733 730 1764 756 Ei
1778 729 1869 756 τοίνυν

1083 777 1165 812 ἐσμὲν
1182 777 1230 803 καὶ
1244 777 1326 812 ἡμεῖς
1339 776 1389 810 τῆς
1403 776 1459 803 ἄνω
1480 775 1657 810 Ἰερουσαλὴμ
1675 775 1774 806 τέκνα,
1790 773 1871 801 ἀκού-

1083 830 1175 857 σωμεν
1197 822 1246 856 τῆς
1262 820 1420 847 διδασκάλου
1441 819 1563 855 νύμφης,
1577 819 1636 851 πῶς
1658 819 1731 846 ἐστιν
1750 819 1812 846 [δεῖν
1825 819 1871 846 τὸν

241 874 450 900 concessurum,
463 868 505 895 vel
517 868 736 896 dormitationem
748 869 895 904 palpebris,
906 869 993 897 donec
1003 869 1029 896 in
1045 869 1067 896 B
1081 867 1247 901 ποθούμενον
1257 887 1263 893 .

241 921 272 941 se
292 914 379 941 locum
399 913 513 941 Domino
530 916 672 949 repererit,
689 915 776 943 factus
791 917 995 944 tabernaculum
1007 917 1067 952 ejus
1086 916 1113 943 in
1129 915 1188 949 ipso
1203 912 1362 940 habitantis.
1381 911 1565 945 Quamobrem
1588 910 1611 938 si
1630 919 1681 938 nos
1698 918 1807 946 quoque
1825 919 1872 940 su—

242 967 334 995 perna:
362 959 436 986 illius
461 959 613 987 Jerusalem
638 961 686 988 (iiii
714 970 827 996 sumus,
852 962 997 990 audiamus
1035 968 1164 998 sponsam
1195 959 1370 993 magistram,
1397 960 1443 993 qui
1465 957 1634 986 desideratus
1658 958 1734 984 cerni
1769 959 1869 993 possit.

277 1005 348 1039 Quid
366 1007 450 1042 igitur
469 1008 578 1042 inquit?
600 1009 623 1036 si
645 1009 697 1036 hoc
717 1009 898 1044 jurejurando
923 1015 1029 1038 nosmet

242 1053 464 1085 astrinxerimus,
483 1053 590 1082 futuros
608 1062 658 1082 nos
671 1055 697 1082 in
713 1057 894 1090 potestatibus
917 1064 1029 1092 caprea-

242 1105 304 1124 rum
320 1098 380 1125 acri
395 1099 571 1134 prmditarum
586 1101 658 1132 visu,
671 1106 698 1128 et
715 1101 743 1128 in
759 1102 865 1129 viribus
885 1109 1029 1129 cervorum

241 1143 288 1176 qui
300 1143 400 1170 malum
417 1143 546 1177 abolent;
568 1147 626 1171 tum
649 1152 714 1172 vero
728 1145 820 1172 licebit
837 1153 935 1180 purum
953 1145 1028 1172 illum

241 1195 372 1221 sponsum
387 1195 511 1221 cernere,
531 1189 577 1224 qui
591 1190 764 1217 dilectionem
786 1190 938 1224 eiaculatur
952 1199 957 1217 :
973 1195 1029 1217 tum

241 1233 334 1261 licebit
349 1234 446 1261 animae
461 1235 584 1269 cujusvis
604 1235 638 1262 ad
663 1243 724 1263 eum
741 1237 832 1264 dicere
849 1246 855 1263 :
886 1236 1030 1264 Vulnerata

241 1287 300 1306 sum
319 1288 337 1307 α
355 1280 504 1308 dilectione.
533 1281 607 1308 Bona
625 1290 690 1309 vero
717 1282 871 1310 dilectionis
891 1291 951 1310 esse
969 1283 1030 1310 vul-

240 1332 317 1359 nera,
336 1326 418 1354 etiam
435 1326 644 1354 Proverbiorum
668 1335 683 1355 e
705 1328 775 1355 libro
793 1328 955 1358 didicimus,
985 1329 1030 1363 qui

241 1372 279 1397 ait
301 1379 308 1397 :
327 1370 463 1406 Optabilia
489 1377 551 1399 sunt
583 1372 663 1399 antict‘
691 1372 808 1406 vulnera,
831 1373 914 1400 hostis
943 1378 1030 1400 autem

241 1418 321 1444 etiam
340 1419 432 1445 oscula
447 1418 519 1445 mala
540 1424 600 1446 sunt
616 1418 649 1446 ⁸⁹.
674 1418 805 1452 Quisnam
831 1427 896 1447 vero
909 1420 944 1447 sit
966 1420 1032 1446 ami-

241 1471 291 1490 cus
312 1463 368 1496 ille,
385 1464 465 1498 cujus
489 1465 601 1491 vulnera
621 1465 675 1492 sint
690 1466 792 1492 osculis
816 1465 960 1493 hostilibus
983 1473 1031 1500 po-

241 1509 323 1542 Iiora,
338 1509 512 1543 perspicuum
537 1510 623 1538 cuivis
640 1514 682 1537 est
704 1510 801 1539 salutis
826 1512 955 1546 mysteria
976 1519 1031 1539 non

241 1553 391 1588 ignoranti.
408 1553 513 1580 Etenim
527 1561 608 1582 verus
632 1562 665 1581 ac
683 1559 776 1582 certus
792 1555 898 1583 amicus
926 1559 969 1584 est
992 1556 1026 1588 is,

238 1597 286 1629 qui
304 1603 355 1624 nos
374 1597 455 1624 etiam
474 1598 566 1626 hostes
582 1598 702 1626 redditos
718 1599 829 1634 diligere
844 1607 898 1627 non
923 1600 1004 1627 desiit
1020 1609 1026 1627 :

241 1641 330 1668 hostis
344 1645 434 1669 autem
446 1641 585 1674 immanis,
599 1648 626 1670 et
639 1651 701 1670 eum
717 1651 771 1678 quo
790 1643 865 1671 nulla
879 1644 947 1671 coiri
963 1644 1031 1671 ami-
1044 1641 1066 1670 C

241 1684 308 1711 eitia
330 1688 428 1719 potest,
452 1685 532 1713 nobis
549 1686 594 1713 ille
617 1691 670 1719 est.
693 1688 739 1722 qui
762 1689 836 1715 nulla
859 1697 888 1716 re
912 1696 927 1715 a
951 1689 1030 1717 nobis

241 1731 324 1759 lzesus
338 1731 419 1758 morti
438 1739 488 1759 nos
504 1731 630 1766 subjecit.
648 1731 754 1760 Vulnus
770 1741 831 1762 esse
842 1735 973 1769 putabant
993 1735 1031 1762 illi

242 1778 361 1813 primum
389 1778 491 1806 conditi
519 1779 643 1808 homines
666 1780 840 1807 interdictum
863 1781 897 1808 de
920 1780 1031 1808 vitando

242 1825 325 1856 malo,
335 1825 408 1860 quod
425 1824 472 1852 Dei
489 1825 619 1853 mandato
634 1826 835 1853 continebatur.
850 1826 957 1854 Etenim
974 1827 1032 1854 vul-

244 1869 412 1897 ierationem
428 1878 489 1898 esse
511 1870 706 1905 opinabantur,
724 1871 795 1905 abigi
812 1879 840 1898 se
857 1879 872 1898 a
891 1879 919 1898 re
934 1872 1032 1907 jucun-

243 1914 295 1941 da:
311 1915 436 1943 Oseulum
451 1923 526 1948 vero,
542 1916 757 1943 exhortationem
779 1916 813 1943 ad
827 1916 854 1943 id
873 1917 946 1951 quod
959 1921 1032 1946 eSSet

243 1967 328 1987 suave
353 1966 520 1996 aspectuque
546 1961 701 1996 pulchrum.
727 1961 828 1989 Verqu
863 1963 1031 1998 experientia

243 2003 442 2032 demonstravit
469 2006 541 2040 quod
568 2013 600 2033 ea
630 2014 691 2041 quae.
719 2007 943 2035 existimarentur
969 2017 1030 2037 esse

243 2049 358 2077 vulnera
375 2049 497 2084 profecta
517 2050 551 2078 ab
562 2052 660 2084 amico,
676 2052 755 2088 longe
769 2056 826 2079 tum
840 2054 960 2087 utiliora,
973 2058 1031 2081 tum

243 2089 407 2127 ouszibiliora
426 2097 528 2124 osculis
545 2097 632 2125 hostis
652 2103 754 2126 essent.
775 2099 846 2132 Quia
863 2099 945 2134 igitur
964 2108 1028 2135 pro-

243 2140 320 2168 bavit
333 2141 506 2169 dilectionem
519 2150 595 2170 suam
613 2151 627 2170 a
646 2143 725 2171 nobis
745 2145 892 2179 praeclarus
906 2145 950 2172 ille
969 2153 1033 2180 pro-

244 2195 294 2215 cus
313 2187 466 2216 animarum
487 2193 654 2222 nostrarum,
672 2198 725 2224 qua
747 2190 872 2225 Christus
897 2191 1032 2220 adductus

243 2233 325 2260 etiam
351 2237 409 2262 tum
433 2242 496 2262 cum
521 2235 609 2262 adhuc
634 2239 790 2270 peccatores
815 2243 957 2268 essemus,
982 2245 1032 2272 pro

244 2278 326 2305 nobis
340 2283 465 2307 mortuus
481 2285 540 2308 est:
561 2280 663 2308 idcirco
676 2289 776 2316 sponsa
797 2282 915 2309 vicissim
938 2290 1031 2310 amore

244 2322 356 2350 incensa
378 2331 444 2358 erga
467 2324 542 2351 illum
575 2325 620 2359 qui
644 2325 729 2360 ipsam
758 2326 897 2358 dilexerat,
919 2327 1032 2354 demon-

245 2368 420 2403 stratjacens
436 2369 463 2395 in
478 2377 507 2396 se
526 2370 682 2398 dilectionis
699 2371 781 2398 telum
800 2372 854 2399 imo
871 2374 897 2399 in
911 2377 1030 2407 pectore,

244 2411 297 2439 Iloc
316 2417 368 2446 est,
391 2415 542 2442 divinitatis
557 2416 643 2451 ipsius
658 2419 941 2446 communicationem.
964 2418 1031 2446 Nam

245 2459 318 2487 Deus
333 2467 375 2488 est
391 2461 511 2496 dilectio,
525 2465 753 2498 quemadmodum
769 2466 895 2495 diximus.
909 2474 970 2501 qua:
985 2474 1033 2501 per

1116 1008 1149 1034 Τί
1163 1005 1209 1034 οὖν
1229 1015 1331 1043 (pne-tv;
1354 1007 1416 1033 Ἐὰν
1429 1007 1521 1042 ὅρκιον
1536 1007 1643 1039 ἑαυτοῖς
1657 1008 1736 1034 τοῦτο
1754 1009 1873 1043 ποιήσω-

1082 1063 1142 1090 μεν,
1155 1055 1185 1081 τὺ
1204 1055 1233 1080 ὲν
1247 1055 1307 1085 ταῖς
1319 1053 1465 1088 δυνάμεσιν
1479 1051 1549 1079 εἶναι
1568 1054 1622 1080 τῶν
1638 1053 1798 1090 διορατικῶν
1812 1054 1873 1089 δορ-

1080 1101 1169 1127 κάδων
1181 1120 1188 1132 ,
1215 1099 1262 1126 καὶ
1281 1099 1310 1125 ὲν
1327 1100 1386 1128 ταῖς
1402 1098 1523 1133 ίσχύσεσι
1542 1098 1596 1126 τῶν
1612 1099 1798 1133 ἀφανιστικῶν
1823 1099 1872 1135 τῆς

1081 1147 1178 1177 κακίας
1192 1146 1316 1180 ἐλάφωνι
1340 1145 1397 1171 ἐστι
1416 1145 1461 1171 διὰ
1482 1145 1582 1172 τούτων
1605 1146 1668 1172 ἰδεῖν
1687 1145 1733 1172 τὸν
1755 1145 1874 1181 καθαρὸν

1081 1192 1207 1226 νυμφίον,
1228 1191 1273 1217 τὸν
1293 1191 1342 1225 τῆς
1356 1190 1466 1226 ἀγάπης
1476 1191 1586 1226 τοξότην
1599 1211 1606 1223 ,
1625 1191 1671 1218 καὶ
1695 1193 1785 1218 εἰπεῖν
1805 1191 1873 1227 πρὸς

1081 1238 1161 1264 αὑτὸν
1177 1237 1226 1273 τὴν
1245 1237 1359 1264 ἑκάστου
1379 1237 1466 1272 ψυχὴν
1478 1257 1484 1269 ,
1500 1238 1540 1264 ὅτι
1564 1238 1733 1272 Τετρωμένη
1755 1238 1873 1273 ἀγάπης

1080 1283 1150 1318 είμί.
1175 1284 1254 1310 Καλά
1270 1283 1299 1309 δὲ
1324 1281 1392 1309 εἶναι
1407 1283 1457 1318 τῆς
1480 1283 1590 1318 ἀγάπης
1608 1285 1642 1310 τά
1664 1284 1810 1319 τραύματα
1825 1283 1874 1310 καὶ⁵

1081 1330 1157 1364 παρά
1170 1330 1219 1364 τῆς
1229 1329 1382 1364 Παροιμίας
1397 1329 1546 1364 ἐμάθομεν,
1561 1330 1578 1364 ἦ
1590 1338 1686 1364 φησιν·
1699 1329 1804 1363 Αἱρετὰ
1815 1329 1874 1363 μὲν

1081 1375 1136 1402 τοῦ
1152 1375 1243 1409 φίλου
1259 1374 1295 1401 τὰ
1314 1375 1476 1408 qud/utra,
1490 1375 1567 1401 κακὰ
1582 1375 1616 1401 δὲ
1633 1375 1687 1409 τῆς
1699 1375 1808 1410 ἔχθρας
1823 1375 1873 1402 καί

1081 1421 1117 1447 τὰ
1131 1420 1294 1454 φιλήματα,
1313 1421 1361 1452 Ti;
1386 1421 1414 1447 δὲ
1443 1421 1518 1455 φίλος
1531 1441 1538 1453 ,
1556 1419 1586 1448 οὗ
1604 1423 1638 1448 τὰ
1653 1423 1796 1457 τραύματα
1820 1422 1874 1449 τῶν

1082 1466 1241 1502 φιλημάτων
1259 1466 1307 1493 τοῦ
1333 1466 1431 1501 ἐχθροῦ
1458 1468 1656 1503 προτιμότεραζ
1683 1468 1769 1494 Παντὶ
1794 1467 1874 1503 δῆλον

1081 1513 1140 1538 ἐστι
1152 1533 1159 1545 ,
1173 1512 1213 1547 τῷ
1237 1511 1274 1548 μὴ
1294 1512 1435 1546 ἀγνοοῦντι
1453 1513 1486 1539 τὰ
1506 1513 1557 1548 τῆς
1573 1514 1710 1549 σωτηρίας
1726 1515 1872 1550 μυστήρια.

1081 1558 1160 1589 Φίλος
1180 1558 1230 1593 μὲν
1245 1558 1299 1593 γάρ
1317 1559 1390 1585 ἐστιν
1402 1558 1528 1594 ἀληθινός
1544 1568 1573 1585 τε
1590 1560 1636 1586 καὶ
1658 1559 1782 1594 βέϐαιος,
1796 1562 1810 1587 ὁ
1827 1561 1880 1587 καὶ

1082 1603 1198 1639 ἐχθροὺς
1212 1603 1375 1638 γενομένους
1397 1605 1471 1639 ἡμᾶς
1485 1603 1531 1630 τοῦ
1545 1605 1655 1640 ἀγαπᾷν
1671 1605 1709 1641 μὴ
1732 1606 1874 1641 παυσάμε-

1083 1657 1143 1680 νος·
1161 1649 1257 1684 ἐχθρὸς
1271 1649 1299 1675 δὲ
1323 1649 1436 1682 ἄπιστός
1462 1659 1491 1676 τε
1516 1651 1564 1676 καὶ
1582 1651 1743 1686 ἀνήμερος,
1760 1653 1774 1678 ὀ
1791 1652 1874 1687 μηδὲν

1081 1693 1247 1729 ἠδικηκότας
1261 1694 1411 1729 ὑπαγαγὼν
1423 1695 1462 1730 τῷ
1473 1695 1589 1731 θανάτῳ.
1604 1696 1720 1732 Τραῦμα
1732 1699 1787 1729 τοῖς
1800 1706 1874 1733 πρω-

1081 1740 1244 1771 τοπλάστοις
1266 1740 1352 1767 ἐδόκει
1375 1742 1392 1776 ἡ
1408 1741 1451 1767 διὰ
1470 1741 1520 1776 τῆς
1548 1742 1657 1777 ἐντολῆς
1672 1740 1803 1778 γενομένη
1825 1743 1873 1769 τοῦ

1082 1785 1168 1812 κακοῦ
1185 1786 1381 1820 ἀπαγόρευσις.
1406 1786 1523 1823 Τραῦμα
1547 1787 1602 1822 γὰρ
1629 1787 1758 1823 ἐνομίσθη
1784 1789 1799 1823 ὴ
1827 1788 1874 1814 τοῦ

1081 1831 1160 1866 ἡδέος
1179 1831 1358 1867 ἀλλοτρίωσις
1371 1839 1379 1846 ·
1394 1831 1500 1867 φίλημα
1526 1832 1554 1858 δὲ
1579 1833 1596 1868 ἡ
1616 1833 1684 1868 πρὸς
1707 1833 1736 1859 τὸ
1757 1833 1806 1868 ἡδὺ
1828 1832 1876 1860 καὶ

1081 1876 1204 1911 ἐμφανὲς
1229 1878 1380 1912 προτροπή.
1404 1877 1474 1903 Ἀλλ’
1498 1877 1626 1914 ἕδειξενὴ
1652 1879 1752 1915 πεῖρα.
1773 1879 1814 1905 ὄτι
1839 1880 1875 1906 τὰ

1084 1920 1250 1955 νομιζόμενα
1263 1920 1310 1946 τοῦ
1331 1921 1408 1955 φίλου
1425 1921 1570 1957 τραύματα
1592 1923 1646 1949 τῶν
1670 1923 1828 1958 φιλημάτων
1840 1921 1875 1958 ἦν

1081 1965 1129 1992 τοῦ
1140 1965 1238 2001 ἐχθροῦ
1249 1966 1457 2003 λυσιτελέστερα
1472 1969 1518 1994 καὶ
1534 1968 1711 2004 αἱρετώτερα.
1736 1970 1812 1996 Ἐπεὶ
1827 1968 1875 1997 οὖν

1083 2011 1247 2047 συνέστησεν
1266 2012 1362 2039 ἑαυτοῦ
1378 2013 1426 2048 τὴν
1441 2014 1552 2049 ἀγάπην
1565 2015 1578 2041 ὁ
1595 2015 1676 2046 καλὸς
1690 2015 1808 2051 ἐραστὴς
1820 2015 1876 2042 τῶν

1082 2057 1225 2093 ἡμετέρων
1247 2057 1340 2093 ψυχῶν
1351 2079 1359 2090 ,
1372 2059 1405 2085 δι’
1417 2056 1455 2086 ὧν
1468 2060 1514 2086 καὶ
1524 2061 1695 2095 ἁμαρτωλῶν
1715 2061 1792 2097 ἡμῶν
1805 2063 1876 2097 Χρι-

1083 2103 1144 2135 στὸς
1158 2104 1227 2139 ὑπὲρ
1239 2104 1317 2139 ἡμῶν
1337 2105 1455 2132 ἀπέθανε
1470 2114 1477 2121 ⁸
1492 2106 1535 2132 διὰ
1555 2106 1633 2133 τοῦτο
1644 2107 1839 2142 ἀντερασθεῖσα
1857 2110 1875 2143 ἡ

1082 2149 1174 2185 νύμφη
1186 2150 1232 2177 τοῦ
1245 2151 1437 2186 ἀγαπήσαντος
1448 2153 1581 2179 δείκνυσιν
1601 2154 1629 2179 ὲν
1645 2155 1727 2189 ἑαυτῇ
1748 2154 1876 2189 ἐγκείμε-

1083 2205 1128 2223 νον
1142 2196 1187 2223 διὰ
1204 2196 1303 2232 βάθους
1321 2198 1371 2233 τῆς
1391 2199 1501 2235 ἀγάπης
1526 2200 1555 2226 τὸ
1571 2200 1664 2234 βέλος·
1682 2200 1802 2226 τουτέστι
1825 2200 1876 2235 τὴν

1081 2243 1130 2278 τῆς
1147 2243 1272 2279 θεότητος
1292 2245 1374 2271 αὑτοῦ
1391 2245 1541 2272 κοινωνίαν.
1563 2245 1594 2271 Ἦ
1610 2245 1663 2280 γὰρ
1684 2245 1777 2280 ἀγάπη
1799 2245 1876 2271 ἐστὶν

1082 2288 1097 2314 ὸ
1112 2288 1177 2320 Θεὸς
1189 2308 1197 2320 ,
1213 2288 1305 2320 καθὼς
1321 2289 1428 2326 εἴρηται
1441 2311 1447 2322 ,
1465 2291 1480 2325 ἠ
1498 2290 1542 2317 διὰ
1556 2291 1607 2325 τῆς
1628 2291 1697 2317 κατὰ
1718 2291 1768 2326 τὴν
1783 2291 1876 2317 πίστιν

1084 2333 1176 2365 ἀκίδος
1190 2336 1224 2370 τῇ
1238 2336 1337 2371 καρδίᾳ
1352 2337 1527 2372 ἐγγενομένη.
1553 2337 1583 2363 Εἰ
1604 2337 1632 2363 δὲ
1651 2337 1702 2373 χρὴ
1725 2337 1771 2364 καὶ
1789 2337 1878 2372 ὄνομα

1083 2377 1129 2404 τοῦ
1146 2378 1238 2412 βέλους
1251 2379 1346 2406 τούτου
1362 2382 1458 2413 εἰπεῖν,
1471 2381 1586 2416 εὕρομεν
1597 2382 1611 2407 ὃ
1624 2382 1699 2417 παρὰ
1711 2381 1756 2408 τοῦ
1767 2381 1876 2408 Παύλου

1085 2423 1224 2458 ἐμάθομεν
1237 2445 1244 2456 ,
1261 2425 1302 2451 ὅτι
1315 2425 1345 2451 τὸ
1357 2425 1433 2460 βέλος
1446 2426 1523 2452 τοῦτό
1539 2426 1597 2452 ἑστι
1613 2427 1704 2458 πίστις
1717 2425 1750 2452 δι’
1763 2426 1876 2461 ἀγάπης

1087 2469 1129 2495 ὲνε
1134 2478 1198 2504 ργου
1203 2471 1280 2506 μένη.
1803 2466 1805 2469 ⁴

247 2506 308 2533 ildei
331 2509 473 2544 cuspidem
493 2510 522 2538 in
539 2518 587 2538 cor
610 2516 744 2547 penetrat.
774 2514 852 2546 Quod
870 2515 892 2541 si
910 2515 993 2541 etiam
1015 2515 1062 2542 teli
1082 2515 1165 2551 hujus
1195 2525 1295 2545 nomen
1321 2518 1496 2546 indicandum
1518 2523 1578 2552 est,
1605 2520 1677 2555 quod
1697 2520 1844 2548 didicimus
1861 2529 1878 2548 a

246 2555 332 2583 Paulo
342 2555 365 2571 ’°
392 2556 530 2588 dicemus,
555 2557 684 2584 nimirum
710 2558 762 2585 hoc
786 2559 868 2586 telum
883 2567 944 2587 esse
962 2559 1040 2587 {idem
1060 2569 1109 2596 per
1128 2561 1301 2590 diIeCtionem
1336 2564 1483 2593 eﬂieaciter
1503 2573 1532 2593 se
1546 2566 1742 2595 declarantem.

282 2603 428 2631 Enimvero
443 2605 500 2632 [περ
515 2605 552 2632 ita
574 2613 604 2633 se
617 2605 744 2636 habeant.
775 2606 813 2633 uti
835 2606 936 2641 cuique
958 2607 1033 2635 vide-

246 2651 343 2678 bitur:
364 2658 437 2678 nunc
464 2651 605 2679 videamus
630 2656 658 2678 et
679 2652 751 2678 illam
781 2651 1032 2686 interrogationem,

246 2705 329 2730 quam
359 2697 480 2731 virgines
505 2697 640 2732 magistr-sc
673 2705 728 2724 suae
758 2701 936 2732 proponunt:
962 2699 1031 2731 Quid

248 2742 332 2776 diﬂert
359 2749 485 2777 cugnalus
503 2749 562 2770 tuus
590 2752 605 2770 a
636 2748 756 2778 cognato,
780 2753 794 2770 ο
818 2745 935 2779 formosa
966 2747 1033 2772 inter

299 2830 320 2845 ""
333 2831 402 2858 l'sal.
416 2839 508 2865 cum,
521 2834 545 2859 5.

584 2834 605 2849 λ’
623 2832 701 2861 Prov.
718 2841 802 2867 xxv”,
816 2834 841 2861 6.
879 2835 900 2850 ’°
912 2835 998 2865 Galat.
1013 2843 1038 2864 v.
1056 2835 1080 2862 6.

1128 2610 1207 2637 Ἀλλὰ
1223 2609 1309 2637 ταῦτα
1327 2613 1376 2646 μὲν
1391 2611 1477 2647 ἐχέτω
1491 2613 1528 2645 ὡς
1544 2613 1618 2648 αὑτῷ
1632 2614 1720 2640 δοκεῖ·
1735 2615 1833 2649 ἴδωμεν
1847 2615 1879 2643 δὲ

1086 2655 1132 2682 καὶ
1144 2655 1192 2691 τὴν
1205 2656 1281 2692 παρὰ
1293 2656 1346 2683 τῶν
1368 2658 1509 2694 παρθένων
1525 2659 1724 2694 προσαχθεῖσαν
1741 2660 1878 2696 ἐρώτησιν

1084 2702 1117 2736 τῇ
1130 2701 1292 2737 διδασκάλῳ.
1313 2703 1342 2729 Τί
1356 2703 1516 2738 ἀδελφιόός
1532 2706 1653 2733 aovde
1661 2705 1835 2740 ἀδελφιδοῦ,
1855 2706 1876 2738 ὴ

1085 2748 1162 2782 καλὴ
1176 2748 1211 2775 ἐν
1223 2749 1380 2783 rvi/war;
1396 2750 1423 2775 τί
1433 2748 1593 2783 ἀδελφίδός
1607 2757 1665 2776 σου
1681 2750 1740 2777 ἀπὸ
1753 2750 1806 2777 ἅδε
1813 2753 1877 2785 Ιφί-
