1978 3068
114 141 183 170 1045

608 147 643 174 ΙΝ
661 147 809 176 CANTICA
824 148 964 178 CANTIC.
980 147 1125 177 HOMILIA
1143 148 1209 176 Xlll.

47 13 1893 39 ἡ

1673 151 1740 181 Nili

110 201 184 235 δοῦ,
199 202 245 230 ὅτι
265 203 359 237 οὕτως
374 202 507 238 ὥρκισας
521 205 618 240 Mdg;
638 207 772 244 Τοιαύτην
797 209 826 236 δέ
841 217 906 238 τινα,

959 208 1074 235 mulieres
1086 209 1098 235 1’
1108 207 1170 243 quid
1187 211 1314 242 cognatus
1329 212 1389 234 tuus
1409 215 1425 234 a
1439 212 1549 242 cognato
1562 209 1662 244 dilfert.
1671 209 1740 244 quod

110 249 185 276 δοκεῖ
200 249 399 285 μοι’περιέχειν
416 251 433 286 ἡ
447 251 527 286 ῥῆσις
540 252 669 285 διάνοιαν,
685 254 777 287 καθὼς
793 255 810 290 ὴ
834 256 900 282 ἀκο-

112 295 206 322 λουθία
220 295 274 323 τῶν
284 297 528 333 προεξητασμένων
539 299 659 332 εἰκάζειν
668 300 784 327 δίδωσιν
794 302 902 338 Ἐπειδὴ

111 341 167 376 γὰρ
187 343 214 368 αἱ
238 342 366 377 παρθένοι
389 341 457 371 εἶδον
480 344 529 380 τὴν
544 345 630 382 καλὴν
644 346 731 379 ἔξοδον
750 347 800 382 τῆς
813 347 902 384 ψυχῆς

113 387 240 423 νύμφης,
266 388 311 415 ὅτε
338 390 478 426 προσεφύη
504 391 542 427 τῷ
562 392 673 429 Λόγῳή
699 394 834 428 εἰποῦσα,
861 395 903 422 ὅτι

90 436 94 439 ”
119 434 267 468 Ἐξῆλθεν
281 435 302 469 ἡ
316 436 400 471 ψυχή
410 446 470 471 μου
488 437 523 465 ἐν
533 439 614 473 λόγῳ
631 439 737 467 αὐτοῦ·
758 441 805 468 καὶ
821 440 904 475 ἔγνω-

113 488 175 512 σαν,
187 480 227 507 ὅτι
245 480 335 516 ἐζήτει
351 482 495 514 ἐξελθοῦσα
510 483 556 511 τὸν
572 483 615 511 διὰ
627 485 747 520 σημείων
763 486 811 521 οὐχ
825 487 902 522 εὑρι-

114 526 246 560 σκόμενον
259 546 266 559 ,
291 527 338 553 καὶ
365 528 457 555 ἐκάλει
474 528 564 564 βοῶσα
585 529 631 557 τὸν
645 531 694 566 οὐχ
711 532 903 560 ὐναακούσαντα

112 573 169 602 τοῖς
183 573 297 608 ὀνόμασι
308 582 315 589 ο
329 574 374 601 διὰ
385 575 462 602 τοῦτό
481 585 562 610 φασι,
578 576 640 608 ΙΙῶς
654 577 810 613 ἐπιγνῶμεν
823 579 903 606 αὑτὸν

112 618 195 653 ἡμεῖς
209 639 218 651 ,
236 619 282 646 τὸν
300 620 394 656 μηδενὶ
418 622 523 657 σημείῳ
547 623 718 660 γνωριστικῷ
743 625 904 661 εὑρισκόμε-

113 672 158 690 νον
171 684 178 696 ,
196 664 225 696 ὃς
239 664 300 692 οὔτε
318 666 449 694 ὑπακούει
475 668 640 704 καλούμενος
651 689 658 702 ,
676 669 738 697 οὔτε
761 673 904 706 κρατεῖται

114 709 294 746 ζητούμενος;
309 712 422 748 Περίελε
447 714 535 744 τοίνυν
563 714 609 741 καὶ
629 716 662 742 σὺ
688 715 742 743 τῶν
757 716 905 753 ὀφθαλμῶν

113 756 168 784 τῶν
188 757 331 793 ἡμετέρων
348 758 382 785 τὰ
403 758 542 796 θέριστρα,
558 760 626 796 ὅπερ
649 761 780 797 ἐποίησαν
797 764 843 790 ἐπὶ
863 764 905 790 σοὶ

113 803 139 828 οἱ
155 802 205 838 τῆς
217 803 320 835 πόλεως
332 803 452 838 φύλακες
465 826 472 838 ,
488 806 531 832 ἴνα
545 815 588 838 τις
601 807 714 842 γένηται
727 809 792 843 ἡμῖν
810 809 905 844 ὀδηγία

114 846 183 881 πρὸς
196 847 227 874 ἰδ
243 848 417 884 ζητούμενον.
434 850 501 877 Εἰπὲ
514 870 520 883 ,
538 851 580 883 τίς
596 853 669 880 ἐστιν
683 853 823 888 ἀδελφιδός
846 863 903 888 σου,

114 891 175 918 καθ’
189 892 203 918 ὅ
216 893 289 919 ἐστιν
303 893 332 920 ὲν
348 893 387 928 τῷ
409 893 481 930 λόγῳ
497 896 546 931 τῆς
561 895 678 930 φύσεως.
694 898 744 930 Δὸς
753 884 775 934 *ἡ
781 884 826 934 μῖν
842 884 904 934 ἔφηἐ
921 884 942 911 Β

113 936 157 963 δον
181 937 231 972 τῆς
254 937 428 972 ἐπιγνώσεως
445 939 527 966 αὑτοῦ
543 960 549 972 ,
565 941 609 968 διὰ
622 943 810 978 γνωριπικῶν
823 953 904 971 τινων

113 983 280 1018 τεκμηρίων,
295 984 326 1010 σὺ
345 984 390 1011 τοῦ
406 985 489 1012 καλοῦ
506 986 691 1022 πληρωθεῖσα,
709 990 755 1016 καὶ
770 989 814 1017 διὰ
825 991 905 1017 τοῦτο

115 1028 246 1064 γενομένη
266 1029 335 1064 καλὴ
352 1030 381 1056 ὲν
396 1031 516 1066 γυναιξί.
529 1031 664 1067 Γνώρισον
678 1034 744 1069 ἡμῖν
763 1034 794 1061 τὸ
809 1034 905 1071 ζητού-

116 1082 208 1108 μενον,
226 1075 274 1101 καὶ
286 1074 390 1106 δίδαξον
405 1076 495 1110 ἡμᾶς,
509 1076 542 1102 δι’
560 1073 598 1103 ὧν
612 1077 768 1113 εὑρίσκεται
784 1080 905 1115 σημείων

113 1121 128 1147 ὁ
139 1120 254 1156 ἁόραςος
266 1141 274 1154 ,
298 1121 336 1152 ὼς
354 1122 472 1156 μηνύσαι
489 1123 564 1158 αὑτῷ
592 1125 657 1159 περὶ
672 1124 718 1151 τοῦ
746 1125 838 1160 βέλους
856 1127 905 1162 τῆς

114 1165 241 1201 ἀγάπης,
258 1163 280 1200 ᾧ
309 1166 384 1202 μέσῳ
407 1167 541 1201 τέτρωσαι
567 1169 617 1204 τὴν
638 1170 770 1205 καρδίαν,
787 1171 831 1198 διὰ
855 1173 905 1207 τῆς

114 1210 245 1245 γλυκείας
259 1211 356 1247 ὀδύνης
369 1212 415 1239 τὸν
437 1213 518 1240 πόθον
543 1215 708 1248 ἐπαύξουσα.
725 1217 855 1252 Κρεϊττον
877 1219 906 1245 δὲ

116 1256 149 1284 ἂν
170 1257 212 1291 εῐη
226 1277 233 1290 ,
250 1257 331 1284 πάλιν
344 1258 394 1293 τὴν
412 1258 496 1294 αὐτὴν
512 1259 591 1294 ῥῆσιν
609 1261 788 1289 ἐπαναλαϐεῖν
803 1263 849 1290 ἐπὶ
863 1263 906 1290 λέ-

116 1301 184 1335 ξεως
195 1322 202 1334 ,
216 1302 253 1334 ὡς
268 1303 300 1329 ἂν
313 1303 463 1339 ἐφαρμόσαι
479 1305 496 1340 ἡ
513 1306 569 1337 τοῖς
588 1307 680 1342 ῥητοῖς
693 1308 834 1335 ὲκτεθεῖσα
847 1309 907 1336 διά-

115 1356 184 1375 νοια.
207 1348 238 1375 Τί
257 1348 419 1384 ἀδελφιδός
433 1359 491 1378 σου
509 1352 568 1379 ἀπὸ
585 1352 765 1387 ἀδελφιδοῦ,
785 1354 804 1388 ἡ
825 1354 905 1389 καλὴ

115 1393 152 1420 ἐν
172 1394 292 1427 γυναιξί
308 1403 317 1427 ;
338 1396 367 1422 τί
381 1395 542 1431 ἀδελφιδός
564 1406 622 1425 σου
643 1399 702 1426 ἀπὸ
730 1399 904 1435 ἀδελφιδοῦ,

116 1438 162 1466 ὅτι
174 1440 268 1472 οὕτως
282 1439 413 1475 ὥρκισας
427 1442 506 1476 ἡμᾶς
519 1451 528 1474 ;
555 1444 728 1479 Ἀκούσωμεν
748 1445 837 1472 τοίνυν
855 1446 907 1481 τῆς

116 1485 239 1521 ἀκριϐῶς
257 1487 451 1523 περιελομένης
471 1488 502 1515 τὸ
527 1489 685 1526 θέριστρον,
705 1491 752 1517 καὶ
773 1492 908 1519 ἀνακεκα-

116 1530 274 1580 λυμμενης,
288 1532 329 1567 τῷ
342 1532 393 1580 της
413 1533 506 1580 ,ψυχῆς
527 1534 659 1571 ὀφθαλμῷ
675 1535 826 1572 βλεποὺσης
839 1538 907 1574 πρὸς
922 1550 943 1580 c

115 1575 166 1611 τὴν
178 1576 308 1612 ἀλήθειαν
317 1586 324 1592 ·
338 1577 396 1611 πῶς
408 1579 561 1615 ὑπογράφει
578 1581 674 1613 αὑταῖς
688 1582 718 1608 τὺ
732 1582 906 1619 ζητούμενον;

117 1620 176 1653 πῶς
191 1621 333 1658 ζωγραφεῖ
350 1622 390 1658 τῷ
409 1623 481 1660 λόγῳ
503 1625 550 1651 τοῦ
572 1625 739 1665 ποθουμένου
755 1627 800 1655 τὸν
821 1637 908 1664 χαρα-

117 1668 227 1703 κτῆρα;
261 1668 321 1700 πῶς
349 1669 395 1696 ὑπ’
422 1669 482 1704 ὄψιν
518 1670 579 1705 ἄγει
605 1673 665 1703 ταῖς
692 1672 838 1707 παρθένοις
863 1673 909 1700 τὸν

117 1714 315 1749 ἀγνοούμενον;
334 1715 442 1751 Ἐπειδὴ
459 1716 512 1752 γὰρ
526 1716 572 1742 τοῦ
584 1717 713 1751 Χριστοῦ,
725 1718 756 1743 τὸ
770 1718 819 1752 μὲν
832 1719 907 1746 ἄκτι-

119 1759 181 1786 στόν
195 1761 265 1792 ἐστι,
280 1760 310 1786 τὸ
329 1760 357 1787 δὲ
372 1761 480 1787 κτιστύν
492 1769 499 1777 ·
514 1761 629 1796 λέγομεν
651 1763 679 1789 δὲ
692 1763 820 1790 ἄκτιστον
835 1763 906 1792 εἶναι

118 1803 201 1830 αὑτοῦ
212 1825 219 1837 ,
240 1805 271 1830 τὺ
286 1805 371 1831 ἀΐδιόν
385 1813 415 1831 τε
435 1805 479 1832 καλ
505 1805 668 1841 προαιώνιον
680 1827 687 1838 ,
703 1807 750 1834 καὶ
771 1808 910 1843 ποιητικὸν

119 1850 230 1877 πάντων
252 1850 306 1876 τῶν
330 1850 432 1882 ὄντων,
457 1851 565 1877 κτιστὸν
590 1851 618 1878 δὲ
637 1851 667 1878 τὺ
681 1852 751 1879 κατὰ
767 1852 816 1888 τὴν
839 1852 910 1889 ὑπὲρ

119 1895 198 1930 ἡμῶν
214 1895 370 1930 οἰκονομίαν
388 1896 606 1931 συσχηματισθὲν
620 1896 659 1932 τῷ
676 1897 781 1933 σώματι
798 1899 847 1933 τῆς
862 1907 910 1925 τα-

119 1939 275 1972 πεινώσεως
297 1941 375 1976 ἡμῶν
388 1949 394 1956 ·
424 1941 522 1976 μᾶλλον
548 1941 577 1968 δὲ
611 1941 644 1968 δι’
658 1943 748 1969 αὐτῶν
762 1942 815 1969 τῶν
831 1942 910 1970 θείων

120 1986 251 2021 ῥημάτων
274 1986 324 2021 τὴν
349 1987 413 2021 περὶ
436 1987 531 2014 τούτου
548 1987 666 2015 διάνοιαν
688 1988 792 2023 βέλτιον
808 1988 841 2015 ἂν
867 1990 910 2025 εἴη

120 2030 289 2066 παραθέσθαι
301 2031 339 2066 τῷ
362 2029 592 2067 λόγῳ.”Δκτιστον
609 2033 724 2068 λέγομεν
738 2034 783 2060 τὸν
798 2034 827 2060 ὲν
839 2034 909 2070 ἀρχῇ

120 2079 184 2105 δντα
198 2076 295 2110 Λόγον,
310 2077 356 2104 τὸν
366 2077 399 2104 δι’
413 2074 444 2104 οὗ
456 2078 489 2105 τὰ
505 2079 594 2106 πάντα
609 2078 717 2113 ἐγένετο
726 2100 734 2112 ,
751 2080 798 2106 καὶ
812 2076 842 2107 οὗ
855 2090 910 2116 χω-

121 2123 165 2158 ρὶς
187 2123 241 2150 τῶν
268 2124 418 2157 γεγονότων
434 2124 509 2152 ἐστὶν
535 2125 611 2153 οὐδέν
626 2134 633 2143 ·
651 2127 759 2154 κτιστὺν
789 2126 817 2154 δὲ
832 2147 840 2160 ,
867 2127 911 2154 τὸν

121 2169 211 2204 σάρκα
227 2169 371 2204 γενόμενον
384 2190 392 2202 ,
410 2171 456 2197 καὶ
472 2171 501 2198 ὲν
518 2171 583 2207 ἡμῖν
600 2171 778 2207 σκηνώσαντα
791 2192 798 2205 ,
818 2169 849 2199 οὗ
864 2174 911 2200 καὶ

952 254 990 282 ita
999 253 1173 289 iureiurando
1205 261 1252 280 nos
1277 253 1457 281 asirinxeris.’
1490 252 1529 280 Ea
1551 254 1634 281 verba
1659 255 1740 282 talem

952 299 1019 326 mihi
1050 299 1191 326 continere
1219 306 1331 326 sensum
1349 298 1488 333 videntur,
1510 299 1739 334 quemadmodum

952 354 987 374 ex
1005 346 1065 382 ipsa
1080 352 1170 372 rerum
1183 345 1240 380 jam
1257 345 1450 380 inquisitarum
1470 346 1540 374 serie
1556 345 1694 380 conjicere
1709 347 1741 373 li-

953 396 996 420 cet
1011 403 1019 422 ι
1035 391 1104 425 Quia
1120 391 1243 418 viderunt
1262 391 1381 426 virgines
1405 393 1563 426 praeclaram
1588 392 1662 420 illam
1681 393 1741 420 ani-

953 444 1015 470 mae,
1033 444 1093 471 quas
1116 444 1218 472 sponsa
1234 440 1286 470 est,
1308 437 1503 472 egressionem,
1525 446 1586 465 cum
1602 437 1692 466 Verbo
1712 447 1742 466 se

954 483 1124 519 adjungeret,
1146 483 1190 511 his
1212 483 1302 511 verbis
1326 490 1380 511 usat
1412 493 1418 511 :
1446 483 1560 519 Egressa
1589 489 1627 512 eu
1653 485 1742 512 animn

955 537 1012 556 mea
1033 529 1068 556 ad
1093 536 1237 556 sermonem
1269 529 1326 563 ejus
1339 537 1349 561 ;
1370 529 1433 564 quia
1459 529 1523 556 item
1547 535 1742 564 cognoverunt,

955 574 1026 610 quod
1051 581 1162 609 egressa
1181 574 1319 609 quaesierit
1336 574 1427 608 illum,
1455 575 1500 610 qui
1520 582 1568 610 per
1592 575 1669 610 signa
1696 570 1744 603 ne-

954 622 1014 656 quit
1037 620 1170 653 inveniri,
1204 628 1237 648 ac
1269 620 1407 648 vocaverit
1429 627 1492 648 eum
1528 621 1575 655 qui
1601 621 1743 648 nominum

955 667 1183 703 appellationibus
1204 673 1259 694 non
1289 667 1398 694 adhibet
1423 674 1542 697 aurem:
1566 666 1669 695 idcirco
1687 667 1743 702 jam

955 717 1081 748 quaerunt
1097 713 1149 740 hoc
1163 713 1369 748 quodammodo
1393 721 1400 740 ι
1429 712 1481 746 Qui
1494 720 1544 740 nos
1564 720 1745 748 agnoscemus

956 766 1017 786 eum
1046 758 1093 794 qui
1119 758 1194 786 nullo
1214 759 1292 794 signo
1311 758 1425 793 reperiri
1452 762 1542 793 potest
1565 758 1637 786 unde
1661 766 1745 793 agno-

957 804 1067 832 scatur?
1083 805 1184 840 quippe
1198 812 1261 831 cum
1275 809 1388 832 vocatus
1400 812 1453 832 non
1466 804 1576 837 audiat,
1603 809 1630 832 et
1643 805 1744 840 quaesi-

957 852 1001 876 tus
1028 856 1083 876 non
1112 849 1381 884 comprehendatur?
1412 849 1509 877 Adime
1531 850 1633 877 nostris
1662 849 1744 877 etiam

955 895 1042 923 oculis
1062 895 1131 928 vela,
1149 895 1223 930 quod
1246 895 1294 923 tibi
1319 895 1448 923 custodes
1468 895 1587 923 civitatis
1611 895 1743 926 fecerunt.

955 945 985 970 ut
1013 941 1159 976 quamdam
1191 941 1271 976 quasi
1298 941 1538 969 manuductionem
1561 941 1595 968 ad
1622 941 1650 969 id
1672 941 1744 976 quod

954 987 1103 1022 querimus
1116 994 1329 1022 consequamur.
1357 986 1456 1020 Dicito,
1480 987 1542 1022 quis
1563 987 1598 1014 sit
1612 991 1746 1021 cognatus

956 1037 1031 1066 tuus,
1049 1037 1184 1068 quatenus
1200 1041 1292 1060 rerum
1307 1033 1334 1061 in
1351 1037 1448 1060 natura
1465 1033 1581 1061 exsistit.
1599 1032 1746 1060 Common-

956 1083 1042 1107 su-ato
1058 1079 1138 1106 nobis
1160 1079 1231 1106 viam
1250 1078 1416 1114 cognitionis
1432 1079 1492 1114 ejus
1515 1086 1563 1114 per
1587 1082 1745 1114 argumenta

955 1125 1090 1160 quaedam,
1110 1125 1143 1152 de
1156 1124 1256 1159 quibus
1275 1125 1386 1159 agnosci
1403 1125 1500 1160 possit,
1518 1123 1542 1152 ‘o
1558 1129 1586 1151 tu
1604 1132 1665 1160 qua:
1685 1125 1746 1158 pul—

956 1170 1023 1197 chra
1048 1169 1120 1196 facta
1136 1176 1165 1196 es
1179 1169 1249 1196 inter
1273 1168 1414 1201 mulieres,
1442 1172 1587 1204 propterea
1604 1169 1676 1203 quod
1700 1168 1746 1195 illo

956 1213 1028 1240 bono
1043 1213 1144 1247 repleta
1166 1212 1216 1240 sis.
1243 1212 1365 1240 lndicato
1391 1213 1471 1240 nobis
1492 1213 1566 1248 quod
1585 1213 1742 1247 quaerimus.

958 1259 1058 1286 Doceto
1073 1266 1124 1286 nos
1152 1266 1199 1293 per
1215 1266 1276 1293 quae
1303 1259 1379 1293 signa
1408 1258 1561 1294 reperiatur
1583 1258 1607 1286 is
1626 1258 1673 1293 qui
1692 1266 1746 1286 non

957 1303 1088 1336 cernitur,
1112 1307 1141 1330 ut
1165 1303 1350 1339 significemus
1375 1302 1428 1338 ipsi
1449 1303 1483 1330 de
1507 1302 1661 1330 dilectionis
1682 1303 1746 1334 telo,

957 1358 1011 1385 quo
1026 1357 1074 1385 per
1087 1349 1206 1377 medium
1227 1356 1276 1376 eor
1303 1349 1445 1376 vulnerata
1453 1356 1496 1381 es,
1514 1355 1617 1384 augens
1636 1348 1744 1376 deside-

958 1396 1028 1423 rium
1048 1400 1124 1422 tuum
1143 1403 1190 1429 per
1214 1395 1288 1421 hunc
1309 1394 1442 1422 dolorem.
1466 1394 1560 1421 Fuerit
1580 1397 1671 1421 autem
1689 1401 1747 1421 me—

957 1441 1013 1469 lius
1031 1448 1130 1468 rursus
1147 1441 1180 1468 de
1194 1440 1277 1468 verbo
1300 1439 1334 1467 ad
1355 1439 1466 1467 verbum
1484 1439 1535 1466 hoc
1553 1439 1655 1467 dictum
1670 1446 1747 1474 repe-
1774 1450 1776 1453 -

958 1492 1025 1521 tere,
1039 1490 1069 1514 ut
1090 1487 1214 1521 exposita
1249 1485 1330 1513 modo
1346 1485 1481 1513 sententia
1501 1485 1590 1513 verbis
1614 1484 1682 1520 ipsis
1702 1491 1749 1511 ac-

959 1532 1160 1560 commodetur.
1177 1531 1253 1565 Quid
1268 1531 1358 1566 differt
1377 1536 1505 1567 cognatus
1521 1537 1581 1558 mus
1595 1540 1612 1558 α
1626 1535 1747 1566 cognato,

961 1587 976 1606 ο
995 1578 1114 1612 formosa
1126 1578 1193 1605 inter
1207 1576 1352 1604 mulieres?
1367 1577 1431 1612 quid
1450 1580 1577 1611 cognatus
1599 1581 1659 1602 (nus
1675 1584 1691 1602 a
1706 1583 1749 1603 co-

960 1630 1040 1661 gnato
1059 1625 1168 1659 differt,
1189 1623 1258 1659 quod
1283 1624 1321 1650 ita
1342 1622 1520 1658 jurejurando
1543 1631 1590 1649 nos
1617 1622 1747 1649 auriam—

960 1673 1021 1699 ris?
1049 1670 1118 1698 llinc
1143 1671 1201 1705 jam
1229 1669 1373 1697 audiamus
1399 1676 1458 1696 eam
1481 1668 1525 1696 cui
1550 1668 1640 1695 velum
1669 1667 1748 1696 faciei

963 1722 1079 1751 prorsus
1107 1715 1264 1750 ademptum
1280 1718 1331 1746 est,
1345 1721 1459 1749 quaque
1469 1718 1563 1748 aperto
1576 1714 1658 1740 animi
1670 1713 1763 1741 oculor

961 1762 1103 1789 veritatem
1146 1761 1268 1787 intuetur
1285 1769 1292 1787 ε
1312 1767 1367 1794 quo
1383 1763 1464 1794 pacto
1478 1758 1607 1786 describit
1622 1759 1662 1786 eis
1678 1759 1751 1794 quod

961 1807 1142 1843 quaarebant?
1167 1807 1214 1840 qui
1237 1803 1360 1840 depingit
1388 1804 1422 1831 ad
1439 1804 1531 1831 vivum
1552 1804 1676 1831 oratione
1699 1813 1751 1832 sua

961 1855 1076 1882 formam
1097 1851 1242 1879 desiderati
1256 1851 1268 1878 ?
1287 1851 1334 1885 qui
1347 1850 1398 1877 sul)
1411 1854 1551 1884 aspectum
1561 1851 1655 1876 statuit
1667 1849 1750 1885 virgi-

961 1899 1043 1926 nibus
1053 1905 1115 1925 eum
1129 1904 1210 1932 quem
1226 1895 1407 1931 ignorabant?
1430 1894 1500 1928 Quia
1516 1895 1588 1922 enim
1606 1895 1633 1922 in
1642 1895 1750 1923 Christo

962 1943 1092 1980 quiddam
1105 1947 1227 1971 creatum
1246 1945 1298 1972 est,
1334 1941 1463 1976 quiddam
1476 1941 1625 1968 incrcatum
1645 1946 1694 1968 :et
1711 1941 1752 1968 in-

962 1994 1083 2019 creatum
1105 1996 1234 2016 vocamus
1254 1980 1424 2022 illudipsum
1459 1986 1531 2022 quod
1554 1990 1685 2014 aeternum
1699 1991 1751 2019 est,

963 2044 995 2064 ac
1007 2036 1117 2064 saeculis
1133 2035 1222 2070 prius,
1246 2038 1274 2061 et
1294 2041 1309 2060 a
1338 2041 1393 2068 quo
1409 2041 1453 2060 res
1473 2034 1608 2060 universae
1636 2032 1753 2059 conditae.

962 2087 1027 2111 sunt
1048 2090 1055 2109 :
1084 2084 1206 2109 creatum
1230 2087 1305 2112 vero,
1328 2079 1401 2114 quod
1424 2078 1459 2106 ob
1477 2083 1631 2114 susceptam
1665 2079 1752 2105 nostri

961 2136 1047 2157 causa
1062 2126 1330 2155 administrationem
1343 2125 1543 2152 conformatum
1559 2128 1601 2153 est
1617 2125 1651 2152 ad
1680 2125 1754 2153 simi-

963 2173 1104 2201 litudinem
1127 2171 1249 2206 corporis
1269 2169 1431 2197 humilitatis
1446 2172 1556 2197 nostrae.
1583 2168 1632 2196 Vel
1658 2169 1750 2204 potius

121 2215 309 2250 σαρκωθέντος
335 2216 352 2251 ἡ
379 2217 564 2252 ἐμφαινομένη
584 2217 648 2250 δόξα
670 2218 765 2254 δηλοῖ,
782 2218 823 2245 ὃτι
846 2219 906 2251 θεὸς

967 2219 1048 2246 fuerit
1070 2222 1152 2252 atque
1169 2217 1265 2244 melius
1281 2223 1328 2251 per
1344 2216 1403 2250 ipsa
1423 2215 1504 2242 verba
1529 2215 1621 2242 divina
1640 2218 1751 2242 senten-

121 2260 280 2296 ἐφανερώθη
298 2261 327 2287 ὲν
354 2263 454 2297 σαρκὶ,
480 2262 546 2295 Θεὸς
559 2263 668 2295 πάντως
683 2264 697 2290 ό
711 2265 858 2300 μονογενὴς
870 2284 877 2296 ,
897 2266 911 2291 ὁ

122 2306 151 2332 ἐν
165 2307 220 2336 τοῖς
233 2306 343 2338 κόλποις
357 2307 395 2334 ὢν
413 2307 460 2334 τοῦ
478 2309 585 2344 Harpe;
597 2329 604 2341 ,
623 2309 709 2342 οὕτως
726 2310 849 2342 εἰπόντος
863 2310 909 2337 τοῦ

129 2350 262 2383 Ἰωάννου,
275 2352 316 2378 ὅτι
324 2352 520 2387 Ἐθεασάμεθα
530 2353 588 2387 τὴν
596 2353 691 2386 δόξαν
698 2355 802 2381 αὐτοῦ·
815 2355 861 2382 καί
870 2363 911 2382 τοι

122 2395 153 2421 τὸ
167 2396 327 2431 φαινόμενον
336 2398 479 2433 ἄνθρωπος
490 2397 534 2435 ἦν,
549 2399 616 2425 ἀλλὰ
628 2399 657 2426 τὺ
673 2399 706 2426 δι’
717 2400 799 2427 αὐτοῦ
811 2409 910 2436 γνωρι-

123 2441 344 2479 ζόμενα-ι,Δόξαν
360 2444 444 2479 φησιν
458 2445 685 2480 ὠςμονοτενοῦς
692 2447 772 2480 παρὰ
786 2446 910 2480 Πατρός,

123 2487 224 2522 πλήρη
233 2488 352 2522 χάριτος
365 2490 414 2517 καὶ.
427 2490 578 2524 ἀληθείας.
593 2491 701 2528 Ἐπειδὴ
716 2491 805 2519 τοίνυν
819 2492 849 2519 τὸ
861 2492 912 2528 μὲν

122 2532 249 2559 ἄκτιστον
262 2534 354 2567 αὑτοῦ,
371 2535 417 2561 καὶ
430 2535 602 2570 προαιώνιον,
618 2537 665 2563 καὶ
679 2537 776 2569 ἀΐδιον,
791 2537 911 2573 ἄληπτον

125 2579 173 2613 μὲν
195 2579 256 2606 καθ’
271 2579 332 2607 ὅλου
352 2580 427 2616 πάσῃ
449 2581 527 2616 φύσει
547 2582 593 2608 καὶ
613 2582 804 2618 ἀνεκφώνητον
816 2592 822 2599 ·
838 2584 868 2611 τὸ
883 2584 912 2611 δὲ

123 2624 170 2651 διὰ
182 2625 283 2660 σαρκὺς
297 2625 363 2661 ἡμῖν
376 2627 531 2662 φανερωθὲν
544 2647 552 2660 ,
570 2627 681 2655 δύναται
698 2629 788 2661 ποσῶς
811 2630 858 2656 καὶ
882 2631 911 2662 ἐς

123 2670 223 2703 γνῶσιν
236 2670 336 2698 ὲλθεῑν·
351 2672 447 2699 τούτου
471 2672 550 2708 χάριν
567 2674 634 2709 πρὸς
651 2675 737 2702 ταῦτα
749 2675 792 2702 ἀεὶ
807 2677 823 2711 ὴ
837 2676 910 2703 διδά-

125 2715 222 2747 σκαλος
239 2715 346 2750 βλέπει,
363 2718 410 2744 καὶ
429 2719 493 2754 περὶ
515 2718 618 2746 τούτων
632 2722 747 2748 ποιεῖται
761 2721 807 2748 τὸν
822 2721 909 2756 λόγον,

124 2761 175 2788 ὅσα
198 2760 309 2788 δύναται
331 2763 456 2797 γενέσθαι
477 2765 588 2801 χωρητὰ
603 2767 658 2798 τοῖς
680 2767 817 2796 ἀκούουσι.
833 2769 910 2804 Λέγω

179 2851 200 2868 ’¹
212 2849 290 2881 Joun.
308 2861 331 2888 ι,
347 2855 374 2882 5.

966 2265 1031 2291 tiam
1061 2263 1158 2290 horum
1177 2261 1313 2295 subjicere
1330 2259 1407 2295 quasi
1422 2260 1519 2287 oculis.
1541 2260 1695 2287 lncreatum
1709 2259 1753 2286 di-

964 2311 1051 2337 cimus
1087 2307 1219 2339 Verbum,
1241 2306 1314 2342 quod
1337 2306 1415 2333 initio
1441 2312 1531 2333 rerum
1546 2305 1704 2337 exsistebat,
1727 2310 1754 2333 et

966 2362 1073 2390 semper
1094 2357 1153 2382 erat
1182 2353 1254 2388 apud
1276 2351 1372 2385 Deum,
1400 2355 1427 2379 et
1451 2355 1509 2378 erat
1530 2351 1602 2378 Deus
1622 2350 1752 2382 Verbum.

966 2408 1014 2436 per
1024 2399 1097 2435 quod
1112 2398 1189 2425 facta
1203 2402 1266 2426 sunt
1281 2397 1383 2429 omnia,
1394 2402 1422 2424 et
1436 2396 1496 2425 sine
1512 2404 1566 2431 quo
1575 2397 1643 2424 nihil
1656 2404 1752 2424 eorum

966 2448 1068 2474 factum
1088 2449 1130 2473 est
1143 2452 1204 2480 qute
1216 2443 1286 2471 facta
1300 2447 1364 2471 sunt
1378 2443 1412 2470 ³³.
1435 2442 1662 2470 Creatumautem
1676 2443 1753 2471 illum

966 2492 1092 2525 dicimus,
1125 2491 1171 2526 qui
1186 2497 1249 2518 caro
1267 2490 1354 2517 lactus
1367 2493 1419 2522 est,
1434 2492 1462 2516 et
1475 2489 1528 2516 sibi
1548 2489 1754 2518 tabernaculum

966 2539 994 2566 iu
1013 2537 1099 2565 nobis
1113 2536 1260 2568 exstruxit,
1276 2536 1304 2563 in
1319 2543 1374 2570 quo
1390 2535 1474 2563 etiam
1487 2535 1630 2563 inearnato
1642 2536 1754 2563 elucens

970 2584 1058 2620 gloria
1073 2583 1176 2610 indicat
1190 2582 1350 2618 quodDeus
1373 2580 1525 2616 patefactus
1540 2581 1585 2617 lsit
1600 2581 1627 2609 in
1646 2589 1730 2609 carne
1745 2590 1753 2608 :

966 2632 1089 2663 omnino,
1107 2630 1229 2665 inquam,
1249 2627 1321 2656 Deus
1348 2628 1464 2663 unigena
1487 2628 1542 2662 ille,
1562 2628 1608 2663 qui
1627 2625 1754 2655 Patrisin

965 2677 1073 2706 sinibus
1103 2673 1222 2709 cx'sistit,
1252 2683 1315 2702 cum
1340 2675 1378 2702 ita
1405 2673 1526 2702 Joannes
1548 2672 1754 2702 dixerit:Con-

965 2724 1099 2759 aperimus
1129 2722 1242 2758 gloriam
1255 2722 1312 2756 eius
1327 2721 1414 2756 (atqui
1429 2721 1511 2748 homo
1529 2724 1588 2748 erat
1606 2717 1679 2754 quod
1694 2725 1754 2745 cer-

971 2770 1096 2803 nebatur,
1115 2777 1209 2797 verum
1233 2768 1259 2796 id
1276 2767 1348 2799 quod
1362 2775 1409 2803 per
1423 2767 1500 2794 illum
1522 2764 1751 2801 cognoscebatur.
