1978 3068
236 115 301 143 ΜΠ

855 113 884 141 S.
904 108 1067 142 GREGORII
1077 113 1223 143 NYSSENI

1788 111 1859 139 Ιθᾶδ

231 171 348 207 appellat
362 171 490 207 gloriam)
505 175 631 206 tanquam
643 171 762 207 unigena:
776 170 893 201 aPatre.
902 172 947 206 qui
958 171 1014 206 ple-

1076 171 1094 198 ἑὲ
1112 171 1142 198 τὸ
1157 171 1229 206 μέγα
1248 171 1296 206 τῆς
1316 170 1455 202 εὐσεϐείας
1477 170 1644 205 μυστήριον,
1667 167 1701 195 δι’
1716 164 1746 195 οὗ
1760 169 1775 195 ὸ
1790 168 1860 201 Θεὸς

231 226 280 244 nus
301 222 339 245 est
357 219 446 252 gratia
467 223 492 245 et
508 219 616 245 veritate
627 218 659 244 ".
685 217 755 250 Quia
779 217 862 253 igitur
878 217 917 248 id,
942 217 1016 252 quod

233 267 391 289 mercatum
407 263 435 290 in
455 263 516 298 ipso
537 269 589 296 est,
615 266 642 290 et
655 263 762 290 saeculis
785 263 872 297 prius,
895 266 922 290 et
936 266 1015 289 teter-

232 315 307 339 num,
326 313 416 336 manet
431 308 708 344 incomprehensibile
730 314 811 343 atque
832 308 971 335 inelliibile
986 308 1014 335 in

231 353 390 382 universum
418 355 493 382 omni
515 359 642 382 naturae:
661 355 734 390 quod
752 359 842 382 autem
869 355 950 382 nobis
968 362 1018 389 per

231 407 346 427 carnem
359 400 523 435 patefactum
543 404 596 433 est,
617 401 708 435 aliqua
732 408 764 428 ex
782 405 860 435 parte
877 401 904 428 in
921 401 1017 435 cogni-

233 446 335 473 tionem
356 447 449 474 venire
464 450 564 481 potest,
582 447 687 474 idcirco
706 454 815 481 semper
835 447 947 481 respicit
963 446 1018 474 huc

235 492 376 526 magistra,
392 491 479 527 deque
495 492 536 519 his
552 500 706 520 sermonem
728 492 859 523 instituit,
879 496 1017 526 quatenus

231 543 327 562 eortnn
355 543 470 570 capaces
495 544 557 564 esse
578 536 720 564 auditores
742 539 870 571 possunt.
895 536 1018 570 intelligo

232 583 323 606 autem
339 587 467 615 magnum
493 580 558 607 illud
577 577 823 608 administrationis
844 580 1016 615 mysterium,

235 632 283 658 per
299 625 372 660 quod
390 625 461 653 Deus
486 626 514 653 in
531 633 614 653 carne
635 625 789 660 patefactus
812 629 866 657 est,
885 625 930 660 qui
947 626 1019 652 exsi-

234 671 324 698 stebat
340 671 367 698 in
385 670 470 698 l'orma
486 670 545 703 Dei,
573 676 599 698 et
615 671 641 698 in
653 671 744 698 servili
761 678 877 706 persona
894 678 943 706 per
957 678 1018 697 car-

235 724 295 744 nem
315 724 376 744 eum
401 716 555 744 hominibus
571 721 612 744 est
629 722 818 747 conversatus,
845 717 890 751 qui
910 720 1018 751 postea-

234 770 315 796 quam
337 762 421 790 semel
433 763 461 789 in
478 770 538 791 sese
556 770 604 797 per
620 762 757 797 primitias
770 761 917 789 obnoxiam
934 761 1015 789 morti

233 808 326 835 carnis
355 813 481 835 naturam
511 808 630 843 recepit,
657 815 739 842 quam
761 815 810 842 per
836 807 1018 842 virginitatem

1070 217 1229 253 ἐφανερώθη
1246 218 1275 244 ἑν
1289 217 1381 252 σαρκὶ,
1394 216 1407 242 ό
1421 217 1450 242 ὲν
1466 217 1555 251 μορφῇ
1572 214 1639 240 Θεοῦ
1654 214 1794 249 ὑπάρχων,
1810 214 1858 241 καὶ

1070 263 1108 300 τῷ
1129 264 1243 299 δουλικῷ
1266 262 1428 299 προσωπείῳ
1444 261 1488 288 διὰ
1507 261 1607 297 σαρκὸς
1627 260 1859 295 συναναστραφέις

1069 311 1125 342 τοῖς
1148 309 1318 344 ἀνθρώποις,
1341 308 1370 340 ὃς
1396 307 1490 342 ἐπειδὴ
1512 306 1585 337 ἅπαξ
1601 305 1668 342 πρὸς
1685 305 1779 332 ἑαυτὸν
1793 306 1858 331 ἐπει

1071 354 1192 381 σπάσατο
1213 354 1256 381 διὰ
1275 354 1323 389 τῆς
1341 353 1468 389 ἀπαρχῆς
1483 352 1532 387 τὴν
1549 351 1680 386 ἐπίκηρον
1695 353 1743 386 τῆς
1758 350 1857 386 σαρκὸς

1072 400 1151 436 φύσιν
1162 421 1168 431 .
1186 401 1219 435 ἢν
1234 400 1278 426 διὰ
1292 400 1342 434 τῆς
1358 399 1477 433 ἀφθόρου
1492 397 1638 432 παρθενίας
1655 396 1800 426 ἀνέλασεν,
1814 396 1858 421 ἀεὶ

1071 447 1104 481 τῇ
1121 445 1260 480 ἀφθαρσίᾳ
1277 444 1432 478 συναγιάζει
1455 443 1486 469 τὸ
1500 443 1587 470 κοινὸν
1608 442 1657 477 τῆς
1674 441 1780 476 φύσεως
1791 461 1798 472 ,
1814 441 1858 467 διὰ

1071 491 1125 518 τῶν
1139 490 1289 526 ἐνουμένων
1302 490 1376 524 αὐτῷ
1389 489 1458 516 κατὰ
1473 489 1521 523 τὴν
1532 487 1675 514 κοινωνίαν
1689 487 1734 513 τοῦ
1754 494 1858 522 μυστη-

1074 537 1131 573 ρίου
1143 557 1149 568 ,
1165 536 1273 571 τρέφων
1289 536 1319 562 τὸ
1332 535 1428 562 ἑαυτοῦ
1443 535 1522 569 σῶμα
1542 533 1591 568 τὴν
1613 533 1775 568 Ἐκκλησίαν
1785 552 1792 564 ,
1810 531 1858 558 καὶ

1072 580 1247 615 καταλλήλως
1269 579 1303 606 τὰ
1327 579 1483 613 ὲκφυόμενα
1504 577 1548 604 διὰ
1570 577 1620 611 τῆς
1642 576 1759 606 πίστεως
1775 573 1857 601 αὑτοῦ

1074 626 1141 662 μέλη
1155 625 1194 660 τῷ
1207 625 1288 660 κοινῷ
1304 624 1408 659 σώματι
1419 622 1575 658 ἐναρμόζων
1585 629 1592 636 '
1609 621 1745 656 εὐπρεπὲς
1763 621 1794 647 τὺ
1804 621 1858 646 πᾶν

1072 670 1277 706 ἀπεργάζεται,
1294 670 1323 700 ἐς
1335 668 1491 703 ὀφθαλμοὺς
1502 687 1509 699 ,
1531 667 1578 693 καὶ
1599 666 1685 701 στόμα
1702 665 1749 692 καὶ
1765 666 1859 700 χεῖρας

1073 716 1118 743 καὶ
1132 716 1165 742 τὰ
1181 715 1262 742 λοιπὰ
1278 715 1347 750 μέρη
1361 735 1368 747 ,
1382 713 1542 749 πρεπόντως
1556 712 1603 739 καὶ
1623 711 1758 747 ἁρμοδίως
1771 710 1859 737 διατι-

1073 762 1128 793 θεὶς
1142 762 1205 792 τοὺς
1225 760 1411 791 πιστεύοντας.
1429 759 1508 785 Οὕτω
1529 758 1583 793 γάρ
1605 766 1686 794 φησιν
1700 758 1715 783 ό
1731 755 1836 786 Παῦλος
1850 763 1857 769 ·

1072 807 1113 834 ὅτι
1134 808 1188 833 Ἓν
1211 806 1270 841 μέν
1288 806 1352 833 ἐστι
1371 805 1456 839 σῶμα
1468 825 1475 836 ,
1496 804 1597 831 πολλὰ
1616 803 1649 829 δὲ
1670 801 1758 837 μέλη.
1776 800 1816 827 Τὰ
1828 799 1858 826 δὲ

235 854 421 888 incorruptam
436 854 596 889 assumpsit,
610 862 717 889 semper
735 861 787 881 una
804 861 866 880 cum
887 853 1016 888 primitiis

1076 853 1136 887 ιέλη
1153 852 1240 879 πάντα
1259 853 1289 879 οὐ
1305 852 1353 887 τὴν
1376 850 1459 886 αὐτὴν
1482 849 1539 885 ἔχει
1553 849 1628 881 τάξιν
1642 869 1650 881 ,
1674 848 1730 874 ἀλλ’
1744 847 1800 872 ἐστι
1815 853 1860 876 τις

235 898 389 925 sanctiﬁcat
419 907 595 927 communem
626 904 732 926 naturae
760 903 862 927 nostra),
888 907 1018 932 massam,

236 950 286 976 per
305 944 398 971 unitos
409 944 461 971 sibi
475 944 582 971 ratione
602 944 822 978 participationis
837 944 959 979 mysterii
974 944 1022 971 hu-

233 988 290 1021 jus,
310 989 396 1019 .alens
409 997 508 1025 corpus
536 998 628 1022 suum,
650 990 781 1018 nimirum
808 990 971 1022 Ecclesiam,
995 995 1022 1018 et

235 1034 417 1062 conveniente
441 1035 559 1069 quadam
579 1036 686 1063 ratione
704 1036 827 1063 membra
847 1036 899 1063 sibi
921 1043 970 1070 per
990 1035 1020 1062 li-

235 1079 296 1106 dem
319 1079 496 1108 adnascen’tia
524 1081 664 1108 communi
693 1082 804 1116 corpori
834 1083 1020 1117 agglutinans,

236 1123 302 1150 illud
316 1124 404 1159 ipsum
420 1129 506 1152 totum
524 1125 655 1153 decorum
675 1126 764 1154 reddit
808 1128 985 1155 credentibus
995 1128 1021 1154 in

236 1170 343 1202 oculos,
359 1171 387 1198 in
404 1179 446 1204 os,
465 1172 492 1199 in
516 1180 626 1204 manus,
643 1173 670 1200 in
694 1173 816 1200 membra
846 1173 953 1208 reliqua
975 1173 1023 1201 de-

236 1221 333 1245 center
358 1222 476 1253 apteque
489 1218 655 1247 distributis.
680 1218 726 1246 Sic
748 1219 820 1246 enim
836 1219 939 1246 Paulus
961 1219 1020 1246 ait:

238 1261 342 1296 Corpus
368 1262 473 1297 quidem
496 1271 577 1290 unum
603 1268 652 1294 est.
677 1263 795 1290 membra
813 1271 872 1290 vero
900 1263 1021 1291 multa“.

237 1305 334 1334 Omnia
350 1311 441 1334 autem
459 1309 581 1336 membra
597 1316 650 1335 non
672 1308 795 1343 ejusdem
819 1312 884 1336 sunt
905 1308 1021 1342 ordinis,

237 1351 286 1379 sed
299 1357 341 1380 est
355 1353 466 1388 quidam
481 1354 508 1380 in
525 1354 577 1381 hoc
591 1362 707 1389 corpore
723 1354 831 1386 oculus,
846 1354 894 1389 qui
910 1361 1022 1380 manum

237 1403 293 1424 non
309 1398 461 1425 contemnit
474 1407 482 1425 τ
504 1402 531 1425 et
547 1399 570 1426 si
582 1400 645 1433 quis
661 1403 743 1434 caput
757 1403 808 1429 est.
821 1399 902 1434 pedes
914 1407 968 1426 non
981 1407 1023 1426 re-

236 1440 305 1472 iicit.
323 1441 371 1468 sed
393 1445 560 1476 temperatur
578 1443 649 1477 inter
664 1451 693 1470 se
719 1447 806 1470 totum
830 1445 878 1478 per
901 1443 1023 1470 membra

238 1491 339 1518 corpus
353 1484 527 1512 elIectionum
544 1486 686 1518 varietate,
702 1494 736 1513 ne
750 1486 872 1514 membra
887 1494 949 1514 cum
965 1490 1023 1513 toto

1071 898 1117 925 καὶ
1131 897 1268 932 ὀφθαλμὸς
1280 898 1309 924 ὲν
1322 896 1360 932 τῷ
1375 896 1481 931 σώματι
1501 895 1537 930 μὴ
1548 893 1726 929 καταφρονῶν
1737 892 1786 927 τῆς
1802 899 1859 926 xst-

1072 945 1132 982 ρὸς,
1147 946 1193 973 καὶ
1213 945 1317 980 κεφαλὴ
1330 953 1372 976 τις
1383 943 1436 975 ὢν,
1453 944 1502 970 οὐκ
1516 942 1665 969 ἀπωθεῖται
1680 940 1742 971 τοὺς
1764 938 1859 970 πόδας,

1071 993 1138 1019 ἀλλὰ
1156 992 1340 1027 συγκέκραται
1357 990 1426 1026 πρὸς
1445 989 1524 1016 ἑαυτὸ
1540 990 1573 1023 τῇ
1588 986 1707 1021 ποικιλίᾳ
1718 985 1772 1012 τῶν
1783 986 1862 1020 ἐνερ-

1071 1038 1153 1072 γειῶν
1165 1037 1237 1064 ἂπαν
1249 1036 1292 1063 διὰ
1304 1037 1358 1063 τῶν
1374 1036 1462 1071 μελῶν
1474 1035 1505 1061 τὸ
1517 1033 1608 1069 σῶμα,
1620 1033 1663 1059 ἴνα
1677 1032 1713 1066 μὴ
1727 1029 1860 1065 στασιάζῃ

1072 1084 1140 1119 πρὸς
1149 1084 1180 1110 τὸ
1194 1084 1254 1110 ὅλον
1266 1083 1300 1109 τὰ
1316 1082 1493 1118 μέλη.Ταῦτα
1507 1081 1535 1107 δὲ
1548 1080 1580 1106 δι’
1592 1078 1862 1121 αίνιγμάτωννπροσ-

1073 1130 1130 1162 θεὶς
1162 1130 1195 1156 τὰ
1218 1130 1340 1165 νοήματα
1355 1148 1362 1160 ,
1379 1128 1425 1154 ἐπὶ
1446 1127 1476 1154 τὺ
1494 1126 1668 1160 σαφέστερον.
1680 1122 1794 1159 προάγει
1814 1121 1861 1148 τὸν

1073 1175 1162 1209 λόγον,
1176 1174 1260 1201 εἰπών
1271 1183 1277 1189 ·
1291 1175 1332 1201 ὃτι
1350 1174 1453 1201 Ἒθετο
1467 1174 1483 1199 ὁ
1500 1171 1571 1204 Θεὸς
1585 1170 1620 1197 ὲν
1635 1169 1672 1203 τῇ
1695 1166 1862 1200 Ἐκκλησίᾳ

1073 1220 1278 1252 ἀποστόλους,
1303 1218 1352 1245 καὶ
1375 1217 1547 1252 προφήτας,
1576 1214 1627 1241 καὶ
1645 1211 1860 1258 διδαςκοίλους,

1073 1265 1122 1292 καὶ
1136 1264 1294 1299 ποιμένας,
1314 1263 1388 1297 πρὸς
1400 1262 1454 1289 τὸν
1468 1258 1670 1295 καταρτισμὸν
1683 1256 1743 1284 τῶν
1758 1256 1860 1290 ἁγίων,

1074 1312 1117 1344 εἰς
1129 1310 1218 1344 ἔργον
1230 1309 1393 1341 διακονίας,
1416 1308 1459 1340 εις
1475 1306 1637 1340 οὶκοδομὴν
1657 1303 1710 1330 τοῦ
1724 1301 1862 1335 σώματος

1073 1356 1126 1383 τοῦ
1151 1355 1278 1389 Χριστοῦ
1291 1363 1298 1369 ·
1311 1355 1400 1389 μέχρι
1415 1352 1648 1387 καταντήσωμεν
1660 1352 1687 1377 οἱ
1696 1350 1806 1382 πάντες
1818 1349 1863 1380 εἰς

1074 1401 1131 1435 τὴν
1142 1402 1269 1435 ἑνότητα
1281 1400 1335 1434 τῆς
1347 1400 1476 1431 πίστεως
1484 1399 1532 1426 καὶ
1542 1398 1597 1432 τῆς
1608 1396 1796 1432 ἐπιγνώσεως
1809 1393 1864 1421 τοῦ

1076 1447 1204 1480 Θεοῦ,εὶς
1212 1446 1306 1480 ἄνδρα
1313 1447 1484 1478 celerarat-:19
1486 1445 1596 1479 μέτρον
1602 1443 1722 1477 ἡλικίας
1727 1441 1779 1468 τοῦ
1788 1441 1866 1473 πλη-

1071 1492 1206 1527 ρώματος
1218 1492 1270 1519 τοῦ
1280 1491 1419 1526 Χριστοῦ.
1431 1491 1486 1518 Καὶ
1497 1489 1576 1516 πάλιν
1587 1497 1593 1505 ⁸
1601 1487 1795 1521 Λὺξήσωμεν,
1811 1494 1865 1520 φη-

237 1529 400 1558 dissideant.
417 1532 505 1566 Atque
522 1531 574 1559 hac
586 1532 722 1559 sententia
739 1540 785 1566 per
799 1533 945 1567 aenigmata
957 1539 1023 1567 pro-

1077 1526 1128 1568 σὶν,
1137 1538 1181 1570 είς
1195 1537 1289 1564 αὐτὸν
1299 1537 1348 1564 διὰ
1356 1537 1462 1569 πάντα,
1474 1535 1508 1568 ὅς
1518 1536 1603 1562 ἐστιν
1614 1534 1633 1568 ἡ
1644 1532 1761 1567 κεφαλὴ
1773 1533 1789 1558 ὁ
1798 1533 1865 1565 Χρι-

239 1575 338 1608 posita,
355 1576 456 1603 clarius
475 1576 573 1604 deinde
594 1577 728 1612 loquitur,
753 1586 815 1605 cum
833 1578 871 1604 ait
888 1587 894 1604 :
918 1577 1024 1605 Consti-

240 1621 289 1647 mit
302 1621 329 1648 in
352 1621 471 1649 Ecclesia
488 1622 559 1650 Deus
588 1623 734 1658 apostolos,
760 1624 910 1658 prop/tetas,
937 1623 1026 1650 docto-

240 1673 291 1698 res,
309 1671 439 1700 pastores,
464 1668 498 1694 ad
519 1669 772 1703 coagmentatione»:
803 1674 968 1701 sanctorum,
992 1668 1026 1695 ad

241 1719 305 1746 opus
316 1713 466 1746 ministerii,
483 1714 518 1741 ad
539 1715 741 1749 aldi/irationem
763 1715 879 1749 corporis
901 1714 1000 1742 Christi
1016 1723 1025 1746 ,-

240 1759 320 1784 tlonec
334 1758 477 1786 evadamus
501 1767 589 1786 omnes
610 1760 637 1785 in
657 1759 788 1786 unitatem
798 1759 861 1793 ﬁdei
875 1765 899 1786 et
914 1760 1027 1794 agnitio-

241 1803 282 1830 nis
299 1803 366 1831 Filii
381 1804 439 1837 Dei,
452 1805 479 1832 in
500 1806 584 1831 cirum
599 1805 753 1839 perfectum,
764 1806 790 1831 in
807 1813 958 1832 mensuram
972 1809 1028 1831 sta-

241 1854 308 1877 tura:
316 1850 482 1885 perfectionis
493 1850 632 1878 Christi“.
648 1851 679 1878 Et
693 1858 800 1878 rursum
817 1860 823 1878 :
839 1850 1027 1877 Adolescamus

241 1897 267 1922 in
281 1896 365 1930 ipsum
379 1905 425 1931 per
445 1898 551 1930 omnia,
569 1897 666 1932 quiest
686 1890 761 1931 ca‘put
777 1896 909 1929 Christus,
930 1903 962 1923 ex
977 1904 1028 1930 quo

242 1946 326 1968 totum
334 1951 427 1977 corpus
435 1948 644 1978 coagmentatum
654 1948 678 1970 et
690 1948 863 1977 compactum.
873 1950 919 1977 per
927 1950 1029 1968 omnem

241 1989 444 2016 commissura»:
472 1989 748 2020 subministrationis,
773 1997 822 2022 pro
850 1988 875 2015 vi
900 1995 1030 2014 mensura:

243 2034 448 2068 uniuscujusque
465 2035 590 2066 membri,
609 2035 725 2069 corporis
739 2035 928 2061 incrementum
942 2033 1011 2068 capit
1021 2053 1028 2065 ,

243 2080 278 2106 ad
294 2083 497 2108 exstructionem
512 2080 553 2107 sui
566 2080 648 2114 ipsius
665 2081 691 2106 in
707 2080 887 2107 dilectione".
902 2079 990 2112 Quare
1007 2079 1030 2107 si

243 2126 306 2159 quis
317 2124 466 2153 Ecclesium
480 2125 612 2156 intuetur,
622 2126 656 2153 ad
665 2126 803 2153 Christum
817 2126 898 2161 plane
908 2126 1029 2161 respicit,

1077 1583 1196 1616 (πὸς-,ἑξ
1204 1581 1239 1610 οὗ
1248 1583 1308 1610 πᾶν
1316 1580 1731 1617 σῶμασυναρμολογούμενον
1736 1577 1785 1604 καὶ
1792 1584 1866 1611 σιψν-

1077 1627 1276 1662 ϐιϐαζὸμενον,
1283 1628 1331 1655 διὰ
1339 1628 1441 1662 πάσης
1452 1626 1531 1661 ἁφῆς
1541 1625 1595 1659 τῆς
1602 1624 1793 1659 ἐπιχορηγίας
1802 1622 1865 1649 κατ’

1076 1674 1229 1709 ἐνέργειαν
1237 1674 1270 1701 ὲν
1275 1674 1372 1709 μέτρῳ
1379 1673 1448 1706 ἑνὸς
1458 1672 1587 1699 ἑκάστου
1592 1671 1700 1706 μέρους
1710 1669 1766 1703 τὴν
1773 1669 1868 1702 αὔξη-

1078 1728 1129 1746 σιν
1142 1719 1266 1746 ποιεῖται
1276 1719 1329 1746 τοῦ
1340 1718 1476 1753 σώματος
1487 1717 1590 1749 αὑτοῦ,
1600 1717 1645 1748 είς
1655 1714 1818 1749 οἰκοδομὴν
1831 1714 1868 1740 ἐν

1078 1766 1190 1800 ἀγάπῃ.
1202 1765 1306 1792 Οὐκοῦν
1319 1766 1332 1791 ό
1344 1764 1412 1800 πρὸς
1427 1764 1475 1799 τὴν
1499 1761 1660 1796 Ἐκκλησίαν
1669 1760 1784 1796 βλέπων,
1799 1758 1868 1794 πρὸς

1078 1812 1123 1838 τὸν
1131 1812 1247 1847 Χριστὸν
1258 1811 1386 1846 ἄντικρυς
1398 1810 1501 1845 βλέπει,
1510 1809 1555 1835 τὸν
1570 1807 1665 1834 ἑαυτὸν
1675 1806 1719 1833 διὰ
1729 1806 1778 1840 τῆς
1787 1813 1870 1840 προσ-

1080 1855 1165 1891 θήκης
1188 1856 1242 1882 τῶν
1258 1855 1417 1890 σωζομένων
1434 1853 1626 1889 οἰκοδομοῦντα
1644 1852 1691 1879 καὶ
1707 1850 1870 1886 μεγαλύνον-

1079 1911 1123 1929 τα.
1141 1902 1172 1928 Ἠ
1188 1901 1277 1928 τοίνυν
1294 1900 1449 1936 ἀποθεμένη
1462 1899 1515 1926 τῶν
1529 1898 1660 1934 ὀμμάτων
1672 1897 1702 1923 τὸ
1714 1896 1868 1931 θέριστρον,

1080 1947 1193 1982 καθαρῷ
1216 1947 1254 1981 τῷ
1267 1945 1399 1981 ὀφθαλμῷ
1422 1945 1453 1971 τὸ
1465 1945 1602 1979 ἄφραστον
1619 1944 1670 1978 ὁρᾷ
1683 1942 1731 1968 τοῦ
1750 1941 1869 1976 νυμφίου

1080 1992 1195 2023 κάλλος·
1210 1991 1257 2017 καὶ
1280 1991 1324 2017 διὰ
1345 1990 1424 2017 τοῦτο
1446 1988 1580 2024 τρωθεῐσα
1601 1987 1640 2023 τῷ
1662 1986 1800 2022 ἀσωμάτῳ
1821 1985 1870 2012 καὶ

1080 2037 1202 2073 διαπύρῳ
1216 2036 1286 2072 βέλει
1300 2035 1347 2062 τοῦ
1366 2036 1478 2071 ἔρωτος.
1497 2032 1691 2068 Ἐπιτεταμένη
1705 2032 1759 2067 γὰρ
1773 2032 1868 2067 ἀγάπη

1081 2083 1151 2119 ἔρως
1165 2083 1287 2116 λέγεται·
1304 2078 1327 2116 ᾧ
1338 2081 1425 2113 οὐδεὶς
1439 2079 1648 2115 ἐπαισχύνεται,
1669 2078 1732 2104 ὅταν
1748 2077 1784 2112 μὴ
1798 2077 1870 2104 κατὰ

1082 2129 1182 2165 σαρκὸς
1194 2129 1306 2163 γένηται
1322 2129 1387 2163 παρ’
1399 2127 1480 2154 αὐτοῦ
1492 2128 1508 2162 ή
1521 2126 1626 2158 τοξεία·
1647 2125 1702 2151 ἀλλ’
1717 2125 1868 2158 έπικαυχᾶ-

244 2170 290 2204 qui
306 2170 424 2205 seipsum
437 2178 483 2205 per
498 2171 685 2198 accessionem
707 2178 801 2200 eorum
817 2171 863 2205 qui
876 2175 1023 2198 servantur,

1082 2185 1127 2202 ται
1142 2175 1241 2211 μᾶλλον
1252 2175 1291 2210 τῷ
1303 2174 1459 2211 τραύματι,
1481 2174 1544 2200 ὅταν
1563 2172 1607 2199 διὰ
1630 2171 1677 2198 τοῦ
1703 2170 1800 2206 βάθους
1818 2170 1869 2204 τῆς

244 2203 391 2243 mdiﬁcatet
399 2203 528 2250 majorem
536 2216 627 2248 ρηίυἰι,
635 2216 750 2251 ideoque
757 2203 837 2245 etiam
848 2217 1023 2251 Inecdeposiu

1083 2203 1195 2257 καρδίας
1212 2203 1326 2257 δέξηται¹
1338 2203 1388 2255 τὴν
1407 2203 1457 2247 τοῦ.
1470 2220 1552 2246 eam
1573 2218 1655 2245 πόθου
1675 2203 1764 2244 ἀκίδα..
1782 2203 1870 2251 Ὅπερ

245 2261 305 2288 velo
318 2261 470 2293 oculorum,
487 2261 648 2289 ineffabilem
661 2262 755 2296 sponsi
768 2265 937 2289 venustatem
952 2263 1023 2290 ocnlc

1082 2267 1115 2302 δὴ
1131 2267 1178 2293 καὶ
1188 2266 1256 2302 αὕτη
1277 2266 1410 2301 πεποίηκε
1427 2267 1485 2297 ταῖς
1499 2265 1601 2294 νεάνισι
1617 2263 1732 2297 λέγουσα
1743 2272 1751 2279 υ
1763 2262 1804 2288 ὅτι
1822 2263 1871 2288 Te-

244 2313 314 2340 puro
334 2306 470 2338 intuetur,
499 2314 547 2341 per
560 2314 641 2341 quam
659 2307 819 2334 vulneratur
840 2307 893 2334 telo
913 2308 1023 2342 quodau

1083 2312 1215 2347 τρωμένη
1235 2311 1352 2347 ἀγάπης
1366 2311 1433 2346 εἰμί.

246 2355 348 2381 umoris
363 2355 525 2388 incorporeo
545 2359 572 2381 et
587 2354 682 2389 ignito.
700 2353 806 2380 Etenim
822 2347 933 2382 dilectio
955 2356 1139 2386 vehementior
1151 2358 1253 2386 dicitur
1266 2366 1353 2390 amor,
1378 2357 1457 2392 cujus
1471 2356 1607 2384 neminem
1624 2355 1717 2391 pudet,
1733 2361 1796 2381 cum
1814 2361 1869 2380 non

244 2401 273 2426 in
306 2407 418 2426 carnem
448 2400 531 2426 telum
563 2399 650 2434 ipsius
670 2399 806 2433 deligitur,
833 2401 882 2428 sed
907 2401 998 2436 potius
1025 2410 1055 2430 se
1088 2405 1206 2439 quisque
1228 2405 1315 2440 jactat
1328 2405 1363 2432 ob
1384 2395 1485 2430 vulnus
1504 2402 1566 2434 hoc,
1597 2402 1643 2428 ubi
1658 2401 1686 2427 in
1711 2400 1766 2427 imo
1787 2398 1871 2426 corde

244 2446 376 2474 desiderii
387 2450 464 2474 extra
477 2454 521 2474 res
537 2454 646 2474 crassas
657 2446 739 2481 positi
752 2446 894 2482 cuspidem
916 2449 1028 2484 recepit.
1048 2449 1077 2476 1d
1090 2452 1163 2485 quod
1178 2452 1236 2479 hac
1252 2451 1336 2479 etiam
1354 2450 1428 2482 fecit,
1453 2455 1516 2476 cum
1554 2446 1588 2474 ad
1611 2445 1774 2482 iuvenculas
1808 2444 1848 2472 είι
1863 2455 1870 2472 :

247 2492 268 2518 Α
287 2492 424 2519 dilectione
437 2492 573 2520 vulnerata
588 2500 645 2519 sum
654 2500 712 2527 ego.

282 2539 404 2568 Tametsi
423 2544 515 2568 autem
532 2541 565 2567 ad
593 2540 790 2575 perfectionem
822 2544 926 2568 tantam
953 2540 1036 2568 modo

247 2588 397 2620 progressa
413 2586 463 2618 sit,
486 2589 665 2621 posteaquam
695 2588 786 2612 tamen
814 2585 937 2612 indicare
957 2585 1037 2613 debet

245 2631 330 2658 etiam
350 2631 505 2666 virginibus
533 2635 705 2670 venqstatem
733 2631 838 2666 sponsi,
860 2638 916 2658 non
942 2632 1035 2658 statim

246 2678 326 2710 dicit,
354 2677 426 2713 quod
445 2682 505 2705 erat
521 2677 555 2705 ah
570 2678 650 2705 initio
668 2678 729 2711 (nec
744 2677 816 2704 enim
837 2676 895 2703 ﬁeri
918 2679 1035 2710 poterat,

246 2722 280 2750 at
292 2723 318 2752 vi
336 2724 481 2751 verborum
504 2723 646 2759 pateﬁeret
675 2723 700 2750 id
719 2723 790 2758 quod
806 2726 848 2749 est
877 2721 1036 2756 inelIabile),

287 2810 309 2828 ⁶²
322 2811 401 2841 luam.
416 2821 433 2845 ι,
452 2812 494 2840 Mr.
549 2812 571 2828 ⁹³
588 2807 670 2840 lCor.
688 2819 736 2844 xu,
761 2811 791 2838 ιι
807 2819 865 2845 sqq.

904 2810 926 2826 9"
944 2808 1042 2843 Ephes.
1060 2816 1097 2843 tv,
1115 2808 1142 2835 ll
1162 2815 1222 2841 sqq.

1125 2540 1157 2566 Ἦ
1178 2539 1266 2566 τοίνυν
1295 2540 1323 2570 ἐς
1348 2538 1474 2565 τοσοῦτον
1500 2538 1667 2573 τελειότητος
1693 2533 1871 2571 προελθοῦσα,

1084 2585 1178 2619 ἐπειδὴ
1196 2585 1248 2612 ἔδει
1263 2585 1310 2612 καὶ
1319 2586 1378 2616 ταῖς
1390 2584 1534 2621 παρθένοις
1547 2582 1677 2614 ἐπιδεῖξαι
1692 2580 1737 2607 τοῦ
1753 2579 1872 2615 νυμφίου

1084 2630 1114 2657 τὸ
1128 2630 1224 2662 κάλλος
1237 2650 1243 2662 ,
1260 2630 1311 2657 οὐκ
1324 2630 1411 2656 ἐκεῖνο
1423 2630 1496 2664 λέγει
1515 2629 1529 2655 ὅ
1541 2626 1574 2663 ἦν
1589 2629 1617 2654 ὲν
1632 2627 1703 2662 ἀρχῇ
1717 2634 1723 2640 ·
1740 2625 1799 2651 οὐδὲ
1816 2623 1873 2659 γὰρ

1084 2673 1138 2702 οἷόν
1161 2684 1191 2702 τε
1206 2673 1239 2711 ἦν
1253 2675 1367 2710 δυνάμει
1381 2675 1461 2709 λόγου
1477 2673 1666 2709 φανερωθῆναι
1687 2671 1716 2698 τὸ
1730 2671 1848 2707 ἄρρητον
1861 2677 1869 2684 ⁸

1085 2721 1154 2748 ἀλλὰ
1173 2721 1240 2756 πρὸς
1257 2721 1306 2757 τὴν
1319 2721 1362 2748 διὰ
1387 2721 1486 2756 σαρκὸς
1510 2718 1660 2754 γενομένην
1685 2717 1750 2751 ἡμῖν
1774 2713 1872 2746 oma-

1261 2807 1283 2823 θ’
1296 2806 1361 2834 ibid.
1377 2806 1420 2839 l5,
1440 2806 1478 2832 IG.
