1978 3068
234 115 301 144 1051

860 115 888 145 S.
909 115 1075 144 GREGORll
1091 117 1235 146 NYSSENI

1794 122 1861 151 1052

234 177 326 203 dinem
343 174 416 202 illam
438 173 674 209 inaspectabilem,
692 179 719 202 et
746 174 849 203 fontem
871 177 1021 211 sapientiai,

1086 175 1118 203 tt
1137 176 1191 203 τῶν
1208 176 1354 212 ὁρωμένων
1367 177 1397 203 τὺ
1414 177 1527 214 ἀόρατον
1543 177 1640 210 κάλλος
1651 199 1658 210 ,
1676 179 1724 206 καὶ
1746 179 1795 215 τὴν
1813 189 1861 216 πη-

235 222 315 257 cujus
331 220 440 248 emuxio
458 227 548 247 rerum
565 225 690 248 naturam
708 221 736 248 lu
756 229 858 257 corpus
874 222 925 249 hoc
941 222 1022 250 rede-

235 268 274 302 git
289 276 295 292 :
314 266 354 293 sic
368 266 415 301 qui
438 266 569 293 mundum
587 268 661 294 hunc
678 274 778 294 novum
794 268 822 295 in
839 267 948 303 opiﬁcio
966 268 1020 295 Ec-

235 313 325 339 clesia:
341 311 449 347 aspicit,
467 312 541 339 videt
567 313 595 339 in
623 321 656 340 eo
672 313 748 340 illum
773 314 819 348 qui
845 314 871 340 in
895 314 1023 341 omnibus

235 362 276 385 est
293 358 396 389 omnia,
422 365 504 384 manu
523 357 602 392 quasi
619 358 722 386 ducens
740 359 923 394 cognitionem
942 368 1022 387 suam

236 404 268 431 ad
285 404 311 431 id
337 404 417 438 cujus
432 411 546 438 capaces
562 411 616 431 non
633 412 738 436 smnus,
753 412 800 439 per
817 404 862 431 illa
877 413 937 439 quae
947 413 1024 431 com-

237 449 367 483 prehendi
398 457 430 476 ac
460 450 560 484 percipi
591 457 606 476 a
636 454 734 476 natura
767 455 861 478 nostra
891 455 1022 486 possunt.

236 495 420 528 Quamobrem
446 503 507 522 cum
532 495 573 522 hae
599 495 719 530 virgines
748 495 818 530 (qua:
833 501 893 524 sunt
911 497 1018 530 animae)

237 541 396 576 petitionem
414 541 482 568 hanc
498 548 576 568 suam
595 546 749 576 proponunt
773 542 810 568 illi
840 550 899 576 quae
919 542 974 576 jam
990 542 1022 569 ad

237 587 431 621 perfectionem
454 594 537 614 cursu
557 587 754 618 contenderat.
777 591 805 614 ut
823 596 870 622 per
888 589 973 623 ipsam
993 589 1024 615 li-

239 637 298 659 ceat
312 632 352 658 eis
369 632 542 659 innotescere
557 632 740 660 desideratum
759 641 766 659 :
791 642 839 668 per
853 642 883 661 ea
903 643 963 669 qua:
977 642 1025 661 sa-

238 678 303 705 lutis
320 682 421 705 nostra:
436 686 517 705 causa
532 678 666 713 patefacta
689 680 767 707 nobis
786 684 859 712 sunt,
878 681 956 715 quasi
974 681 1021 708 de-

238 725 322 752 lineat
344 726 383 752 eis
410 723 523 755 indicia,
541 724 574 751 de
597 724 697 759 quibus
715 732 862 760 agnoscere
878 727 1023 761 qumsitum

238 771 355 806 possint.
371 770 500 804 Adeoque
515 769 548 796 de
562 773 618 796 tota
633 769 753 797 Ecclesia
771 779 825 798 uno
839 772 934 806 sponsi
959 779 1024 799 cor-

238 823 306 850 pore
320 815 403 846 l'acto,
420 815 587 849 peculiarem
603 815 747 849 quemdam
765 823 875 843 sensum
901 817 934 844 de
957 825 1024 852 quo-

239 849 305 887 libet
320 860 443 886 membro
461 859 488 886 in
504 859 714 894 pulchritudinis
735 859 919 895 descriptione
934 849 1027 889 osten-
1042 849 1063 877 Β

239 905 279 932 dit
298 914 304 932 ι
321 905 424 940 quibus
438 905 576 932 universis
589 905 747 940 singulatim
764 907 954 939 consideratis,
970 908 1026 935 ele-

240 951 331 986 gantia
348 950 472 986 corporis
489 954 544 978 tota
564 950 754 979 conformatur
776 956 802 980 et
819 952 980 980 absolvitur.

275 996 389 1024 Orditur
413 1005 478 1024 vero
504 996 657 1024 doctrinam
685 998 755 1026 hanc
778 1006 793 1025 a
815 1000 950 1035 principio
974 1008 1028 1028 non

241 1041 336 1077 procul
361 1049 376 1068 a
403 1041 481 1068 nobis
505 1048 618 1074 remoto,
640 1050 728 1077 neque
751 1044 853 1071 alieno.
882 1044 987 1071 Etenim
1011 1053 1026 1072 a

241 1095 357 1122 corpore
382 1087 478 1121 incipit
502 1087 729 1120 instructionem,
757 1089 986 1123 quemadmodum
1004 1095 1031 1119 et

242 1133 386 1160 Matthaeus
400 1131 493 1159 fceit‘.
513 1132 580 1159 Nam
598 1133 622 1160 is
636 1133 670 1159 ab
684 1133 789 1161 Adamo
803 1138 830 1161 et
845 1135 944 1163 Dav-ide
955 1144 1031 1171 repe—

243 1179 293 1205 lito
310 1178 390 1213 longa
407 1178 478 1205 serie
495 1178 588 1205 carnis
608 1184 757 1213 assumpta:
774 1181 914 1214 mysterio,
932 1189 1031 1216 magno

243 1224 282 1250 Hii
296 1222 398 1251 Joanni
416 1223 443 1250 in
459 1224 501 1250 lllS
518 1224 592 1250 velut
607 1224 749 1251 elementis
766 1230 791 1252 et
807 1225 950 1261 principiis
965 1234 1032 1254 con-

243 1269 349 1296 stitutis
367 1269 518 1296 reservavit
550 1273 579 1295 ut
605 1269 671 1296 illud
698 1269 874 1304 principium,
900 1272 972 1306 quod
999 1273 1032 1300 ab

243 1319 347 1342 :etcrno
362 1314 537 1348 intelligitur,
552 1319 578 1341 et
595 1313 715 1342 Verbum
730 1315 803 1350 quod
820 1324 874 1343 una
898 1324 960 1344 eum
981 1318 1033 1345 hoc

243 1360 381 1394 principio
405 1360 579 1395 intelligitur,
607 1360 752 1396 Evangelio
779 1369 830 1388 suo
853 1362 1032 1391 describeret.

244 1405 297 1432 Per
312 1406 362 1433 has
379 1406 463 1441 igitur
478 1406 630 1433 sententias
650 1414 755 1441 sponsa
775 1407 938 1441 juvenculas
962 1410 1035 1437 velut

244 1450 346 1482 initiat,
363 1457 426 1477 cum
442 1457 518 1477 mens
535 1455 630 1477 nostra
642 1459 696 1477 non
714 1451 790 1486 prius
801 1452 835 1479 ad
849 1452 914 1479 illud
930 1453 1035 1480 incom-

245 1496 430 1530 prehensibile
446 1503 478 1522 ac
494 1495 631 1522 inﬁnitum
650 1497 799 1530 perveniat,
818 1505 900 1532 quam
915 1498 940 1525 id
961 1499 1035 1533 quod

246 1541 413 1576 patefactum
440 1545 492 1573 est,
517 1541 569 1568 ﬁde
588 1543 795 1577 complectatur.
823 1543 856 1571 Et
871 1544 1037 1579 patefactum

246 1587 324 1618 ilxud,
343 1586 436 1614 carnis
459 1592 501 1614 est
516 1590 623 1614 natura.
648 1588 715 1615 Cum
732 1589 804 1616 enim
822 1590 860 1616 ait
876 1599 883 1617 :
902 1590 1037 1626 Cognatus

247 1641 320 1660 meus
335 1637 373 1660 est
384 1631 514 1659 candidus
529 1637 553 1659 et
571 1633 733 1661 rubicundus
746 1643 756 1661 :
770 1643 819 1670 per
836 1635 906 1663 hanc
921 1636 1036 1664 duorum

247 1679 370 1706 colorum
391 1678 535 1706 misturam
568 1686 679 1706 carnem
696 1681 870 1715 peculiariter
893 1683 1037 1710 describit.

249 1724 283 1751 Et
298 1724 363 1752 fecit
378 1725 430 1752 hoc
446 1725 527 1752 etiam
543 1726 670 1760 superius
683 1746 690 1758 ,
707 1727 761 1754 \ubi
784 1735 846 1755 eum
867 1729 968 1756 malum
989 1738 1038 1765 ap-

249 1769 359 1804 pellavit
376 1778 383 1797 :
402 1769 482 1804 cujus
499 1769 584 1798 forma
600 1779 634 1798 ex
652 1775 769 1806 utroque
785 1773 876 1800 colore
890 1777 1038 1809 temperata

249 1815 437 1850 conspicitur;
465 1823 527 1842 nam
542 1817 643 1843 malum
660 1821 686 1844 et
702 1818 849 1845 candidum
865 1823 925 1851 est,
949 1825 976 1847 et
991 1828 1038 1847 ru-

251 1855 321 1889 lict:
350 1861 498 1894 indicante,
525 1866 555 1890 ut
578 1863 708 1896 arbitror,
730 1865 808 1899 quasi
832 1873 880 1900 per
902 1866 1038 1900 quoddam

251 1907 403 1942 symbolum
434 1908 485 1935 hoc
519 1908 578 1943 ipso
603 1909 704 1936 rubore
730 1914 857 1937 naturam
885 1913 1038 1947 sanguinis.

250 1952 320 1984 Quia
338 1959 403 1979 vero
429 1960 484 1979 uno
508 1953 589 1980 modo
613 1955 792 1982 constituitur
817 1956 946 1990 quaelibet
963 1965 1038 1990 caro,

251 1997 380 2032 conjugio
395 1998 474 2032 quasi
494 1998 564 2025 viam
590 2003 714 2026 struente
738 2001 828 2035 partui
857 2010 905 2036 per
929 2010 1042 2037 genera-

252 2043 354 2069 tionem
371 2043 399 2069 in
415 2043 542 2070 omnibus
568 2043 639 2072 hanc
657 2045 738 2072 vitam
762 2046 989 2082 ingredientibus,
1008 2057 1042 2078 ne

252 2087 316 2122 quis
329 2087 422 2116 carnis
436 2092 497 2115 ortu
517 2089 544 2116 in
559 2089 610 2116 hoc
626 2091 756 2126 mysterio
769 2093 878 2126 pietatis
896 2101 1040 2128 concesso,

257 2133 290 2161 ad
309 2138 414 2161 naturae
429 2142 511 2170 opera
536 2140 562 2163 et
586 2136 744 2166 atiectiones
761 2139 907 2174 cogitando
931 2141 1042 2169 delaba-

1076 220 1127 257 γὴν
1142 222 1190 257 τῆς
1206 221 1315 256 σοφίας,
1333 219 1366 257 ἦς
1380 223 1396 257 ὴ
1416 222 1549 258 ἀπόρροια
1569 223 1618 258 τὴν
1631 223 1685 250 τῶν
1701 223 1784 251 δντων
1801 234 1861 252 συν-

1077 268 1211 302 εστήσατο
1233 267 1313 302 φύσιν
1322 276 1329 284 ν
1344 268 1415 295 οὕτω
1429 268 1475 294 καὶ
1496 269 1510 294 ό
1524 268 1591 303 πρὸς
1607 269 1653 296 τὸν
1664 271 1756 297 καινὸν
1770 271 1863 299 τοῦτον

1077 309 1177 345 κόσμον
1193 309 1242 344 τῆς
1262 310 1333 337 κατὰ
1356 310 1404 345 τὴν
1426 310 1589 346 Ἐκκλησίαν
1613 311 1728 343 κτίσεως
1745 312 1861 348 βλέπων,

1076 355 1126 390 ὁρᾷ
1138 355 1166 381 ἐν
1180 355 1253 391 αὐτῷ
1271 355 1317 382 τὸν
1331 356 1419 382 πάντα
1434 355 1462 381 ὲν
1482 357 1564 382 πᾶσιν
1581 355 1647 382 ὄντα
1655 356 1856 390 καὶ-γινόμενον,

1077 400 1119 428 διὰ
1131 399 1185 426 τῶν
1197 401 1328 436 χωρητῶν
1343 410 1372 428 τε
1389 402 1436 428 καὶ
1455 400 1738 436 καταλαμϐανομένων
1749 402 1800 429 ὑπὸ
1813 404 1862 438 τῆς

1077 446 1195 478 πίστεως
1211 447 1288 482 ἡμῶν
1302 446 1553 482 χειραγωγούμενος
1565 446 1616 481 τὴν
1635 446 1736 480 γνῶσιν
1751 447 1819 482 πρὸς
1833 447 1863 473 τὸ

1077 491 1227 527 ἁχώρητον.
1250 489 1288 519 Οὗ
1303 493 1381 528 χάριν
1408 492 1501 527 ἐπειδὴ
1517 491 1618 527 ταύτην
1642 492 1808 528 προσάγουσι
1829 495 1862 528 τῇ

1078 538 1146 573 πρὸς
1170 538 1200 564 τὸ
1224 538 1324 564 τέλειον
1347 538 1538 574 ἀναδραμούσῃ
1554 538 1627 573 ψυχῇ
1643 538 1691 573 τὴν
1715 539 1821 574 αἴτησιν
1835 539 1863 566 αἱ

1078 583 1207 619 παρθένοι
1221 584 1305 618 ψυχαὶ
1322 583 1368 610 τοῦ
1384 583 1566 619 γνωρισθῆναι
1586 584 1682 615 αὐταῖς
1706 585 1752 610 τὸν
1769 583 1865 611 ποθού-

1079 638 1158 664 μενον
1169 638 1175 645 ·
1191 629 1234 656 διὰ
1243 630 1296 656 τῶν
1309 630 1354 656 ἐπὶ
1367 630 1488 665 σωτηρίᾳ
1498 622 1708 665 φανερωθέντων
1723 631 1788 666 ἡμῖν
1802 631 1866 657 ὑπο,

1077 675 1177 710 γράφει
1201 677 1261 706 ταῖς
1284 675 1428 711 παρθένοις
1452 675 1487 702 τὰ
1503 674 1549 701 τοῦ
1575 673 1739 710 ζητουμένου
1766 675 1865 711 γνωρί-

1077 729 1178 756 σματα.
1203 721 1257 747 Καὶ
1283 722 1372 748 πᾶσαν
1389 721 1438 756 τὴν
1460 720 1623 756 Ἐκκλησίαν
1642 720 1671 746 ἓν
1712 720 1791 756 σῶμα
1819 721 1866 747 τοῦ

1075 767 1190 802 νυμφίου
1203 768 1353 802 ποιήσασα,
1377 767 1441 794 [διόν
1461 775 1487 794 τι
1509 766 1597 802 νόημα
1630 767 1664 793 δι’
1676 766 1791 793 ἑκάστου
1811 767 1866 793 τῶν

1079 812 1166 847 μελῶν
1180 813 1208 839 ἐν
1225 813 1257 848 τῇ
1276 813 1421 849 ὑπογραφῇ
1440 811 1485 839 τοῦ
1500 811 1613 843 κάλλους
1638 811 1817 844 ἐνδείκνυται,
1832 813 1865 840 δι’

1079 853 1116 884 ὧν
1127 856 1196 884 ὅλων
1213 857 1244 884 ὲκ
1267 857 1321 884 τῶν
1347 857 1417 884 κατὰ
1439 857 1520 892 μέρος
1537 856 1731 892 θεωρουμένων
1744 877 1751 889 ,
1771 857 1802 884 τὺ
1822 859 1867 886 τοῦ

1080 902 1206 939 σώματος
1219 903 1316 936 κάλλος
1333 902 1574 938 συναπαρτίζεται.

1067 1025 1070 1028 ,
1121 995 1220 1030 Ἀρχὴν
1230 995 1278 1022 οὖν
1294 997 1410 1023 ποιεῖται
1422 996 1471 1032 τῆς
1489 996 1662 1028 διδασκαλίας
1682 996 1731 1032 τὴν
1747 995 1868 1031 προσεχῆ

1081 1041 1127 1068 καὶ
1144 1041 1332 1078 οἰκείανήμῖν.
1354 1042 1401 1068 Ἐκ
1416 1042 1471 1078 γὰρ
1487 1042 1533 1069 τοῦ
1551 1041 1675 1078 σώματος
1686 1042 1736 1077 τῆς
1748 1041 1870 1076 κατηχή-

1082 1095 1151 1119 σεως
1169 1087 1281 1122 ἄρχεται
1292 1096 1298 1102 ·
1315 1087 1408 1124 ὥσπερ
1418 1087 1452 1123 δὴ
1467 1088 1514 1114 καὶ.
1531 1089 1545 1115 ὁ
1557 1088 1694 1119 Ματθαῖος
1710 1087 1869 1122 πεποίηκεν,

1082 1133 1113 1159 ὲκ
1127 1132 1174 1159 τοῦ
1193 1132 1318 1168 Ἁϐραάμ
1340 1141 1370 1159 τε
1393 1133 1438 1160 καὶ
1455 1132 1535 1160 Δαϐὶδ
1545 1133 1745 1168 γενεαλογῆσας
1760 1132 1790 1159 τὸ
1801 1132 1871 1160 κατὰ

1083 1179 1173 1215 σάρκα
1192 1180 1349 1214 μυστήριον,
1365 1179 1404 1215 τῷ
1424 1179 1535 1215 μεγάλῳ
1558 1179 1668 1214 Ἰωάννῃ
1691 1178 1872 1212 ἐταμιεύσατο

1082 1227 1139 1256 τοῖς
1156 1225 1206 1260 ἤδη
1217 1225 1262 1252 διὰ
1275 1225 1377 1252 τούτων
1392 1225 1587 1260 στοιχειωθεῖσι
1601 1225 1649 1260 τὴν
1662 1224 1691 1257 ἐξ
1699 1223 1783 1251 ἀϊδίου
1795 1231 1871 1250 νοου-

1086 1271 1169 1306 μένην
1197 1271 1295 1306 ἀρχὴν,
1324 1271 1369 1297 καὶ
1396 1271 1442 1298 τὸν
1461 1272 1494 1306 τῇ
1513 1271 1584 1306 ἀρχῇ
1607 1269 1873 1304 συγκατανοούμενον

1085 1315 1170 1349 Λόγον
1180 1314 1419 1350 εὐαγγελίσασθαι.
1427 1315 1479 1342 Διὰ
1489 1315 1592 1342 τούτων
1601 1315 1690 1342 τοίνυν
1701 1315 1756 1342 τῶν
1769 1315 1873 1350 νοημά-

1084 1368 1138 1386 των
1152 1361 1168 1395 ὴ
1186 1359 1279 1395 νύμφη
1297 1361 1471 1395 μυσταγωγεῖ
1489 1361 1539 1391 τὰς
1551 1360 1684 1393 νεάνιδας,
1699 1361 1740 1386 ὅτι
1762 1360 1792 1386 οὺ
1808 1359 1874 1394 πρό-

1085 1413 1165 1441 τερον
1181 1405 1228 1431 ἐπὶ
1252 1405 1282 1431 τὸ
1301 1405 1424 1441 ἄληπτόν
1441 1415 1470 1433 τε
1488 1407 1535 1433 καὶ
1549 1407 1674 1443 ἀόριστον
1696 1407 1876 1442 εὐαχθήσεται

1087 1449 1166 1484 ἡμῶν
1191 1450 1207 1484 ἡ
1234 1449 1348 1483 διάνοια,
1366 1451 1430 1486 πρὶν
1449 1450 1489 1486 τῷ
1504 1451 1612 1487 ὀφθέντι
1628 1451 1672 1478 διὰ
1691 1451 1742 1488 τῆς
1758 1452 1877 1482 πίστεως

1051 1511 1074 1541 c
1091 1494 1303 1541 περιδράξασθαι
1313 1503 1319 1510 ·
1334 1495 1401 1522 τὸδὲ
1413 1496 1493 1531 ἁφθὲν
1507 1498 1524 1532 ἡ
1535 1496 1585 1531 τῆς
1601 1496 1700 1532 σαρκός
1715 1497 1773 1523 ἐστι
1784 1496 1875 1531 φύσις.

1089 1540 1211 1567 Εξποῦσα
1227 1540 1282 1576 γάρ
1294 1549 1300 1556 ·
1321 1541 1362 1568 ὅτι
1374 1541 1541 1576 Ἀὃελφιδός
1555 1551 1614 1577 μου
1624 1542 1736 1575 λευκὸς
1745 1543 1793 1569 καὶ
1805 1543 1877 1577 avﬁ-

1088 1587 1141 1621 ριἷς
1155 1596 1161 1602 ·
1183 1587 1226 1613 διὰ
1245 1587 1296 1622 τῆς
1316 1587 1369 1614 τῶν
1382 1587 1429 1615 δύο
1442 1588 1594 1624 χρωμάτων
1611 1588 1713 1616 τούτων
1734 1582 1832 1624 μίξεως
1848 1588 1879 1615 τὸ

1090 1632 1138 1667 τῆς
1156 1633 1256 1668 σαρκὸς
1270 1633 1367 1668 ἰδίωμα
1384 1633 1538 1669 ὑπογράφει
1550 1633 1589 1668 τῷ
1603 1633 1774 1669 λόγῳ.Τοῦτο
1788 1633 1816 1660 δὲ
1829 1634 1876 1660 καὶ

1089 1678 1118 1703 ὲν
1130 1679 1184 1710 τοῖς
1199 1678 1353 1714 ἔμπροσθεν
1374 1680 1496 1715 ἐποίησε,
1511 1680 1594 1715 μῆλον
1607 1679 1688 1706 αὑτὸν
1702 1679 1876 1714 ὀνομάσασα·

1090 1720 1119 1750 οὗ
1131 1723 1198 1759 πρὸς
1214 1723 1343 1759 ἑκάτερον
1359 1724 1413 1750 τῶν
1427 1725 1581 1760 χρωμάτων
1598 1724 1752 1759 σύγκρατον
1763 1724 1882 1760 καθορᾶ-

1089 1777 1134 1796 ται
1158 1769 1188 1795 τὸ
1203 1768 1282 1801 εἶδος.
1300 1770 1404 1797 Λευκόν
1418 1778 1447 1797 τε
1462 1770 1515 1806 γάρ
1530 1771 1588 1797 ἐστι
1605 1770 1635 1797 τὸ
1659 1770 1744 1806 μῆλον
1759 1771 1806 1797 καὶ
1815 1771 1881 1806 ὲρυ-

1091 1815 1230 1850 θρήαίνεται
1239 1824 1246 1831 ·
1259 1816 1308 1852 τὴν
1318 1816 1364 1842 τοῦ
1381 1813 1603 1852 αῖματος,οἷμαι,
1615 1816 1696 1851 φύσιν
1710 1815 1882 1852 συμϐολικῶς

1092 1863 1292 1898 ἐνδεικνύμενος
1303 1863 1346 1890 διὰ
1359 1863 1405 1890 τοῦ
1413 1864 1596 1899 ἐρυθήματος.
1618 1864 1687 1890 Ἀλλ’
1701 1863 1794 1900 ἐπειδὴ
1807 1865 1883 1891 πᾶσα

1091 1908 1160 1943 σὰρξ
1191 1909 1232 1934 ἐνὶ
1257 1909 1351 1944 τρόπῳ
1373 1909 1542 1940 συνίσταται,
1571 1909 1661 1945 γάμου
1694 1909 1804 1941 πάντως
1825 1909 1883 1935 ὁδο-

1092 1954 1231 1986 ποιοῦντος
1247 1955 1293 1981 τὸν
1307 1955 1385 1982 τόκον
1400 1956 1456 1986 τοῖς
1478 1955 1518 1986 είς
1535 1955 1584 1990 τὴν
1599 1954 1671 1989 ζωὴν
1686 1954 1790 1990 ταύτην
1802 1963 1882 1989 περι-

1092 2000 1151 2027 οῦσι
1167 2000 1211 2027 διὰ
1219 2000 1363 2035 γενέσεως,
1381 2000 1418 2032 ὡς
1437 2000 1469 2026 ἂν
1485 2001 1522 2036 μή
1535 2009 1577 2032 τις
1589 2000 1689 2036 σαρκὸς
1701 2001 1807 2035 γένεσιν
1819 2001 1885 2037 περὶ

1091 2047 1122 2073 τὸ
1138 2048 1285 2082 μυστήριον
1295 2047 1343 2081 τῆς
1361 2046 1501 2078 εὐσεϐείας
1518 2046 1750 2083 παραδεξάμενος,
1771 2047 1838 2082 πρὸς
1849 2047 1885 2074 τὰ

1092 2093 1141 2127 τῆς
1153 2092 1259 2127 φύσεως
1268 2092 1337 2128 ἔργα
1360 2092 1408 2119 καὶ
1424 2093 1498 2128 πάθη
1514 2093 1562 2128 τὴν
1581 2092 1699 2120 διάνοιαν
1718 2093 1885 2128 κατολισθή-

1095 2146 1176 2171 σειεν,
1192 2139 1336 2174 ὁμοιογενῆ
1346 2139 1413 2165 πᾶσι
1426 2139 1555 2174 κάκείνης
1564 2139 1613 2174 τῆς
1631 2139 1730 2174 σαρκὸς
1740 2139 1790 2175 τὴν
1807 2138 1887 2173 γένε-

256 2185 311 2210 tur,
324 2180 508 2208 existimando
533 2182 626 2209 carnis
644 2182 725 2217 hujus
748 2188 952 2219 generationem
978 2195 1033 2222 per-

1096 2194 1138 2212 σιν
1155 2185 1284 2220 ἐννοήσας
1292 2193 1300 2200 ο
1312 2184 1408 2211 τούτου
1420 2185 1499 2220 χάριν
1509 2184 1555 2211 τὸν
1571 2186 1771 2221 κοινωνήσαντα
1783 2185 1887 2220 σαρκὸς

255 2225 318 2252 inde
340 2229 526 2261 comparatam
550 2234 622 2260 esse,
648 2232 678 2255 ut
695 2229 721 2255 in
746 2230 807 2258 aliis
823 2232 971 2266 omnibus;
999 2233 1041 2261 id-

254 2271 329 2298 circo
340 2279 402 2298 eum
426 2272 473 2307 qui
487 2272 587 2300 nostra:
602 2281 693 2301 carnis
708 2280 734 2302 et
748 2276 890 2310 sanguinis
906 2279 1042 2314 particeps

253 2315 344 2344 factus
360 2321 416 2349 est,
432 2318 579 2346 candidum
597 2319 706 2354 quidem
721 2320 796 2348 illum
813 2329 845 2349 ac
861 2323 1042 2351 rubicundum

254 2370 316 2390 esse
333 2362 445 2395 fatetur.
462 2372 510 2398 per
522 2364 591 2392 duos
607 2366 691 2394 hosce
707 2367 814 2396 colores
833 2369 1043 2399 obscuriuscule

255 2408 380 2442 corporis
397 2413 523 2436 naturam
547 2410 683 2444 indicans,
712 2420 766 2440 non
793 2418 883 2442 tamen
907 2417 1043 2444 consimili

255 2454 363 2481 ratione
378 2461 492 2488 prorsus
507 2455 609 2483 editum
628 2456 655 2484 in
671 2458 759 2486 lucem
781 2460 830 2492 ait,
847 2469 900 2495 qua
920 2469 1044 2490 commu-

259 2500 328 2526 niter
340 2500 465 2528 homines
479 2497 639 2537 gigiiuntur.
654 2503 787 2532 Nimirum
805 2506 876 2534 inter
888 2515 984 2535 onmes
995 2509 1045 2536 lio-

257 2545 362 2572 ma'num
381 2546 529 2581 myriades,
553 2557 586 2576 ex
614 2557 669 2584 quo
693 2550 732 2577 illi
755 2558 816 2578 esse
840 2558 993 2587 cmperunt,
1017 2558 1044 2581 et

256 2599 401 2627 quousque
419 2593 501 2620 veluti
526 2594 634 2622 ﬂuendo
651 2601 747 2624 natura
769 2598 973 2626 succedentium
990 2599 1042 2627 sibi

257 2645 307 2672 per
319 2642 426 2672 partum
452 2640 652 2675 progredictur,
678 2642 753 2670 solus
770 2643 814 2670 hic
839 2652 910 2672 nova
926 2645 1043 2679 quadam

258 2686 353 2718 partus
369 2685 462 2719 specie
477 2685 503 2712 in
521 2686 591 2714 hanc
601 2687 684 2714 vitam
702 2688 775 2716 venit
794 2698 800 2716 :
815 2690 859 2717 cui
878 2690 911 2717 ad
926 2698 1042 2718 nascen-

258 2732 322 2757 anm
356 2735 454 2759 natura
489 2740 543 2760 non
577 2739 721 2769 cooperata
757 2740 822 2768 est.
857 2737 904 2765 sed
933 2739 1038 2766 scrviit.

295 2819 303 2831 “
320 2821 414 2850 Matth.
432 2822 476 2855 1,2
490 2831 552 2858 sqq.

1095 2233 1143 2259 καὶ
1159 2232 1274 2267 αἳματος
1288 2231 1383 2258 λευκὸν
1396 2231 1446 2266 μὲν
1455 2228 1524 2257 εἶναι
1539 2231 1586 2257 καὶ
1599 2231 1703 2267 πυρρὸν
1713 2230 1884 2265 ὡμολόγησε,

1096 2275 1141 2303 διὰ
1153 2276 1206 2302 τῶν
1218 2276 1263 2302 δύο
1274 2276 1427 2311 χρωμάτων
1438 2275 1486 2310 τὴν
1498 2275 1545 2302 τοῦ
1563 2275 1688 2311 σώματος
1701 2275 1781 2311 φύσιν
1796 2276 1887 2302 αἰνισ-

1097 2322 1206 2358 σομένη,
1223 2323 1252 2348 οὺ
1273 2322 1325 2358 μὴν
1353 2321 1528 2358 ὁμοιότροπον
1553 2321 1635 2348 αὑτοῦ
1660 2321 1708 2358 τὴν
1730 2321 1834 2358 λοχείαν
1845 2322 1887 2359 τῷ

1096 2368 1178 2404 κοινῷ
1204 2368 1277 2404 τόκῳ
1289 2368 1452 2403 γεγενῆσθαι
1473 2367 1558 2401 λέγει.
1577 2367 1645 2394 Ἀλλ’
1665 2369 1697 2394 ὲκ
1720 2368 1814 2395 πασῶν
1830 2369 1888 2396 τῶν

1099 2415 1236 2450 μυριάδων
1260 2415 1314 2441 τῶν
1337 2414 1382 2448 ἀφ’
1396 2411 1427 2441 οὗ
1443 2415 1586 2448 γεγόνασιν
1604 2413 1754 2448 ἄνθρωποι,
1775 2414 1824 2441 καὶ
1844 2415 1888 2447 εις

1097 2460 1112 2486 ὃ
1129 2459 1340 2496 προσελεύσεται
1352 2459 1449 2496 ῥέουσα
1461 2459 1504 2486 διὰ
1512 2458 1560 2486 τοῦ
1569 2459 1648 2486 τόκου
1663 2459 1716 2486 τῶν
1728 2460 1891 2495 ἐπιγινομέ-

1097 2514 1150 2532 νων
1167 2507 1183 2540 ή
1196 2505 1286 2540 φύσις,
1296 2506 1375 2541 μόνος
1391 2501 1466 2536 οὗτός
1482 2506 1539 2531 ἐστι
1555 2505 1593 2541 τῷ
1610 2505 1696 2540 καινῷ
1710 2505 1761 2540 τῆς
1779 2498 1891 2541 λοχείας

1097 2551 1161 2578 εῖδει
1175 2551 1225 2586 τῆς
1240 2551 1313 2586 ζωῆς
1331 2550 1434 2586 ταύτης
1448 2550 1586 2586 ἁψάμενος
1596 2559 1602 2565 ·
1617 2547 1638 2584 ᾧ
1651 2550 1712 2586 οὐχὶ
1729 2551 1888 2588 συνήργησε

1097 2597 1166 2631 πρὸς
1176 2596 1206 2622 τὸ
1219 2595 1369 2631 γενέσθαιή
1382 2596 1472 2630 φύσις,
1484 2596 1539 2623 ἀλλ’
1552 2596 1716 2632 ὑπηρέτησε.
1735 2597 1784 2624 Διὰ
1795 2597 1888 2629 τοῦτο.

1097 2643 1189 2678 φησὶν,
1205 2643 1244 2669 ὅτι
1268 2642 1364 2674 λευκὸς
1376 2642 1422 2670 καὶ
1440 2643 1454 2669 ὁ
1475 2643 1579 2679 πυρρὸς
1590 2640 1677 2676 οὗτος,
1690 2644 1705 2670 ό
1718 2643 1762 2670 διὰ
1784 2644 1888 2680 σαρκὸς

1098 2690 1145 2716 καὶ
1158 2689 1274 2725 αἵματος
1285 2689 1459 2725 ἐπιδημήσας
1472 2688 1511 2724 τῷ
1528 2688 1587 2724 βίῳ,
1608 2689 1687 2724 μόνος
1702 2689 1776 2716 ἐστὶν
1786 2689 1818 2715 ὲκ
1833 2698 1885 2716 πα-

1100 2736 1154 2763 σῶν
1167 2735 1222 2763 τῶν
1237 2735 1373 2772 μυριάδων
1396 2735 1428 2762 ἐκ
1442 2735 1493 2770 τῆς
1515 2735 1678 2771 παρθενικῆς
1699 2735 1886 2771 καθαρότητος
