1978 3068
85 188 155 216 11153

579 186 612 213 ΙΝ
628 186 780 215 CANTICA
796 185 931 215 CANTIC.
951 187 1099 215 IIOMIIJA
1119 186 1189 214 XIII.

1654 190 1723 219 1054

84 245 325 280 ἔκλελοχισμὲνος·
351 241 382 272 οὗ
408 245 590 279 ἀσυνδύαστος
619 247 669 282 μὲν
692 249 709 284 ὴ
735 248 877 289 κυοφορία,

934 247 1079 283 Propterea
1103 247 1193 283 inquit
1215 246 1362 274 candidum
1385 246 1458 274 hunc
1479 251 1505 274 et
1527 247 1722 283 rubicundum,

84 292 233 330 ὰμόλυντος
249 292 277 319 δὲ
294 293 311 328 ἡ
325 291 425 328 λοχεία,
440 292 572 326 ἁνώδυνος
582 293 610 320 δὲ
626 295 642 329 ἡ
658 293 722 325 ὼδίς
732 303 739 309 ·
755 291 786 321 οὗ
799 289 878 321 θάλαὲ

87 348 135 374 μος
148 339 164 374 ἡ
175 337 221 365 τοῦ
237 338 366 372 Ὑψίστου
381 337 568 375 δύναμις,οἷόν
579 349 620 372 τις
632 340 730 375 νεφέλη
745 340 794 375 τὴν
808 349 877 375 παρ-

86 385 175 412 θενίαν
186 385 395 416 ἐπισκιάζουσα·
410 385 512 421 πυρσὸς
524 386 552 412 δὲ
563 386 695 422 γαμήλιος
710 387 727 422 ἡ
738 386 784 413 τοῦ
798 386 877 420 ἁγίου

85 431 242 466 Πνεύματος
254 431 385 466 ἔλλαμψις
397 439 404 446 ·
423 431 500 466 κλίνη
514 432 542 458 δὲ
555 433 572 467 ἡ
588 431 718 463 ἀπάθεια,
727 433 774 459 καὶ
790 432 878 468 γάμος

84 477 100 511 ἡ
116 476 263 511 ἀφθαρσία.
289 477 317 503 '0
340 477 429 504 τοίνυν
453 479 485 504 ἐκ
504 478 557 504 τῶν
576 478 704 505 τοιούτων
719 478 877 513 γενόμενος,

85 522 176 553 καλῶς
191 522 413 557 ἐκλελοχισμένος
425 523 457 550 ὲκ
474 523 569 550 πασῶν
587 524 640 551 τῶν
658 524 796 560 μυριάδων
811 533 879 552 κατ-

85 567 233 602 ωνομάσθη
244 576 250 582 ·
266 569 333 604 ὅπερ
344 569 373 595 τὸ
384 569 420 604 μὴ
437 570 469 596 ὲκ
479 569 574 605 λέχους
593 570 675 596 αὑτὸν
692 568 762 597 εῖναι
777 569 879 606 σημαι-

85 622 135 640 νει.
149 612 250 640 Τούτου
266 613 319 650 γὰρ
341 614 422 649 μόνου
445 616 530 650 χωρὶς
557 615 665 651 λοχείας
685 618 702 652 ή
732 617 877 653 γέννησις,

85 657 180 694 ὥσπερ
189 658 234 685 καὶ
245 659 329 694 χωρὶς
343 659 433 694 γάμου
448 660 465 695 ἠ
479 659 616 693 σύστασις.
635 661 672 687 Οὐ
685 661 742 698 γὰρ
752 664 825 690 ἔστιν
832 662 879 688 ἐπὶ

85 705 136 740 τῆς
148 706 267 741 ἀφθόρου
279 715 309 733 τε
324 708 372 733 καὶ
382 707 570 742 ἀπειρογάμου
579 707 680 743 κυρίως
692 709 722 735 τὸ
735 708 819 743 ὄνομα
829 709 878 744 τῆς

85 751 194 786 λοχείας
211 752 297 778 εἰπεῖν
307 759 314 766 ·
331 752 397 778 διότι
407 752 554 788 παρθενίας
569 761 599 779 τε
611 754 658 780 καὶ
671 753 777 788 λοχείας
788 753 879 789 ἀσύμ-

86 795 158 822 ϐατά
175 797 233 824 ὲστι
247 797 311 832 περὶ
328 796 377 831 τὴν
389 797 473 832 αὐτὴν
489 797 523 823 τὰ
546 797 676 832 ὀνόματα.
699 797 768 824 Ἀλλ’
784 797 879 833 ὥσπερ

86 842 150 874 Υἱὸς
172 842 249 878 ἐδόθη
275 843 341 878 ἡμῖν
355 843 419 870 ἄνευ
437 844 542 879 Πατρός
553 853 559 859 ·
575 844 646 871 οὕτω
665 844 712 872 καὶ
726 845 756 871 τὸ
773 845 878 872 παιδίον

85 887 149 915 ἄνευ
164 888 271 924 λοχείας
285 889 458 928 γεγέννηται.
470 891 514 923 Ὠς
520 890 574 926 γὰρ
581 891 631 918 οὐκ
637 892 708 926 ἔγνω
716 890 879 927 ήςΠαρθένος

929 293 977 328 qui
995 302 1043 329 per
1058 301 1169 321 carnem
1185 296 1213 320 et.
1227 293 1388 328 sanguinem
1410 293 1439 320 in
1459 293 1510 320 hac
1526 293 1583 320 vita
1599 298 1722 322 versatus

928 344 981 372 est,
999 340 1088 367 solum
1101 347 1144 368 ‘ex
1169 339 1305 367 universis
1330 339 1473 366 hominum
1496 339 1668 374 myriadibus
1689 340 1722 368 de

929 386 1050 421 puritate
1074 386 1197 421 virginea
1223 386 1343 413 electum
1367 393 1448 417 esse,
1476 385 1555 420 cujus
1579 385 1722 419 conceptio

928 432 1046 459 duorum
1071 439 1087 458 a
1115 431 1312 466 conjunctione
1342 430 1466 465 profecta
1493 438 1546 457 non
1563 431 1608 463 sit,
1627 435 1722 465 partus

929 477 1041 504 minime
1053 477 1224 513 inquinatus,
1239 477 1379 512 parturigo
1395 476 1498 503 doloris
1512 484 1610 511 expers
1622 485 1629 504 :
1641 477 1721 509 cujus

929 523 1078 555 thalamus,
1098 523 1232 551 Altissimi
1250 527 1372 558 potestas
1399 522 1477 556 quasi
1498 522 1620 557 quaedam
1634 522 1722 550 nubes

928 569 1115 605 virginitatem
1132 569 1221 604 ipsam
1238 569 1410 599 inumbrans,
1434 569 1478 595 fax
1496 568 1626 602 nuptialis
1660 568 1722 602 Spi-

932 613 1002 642 ritus
1034 615 1123 643 sancti
1157 615 1306 650 splendor,
1343 614 1431 642 cubile
1468 614 1598 641 viliorum
1623 621 1722 649 expers

930 661 1062 692 conditio,
1088 661 1190 696 nuptiae
1205 661 1311 695 puritas
1344 660 1515 694 incorrupta.
1541 659 1593 692 Qui
1610 667 1643 686 ex
1660 659 1722 686 tali-

929 706 981 733 bus
993 710 1072 734 ortus
1084 711 1138 739 est,
1157 710 1233 734 recte
1245 706 1399 741 appellatur
1413 705 1518 733 electus
1535 712 1568 732 ex
1586 705 1722 733 universis

929 752 1101 788 myriadihus
1118 760 1124 778 :
1140 760 1195 788 quo
1211 752 1321 787 quidem
1337 751 1519 787 signiﬁcatur,
1537 759 1592 779 non
1607 760 1642 779 ex
1658 759 1723 779 con-

927 796 1012 831 jugali
1047 802 1107 824 toro
1125 797 1215 832 ipsum
1233 797 1361 824 existere.
1385 797 1453 824 Nam
1477 797 1559 832 hujus
1574 797 1660 825 solius
1676 805 1723 832 ge-

929 842 1038 870 neratio
1063 842 1261 878 parturiginem
1278 850 1333 869 non
1354 842 1468 875 habuit,
1492 842 1723 878 quemadmodum

928 891 956 914 et
975 889 1034 915 sine
1048 888 1176 923 conjugio
1192 887 1274 922 coepit
1295 887 1438 914 exsistere.
1453 886 1546 922 Neque
1561 887 1633 914 enim
1649 894 1715 921 pro-

84 935 201 966 ὅπως,ἐν
216 935 255 970 τῷ
271 934 377 970 σώματι
389 935 476 970 αὐτῆς
486 935 517 961 τὸ
528 934 650 971 Θεοδόχον
660 936 773 972 συνέστη
785 935 876 972 σῶμα·

934 933 990 967 prie
1004 933 1184 973 parturiginis
1198 933 1360 960 vocabulum
1377 933 1505 968 usurpari
1521 933 1555 960 de
1572 933 1618 959 illa
1632 933 1724 959 incor-

84 979 171 1011 οὕτως
178 980 238 1006 οὐδὲ
248 981 295 1007 τοῦ
308 981 388 1007 τόκου
396 980 503 1016 ᾔσθετο,
511 981 702 1017 μαρτυρούσης
712 982 761 1017 τῆς
767 991 859 1018 προφη
866 998 877 1003 -

84 1024 161 1055 τείας
167 1024 235 1059 αὐτῇ
247 1024 278 1051 τὸ
290 1024 424 1051 ἀνώδυνον
436 1024 486 1059 τῆς
496 1025 599 1057 ὠδῖνος.
608 1026 677 1062 Φησὶ
686 1027 741 1062 γὰρ
752 1028 876 1060 Ἡσαΐας,

84 1070 160 1104 Πρὶν
178 1070 277 1098 ἐλθεῖν
295 1070 366 1103 τοὺς
383 1071 498 1104 πόνους
514 1071 574 1097 τῶν
598 1071 724 1104 ὠδίνων,
749 1072 878 1107 ἐξέφυγε

84 1116 135 1142 καὶ
144 1116 248 1144 ἔτεκεν
260 1116 364 1150 ἄρσεν,
374 1116 424 1142 Διὰ
442 1116 522 1143 τοῦτο
536 1117 758 1152 ὲκλελοχισμένος
773 1119 821 1145 καὶ
834 1118 878 1151 ξε-

85 1160 167 1192 νίζων
182 1160 242 1187 καθ⁴
260 1161 388 1196 ἑκάτερον
398 1161 447 1196 τὴν
463 1161 622 1189 ἀκολουθίαν
635 1163 683 1198 τῆς
692 1162 808 1197 φύσεως,
817 1163 878 1190 οὗτε

84 1206 238 1241 ἀρξάμενος
251 1206 280 1238 ἐξ
291 1207 399 1242 ἡδονῆς,
419 1207 480 1234 οὔτε
498 1207 637 1244 προελθὼν
651 1208 695 1235 διὰ
719 1209 810 1236 πόνου.
824 1210 879 1236 Καὶ

84 1251 165 1277 τοῦτο
191 1251 261 1278 κατὰ
289 1252 319 1278 τὸ
337 1252 484 1279 ἀκόλουθον
509 1254 624 1288 γίνεται,
644 1254 690 1281 καὶ
706 1255 755 1281 οὐκ
767 1254 820 1287 ἔξω
832 1255 878 1282 τοῦ

85 1297 190 1329 εἰκότος
209 1298 292 1324 ἐστίν.
317 1298 427 1334 Ἐπειδὴ
458 1299 513 1334 γὰρ
530 1300 546 1334 ή
572 1300 618 1326 τὸν
638 1299 751 1342 θάνατον
774 1301 818 1327 διὰ
829 1301 880 1336 τῆς

85 1342 225 1378 ἁμαρτίας
240 1343 480 1380 ἐπεισάγουσα,τῇ
497 1344 590 1378 φύσει,
609 1345 638 1371 ἐν
655 1345 753 1377 λύπαις
769 1347 816 1372 καὶ
834 1346 880 1372 πό-

85 1397 142 1420 νοις
156 1388 258 1414 τίκτειν
275 1389 469 1425 κατεδικάσθη.
487 1391 541 1416 ἔδει
553 1390 661 1422 πάντως
677 1391 726 1426 τὴν
742 1391 792 1426 τῆς
807 1391 880 1427 ζωῆς

87 1433 194 1469 μητέρα
220 1434 274 1460 ἀπὸ
292 1435 381 1470 χαρᾶς
393 1443 423 1461 τε
439 1435 488 1470 τῆς
505 1435 654 1470 κυοφορίας
669 1436 814 1472 ἄρξασθαι,
833 1439 880 1466 καὶ

85 1478 131 1505 διὰ
144 1479 231 1514 χαρᾶς
242 1478 384 1505 τελειῶσαι
396 1479 442 1506 τὸν
456 1479 546 1506 τόκον.
559 1479 648 1514 Χαῖρε
659 1481 724 1516 γὰρ,
738 1483 815 1517 φησὶ,
830 1492 880 1510 κε-

86 1524 282 1560 χαριτωμένη,
306 1525 375 1561 πρὸς
391 1526 476 1561 αὐτὴν
500 1525 515 1551 ὁ
539 1527 720 1561 ἀρχάγγελος,
742 1528 880 1557 ἐκϐάλλων

85 1572 120 1606 τῇ
137 1572 212 1606 φωνῇ
228 1571 278 1606 τὴν
292 1571 381 1607 λύπην
398 1571 447 1606 τήν
468 1571 498 1605 ἐξ
513 1572 600 1607 ἀρχῆς
613 1573 664 1599 ὑπὸ
678 1574 729 1608 τῆς
742 1571 880 1610 ἁμαρτίας

86 1616 330 1652 ἀποκληρωθεῖσαν
345 1617 384 1652 τῷ
399 1618 482 1653 τόκῳ.
499 1614 584 1650 Οὗτος
607 1619 655 1654 μὲν
675 1618 721 1646 οὖν
734 1621 808 1647 ἐστιν
819 1622 833 1648 ὁ
844 1621 883 1657 τῷ

39 1659 43 1662 ’
87 1662 173 1697 καινῷ
184 1671 214 1689 τε
227 1663 273 1690 καὶ
288 1663 415 1695 ἰδιάζοντι
429 1664 480 1697 τῆς
494 1665 648 1700 γεννήσεως
671 1666 703 1692 ὲκ
720 1666 813 1693 πασῶν
829 1667 883 1693 τῶν

89 1708 227 1743 μυριάδων
242 1707 322 1743 μόνος
349 1707 469 1739 τοιοῦτος
483 1709 639 1744 γενόμενος.
653 1710 667 1734 ό
686 1709 781 1742 λευκός
795 1719 824 1737 τε
838 1711 885 1737 καὶ

88 1754 192 1789 πυρρὸς
208 1753 252 1792 διᾴ
262 1753 312 1789 τὴν
323 1754 413 1790 σάρκα
433 1755 480 1781 καὶ
494 1754 524 1780 τὸ
536 1752 606 1789 αἷμα
623 1755 714 1787 καλῶς
725 1755 886 1791 ὠνομασμέκ

88 1800 205 1833 νος,καὶ
238 1800 463 1836 ὲκλελοχισμένος
488 1800 543 1827 ἀπὸ
580 1801 733 1835 μυριάδων,
761 1802 805 1828 διὰ
836 1803 884 1839 τὴν

88 1844 228 1880 ἄφθαρτον
241 1854 270 1872 τε
290 1846 337 1872 καὶ
347 1845 440 1881 ἀπαθῆ
454 1845 502 1872 τοῦ
514 1846 593 1872 τόκου
614 1846 691 1882 παρὰ
703 1847 765 1879 τοὺς
776 1847 886 1880 λοιποὺς

91 1891 222 1926 ἰδιότητα,
249 1890 284 1916 Ἢ
311 1891 382 1926 τάχα
407 1891 454 1917 καὶ
467 1890 511 1917 διὰ
530 1890 565 1917 τὰ
575 1890 657 1917 λοιπὰ
666 1891 716 1926 τῆς
730 1892 885 1927 γεννήσεως

88 1935 149 1971 εἴδη
162 1935 197 1962 τὰ
209 1936 254 1963 διὰ
269 1935 317 1970 τῆς
331 1935 439 1971 λοχείας
455 1936 595 1971 γινόμενα,
613 1936 715 1972 ταύτην
727 1937 883 1972 ἐφήρμοσεν

89 1981 167 2016 αὐτῷ
191 1981 240 2016 τὴν
256 1982 347 2016 φωνήν
364 1982 380 2016 ἡ
398 1981 502 2016 νύμφη.
518 1981 575 2008 Οὐκ
598 1982 706 2016 ἀγνοεῖς
731 1981 759 2008 δὲ
775 1982 882 2014 πάντως

89 2028 185 2060 ὁσάκις
203 2027 334 2062 ἐγεννήθη
351 2028 365 2054 ὁ
388 2028 477 2063 πάσης
493 2029 542 2063 τῆς
571 2028 686 2059 κτίσεως
710 2027 884 2063 πρωτότοκος

90 2074 121 2100 ἐν
136 2073 242 2104 πολλοῖς
256 2072 389 2107 ἀδελφοῖς,
397 2073 566 2108 πρωτότοκος
575 2073 608 2099 ἐκ
619 2073 724 2108 νεκρῶν
737 2074 766 2100 ’ό
776 2074 884 2109 πρῶτος

90 2119 176 2151 λύσας
189 2118 238 2150 τὰς
246 2118 341 2150 ὠδῖνας
347 2118 394 2144 τοῦ
405 2119 529 2150 θανάτου,
541 2120 587 2145 καὶ
599 2119 664 2145 πᾶσι
680 2119 724 2145 τὸν
737 2119 769 2146 ἐκ
779 2119 884 2154 νεκρῶν

91 2164 172 2190 τόκον
187 2163 349 2197 όδοποιήσας
361 2162 406 2189 διὰ
419 2162 468 2197 τῆς
484 2162 667 2192 ἀναστάσεως.
690 2162 734 2188 Ἑν
748 2162 815 2188 πᾶσι
836 2161 885 2197 μὲν

91 2209 148 2244 γὰρ
158 2208 264 2240 τούτοις
277 2208 419 2242 ἐγεννήθη,
442 2207 473 2233 οὑ
492 2207 545 2243 μὴν
563 2207 606 2234 διὰ
625 2206 735 2241 λοχείας.
749 2207 885 2242 παρῆλθεν

93 2255 134 2286 εἰς
152 2252 334 2290 γέννησιν.”Η
342 2255 468 2290 τεγὰρὲκ
483 2253 530 2279 τοῦ
546 2252 642 2284 ὕδατος
655 2253 761 2286 γένεσις
785 2253 815 2279 τὸ
837 2253 887 2288 τῆς

94 2300 200 2335 λοχείας
215 2299 300 2332 πάθος
313 2300 343 2326 οὒ
356 2299 531 2335 παρεδέξατο,
547 2299 620 2334 καὶή
632 2300 664 2325 ὲκ
674 2300 779 2334 νεκρῶν
791 2299 888 2333 παλιγ-

93 2346 229 2380 γεννεσία,
244 2346 314 2381 καὶὴ
324 2346 373 2380 τῆς
381 2345 455 2377 θείας
464 2344 566 2380 ταύτης
577 2345 691 2376 κτίσεως
705 2344 886 2380 πρωτοτοκία,

95 2391 153 2418 ἀλλ’
164 2392 193 2418 ὲν
209 2392 276 2418 πᾶσι
288 2391 393 2423 τούτοις
409 2391 554 2427 καθαρεύει
574 2392 623 2426 τῆς
639 2390 746 2426 λοχείας
763 2392 777 2417 ὁ
794 2391 883 2422 τόκος.

95 2438 144 2464 Διὰ
158 2437 237 2465 τοῦτό
256 2446 348 2473 φησιν,
369 2437 640 2472 Ἑκλελοχισμένος
653 2437 712 2464 ἀπὸ
721 2436 883 2472 μυριάδων.

932 983 1012 1013 rupta
1027 982 1054 1006 et
1071 978 1231 1013 conjugium
1252 985 1308 1005 non
1328 982 1440 1013 experta
1463 982 1562 1013 potest,
1581 982 1724 1013 propterea

932 1024 1005 1059 quod
1021 1024 1167 1059 virginitas
1190 1028 1217 1051 et
1235 1024 1376 1059 parturigo
1398 1024 1425 1050 in
1446 1024 1541 1052 eadem
1559 1031 1725 1052 concurrere

932 1075 1079 1106 nequeant.
1097 1070 1230 1098 Nimirum
1246 1070 1284 1097 uti
1310 1070 1391 1097 datus
1417 1070 1497 1097 nobis
1521 1071 1624 1104 absque
1644 1069 1725 1097 Patre

931 1117 1028 1149 Filius,
1044 1117 1085 1145 sic
1100 1117 1182 1145 etiam
1200 1124 1267 1152 puer
1281 1116 1325 1144 hic
1340 1116 1444 1151 absque
1461 1116 1631 1151 parturigine
1644 1122 1725 1143 natus

935 1168 989 1191 est.
1011 1163 1099 1197 thue
1114 1161 1198 1197 Virgo
1227 1163 1286 1196 ipsa
1303 1169 1356 1188 non
1385 1162 1512 1196 cognovit
1534 1168 1588 1195 quo
1603 1165 1682 1194 pacto
1697 1161 1725 1188 in

933 1216 1048 1243 corpore
1069 1208 1155 1243 ipsius
1181 1215 1281 1242 corpus
1305 1207 1371 1234 illud
1396 1207 1566 1234 divinitatem
1583 1207 1723 1241 recipiens

932 1254 1092 1282 coaluerit:
1120 1254 1161 1281 sic
1189 1262 1223 1280 ne
1251 1257 1359 1288 partum
1382 1252 1492 1288 quidem
1521 1252 1617 1283 sensit,
1642 1252 1724 1279 etiam

932 1300 1002 1328 Isaia
1036 1300 1169 1336 propheta
1194 1300 1227 1328 de
1250 1300 1295 1327 illa
1319 1303 1456 1331 testante,
1483 1298 1556 1333 quod
1580 1298 1723 1333 parturigo

933 1346 1020 1381 ipsius
1038 1346 1142 1374 doloris
1162 1354 1261 1381 expers
1284 1345 1376 1378 fuerit,
1393 1352 1455 1372 cum
1477 1344 1514 1371 ait
1534 1353 1541 1371 :
1564 1344 1726 1378 Priusquam

934 1391 1037 1418 labores
1053 1392 1248 1426 parturiginum
1267 1392 1409 1422 venissent,
1428 1390 1540 1418 liberata
1565 1398 1665 1416 marem
1683 1397 1726 1423 pe-

932 1437 1029 1471 perit".
1052 1437 1157 1465 Idcirco
1177 1441 1203 1464 ct
1218 1438 1320 1465 electus
1339 1437 1400 1469 fuit,
1414 1441 1441 1464 et
1456 1440 1662 1470 utraquyparte
1675 1442 1727 1462 na-

932 1486 1002 1510 tura:
1014 1482 1138 1509 ordinem
1155 1482 1306 1510 innovavit.
1326 1480 1383 1508 Nec
1398 1480 1470 1508 enim
1485 1488 1500 1507 e
1517 1480 1656 1514 voluptate
1667 1486 1725 1506 cm-

933 1528 974 1563 pit
989 1529 1132 1559 exsistere,
1152 1535 1241 1562 neque
1265 1534 1312 1562 per
1325 1527 1436 1554 dolores
1459 1527 1486 1552 in
1509 1526 1597 1553 lucem
1615 1525 1724 1560 prodiit.

934 1573 1024 1608 Atque
1040 1572 1092 1600 hoc
1115 1572 1144 1600 [it
1166 1573 1273 1600 ratione
1287 1573 1404 1607 quadam
1423 1575 1621 1603 consentanea,
1646 1570 1727 1597 mini-

935 1626 1031 1653 meque
1044 1618 1193 1646 absurdum
1208 1622 1261 1646 est.
1282 1618 1349 1645 Cum
1366 1618 1438 1645 enim
1456 1617 1503 1644 illa
1535 1624 1595 1652 qum
1611 1620 1726 1644 mortem

936 1664 963 1691 in
981 1668 1106 1691 naturam
1123 1658 1171 1698 per
1201 1667 1351 1699 peccatum‘
1368 1663 1532 1694 introduxit,
1543 1662 1726 1689 condemnata

935 1709 971 1736 sit
986 1713 1015 1735 ut
1034 1709 1059 1735 in
1077 1708 1219 1743 doloribus
1233 1708 1428 1742 laboribusque
1450 1707 1548 1742 pariat,
1584 1707 1728 1742 oportebat

935 1747 1046 1780 omnino
1067 1757 1180 1780 matrem
1206 1753 1269 1780 vitae
1291 1758 1345 1780 tam
1371 1753 1576 1787 conceptionem
1603 1760 1617 1779 a
1634 1752 1727 1783 laetitia

936 1799 1076 1830 inchoare,
1097 1807 1177 1833 quam
1196 1802 1304 1833 partum
1319 1798 1347 1825 in
1363 1798 1455 1825 laetitia
1479 1797 1619 1832 perficere.
1639 1797 1727 1824 Nimi-

936 1852 996 1872 rum
1013 1845 1049 1871 ait
1063 1844 1096 1871 ad
1109 1852 1168 1871 eam
1182 1844 1310 1879 princeps
1325 1844 1370 1871 ille
1383 1843 1496 1877 angelus
1506 1853 1512 1869 :
1522 1842 1624 1875 Gaude,
1639 1843 1728 1876 gratia

936 1891 1040 1926 plena“.
1064 1889 1123 1923 Qua
1141 1897 1207 1918 voce
1230 1890 1389 1917 maestitiam
1405 1889 1479 1916 illam
1498 1889 1593 1923 abigit,
1609 1896 1670 1924 qua-
1684 1896 1728 1916 re-

938 1944 999 1964 rum
1022 1937 1102 1964 initio
1126 1939 1237 1971 propter
1261 1939 1401 1971 peccatum
1418 1935 1506 1970 partui
1531 1939 1574 1962 est
1588 1935 1725 1969 imposita.

939 1983 988 2011 llic
1005 1983 1087 2018 igitur
1112 1983 1156 2010 ille
1177 1986 1218 2010 est
1238 1982 1286 2017 qui
1313 1989 1382 2008 nova
1401 1980 1518 2016 quadam
1542 1987 1574 2007 ac
1596 1980 1727 2015 peculiari

939 2028 1122 2064 generationis
1138 2028 1247 2055 ratione
1261 2035 1292 2054 ex
1308 2026 1477 2062 myriadibus
1492 2026 1628 2054 universis
1651 2026 1727 2053 solus

939 2075 1002 2101 talis
1021 2078 1101 2101 natus
1126 2077 1178 2105 est,
1198 2077 1225 2101 et
1249 2072 1383 2100 candidus
1405 2079 1436 2099 ac
1459 2071 1631 2099 rubicundus
1654 2075 1728 2098 recte

940 2121 1089 2156 appellatus
1114 2124 1225 2155 propter
1241 2126 1351 2146 carnem
1369 2122 1396 2146 et
1419 2117 1578 2153 sanguinem
1593 2138 1601 2150 ,
1623 2117 1727 2144 electus

939 2174 970 2194 ex
994 2166 1086 2193 decem
1112 2165 1245 2198 millibus,
1263 2169 1374 2200 propter
1397 2164 1585 2198 incorruptam
1603 2167 1630 2191 et
1647 2163 1727 2191 vitio«

939 2220 999 2239 rum
1023 2215 1161 2247 expertem
1187 2211 1382 2246 proprietatem
1410 2214 1525 2244 partus,
1550 2210 1686 2237 diversam
1712 2217 1728 2236 a

939 2262 1017 2294 partu
1033 2258 1212 2292 reliquorum.
1235 2258 1283 2285 Vel
1297 2256 1422 2284 fortassis
1436 2257 1506 2283 hanc
1521 2256 1546 2284 ei
1567 2263 1660 2283 vocem
1680 2262 1728 2282 ac-

941 2302 1124 2330 commodavit
1149 2308 1261 2336 spousa,
1280 2305 1390 2336 propter
1408 2305 1522 2328 caeteras
1540 2299 1727 2335 generationis

941 2347 1028 2382 ipsius
1044 2347 1160 2382 species,
1176 2354 1237 2383 quae
1252 2350 1280 2373 et
1307 2346 1373 2381 ipsa:
1391 2345 1570 2380 parturiginis
1585 2352 1639 2372 non
1664 2349 1729 2373 sunt

938 2396 1075 2428 expertes.
1100 2391 1156 2419 Nec
1172 2392 1298 2427 ignorare
1315 2396 1407 2427 potes,
1435 2391 1541 2426 quoties
1559 2391 1594 2418 sit
1616 2389 1726 2426 genitus

938 2438 963 2466 is
991 2438 1037 2474 qui
1055 2438 1139 2465 totius
1158 2438 1259 2472 opiﬁcii
1284 2437 1461 2473 primigenius
1478 2441 1530 2469 est,
1547 2436 1727 2472 primigenios

96 2483 166 2511 inter
180 2484 280 2511 multos
303 2483 415 2515 fratres,
451 2484 630 2520 primigenius
652 2490 685 2510 ex
721 2483 850 2515 mortuis,
872 2483 919 2518 qui
939 2485 1044 2519 primus
1061 2483 1157 2510 mortis
1172 2483 1354 2518 parturigines
1377 2482 1477 2515 solvit,
1505 2489 1537 2509 ac
1563 2489 1611 2517 per
1634 2489 1728 2509 resur-

96 2528 247 2555 rectionem
261 2535 337 2555 suam
349 2528 487 2555 universis
499 2528 571 2554 viam
588 2527 622 2555 ad
653 2531 761 2562 partum
795 2536 826 2556 ex
859 2529 974 2556 mortuis
1008 2528 1124 2563 aperuit.
1141 2527 1208 2555 Nam
1227 2528 1253 2554 in
1269 2528 1311 2556 his
1329 2528 1455 2555 omnibus
1473 2532 1554 2556 natus
1568 2533 1619 2559 cst,
1637 2532 1725 2562 neque

97 2579 189 2601 tamen
206 2581 254 2608 per
267 2574 463 2608 parturiginem
478 2573 580 2602 editus.
602 2574 671 2601 Nam
689 2574 820 2602 nativitas
839 2583 887 2609 per
924 2582 1022 2610 aquam
1056 2574 1233 2609 parturiginis
1245 2573 1366 2601 dolorem
1387 2581 1441 2601 non
1455 2573 1574 2605 admisit.
1591 2578 1643 2600 nec
1663 2573 1728 2600 item

97 2628 130 2647 ex
151 2619 267 2647 mortuis
289 2619 477 2653 regeneratio,
502 2627 553 2647 nec
573 2620 659 2647 divini
685 2620 758 2648 illius
773 2620 875 2656 opificii
894 2621 1123 2656 primogenitum,
1151 2620 1200 2648 sed
1219 2620 1247 2647 in
1283 2620 1410 2648 omnibus
1437 2620 1513 2647 hisce
1555 2623 1650 2655 partus
1675 2626 1724 2646 cx-

98 2675 161 2702 [ers
173 2665 276 2693 doloris
291 2665 352 2692 l'uit.
369 2664 430 2692 [hee
440 2672 523 2692 causa
538 2669 590 2697 est.
602 2667 778 2701 quamobrem
789 2667 863 2695 dicat
876 2676 884 2695 :
904 2666 1011 2695 Electus
1024 2675 1056 2694 ea;
1068 2668 1156 2694 decem
1175 2667 1303 2694 millibus.

135 2709 198 2738 Οἷον
210 2711 238 2738 δὲ
253 2710 335 2737 αὑτοῦ
350 2711 380 2738 τὸ
389 2710 485 2742 κάλλος
493 2711 523 2738 ἐν
535 2712 590 2743 τοῖς
597 2713 658 2740 καθ’
668 2713 781 2741 ἕκαστον
794 2713 887 2749 μέλεσι

100 2758 242 2793 διηγεῖται,
255 2756 349 2792 καιρὸς
359 2756 387 2783 δὲ
403 2756 436 2782 ἂν
448 2757 490 2792 εἴη
506 2757 671 2793 κατανοῆσαι
683 2759 726 2786 διὰ
740 2760 794 2786 τῶν
811 2760 887 2795 εἰρη-

105 2803 202 2838 μένων.
227 2801 348 2835 Κεφαλίι
372 2801 474 2832 αὑτοῦ.
499 2803 628 2836 χρυσίω·
662 2805 770 2838 Κρςίίζ.
795 2805 826 2832 ’11
857 2805 884 2831 δὲ

139 2894 149 2910 ⁷
164 2893 216 2922 lsa.
232 2901 303 2926 uvr,
317 2894 344 2921 7.
382 2895 391 2907 '
407 2893 472 2922 Luc.
492 2903 510 2928 ι,
524 2893 568 2920 28.

977 2713 1112 2741 Caeterum
1128 2717 1236 2748 tempus
1245 2713 1301 2748 jam
1313 2712 1394 2739 fuerit
1414 2716 1442 2739 ut
1469 2698 1552 2740 etiam
1567 2710 1724 2738 considero—

940 2767 1001 2787 mus
1016 2767 1048 2787 ex
1062 2759 1198 2795 prselectis
1212 2758 1303 2786 verbis
1318 2758 1406 2793 qualis
1425 2757 1499 2785 illius
1522 2755 1656 2791 elegantia
1668 2755 1725 2783 sin-

939 2806 1009 2841 gulis
1025 2805 1052 2833 in
1074 2805 1204 2833 membris
1235 2807 1472 2832 commemoretur.
1500 2802 1585 2836 Caput
1600 2802 1666 2835 ejus,
1681 2800 1724 2826 in-
