1978 3068
248 147 317 174 1055

872 144 900 173 S.
921 142 1088 172 GREGORII
1106 142 1254 172 NYSSENI

1812 146 1883 177 1056

249 209 320 241 quit,
344 214 440 233 aurum
466 207 580 242 Cephaz.
608 206 664 234 Vos
690 211 780 234 autem
799 206 845 234 illa
863 205 997 234 Hebraica
1015 205 1056 235 si.

1108 204 1229 240 Εσραῖκὴ
1244 204 1325 237 λέξις,
1339 206 1364 232 ει
1376 205 1443 241 πρὸς
1468 205 1517 241 τὴν
1533 206 1671 242 ἡμετέραν
1697 207 1882 244 μεταληψθείη

251 257 372 279 nostram
394 253 419 279 in
436 252 556 287 linguam
579 253 770 285 transferatur,
787 260 883 280 aurum
900 260 997 288 purum
1013 257 1040 280 et

251 297 383 324 intactum
406 298 551 333 signiﬁcat,
572 299 701 334 quodque
717 299 792 326 omni
813 299 927 327 mistura
954 304 1038 326 caret.

251 342 340 378 Atque
359 343 430 371 hanc
447 352 540 371 vocem
555 353 609 372 non
627 353 789 373 conversam
813 345 879 372 mihi
897 344 1041 379 reliquisse

253 394 396 424 propterea
410 391 546 422 videntur,
567 392 613 426 qui
627 391 686 418 haec
705 391 740 418 de
760 390 881 418 Hebraeis
896 390 989 418 Graeca
1003 389 1042 417 l‘e-

256 440 362 467 cerunt,
380 437 452 471 quod
469 445 522 464 non
538 438 690 472 reperirent
702 438 728 464 in
747 438 839 472 lingua
856 438 950 465 Graeca
963 445 1043 464 voca-

254 481 349 508 bulum
386 483 472 509 ullum
505 491 560 517 quo
592 484 731 518 emphasis
765 483 892 511 llebraici
923 483 1042 510 nominis

253 527 393 555 enuntiari
406 532 508 562 posset.
526 528 581 556 Nos
592 534 692 561 autem,
707 529 817 564 cognito
842 537 935 557 vocem
951 529 1045 564 hujus-

255 574 330 600 modi
343 574 500 609 signiﬁcare
514 574 644 609 quiddam
658 575 766 603 sincere
786 583 895 610 purum,
918 575 1044 610 quodque

255 618 359 645 nullam
375 619 493 646 sordida:
512 619 634 646 materiei
658 620 800 647 misturam
824 621 950 648 admittat
964 641 973 652 .
993 621 1045 648 hoc

257 668 287 691 ut
303 665 338 692 de
348 665 420 692 dicto
434 665 575 700 proposito
592 669 755 698 statuamus,
774 666 946 700 adducimur,
964 667 1046 694 nimi-

257 718 318 737 rum
339 711 464 745 cerporis
481 710 611 738 Ecclesiae
627 716 710 747 caput
720 720 782 740 esse
795 713 945 740 Christum.
966 713 1047 740 Chri-

258 760 330 783 stum
355 763 421 783 vero
445 764 518 783 nunc
541 757 705 790 didicimus,
729 766 785 786 non
810 759 862 786 hoc
890 766 988 786 nomen
1012 759 1047 786 ad

257 801 437 829 aeternitatem
457 802 569 831 deitatis
586 804 774 837 extendentes,
789 804 837 832 sed
855 806 887 832 ad
909 805 1047 833 hominem

259 849 385 876 deitatem
402 850 429 876 in
441 857 471 877 se
483 851 669 886 recipientem,
683 851 729 886 qui
751 855 917 886 conspectus
934 852 959 879 in
976 855 1048 879 terra

258 899 310 926 est,
332 899 359 921 et
378 901 442 921 cum
466 895 623 923 hominibus
648 899 785 928 versatus,
813 896 900 930 ipsius
923 896 1049 923 videlicet

258 939 427 974 virginitatis
446 948 567 975 germen.
585 941 614 968 in
632 948 687 975 quo
703 941 837 968 habitavit
851 941 942 969 omnis
963 942 1050 977 pleni-

261 986 328 1013 tudo
341 987 452 1015 deitatis
470 988 659 1022 corporaliter,
680 989 754 1023 ipsas
774 988 909 1023 primitias
926 995 1051 1015 commu-

260 1034 304 1060 nis
326 1041 433 1063 masszc.
459 1042 507 1068 per
526 1042 606 1069 quam
631 1034 750 1062 Verbum
774 1039 902 1062 naturam
926 1039 1050 1062 nostram

262 1079 362 1112 induit,
377 1080 510 1107 redditam
534 1081 748 1113 immaculatam,
764 1085 791 1109 et
805 1081 840 1108 ab
861 1081 989 1108 omnibus
1003 1081 1053 1108 ad-

263 1124 430 1151 haerentibus
452 1125 475 1151 ei
502 1125 664 1153 naturaliter
689 1125 764 1153 vitiis
790 1129 977 1161 expurgatam.
1006 1124 1052 1152 Sic

262 1169 335 1196 enim
368 1169 500 1204 propheta
531 1170 565 1197 de
583 1171 641 1205 ipso
673 1170 795 1205 loquitur
813 1180 819 1197 :
840 1169 982 1198 Peccatum
1000 1179 1052 1198 non

265 1215 347 1249 fecit,
382 1224 463 1251 neque
491 1217 594 1244 inventa
629 1222 668 1244 cu
698 1217 776 1244 dolus
804 1218 832 1244 in
861 1226 906 1244 ore
936 1217 1050 1251 ἱρηίων,

263 1261 307 1295 qui
317 1266 432 1288 tentatus
447 1267 485 1288 ρει
506 1270 551 1296 per
570 1263 659 1290 omnia
681 1263 715 1289 ad
734 1262 938 1290 similitudinem
950 1268 1053 1290 natura:

263 1311 362 1333 nostrae
388 1307 485 1342 absque
516 1313 622 1342 peccato
639 1308 670 1334 ‘°.
694 1308 822 1343 Corporis
853 1309 935 1343 igitur
959 1308 1054 1336 Eccle-

264 1352 314 1379 siae
338 1359 428 1388 caput,
452 1358 477 1380 et
502 1354 586 1380 totius
611 1359 715 1381 natura:
730 1354 869 1388 primitiae,
893 1361 990 1381 aurum
1012 1358 1054 1381 est

266 1406 366 1432 purum
389 1403 416 1426 et
443 1400 559 1426 alienum
583 1401 617 1427 ah
641 1401 715 1427 omni
742 1401 899 1428 vitiositatis
929 1401 1053 1428 mistura.

263 1443 391 1470 Cincinni
406 1452 481 1476 vero,
500 1446 662 1474 tenebricOSi
680 1446 826 1481 aliquando
847 1451 873 1474 et
893 1447 974 1482 nigri,
995 1455 1057 1482 spe-

266 1488 364 1523 cieque
384 1496 432 1516 sua
448 1490 538 1517 corvis
552 1491 720 1523 consimiles,
736 1491 801 1523 illis,
816 1491 940 1526 inquam,
952 1492 1055 1525 corvis,

267 1536 314 1570 qui
325 1540 495 1570 occupantur
509 1537 535 1563 in
550 1537 613 1570 hoc,
631 1541 662 1564 ut
677 1537 772 1565 oculos
787 1538 937 1573 conligant,
960 1547 1056 1574 quem-
1070 1549 1092 1579 ο

268 1580 415 1608 admodum
432 1581 457 1608 iu
475 1581 622 1610 Proverbio
635 1586 686 1615 est,
703 1591 735 1610 ac
752 1584 833 1618 pullis
855 1584 1010 1620 aquilarum
1029 1585 1057 1612 in

268 1626 360 1654 cibum
376 1632 471 1662 parent
486 1629 558 1660 illos,
569 1629 596 1656 in
617 1629 718 1664 quibus
733 1631 862 1658 cernendi
878 1639 981 1666 organa
998 1639 1059 1658 mn-

269 1672 389 1706 tilarint;
412 1673 439 1700 hi
463 1681 528 1709 ergo
554 1674 676 1702 cincinni
701 1675 804 1703 abietes
829 1675 905 1708 facti,
930 1676 1059 1703 nimirum

270 1719 404 1747 sublimes
418 1725 445 1747 et
459 1727 474 1746 ιι
497 1724 569 1748 terra
590 1722 618 1748 in
643 1722 742 1750 ccclum
768 1722 911 1750 tendentes
936 1723 1059 1756 arbores,

271 1769 443 1792 venustatem
456 1767 549 1801 sponsi
565 1768 725 1796 accessione
735 1769 854 1804 quadam
869 1774 977 1805 augent,
989 1769 1061 1796 divi—

271 1819 339 1837 num
353 1811 426 1839 illius
438 1812 472 1839 ad
491 1817 572 1849 caput
589 1814 683 1849 aptati.
704 1814 797 1850 Ncquc
813 1823 877 1842 vero
893 1820 970 1850 potes
985 1815 1062 1850 igno-

274 1864 336 1884 rare
358 1858 495 1892 quodnam
511 1859 546 1886 sit
560 1859 656 1887 horum
674 1860 864 1888 cincinnornm
879 1869 988 1893 munus,
1000 1869 1062 1888 cum

272 1903 402 1937 superius
427 1911 459 1931 ex
485 1904 552 1938 ipsis
576 1905 670 1940 sponsi
701 1906 792 1933 verbis
826 1907 852 1934 id
883 1907 1061 1935 intellexeris.

272 1946 408 1980 Cinrimu',
434 1949 481 1981 ait,
499 1951 550 1976 mei
573 1950 663 1984 referti
684 1955 746 1978 sunt
775 1952 857 1986 guttis
881 1961 966 1988 aqum.
992 1953 1065 1986 Qua«

274 1997 388 2028 propter
411 1994 449 2021 illi
465 2000 529 2022 sunt
552 1999 656 2030 guttam
680 2001 804 2025 rorantes
828 1998 964 2031 cincinni,
986 2000 1030 2033 qui
1050 2006 1064 2025 a

274 2040 416 2075 prophetis
441 2041 527 2068 nubes
550 2041 740 2076 appellantur,
764 2050 779 2069 a
806 2044 905 2078 quibus
934 2044 1066 2073 doetrinm

277 2085 366 2112 imber
383 2085 427 2113 ille
443 2086 540 2119 oritur,
557 2087 602 2121 qui
621 2094 685 2114 arva
703 2087 851 2115 inanimata
867 2090 937 2124 rigat
951 2090 984 2117 ad
999 2091 1067 2126 agri-

277 2131 406 2159 cultionis
431 2131 530 2159 divina:
551 2133 731 2161 fertilitatem.
766 2134 897 2169 Adeoque
926 2137 1066 2170 apostolos

279 2176 323 2204 hic
338 2176 452 2212 ﬁgurate
476 2186 524 2213 per
548 2179 690 2206 cincinnos
713 2186 727 2205 a
746 2180 829 2207 verbo
853 2181 946 2208 divino
962 2182 1067 2217 signiti-

278 2223 335 2250 cari
351 2223 488 2256 existimo,
511 2232 628 2259 quorum
648 2225 771 2253 nonnulli
794 2226 872 2261 prius
889 2227 925 2254 ob
942 2227 1066 2255 instituta

278 2269 340 2296 vitae
354 2277 410 2296 sua:
429 2270 571 2305 caliginosi
586 2275 674 2304 erant,
695 2271 768 2299 vcibi
791 2273 889 2307 gratia,
914 2274 994 2307 latro,
1018 2283 1068 2309 pu-

279 2314 404 2343 blicanus
424 2316 480 2355 ille,
495 2321 523 2343 et
539 2317 608 2344 alter
627 2323 796 2352 persecutor,
815 2323 841 2346 et
867 2319 890 2347 si
913 2320 975 2354 quis
1000 2328 1068 2355 pra:-

279 2368 354 2388 terea
377 2362 427 2389 fuit
450 2354 601 2390 consimilis
627 2364 715 2399 nigro,
741 2366 897 2398 carnivoro,
923 2367 1066 2394 oculorum

279 2408 435 2442 eorruptori
459 2416 552 2436 corvo.
578 2409 630 2437 Per
651 2410 724 2437 hunc
747 2415 837 2438 autem
855 2412 978 2447 intelligo
995 2413 1068 2448 prin-

279 2454 367 2489 cipem
383 2455 526 2488 potestatis
547 2456 764 2488 tenebrarum",
785 2457 1015 2492 quemadmodum
1032 2459 1068 2486 lo-

279 2500 374 2534 quitur
388 2500 412 2527 is
427 2500 473 2534 qui
489 2508 522 2528 ex
549 2508 632 2528 corvo
647 2501 737 2529 factus
750 2502 837 2536 abies,
854 2509 997 2538 propterea
1009 2505 1068 2531 cin-

280 2546 378 2573 cinuus
406 2546 490 2573 divini
514 2547 611 2582 capitis
633 2547 718 2574 audit.
751 2548 819 2575 Cum
846 2549 918 2576 enim
939 2550 1016 2584 prius
1041 2553 1070 2578 et

280 2591 458 2626 blasphemus
475 2596 559 2624 esset,
575 2597 603 2620 et
624 2597 794 2627 persecutor,
809 2597 836 2621 ct
851 2595 985 2622 violenter
1001 2596 1070 2630 inju-

281 2637 382 2671 rius”,
399 2645 481 2673 quam
499 2639 606 2666 scilicet
621 2639 668 2666 diu
682 2646 781 2667 corvus
793 2643 862 2672 erat,
879 2640 912 2667 ad
929 2641 999 2668 hanc
1013 2649 1071 2677 gra-

281 2685 348 2711 tiam
370 2684 584 2713 transl‘ormatus
609 2690 667 2719 est,
693 2690 723 2714 ut
748 2686 837 2714 l‘actus
863 2686 1021 2719 cincinnus,
1043 2692 1071 2716 et

283 2731 386 2758 caelesti
409 2739 470 2758 rore
493 2731 632 2766 perfusus,
661 2732 790 2760 universo
813 2732 944 2760 Ecclesiae
962 2735 1073 2769 corpori.

285 2782 446 2804 arcanorum
461 2776 696 2811 obscurorumquc
708 2777 901 2812 mysteriorum
916 2786 1071 2807 sermonem

326 2864 396 2890 Plsu.
415 2865 522 2898 “11,9;
546 2864 554 2891 l
571 2866 643 2892 Pctr.
663 2873 691 2899 ιι,
706 2866 749 2892 2'2.
785 2866 803 2882 ιο
822 2866 904 2895 llcbr.
918 2875 953 2902 ir,
978 2869 1019 2896 l5.
1059 2870 1077 2885 ¹¹
1095 2869 1183 2903 Ephcs
1209 2877 1239 2902 ll,
1256 2869 1282 2895 '2.

1091 250 1192 285 φωνὴν,
1208 250 1239 276 τὺ
1252 250 1371 285 καθαρόν
1385 258 1415 277 τε
1427 251 1474 277 καὶ
1488 251 1642 284 ἀνόθευτον,
1660 251 1706 278 καὶ
1720 252 1807 288 πάσης
1821 253 1884 279 ἑπι-

1093 296 1185 331 μιξίας
1207 296 1350 332 ἀλλότερον
1366 297 1490 332 ιχρυσιον
1514 296 1557 324 διὰ
1580 297 1630 332 τῆς
1661 298 1752 333 φωνῆς
1779 298 1884 334 ταύτης

1091 342 1237 370 δείκνυται.
1274 344 1485 378 ’Λνερμήνευτον
1509 344 1537 370 δέ
1558 352 1604 380 μοι
1621 345 1710 371 δοκεῖν
1727 345 1883 373 καταλελοιτ

1094 388 1172 415 πέναι
1185 389 1234 424 τὴν
1243 389 1290 415 τοῦ
1302 388 1399 423 Κεφὰζ
1410 389 1492 422 λέξιν,
1502 390 1525 416 οἱ
1536 389 1585 422 τὰς
1591 390 1682 424 φωνὰς
1690 390 1743 416 τῶν
1751 390 1884 425 Ἑϐραίων

1093 433 1321 470 ὲξελληνίσαντες,
1333 434 1377 460 διὰ
1387 434 1418 461 τὸ
1433 435 1470 470 μὴ
1489 435 1579 471 εὑρεῖν
1599 437 1627 462 ὲν
1642 437 1696 468 τοῖς
1719 435 1885 471 Ἑλληνικοῖς

1095 481 1198 516 ῥήμασι
1217 481 1351 516 μηδεμίαν
1361 481 1452 516 φωνὴν
1467 480 1662 516 ἐξαγγελτικὴν
1675 482 1724 517 τῆς
1739 482 1884 516 ἐμφάσεως

1095 526 1145 561 τῆς
1158 525 1290 561 ἐνθεωρου
1295 526 1378 561 μένης
1389 528 1422 561 τῇ
1440 526 1560 561 Ἐὃραῖδι
1571 528 1658 562 φωνῇ.
1667 527 1762 562 Ἡμεῖς
1771 527 1799 553 δὲ
1806 526 1885 553 τοῦτο

1097 571 1238 607 μαθόντες,
1269 571 1310 597 ὅτι
1335 571 1365 597 τὸ
1391 571 1544 606 εἰλικρινῶς
1571 571 1701 606 καθαρὸν,
1725 572 1772 598 καὶ
1795 572 1884 607 πάσης

1097 617 1162 652 ὕλης
1177 617 1302 652 ρυπαρᾶς
1315 616 1414 652 ἀμιγές
1425 625 1455 643 τε
1472 617 1518 643 καὶ
1537 617 1724 652 άπαράδεκτον
1742 619 1758 653 ἡ
1773 617 1885 652 τοιαύτη

1096 664 1169 697 λέξις
1181 665 1348 692 ἐνδείκνυται
1358 673 1364 680 ·
1378 665 1464 692 ταῦτα
1478 665 1542 700 περὶ
1553 665 1600 691 τοῦ
1614 664 1792 700 προκειμένου
1802 663 1886 700 ῥητοῦ

1097 711 1166 737 νοεῖν
1184 710 1345 746 ὲναγόμεθα,
1368 710 1409 736 ὅτι
1433 710 1538 745 κεφαλὴ
1550 709 1597 736 τοῦ
1619 709 1742 745 σώματος
1752 710 1802 745 τῆς
1823 708 1888 735 Ἑκ-

1098 756 1212 791 κλησίας
1228 756 1301 783 ἐστὶν
1315 758 1330 783 ό
1343 756 1470 792 Χριστός.
1486 756 1602 792 Χριστὸν
1618 756 1647 783 δὲ
1661 755 1708 782 νῦν
1722 755 1837 790 λέγομεν
1856 755 1887 781 οὐ

1098 803 1167 839 πρὸς
1182 803 1212 829 τὸ
1223 803 1308 829 ἀΐδιον
1327 802 1375 836 τῆς
1399 802 1524 837 θεότητος
1543 801 1751 837 ἀναπέμποντες
1765 800 1843 827 τοῦτο
1857 799 1888 827 τὸ

1099 849 1196 885 δνομα,
1216 849 1283 876 ἀλλὰ
1310 849 1378 885 πρὸς
1397 848 1443 875 τὸν
1467 848 1589 884 θεοδόχον
1611 848 1763 884 ἄνθρωπον,
1783 847 1828 874 τὸν
1841 847 1888 874 ἐπὶ

1101 898 1152 932 γῆς
1167 896 1293 930 ὀφθέντα,
1322 895 1436 927 καὶτοῖς
1454 887 1607 930 ἀνθρώποις
1620 893 1888 930 συναναστραφέντα,

1099 943 1145 969 τὸν
1161 942 1210 977 τῆς
1236 941 1384 977 παρθενίας
1409 941 1533 976 βλαστὸν,
1550 941 1579 967 ὲν
1595 937 1618 975 ᾧ
1632 940 1775 976 κατῴκησε
1791 941 1845 966 πᾶν
1859 939 1890 966 τὸ

1101 988 1238 1023 πλήρωμα
1262 987 1310 1022 τῆς
1340 987 1466 1021 θεότητος
1485 987 1665 1022 σωματικῶς,
1691 985 1741 1020 τὴν
1764 984 1889 1020 ἀπαρχὴν

1101 1034 1148 1061 τοῦ
1160 1033 1248 1061 κοινοῦ
1259 1033 1429 1070 φυράματος,
1446 1033 1479 1059 δι’
1496 1030 1526 1060 οὗ
1537 1034 1551 1060 ό
1564 1033 1649 1067 Λόγος
1657 1032 1705 1067 τὴν
1721 1031 1801 1066 φύσιν
1813 1031 1890 1066 ἡμῶν

1102 1079 1289 1115 περιεϐάλετο,
1302 1079 1418 1114 ποιήσας
1439 1078 1523 1113 αὐτὴν
1540 1078 1688 1119 ἀκήρατον,
1710 1077 1818 1104 πάντων
1836 1076 1891 1103 τῶν

1103 1125 1321 1160 συμπεφυκότων
1331 1125 1400 1159 αὐτῇ
1409 1123 1578 1160 παθημάτων
1587 1122 1892 1158 ὲκκαθαρθεῖσαν.οὓτω

1109 1172 1163 1208 γάρ
1171 1181 1237 1207 φησι
1245 1171 1310 1207 περὶ
1324 1170 1407 1198 αὐτοῦ
1419 1172 1434 1197 ό
1448 1171 1600 1206 προφήτης,
1609 1170 1650 1196 ὅτι
1663 1170 1825 1204 Ἀμαρτίω·
1836 1170 1894 1196 οὐκ

1105 1217 1334 1251 ἐποίησε-σκούὃὲ
1349 1217 1454 1250 εὑρέθη
1466 1216 1557 1249 δόλος
1564 1216 1599 1243 ἐν
1607 1215 1646 1248 τῷ
1656 1216 1780 1250 στόματι
1787 1215 1893 1248 αὐτοῦ,

1104 1263 1156 1290 τοῦ
1167 1262 1385 1297 πεπειραμένον
1404 1261 1479 1289 κατὰ
1493 1262 1591 1288 πάντα
1600 1263 1664 1289 καθ’
1673 1262 1829 1296 ὁμοιότητα
1839 1261 1896 1296 τῆς

1105 1310 1225 1344 φύσεως
1234 1308 1327 1343 ἡμῶν,
1341 1307 1430 1342 χωρὶς
1447 1308 1601 1342 ἁμαρτίας.
1619 1308 1651 1334 Ἦ
1667 1308 1716 1343 μὲν
1727 1305 1773 1334 οὖν
1789 1308 1896 1343 κεφαλὴ

1105 1355 1151 1382 τοῦ
1173 1354 1298 1390 σώματος
1314 1354 1362 1388 τῆς
1383 1353 1555 1389 Ἑκκλησίας,
1576 1354 1593 1389 ἡ
1616 1353 1706 1388 πάσης
1726 1353 1776 1389 τῆς
1789 1353 1898 1388 φύσεως

1106 1400 1185 1436 ἡμῶν
1200 1399 1320 1435 ἀπαρχὴ,
1335 1399 1365 1425 τὸ
1375 1399 1494 1435 καθαρόν
1509 1408 1538 1426 τε
1550 1399 1598 1426 καὶ
1612 1399 1704 1434 πάσης
1719 1399 1819 1431 κακίας
1832 1399 1898 1434 ἀμι-

1106 1447 1154 1481 γές
1164 1455 1194 1473 τε
1205 1447 1252 1473 καὶ⁸
1267 1446 1455 1480 άπαράδεκτον
1473 1445 1583 1480 χρυσίον
1600 1445 1691 1472 ἐστίν’
1708 1445 1732 1471 οἱ
1756 1445 1898 1480 βόστρυχοι

1106 1493 1135 1520 δὲ
1151 1493 1178 1520 οἵ
1194 1501 1259 1520 πιτε
1283 1491 1411 1526 ζοφώδεις
1436 1491 1483 1518 καὶ
1500 1491 1624 1526 μέλανες,
1640 1492 1688 1518 καὶ
1712 1492 1769 1523 τοῖς
1786 1491 1899 1526 κόραξιν

1108 1526 1279 1573 όμοιοόμενοι
1303 1536 1342 1572 τῷ
1371 1536 1447 1568 εῖδει,
1469 1536 1583 1567 ἐκείνοις
1606 1536 1679 1570 λέγω
1702 1537 1757 1567 τοῖς
1776 1535 1899 1572 κόραξιν,

1109 1581 1149 1615 οἷς
1161 1583 1241 1618 ἔργον
1267 1582 1335 1614 ἐστὶ,
1355 1582 1385 1608 τό
1399 1581 1462 1613 τοὺς
1481 1581 1638 1618 ὀφθαλμοὺς
1660 1582 1814 1613 ἐκκόπτειν,
1828 1581 1901 1609 κατὰ

1109 1629 1155 1656 τὸν
1171 1628 1342 1664 παροιμιώδη
1369 1627 1456 1661 λόγον,
1477 1627 1524 1653 καὶ
1537 1628 1594 1658 τοῖς
1608 1628 1726 1658 νεοσσοῖς
1747 1627 1800 1654 τῶν
1813 1627 1902 1654 ἀετῶν

1112 1675 1209 1710 βρῶμα
1221 1674 1285 1704 τοὺς
1299 1673 1476 1709 πηρωθέντας
1495 1672 1549 1700 τῶν
1561 1672 1696 1708 όρατικῶν
1716 1672 1903 1709 αἰσθητηρίων

1112 1718 1341 1755 παρασκευάζειν,
1357 1715 1430 1745 οὗτοι
1445 1718 1538 1745 ἐλάται
1557 1717 1587 1744 τὰ
1607 1717 1697 1753 ὑψηλά
1715 1726 1745 1744 τε
1758 1718 1805 1745 καὶ
1818 1717 1904 1753 οὐρα-

1111 1768 1219 1802 νομήκη
1231 1765 1325 1801 δένδρα
1344 1765 1492 1801 γινόμενοι,
1514 1765 1558 1791 διὰ
1571 1764 1602 1791 τὸ
1620 1765 1785 1800 ἀναδραμεῖν
1800 1765 1833 1790 ἐκ
1850 1764 1904 1799 γῆς

1113 1813 1159 1839 ἐπὶ
1172 1813 1201 1839 τὺ
1216 1812 1340 1845 οὐράνιον
1351 1811 1427 1846 ὕψος,
1440 1811 1583 1847 προσθήκη
1593 1810 1640 1837 τοῦ
1652 1810 1767 1842 κάλλους
1783 1810 1905 1844 γίνονται

1113 1859 1160 1885 τοῦ
1176 1858 1303 1894 νυμφίου,
1312 1858 1361 1893 τῆς
1376 1857 1450 1889 θείας
1463 1857 1583 1892 κεφαλῆς
1594 1857 1677 1883 αὑτοῦ
1694 1856 1902 1892 ἐξαρτήσαντες.

1115 1905 1171 1931 Οὐκ
1184 1905 1276 1938 ἀγνοεῖ
1289 1903 1317 1930 δὲ
1338 1904 1446 1934 πάντως
1465 1911 1506 1934 τις
1525 1902 1551 1929 τί
1565 1902 1619 1929 τῶν
1635 1902 1790 1937 βοστρύχων
1802 1902 1906 1928 τούτων

1115 1952 1194 1987 ἔργον
1213 1950 1297 1982 ἐστὶν,
1311 1951 1338 1976 ὲν
1354 1950 1411 1983 τοῖς
1438 1950 1494 1976 ἄνω
1513 1948 1606 1985 μαθὼν
1622 1949 1685 1984 παρ’
1698 1948 1782 1983 αὐτῆς
1793 1949 1842 1983 τῆς
1857 1947 1907 1974 τοῦ

1115 1997 1232 2033 νυμφίου
1251 1996 1343 2031 φωνῆς
1354 2004 1362 2010 ·
1381 1995 1437 2028 ὅτι,
1459 1997 1490 2022 Ol
1502 1994 1670 2029 ,βόστρυχοί
1681 2003 1740 2028 μου
1753 1993 1909 2027 ἐπλήσθη-ν

1116 2051 1177 2070 σαν
1189 2041 1328 2077 ψεκάδων
1343 2041 1460 2074 ὓδατος.
1482 2041 1601 2067 Ἐκείνου
1623 2038 1670 2067 οὖν
1691 2041 1760 2066 εἰσιν
1775 2040 1800 2066 οἱ
1821 2039 1909 2075 ψεκά-

1117 2088 1208 2121 ζοντες
1227 2087 1380 2123 βόστρυχοι,
1401 2085 1476 2121 παρὰ
1498 2086 1552 2112 τῶν
1565 2085 1711 2121 προφητῶν
1722 2085 1830 2120 νεφέλαι
1847 2086 1908 2112 ὀνο-

1120 2132 1329 2169 μαζόμενοι,ἁφ“
1344 2129 1380 2159 ῶν
1392 2132 1496 2166 γίνεται
1513 2132 1561 2167 τῆς
1576 2131 1748 2162 διδασκαλίας
1763 2133 1777 2157 ὸ
1792 2131 1909 2166 ὃμδρος,

1118 2180 1190 2212 ὁτὰς
1199 2179 1319 2214 ἀψύχους
1337 2178 1457 2214 ἀρούρας
1481 2178 1596 2210 ποτίζων
1614 2178 1681 2214 πρὸς
1694 2177 1741 2213 τὴν
1757 2177 1911 2214 εὐκαρπίαν

1119 2227 1173 2254 τῶν
1185 2225 1232 2253 τοῦ
1247 2225 1314 2252 Θεοῦ
1328 2225 1479 2260 γεωργίων.
1503 2224 1678 2255 Ἀποστόλους
1685 2223 1713 2250 δὲ
1721 2221 1797 2258 οἶμαι
1812 2232 1909 2259 τροπι-

1120 2272 1176 2304 κῶς
1192 2272 1255 2303 τοὺς
1272 2271 1436 2308 βοστρύχους
1461 2270 1513 2297 ὑπὸ
1529 2269 1576 2297 τοῦ
1596 2270 1662 2296 Θεοῦ
1681 2269 1760 2303 λόγου
1780 2269 1913 2304 σημαίνε-

1121 2317 1182 2349 σθαι
1197 2314 1234 2344 ὧν
1251 2325 1323 2348 τινες
1341 2314 1410 2351 ἦσαν
1424 2316 1555 2351 πρότερον
1572 2313 1700 2349 ζοφώδεις
1717 2316 1772 2345 τοῖς
1790 2314 1836 2340 τοῦ
1851 2314 1911 2350 βίου

1120 2363 1343 2399 ἐπιτηδεύμασιν,
1362 2364 1376 2390 ὀ
1391 2362 1503 2398 λῃστὴς,
1526 2362 1539 2388 ό
1553 2360 1679 2396 τελώνης,
1695 2362 1709 2387 ό
1723 2360 1850 2395 διώκτης,
1864 2361 1912 2387 καὶ

1121 2410 1200 2441 εἴτις
1215 2410 1292 2441 ἄλλος
1304 2408 1423 2440 τοιοῦτος
1438 2407 1509 2435 κατὰ
1522 2407 1568 2434 τὸν
1586 2407 1688 2442 μέλανά
1706 2415 1736 2433 τε
1751 2407 1797 2433 καὶ
1813 2415 1913 2442 σαρκο-

1122 2457 1201 2493 ϐόρον
1214 2457 1268 2483 τῶν
1301 2454 1448 2491 ὀφθαλμῶν
1469 2454 1645 2489 ἀφανιστικόν
1658 2454 1774 2489 κόρακα.
1789 2453 1869 2487 Λέγω
1884 2453 1913 2480 δὲ

1121 2503 1166 2529 τὸν
1180 2503 1299 2538 ἄρχοντα
1311 2501 1358 2528 τοῦ
1379 2501 1489 2532 σκότους
1506 2501 1556 2535 τῆς
1573 2500 1707 2533 ἔξουσίας,
1725 2498 1816 2530 καθώς
1832 2507 1914 2533 φησιν

1122 2550 1136 2575 ὁ
1163 2548 1217 2575 ἀπὸ
1243 2547 1359 2582 κόρακος
1375 2546 1456 2582 ἐλάτη
1471 2547 1626 2581 γενόμενος,
1643 2545 1689 2572 καὶ
1710 2545 1754 2572 διὰ
1771 2544 1851 2571 τοῦτο
1871 2544 1916 2580 βό-

1126 2602 1240 2628 στρυχος
1254 2593 1303 2628 τῆς
1320 2591 1396 2623 θείας
1410 2592 1530 2627 κεφαλῆς
1542 2591 1722 2627 χρηματίσας.
1738 2591 1798 2617 Ὅτι
1815 2590 1916 2626 πρότε-

1127 2647 1171 2674 ρον
1183 2639 1220 2665 ὢν
1236 2638 1394 2673 βλάσφημος
1411 2637 1458 2663 καὶ
1468 2636 1584 2671 διώκτης
1600 2637 1647 2663 κα)⁵
1662 2635 1801 2671 ὑϐριστὴς,
1815 2635 1867 2666 ἕως
1881 2633 1916 2670 ἦν

1125 2683 1219 2720 κόραξ,
1235 2683 1303 2718 πρὸς
1312 2683 1360 2718 τὴν
1370 2682 1450 2718 χάριν
1463 2681 1564 2716 ταύτην
1575 2690 1637 2716 μετε
1643 2680 1788 2715 σκευάσθη.
1803 2680 1919 2715 βόστρυ-

1125 2740 1172 2767 χος
1186 2731 1331 2764 γενόμενος
1343 2730 1375 2764 τῇ
1403 2728 1516 2764 οὐρανίᾳ
1536 2727 1625 2763 δρόσῳ
1639 2727 1790 2762 διάϐροχος,
1803 2726 1817 2752 ὁ
1833 2727 1918 2753 παντὶ

1125 2777 1164 2813 τῷ
1179 2777 1284 2812 σώματι
1296 2775 1346 2811 τῆς
1354 2775 1516 2809 Ἐκκλησίας
1528 2774 1574 2801 τὸν
1583 2774 1638 2801 τῶν
1649 2772 1815 2809 ἀποκρύιρων
1826 2781 1854 2799 τε
1869 2773 1917 2800 καὶ

1337 2869 1356 2884 ¹²
1371 2867 1380 2895 l
1398 2866 1518 2895 Timoth.
1537 2873 1556 2900 ι,
1571 2865 1612 2892 15.
