1978 3068
105 112 174 142 1057

593 109 626 136 ΙΝ
642 107 794 137 CANTICA
813 104 948 135 CANTlC.
970 105 1110 133 HOMILIA
1127 105 1196 134 Xlll.

1658 109 1669 135 ι
1674 108 1726 137 058

104 169 248 197 σκοτεινῶν
279 169 436 205 μυστηρίων
460 169 538 204 λόγον
560 169 744 204 ὲπιψεκάζων.
775 168 891 198 Τούτους

952 167 1054 194 'oratim
1072 167 1230 195 instillaret.
1258 167 1310 196 llos
1338 167 1420 203 igitur
1444 167 1575 203 appellari
1594 175 1608 194 a
1625 176 1726 204 sponsa

104 215 154 250 μὲν
170 214 296 249 λέγεσθαι
315 215 390 250 παρὰ
409 216 458 250 τῆς
474 215 581 251 νύμφης
599 214 760 250 βοστρύχους
775 213 890 248 ὑπενοή-

105 269 201 296 σαμεν,
217 262 241 288 οἳ
250 261 300 296 τῆς
314 261 416 297 χρυσῆς
426 261 546 297 κεφαλῆς
556 261 779 296 ἁπηρτημένοιοὺ
791 252 891 295 μικρὰν

103 304 135 331 δι’
152 304 256 330 ἑαυτῶν
285 304 390 331 ποιοῦσι
420 305 578 340 προσθήκην
603 307 653 340 τῆς
676 305 762 340 ὧρας,
781 306 814 340 τῇ
845 304 891 330 τοῦ

106 349 259 384 πνεύματος
273 349 345 386 αὔρᾳ
368 350 599 385 περισοόούμενοι.
617 346 695 376 Οὗτοι
708 350 834 384 στέφανοι
850 349 891 383 γί-

107 401 195 419 νονται
213 393 328 425 κάλλους
338 395 371 428 τῇ
390 394 521 429 ἀκηράτῳ
532 394 647 429 κεφαλῇ,
663 394 827 429 κοσμοῦντες
842 394 892 420 αὺ-

106 439 155 474 τὴν
169 438 208 473 τῷ
229 439 285 473 ιόίῳ
299 438 467 474 κυκλώματι.
484 440 550 475 Περὶ
570 440 672 467 τούτων
688 439 741 474 γάρ
759 448 803 475 μοι
821 440 893 466 δοκεῖ

107 483 195 517 λέγειν
209 485 225 519 ὴ
239 485 401 520 προφητεία,
422 484 462 511 ὃτι
481 485 607 518 Ἕθηκιις
621 485 670 511 ἐπὶ
686 484 744 518 τὴν
756 484 893 518 κεφαλὴν

106 529 199 556 αὑτοῦ
231 529 383 564 στέφανον
408 530 442 556 ἐκ
456 530 543 557 λίθου
564 531 672 565 τιμίου.
691 531 771 557 Ὥστε
796 529 893 560 αὐτοὺς

106 575 138 602 δι’
152 574 290 610 ἑκατέρων
312 575 430 602 νοεῖσθαι
445 575 500 601 τῶν
519 576 673 611 νοημάτων,
700 576 846 611 εὐπρεπεῖς
864 583 893 600 τε

108 621 281 656 βοστρύχους,
297 622 342 648 καὶ
361 622 451 654 λίθους
466 621 583 656 τιμίους,
599 622 633 648 δι’
649 621 737 648 αὐτῶν
752 620 800 656 τὴν
814 628 895 654 κεφα-

107 667 156 702 λὴν
169 667 398 699 καλλωπίζοντας.
743 660 746 663 Δ

148 711 305 738 Ἀκόλουοον
328 712 350 739 δ’
376 711 409 739 ἂν
431 712 472 746 εἴη
487 711 534 738 καὶ
551 712 585 738 τὰ
603 711 665 746 περὶ
682 711 733 737 τῶν
749 710 895 746 ὀφθαλμῶν

107 756 241 791 εἰρημένα
251 756 386 792 θεωρῆσαι
403 757 442 791 τῷ
455 757 536 792 λόγῳ.
554 757 630 783 Ἔστι
644 757 672 783 δὲ
688 758 705 791 ὴ
720 756 790 788 λέξις
807 756 876 791 αὕτη
886 763 892 770 ·

114 801 275 834 ὀφθανῖμοὶ
290 800 382 827 αὺτοῦ
394 800 562 834 περιστεραὶ
571 800 619 827 ἐπὶ
631 800 811 834 πληρώματα
821 800 894 828 ὑδά-

108 853 177 878 των,
190 845 370 879 λελουμέναι
383 845 419 872 ἐν
433 845 567 880 γάλακτι,
582 845 745 879 καθήμεναι
757 845 805 871 ἐπὶ
819 846 893 878 πλη·
910 835 930 863 Β

107 890 225 925 ρώματα
241 890 366 918 ὑδάτων.
395 891 426 917 Ἠ
442 891 469 917 δὲ
487 890 540 917 τῶν
561 891 711 926 εἰρημένων
729 891 833 917 διάνοια
845 891 895 924 τῆς

111 936 160 971 μὲν
180 936 358 971 καταλήψεως
380 936 457 972 ἡμῶν
471 937 552 968 Δἐστιν
571 936 731 971 ὑψηλοτέρα.
749 937 781 962 "0
794 936 848 970 γὰρ
863 936 895 962 ἂν

110 981 281 1017 ἐννοήσωμεν
298 982 361 1017 περὶ
372 981 473 1008 τούτων
489 981 599 1008 ἔλαττον
620 979 689 1008 εἶναι
705 981 754 1016 τῆς
768 981 896 1016 ἀληθείας

108 1029 222 1064 οἰόμεθα
231 1037 237 1042 ·
249 1028 440 1063 σκοπουμένοις
451 1027 478 1054 δὲ
488 1028 520 1054 δι’
531 1026 688 1062 ἐπιμελείας
699 1028 774 1062 ἡμῖν,
786 1027 896 1062 τοιαύτη

109 1084 151 1107 τις
165 1075 254 1108 ἔδοξεν
267 1072 349 1100 εἶναι·
364 1073 432 1108 Φησί
449 1081 500 1099 που
517 1072 571 1100 τῶν
589 1072 687 1099 ἑαυτοῦ
703 1072 789 1106 λόγων
802 1073 816 1098 ὁ
827 1072 896 1104 θεῖος

92 1125 96 1129 ·
116 1119 287 1151 Ἀπόστολος,
307 1119 343 1154 μὴ
371 1118 500 1153 δύνασθαι
523 1118 612 1152 λέγειν
637 1117 689 1149 τὸν.
708 1117 845 1153 ὀφθαλμὸν
863 1119 896 1153 τῇ

110 1166 193 1201 χειρὶ,
202 1165 310 1199 Χρείαν
320 1170 378 1191 σου
386 1164 441 1190 οὐκ
455 1163 514 1198 ἔχω
523 1163 625 1198 ’δόγμα
637 1162 680 1190 διὰ
694 1162 795 1189 τούτων
809 1162 898 1189 ποιού-

113 1219 204 1246 μενος,
218 1210 258 1236 ὅτι
279 1209 312 1236 δι’
331 1209 494 1245 ἀμφοτέρων
519 1208 650 1244 προσήκει
672 1207 710 1242 τῷ
731 1207 836 1242 σώματι
850 1207 899 1241 τῆς

117 1254 280 1290 Ἐκκλησίας
319 1253 448 1289 πράττειν
467 1253 567 1284 καλῶς,
592 1252 637 1279 τοῦ
668 1251 821 1288 διορατικοῦ
850 1251 900 1286 τῆς

111 1300 240 1335 ἀληθείας
269 1299 492 1335 συγκεκραμένον
505 1293 573 1334 πρὸς
591 1299 621 1325 τὺ
642 1298 820 1334 δραστήριον·
839 1297 899 1324 οὔτε

111 1346 162 1381 τῆς
181 1345 296 1380 θεωρίας
319 1344 380 1371 καθ’
400 1343 498 1378 ἑαυτὴν
516 1344 563 1381 τὴν
587 1343 674 1379 ψυχὴν
694 1343 857 1378 τελειούσης,
877 1343 900 1368 εἰ

114 1391 153 1426 μὴ
168 1390 261 1417 καὶτὰ
286 1389 353 1424 ἔργα
373 1390 459 1425 παρῇ.
488 1388 522 1416 τὰ
540 1389 585 1415 τὸν
609 1388 703 1423 ¹ἠθικὸν
718 1388 901 1423 κατοροὸῦντα

115 1436 187 1470 βίον·
201 1434 262 1462 οὔτε
275 1435 324 1469 τῆς
339 1435 494 1470 πρακτικῆς
515 1433 673 1469 φιλοσοςρίας
692 1434 815 1469 αὐτάρκη
832 1443 902 1469 πειρ-

113 1481 245 1516 εχομένης
271 1480 321 1514 τὴν
337 1480 481 1514 ὠφέλειαν,
498 1480 534 1515 μὴ
557 1480 607 1514 τῆς
621 1479 749 1515 ἀληθινῆς
763 1479 901 1510 εὐσεϐείας

113 1526 169 1553 τῶν
178 1525 326 1561 γινομένων
355 1525 572 1561 καθηγουμένης.
603 1525 634 1551 El
658 1525 746 1552 τοίνυν
765 1525 900 1559 ἀναγκαία

114 1573 170 1599 τῶν
181 1571 326 1607 ὀφθαλμῶν
341 1571 408 1607 πρὸς
424 1572 472 1603 τὰς
484 1571 575 1607 χεῖράς
584 1571 657 1598 ἐστιν
670 1573 685 1606 ἡ
699 1571 823 1605 συζυγία,
832 1571 903 1605 τάχα

115 1617 309 1653 προσαγόμεθα
325 1617 368 1643 διὰ
392 1616 446 1643 τῶν
460 1617 633 1652 -εἰρημένων,
646 1617 751 1652 πρῶτον
775 1617 824 1652 μὲν
839 1618 902 1648 τοὺς

115 1662 280 1698 ὀφθαλμοὺς,
296 1661 393 1694 οἵτινές
408 1663 472 1695 εἰσι,
501 1662 666 1696 κατανοῆσαι
679 1671 686 1678 -
701 1661 795 1688 ἔπειτα
813 1661 842 1687 δὲ
856 1662 903 1688 καὶ

115 1708 162 1735 τὸν
173 1708 236 1744 περὶ
249 1707 338 1734 αὐτῶν
351 1707 460 1734 ἔπαινον
470 1708 499 1733 ὲν
510 1707 610 1742 θεωρίᾳ
621 1707 711 1734 λαϐεῖν
723 1715 729 1722 '
743 1707 788 1733 τδν
801 1706 829 1732 δὲ
839 1707 903 1741 περὶ

115 1753 170 1780 τῶν
178 1753 276 1789 χειρῶν
290 1753 367 1787 λόγον
387 1751 426 1787 τῷ
439 1751 496 1787 [δίῳ
502 1753 703 1788 ταμιευσάμεθα
709 1753 794 1788 τόπῳ·
804 1751 904 1785 ὀφθαλ-

118 1800 176 1834 μῶν
192 1799 246 1834 γὰρ
277 1799 341 1826 ἴδιον
361 1799 393 1825 ὲκ
409 1797 516 1832 φύσεως
539 1797 617 1832 ἔργον
646 1797 704 1823 ἐστὶ
715 1797 744 1823 τὸ
770 1797 847 1833 ὁρᾷν·
864 1797 904 1823 διὸ

116 1846 187 1873 κατὰ
212 1846 260 1880 τὴν
285 1845 400 1879 τοπικὴν
428 1844 502 1870 θέσιν
522 1844 631 1870 πάντων
652 1843 827 1878 ὑπέρκεινται
851 1843 904 1870 τῶν

117 1891 313 1927 αἰσθητηρίων.
329 1891 368 1921 είς
383 1890 492 1926 ὁδηγίαν
513 1889 560 1916 τοῦ
585 1890 684 1921 παντὸς
700 1889 825 1924 σώματος
840 1898 904 1924 προ-

116 1937 278 1971 τεταγμένοι
299 1936 374 1971 παρὰ
395 1936 444 1971 τῆς
480 1936 596 1970 φύσεως.
624 1936 705 1962 Ὅταν
718 1933 764 1961 οὖν
780 1936 841 1966 τοὺς
856 1936 905 1969 τῆς

117 1980 249 2015 ἀληθείας
264 1979 485 2014 καθηγουμένους
498 1980 572 2014 παρὰ
583 1980 631 2014 τῆς
647 1979 721 2011 θείας
735 1979 845 2014 Γρα’ρῆς
860 1979 906 2006 οὖ-

117 2034 172 2056 τως
185 2024 397 2060 ὀνομαζομένους
419 2024 589 2060 ἀκούσωμεν,
603 2022 640 2051 ὢν
653 2025 667 2051 ὁ
685 2025 732 2059 μέν
745 2033 787 2056 τις
798 2024 905 2059 ἐλέγετο

118 2070 254 2103 Βλέπων,
270 2070 362 2106 ἕτερος
370 2070 398 2097 δὲ
414 2071 430 2098 ὁ
451 2070 540 2104 Ὁρῶν
551 2079 557 2086 ·
572 2071 650 2103 ἄλλος
661 2071 688 2097 δὲ
701 2070 818 2103 Σκοπὸς
831 2072 905 2107 παρὰ

118 2116 158 2151 τῷ
181 2115 239 2151 Θεῷ
267 2115 337 2142 οὕτω
359 2115 403 2142 διὰ
423 2116 473 2150 τῆς
500 2116 668 2152 προφητείας
696 2116 904 2151 ιδιιομσκςιιένος⁸

942 214 1087 242 cincinnos
1111 213 1319 247 existimamus,
1346 215 1392 250 qui
1419 222 1503 242 aureo
1527 215 1610 249 capiti
1636 214 1727 242 adlue-

941 263 1033 287 rentes
1050 266 1103 286 non
1127 267 1222 294 parum
1243 259 1336 294 sponsi
1361 259 1593 294 pulchritudinem
1616 264 1726 295 augent,

943 305 976 333 ab
991 312 1057 332 aura
1072 305 1184 340 spiritus
1199 305 1305 340 agitati.
1328 305 1417 340 Atque
1434 305 1516 332 iidem
1540 305 1613 332 illius
1630 306 1728 332 imma-

942 352 1025 378 culati
1039 352 1136 386 capitis
1150 351 1363 386 pulcherrimum
1385 355 1488 388 sertum
1504 355 1580 384 sunt,
1597 355 1728 379 ornantes

943 397 1010 424 illud
1025 397 1127 424 ambitu
1143 405 1204 425 suo.
1220 397 1326 424 Etenim
1344 397 1377 424 de
1394 397 1437 424 his
1451 398 1541 424 locum
1567 397 1644 424 illum
1666 405 1730 432 pro—

943 443 1040 478 phetiaa
1054 443 1158 478 accipio
1173 453 1179 470 :
1207 442 1326 470 Posuisti
1347 443 1374 469 in
1392 447 1469 476 caput
1485 443 1542 476 ejus
1559 450 1682 469 coronant
1697 450 1730 468 ea;

943 489 1031 523 lapide
1048 490 1163 524 pretioso
1175 489 1246 515 "-‘i.
1261 489 1297 515 lta
1310 493 1394 523 utper
1402 488 1610 523 appellationem
1628 492 1731 514 utram-

945 543 999 570 que
1015 536 1211 570 intelligantur,
1229 535 1331 569 quippe
1354 534 1400 568 qui
1419 534 1474 561 sint
1491 538 1518 560 et
1538 533 1660 560 cincinni
1683 533 1732 560 de—

944 580 1013 612 cori,
1029 584 1056 608 ct
1079 580 1169 613 magni
1188 579 1267 614 pretii
1284 579 1399 613 lapides,
1416 579 1567 606 ornamenti
1584 578 1685 613 aliquid
1697 585 1731 605 ex

944 634 974 654 se
988 625 1071 660 capiti
1087 625 1269 652 conferentes.

979 714 1057 741 Nunc
1070 713 1174 741 ordinis
1199 713 1268 740 ratio
1287 712 1407 747 postulat
1439 716 1468 739 ut
1491 712 1573 740 etiam
1606 712 1652 738 illa
1671 718 1733 746 qua!

945 760 978 788 de
1009 760 1095 786 oculis
1128 759 1255 786 dicuntur
1281 758 1485 785 consideremus
1519 765 1604 792 :quae
1622 756 1732 792 quidem

945 805 1002 833 haec
1014 808 1091 832 sunt:
1104 804 1179 832 Oculi
1195 804 1251 837 ejus
1262 804 1329 830 sicut
1341 802 1478 833 columba.
1496 802 1530 828 ad
1546 810 1675 837 aquarum
1688 810 1733 829 co-

945 851 1013 884 pias,
1032 849 1093 876 lotw
1107 850 1133 875 in
1148 849 1225 880 lacte,
1241 849 1357 875 sedentes
1369 856 1447 882 super
1458 847 1632 882 plenitudine;
1647 855 1733 882 aqua-

945 905 1013 923 rum.
1027 895 1128 923 llorum
1149 898 1238 921 autem
1250 895 1395 921 verborum
1410 894 1545 922 sententia
1557 894 1734 928 perceptione

945 942 1054 977 quidem
1067 945 1168 968 \nostra
1186 942 1329 969 sublimior
1357 946 1416 974 est;
1439 940 1554 968 inferius
1577 940 1649 967 enim
1673 947 1736 967 esse

948 989 1006 1023 ipsa
1022 988 1136 1015 veritate
1152 986 1472 1021 arbitramur,qnidquid
1485 986 1518 1013 de
1538 986 1578 1013 eis
1594 985 1734 1020 cogitave—

947 1034 1046 1066 rimus;
1060 1033 1107 1061 sed
1121 1037 1211 1060 tamen
1238 1033 1360 1060 studiose
1387 1025 1460 1059 illam
1483 1031 1734 1062 considerantibus.

947 1077 1101 1112 huiusmodi
1116 1077 1238 1111 quaedam
1253 1084 1315 1104 esse
1327 1076 1450 1103 videtur:
1463 1076 1506 1102 Ait
1521 1075 1620 1102 alicubi
1633 1075 1690 1102 suis
1702 1075 1730 1102 in

949 1119 1153 1150 commentariis
1192 1123 1300 1149 divinus
1327 1122 1370 1149 ille
1398 1121 1556 1155 Apostolus.
1574 1129 1628 1147 non
1653 1128 1734 1155 posse

948 1165 1056 1192 oculum
1074 1165 1163 1192 mantti
1173 1165 1274 1194 dicere.
1292 1164 1352 1191 Non
1370 1164 1434 1191 mihi
1447 1169 1470 1191 te
1481 1173 1545 1198 opus
1556 1169 1594 1191 est
1610 1165 1632 1180 ¹¹⁵
1654 1171 1661 1188 :
1676 1164 1736 1199 qui-

948 1210 999 1238 bus
1015 1210 1105 1238 verbis
1119 1210 1216 1238 docere
1231 1210 1299 1241 vult,
1322 1210 1421 1237 debere
1442 1217 1541 1244 corpus
1561 1209 1689 1236 Ecclesiae
1702 1209 1737 1236 ab

950 1261 1065 1291 utroque
1090 1261 1161 1284 ret-te
1176 1259 1363 1290 comparatum
1383 1263 1454 1286 esse,
1471 1260 1523 1282 tan:
1552 1254 1736 1290 perspiciendi

951 1303 1073 1334 veritate,
1088 1309 1168 1336 quam
1182 1301 1278 1336 agendi
1296 1301 1321 1328 vi
1338 1302 1408 1328 inter
1425 1308 1455 1328 se
1468 1301 1545 1335 quasi
1561 1303 1711 1334 temperata
1726 1308 1733 1326 :

951 1349 1050 1383 quippe
1081 1347 1152 1382 quod
1175 1355 1262 1381 neque
1288 1346 1483 1380 contemplatio
1510 1353 1557 1380 per
1572 1353 1602 1373 se
1614 1346 1735 1372 animam

952 1393 1084 1428 perﬁciat,
1097 1392 1148 1420 nisi
1173 1392 1264 1419 adsint
1278 1396 1305 1418 et
1324 1399 1406 1426 opera
1425 1392 1506 1418 vitam
1530 1391 1666 1426 egregiam
1687 1391 1738 1418 ab-

952 1439 1104 1471 solventia;
1124 1445 1209 1472 neque
1237 1437 1406 1472 philosophia
1436 1442 1569 1471 occupata
1591 1437 1617 1463 in
1633 1437 1740 1472 agendo

953 1484 1020 1510 satis
1043 1483 1079 1510 sit
1105 1482 1189 1514 utilis,
1216 1482 1267 1508 nisi
1285 1490 1348 1509 vera
1366 1482 1453 1516 pietas
1466 1489 1560 1508 eorum
1579 1490 1639 1516 qum
1665 1483 1732 1508 llunt

953 1529 1006 1555 dux
1021 1529 1065 1555 sit.
1081 1528 1169 1560 Quare
1185 1526 1207 1562 si
1235 1527 1390 1554 necessaria
1410 1531 1451 1553 est
1474 1527 1531 1553 ιιωο
1547 1527 1688 1553 oculorum
1712 1530 1740 1554 et

953 1581 1082 1601 manuum
1096 1573 1263 1608 conjunctio,
1289 1571 1468 1606 l'ortassejam
1483 1573 1596 1607 propius
1619 1580 1666 1607 per
1682 1572 1741 1599 haec

953 1620 1012 1654 ipsa
1040 1619 1115 1645 Pauli
1131 1618 1211 1644 verba
1238 1617 1399 1644 adducimur
1430 1617 1462 1644 ad
1497 1618 1738 1649 considerandum,

953 1665 1041 1699 primo
1050 1663 1160 1698 quinam
1178 1663 1229 1689 sint
1243 1663 1326 1693 oculi,
1343 1662 1440 1690 deinde
1455 1663 1487 1690 ad
1504 1663 1742 1697 comprehenden-

953 1709 1015 1736 dam
1028 1708 1111 1735 animi
1123 1707 1352 1741 contemplatione
1365 1707 1470 1734 laudem
1486 1707 1595 1734 horum.
1607 1707 1684 1739 Quod
1695 1714 1742 1734 au-

954 1759 1008 1783 tem
1035 1755 1067 1781 de
1090 1753 1215 1780 manibus
1239 1752 1350 1783 dicitur,
1372 1759 1422 1779 suo
1446 1752 1506 1778 loco
1530 1752 1740 1779 reservabimus.

954 1801 1100 1829 Oculorum
1115 1807 1130 1826 a
1145 1803 1241 1826 natura
1254 1799 1393 1833 proprium
1422 1805 1521 1824 munus
1548 1801 1591 1824 est
1619 1804 1740 1825 cernere.

954 1846 1101 1880 Propterea
1122 1845 1176 1871 loci
1203 1844 1284 1871 etiam
1302 1843 1355 1870 situ
1369 1850 1451 1877 supra
1472 1850 1603 1869 sensuum
1620 1842 1741 1877 reliquo-

954 1898 1014 1918 rum
1040 1897 1142 1924 organa
1157 1889 1282 1915 collocati
1299 1891 1372 1918 sunt,
1392 1888 1425 1914 ad
1451 1887 1616 1914 ductandum
1633 1887 1743 1914 univer-

957 1945 1016 1965 sum
1045 1943 1144 1970 corpus
1170 1943 1185 1962 a
1201 1939 1300 1962 natura
1328 1934 1455 1961 ordinati.
1483 1933 1573 1967 Quare
1590 1941 1651 1961 cum
1668 1934 1740 1966 illos,

957 1983 1002 2019 qui
1021 1983 1053 2009 ad
1066 1982 1206 2009 veritatem
1221 1980 1305 2008 duces
1322 1986 1395 2013 sunt,
1412 1980 1541 2015 appellari
1558 1988 1571 2006 ιι
1585 1980 1670 2008 sacris
1683 1979 1742 2006 Lit-

957 2029 1022 2056 teris
1040 2027 1166 2054 audimus
1182 2027 1228 2058 ita,
1243 2030 1271 2052 ut
1287 2026 1357 2053 alius
1388 2025 1495 2053 dicatur
1525 2025 1633 2057 Videris,
1660 2025 1741 2057 alitis,

956 2073 1068 2101 Cernetis
1085 2072 1115 2107 ",
1140 2072 1209 2099 alius
1232 2071 1388 2106 Speculator
1403 2071 1422 2086 ”
1442 2079 1457 2098 a
1471 2071 1524 2098 Deo
1534 2071 1739 2106 Prophetarum

957 2120 984 2147 in
1013 2119 1090 2146 libris
1121 2107 1438 2150 vocetur,’adducimur
1469 2124 1511 2149 eo,
1533 2120 1562 2143 ut
1590 2120 1744 2144 statuamus

119 2161 271 2205 ὲναγόμεθα
286 2161 329 2188 διὰ.
348 2161 459 2194 τούτων,
484 2162 546 2193 τοὺς
570 2162 670 2197 ὲφορᾷν
687 2162 733 2188 καὶ
750 2161 900 2188 ὲπιϐλέπειι

959 2164 1019 2191 illos
1034 2163 1080 2198 qui
1096 2163 1128 2189 ad
1152 2161 1330 2194 cernendum,
1344 2166 1369 2188 et
1381 2161 1590 2196 inspiciendum,
1604 2165 1631 2187 et
1647 2168 1744 2195 specu-

120 2207 166 2234 καὶ
179 2209 335 2234 ἐπισκοπεῖν
351 2207 542 2242 τεταγμένους,
558 2207 711 2242 ὀφθαλμοὺς
735 2207 849 2234 ἐνταῦθα
862 2216 905 2234 νο-

122 2253 210 2288 μίζειν
235 2252 475 2289 κατονομάζεσθαι,
509 2252 545 2279 Τὸ
566 2253 594 2280 δὲ
612 2254 675 2288 περὶ
695 2253 793 2285 αὐτοὺς
814 2253 906 2288 θαῦμα

121 2299 182 2326 καθ’
199 2300 344 2335 ὁμοιότητά
369 2308 428 2327 τινα
452 2299 629 2335 συγκριτικὴν
647 2300 768 2334 γίνεσθαι
782 2300 905 2327 διδασκό-

123 2344 202 2379 μεθα,
221 2345 268 2380 τῆς
292 2345 359 2380 πρὸς
381 2345 411 2372 τὸ
429 2347 550 2380 κρεῖττον
573 2345 748 2380 παραθέσεως
769 2346 799 2371 τὸ
810 2345 906 2377 κάλλος

122 2390 210 2417 αὐτῶν
225 2390 444 2426 ύπογραφούσης.
461 2391 528 2426 Φησὶ
542 2391 612 2426 γάρ·
630 2392 670 2418 ὅτι
691 2391 850 2426 Ὀφθαλμοὶ
867 2391 906 2424 ὡς

121 2436 291 2470 περιστεραί
303 2455 311 2463 .
339 2436 428 2468 Rm;
449 2436 501 2472 γὰρ
515 2436 553 2468 ὡς
573 2436 680 2472 ἀληθῶς
702 2436 757 2463 τῶν
781 2436 907 2463 τοιούτων

121 2482 252 2517 ὀμμάτων
269 2482 377 2513 ἔπαινος
391 2483 407 2517 ἡ
423 2483 534 2515 ἀκακία,
546 2482 578 2518 ἢν
589 2482 764 2518 κατορθοῦσιν
774 2483 797 2508 οἱ
810 2482 907 2518 μηκέτι

122 2526 161 2562 τῷ
176 2526 308 2561 σαρκώδει
337 2527 386 2561 βίῳ
415 2526 600 2562 μολυνόμενοι,
620 2526 687 2554 ἀλλὰ
707 2526 805 2559 ζῶντές
818 2536 847 2553 τε
862 2527 908 2554 καὶ

123 2572 291 2606 στοιχοῦντες
302 2572 340 2608 τῷ
360 2572 505 2608 πνεύματι.
533 2573 561 2598 '0
584 2573 638 2608 γὰρ
660 2573 841 2608 πνευματικὸς
861 2573 908 2599 καὶ

122 2617 203 2649 ἆῦλος
218 2617 274 2652 βίος
288 2617 327 2652 τῷ
341 2618 391 2656 τῆς
405 2618 567 2653 περιστερᾶς
582 2617 647 2644 εῖδει
669 2617 909 2654 χαρακτηρίζεται,

123 2660 217 2696 ἐπειδὴ
231 2661 277 2687 καὶ
287 2661 351 2688 αὐτὸ
363 2661 392 2688 τὸ
403 2660 512 2696 Πνεῦμα
525 2660 554 2687 τὺ
569 2661 644 2695 ἆγιον
654 2661 738 2693 οὕτως
746 2661 822 2697 ὤφθη
837 2662 911 2697 παρὰ

123 2705 171 2734 τοῦ
191 2705 314 2734 Ἰωάννου
327 2707 359 2734 ὲκ
374 2707 426 2734 τῶν
437 2706 558 2742 οὐρανῶν
568 2706 614 2733 ἐπὶ
625 2707 654 2733 τὸ
668 2707 739 2743 ὕδωρ
754 2708 910 2743 ἱπτάμενον.

163 2793 224 2813 ¹⁸-¹δ
239 2792 311 2820 Psal.
332 2801 378 2828 ιι,
392 2792 418 2821 4.
458 2793 500 2821 ¹³Ι
519 2793 582 2822 Cor.
603 2803 651 2829 xu,
665 2794 707 2822 ιὶΙ.

748 2795 768 2811 ¹⁶
785 2794 794 2822 1
810 2795 875 2831 lleg.
889 2803 928 2829 Ix,
948 2795 990 2824 ll.

959 2209 1069 2236 landum
1085 2208 1202 2234 ordinati
1220 2211 1294 2239 sunt,
1312 2207 1407 2234 oculos
1423 2206 1468 2233 hic
1486 2206 1624 2241 appellari.
1643 2205 1744 2233 Eorum

960 2260 1024 2281 vero
1054 2252 1212 2279 admiranda
1237 2252 1394 2286 praestantia
1434 2259 1484 2287 per
1513 2251 1744 2286 comparationem

959 2298 1103 2333 quamdam
1121 2298 1284 2329 declaratur,
1302 2298 1464 2333 depingente
1491 2297 1573 2331 hujus
1593 2298 1746 2331 adjectione

959 2343 1187 2379 pulchritudinem
1203 2344 1321 2371 illorum.
1337 2343 1381 2370 Ait
1393 2343 1464 2370 enim
1479 2353 1486 2370 :
1517 2343 1594 2369 Oculi
1604 2343 1663 2379 ejus
1679 2343 1745 2369 sicut

960 2388 1096 2415 tolumbw.
1121 2388 1253 2415 Prmclara
1282 2389 1411 2416 nimirum
1429 2388 1457 2415 in
1482 2388 1638 2423 hujusmodi
1660 2389 1746 2416 oculis

959 2433 1019 2460 laus
1036 2438 1087 2464 cst,
1104 2441 1201 2468 expers
1217 2433 1328 2460 malitias
1357 2433 1531 2467 simplicitas,
1557 2440 1617 2467 qua:
1631 2434 1657 2460 in
1685 2433 1746 2460 illos

960 2478 1042 2509 cadit,
1059 2478 1105 2513 qui
1128 2479 1247 2505 nondum
1263 2486 1277 2505 a
1297 2479 1348 2506 vita
1375 2478 1477 2505 carnali
1491 2479 1587 2513 polluti
1603 2482 1677 2510 Sunt,
1699 2478 1746 2507 sed

959 2525 1054 2552 vivunt
1072 2529 1097 2552 et
1115 2525 1254 2552 ambulant
1278 2524 1385 2559 spiritu.
1417 2523 1522 2552 Etenim
1550 2524 1702 2559 spiritualis
1720 2529 1746 2552 et

961 2571 1090 2598 immunis
1105 2578 1120 2596 a
1135 2571 1217 2598 rebus
1229 2571 1329 2598 crassis
1342 2571 1396 2597 vita
1413 2578 1462 2605 per
1477 2571 1610 2598 columba}
1627 2571 1746 2606 speciem

962 2616 1123 2652 exprimitur
1137 2626 1143 2643 :
1160 2624 1221 2643 cum
1236 2621 1348 2643 sanctus
1362 2616 1444 2644 etiam
1458 2616 1577 2650 Spiritus
1590 2617 1640 2643 hac
1657 2615 1748 2651 specie

961 2665 1125 2696 conspectus
1139 2661 1172 2688 ab
1185 2660 1289 2689 Joanne
1309 2662 1343 2688 sit
1358 2661 1391 2689 de
1405 2662 1483 2689 cwlis
1494 2670 1577 2698 super
1591 2669 1688 2696 aquam
1704 2666 1748 2686 ro-

962 2708 1028 2736 lare.
1046 2708 1137 2742 Quare
1153 2708 1229 2735 illum
1252 2707 1298 2743 qui
1318 2712 1347 2735 ut
1362 2708 1489 2737 Ecclesiae
1505 2708 1612 2744 corpori
1626 2707 1661 2735 sit
1674 2705 1746 2735 oculi

1030 2797 1049 2813 ⁸⁷
1065 2797 1164 2825 Etech.
1187 2798 1287 2830 111,1Τ.
