1978 3068
274 91 345 119 1059

269 149 341 181 loco,
357 147 490 176 divinitus
516 148 660 177 ordinatus
671 153 724 183 est,
749 149 773 178 si
789 150 899 185 quidem
912 159 981 185 pure
997 159 1059 186 spe-

270 194 402 222 culatoris
417 199 443 221 et
461 194 625 230 inspectoris
638 203 750 223 tuuuere
767 196 841 231 t'ungi
857 197 931 228 velit,
945 204 1052 224 omnem

271 241 428 268 vitiositatis
443 241 632 275 lippitudinem
646 241 755 269 abluere
776 249 845 277 aqua
860 242 996 269 convenit.
1027 241 1061 268 Et

271 293 341 321 aqua
355 294 411 313 non
445 295 498 313 una
513 291 565 318 est,
593 295 646 322 qtta
671 288 744 315 oculi
765 288 948 323 abstergendo
962 296 1060 323 repur-

271 337 379 366 gantur,
395 332 441 359 sed
464 333 619 367 complures
638 333 682 360 hic
701 341 762 361 esse
777 334 906 361 dicuntur
925 334 1060 369 ejusmodi

272 386 405 413 aquarunt
421 379 516 413 copim.
535 379 601 405 Nam
624 384 690 414 quot
713 380 827 407 virtutes
840 383 914 411 sunt,
934 383 973 406 tot
999 387 1060 407 esse

272 422 429 459 hujusmodi
457 425 609 452 lustralium
631 433 763 460 aquarum
790 425 880 453 futiles
895 426 1060 453 existiman-

274 470 339 497 dunt
360 475 413 501 est,
432 479 480 505 per
501 479 570 506 quos
584 472 655 498 oeuli
680 480 786 506 semper
809 472 907 506 seipsis
935 472 1060 507 puriores

272 516 349 542 ﬁunt.
387 516 467 543 \‘erbi
495 517 601 551 gratia,
630 519 807 552 temperantia
836 518 955 545 lustralis
983 525 1061 552 aqua:

272 560 334 588 fons
348 561 458 596 qttidatn
475 566 515 588 est
532 569 539 588 :
557 562 627 589 alius
654 563 804 593 humilitas,
817 564 928 595 veritas,
942 560 1059 597 iustitia,

271 605 415 635 fortitudo,
441 605 503 632 boni
533 607 680 642 cupiditas,
708 608 770 633 mali
791 609 939 634 aversatio.
967 608 1012 634 lla:
1035 613 1061 635 et

271 651 330 677 alia:
345 659 431 684 aquae,
455 652 487 678 de
507 659 562 678 uno
583 653 692 686 quidem
718 653 769 679 illm
784 652 868 684 fonte,
883 653 928 680 sed
944 654 1061 681 diversis

273 697 352 730 quasi
371 696 480 724 ﬂuentis
500 697 526 723 itt
543 705 626 726 unum
647 698 769 725 collectis
784 698 907 732 quaedam
923 703 986 726 sunt
1012 707 1059 726 co-

273 742 349 776 piosa
373 742 523 775 plenitudo,
549 749 595 776 per
623 750 683 777 qua).
715 743 786 770 oculi
808 744 841 770 ab
868 744 942 770 omni
963 744 1061 772 vitiosa

270 785 430 821 lippitudine
459 792 650 822 repurgantur.
667 787 834 823 Quanquam
852 797 915 816 vero
930 790 963 817 ad
979 798 1062 825 aqua-

272 840 332 858 rum
344 833 438 866 copias
464 837 529 860 sunt
553 832 592 858 illi
618 833 701 865 oculi,
717 834 764 868 qui
783 835 817 861 ob
831 834 1011 869 integritatem
1028 843 1060 863 ac

272 877 473 912 simplicitatem
492 878 626 906 columbis
651 884 861 913 comparantur;
880 881 1058 909 nihilominus

272 924 411 950 lavacrum
431 931 526 951 eorum
544 924 585 951 lac
603 933 664 952 esse
677 925 789 958 dicitur,
835 926 926 953 verbis
965 927 1058 956 hisce:

271 968 376 996 Ablutw
392 969 469 996 lacte.
501 970 675 998 Conveniens
703 977 792 999 autem
820 972 880 1000 laus
903 973 1060 1007 hujusmodi

274 1015 363 1042 oculis
382 1016 522 1047 tribuitur,
540 1024 602 1043 cum
626 1017 697 1044 lacte
726 1018 852 1044 columba
883 1019 945 1046 talis
974 1019 1058 1052 ablui,

270 1065 440 1096 venusteque
460 1062 534 1089 reddi
551 1067 791 1090 commemoratur.
805 1063 871 1090 Nam
888 1072 950 1091 vere
966 1065 1017 1092 hoc
1032 1066 1059 1092 in

271 1107 342 1134 lacte
353 1108 526 1135 observatum
542 1113 601 1141 est,
618 1110 706 1136 solum
723 1109 793 1136 inter
817 1110 927 1137 humida
940 1111 1061 1145 proprie-

271 1157 353 1181 tatem
370 1154 439 1181 ltanc
463 1155 572 1186 habere,
591 1155 662 1188 quod
684 1155 710 1182 in
726 1163 758 1182 eo
771 1156 872 1182 nullius
885 1156 922 1183 rei
947 1157 1059 1183 simula-

271 1206 348 1226 crum
359 1206 392 1225 ac
405 1199 556 1226 similitudo
570 1201 765 1234 conspiciatur.
781 1200 883 1227 Etenim
910 1209 953 1229 res
965 1209 1059 1230 omnes

271 1252 331 1280 qua
343 1245 460 1272 humidae
481 1250 585 1273 natura;
599 1250 674 1277 sunt,
695 1246 728 1272 ad
743 1246 949 1274 similitudinem
965 1255 1060 1283 specu-

271 1291 371 1323 lorum,
388 1292 422 1318 ob
441 1291 594 1319 laevitatem
623 1292 786 1326 superﬁciei,
814 1293 917 1320 faciunt
934 1297 962 1320 ut
976 1295 1061 1329 inspi-

270 1337 401 1364 cientium
411 1338 491 1364 ineas
501 1337 620 1364 vicissim
643 1345 675 1365 ex
687 1338 754 1373 ipsis
766 1339 898 1373 imagines
910 1340 1058 1367 reluceant.

270 1382 301 1410 In
315 1383 375 1409 solo
404 1388 495 1409 autetn
524 1383 594 1409 lacte
618 1383 775 1417 hujusmodi
791 1384 1000 1412 simulacrorum
1013 1394 1061 1413 ex-

271 1427 378 1461 pressio
395 1427 485 1454 locum
504 1435 558 1454 non
573 1428 661 1455 habet.
677 1429 737 1460 Quo
754 1429 781 1455 lit
805 1434 833 1456 ut
849 1430 905 1457 hmc
919 1431 1059 1458 oculorum

270 1471 445 1499 Eeelesiaesit
469 1472 528 1499 laus
558 1472 764 1506 perfectissima,
792 1475 864 1509 quod
891 1475 958 1503 nihil
987 1477 1059 1511 quod

271 1524 326 1544 non
343 1517 475 1544 subsistat
492 1518 519 1543 in
534 1525 625 1544 rerum
642 1523 750 1550 natura.
769 1520 835 1546 nihil
849 1528 1002 1554 erronetttn,
1021 1523 1062 1549 ni-

271 1562 310 1588 hil
322 1570 420 1589 vanum
434 1567 531 1597 prmter
544 1563 629 1598 ipsam
646 1572 737 1591 rerttm
751 1566 904 1599 veritatem,
916 1567 990 1594 velut
1003 1576 1063 1594 um-

271 1608 362 1635 bratili
385 1608 504 1642 quodam
527 1609 675 1636 simulacro
700 1610 891 1639 fraudulenter
911 1621 1063 1648 repraesen-

271 1658 352 1682 lcttt:
375 1655 422 1682 sed
440 1655 606 1690 ipsissimam
629 1657 769 1684 veritatem
788 1657 964 1691 ‘intueantur,
986 1668 1062 1688 erro-

272 1700 330 1727 neis
347 1701 429 1735 hujus
444 1701 506 1728 vita:
517 1702 633 1736 spectris
652 1707 678 1729 et
699 1703 939 1738 imaginationibus
956 1713 1060 1740 nequa-

271 1755 352 1782 quam
364 1748 504 1775 admissis.
520 1747 667 1783 Propterea
681 1749 759 1777 lactis
788 1751 924 1778 lavacrum
939 1751 1060 1786 perfecta

272 1794 329 1821 haec
344 1794 433 1821 anima
447 1799 550 1822 certuut
565 1802 626 1822 esse
641 1795 790 1822 remedium
807 1797 902 1824 statuit
915 1797 949 1823 ad
967 1798 1060 1825 oeulo-

271 1848 331 1868 rum
340 1841 497 1875 puritatem.

307 1897 373 1930 Quae
385 1905 466 1933 porro
482 1901 634 1931 sequuntur
654 1898 746 1930 verba,
765 1899 843 1933 quasi
866 1899 909 1927 lex
924 1900 1059 1934 quaedam,

272 1942 453 1977 praescribunt
469 1942 639 1969 auditoribus
667 1943 767 1977 quibus
788 1944 869 1971 rebus
882 1944 1004 1972 studiose
1016 1945 1059 1971 in-

272 1988 339 2015 tenti
349 1995 410 2015 esse
420 1988 492 2014 oculi
517 1987 642 2015 debeant.
665 1988 800 2020 Sedentes,
812 1989 910 2023 inquit,
922 1990 1003 2025 juxta
1017 1999 1059 2017 co-

271 2035 328 2068 pias
345 2042 485 2068 aquarum.
499 2033 633 2062 Nimirum
650 2038 807 2069 perpetuam
822 2036 895 2062 velut
912 2037 1062 2064 assiduita-

271 2084 326 2107 tem
348 2080 503 2107 attentionis
535 2080 563 2106 in
586 2080 724 2107 discendis
738 2080 822 2108 rebus
841 2081 940 2109 divinis
960 2086 1062 2110 nostrae

272 2126 374 2152 dictum
387 2125 439 2152 hoc
453 2125 577 2160 requirit,
592 2125 655 2151 dum
668 2132 750 2160 puros
762 2125 857 2152 oculos
874 2125 968 2153 laudat
983 2136 990 2154 :
1013 2126 1065 2154 do'-'

272 2179 338 2200 cens
350 2171 459 2199 interim
470 2178 521 2198 nos
544 2178 599 2205 quo
625 2174 704 2205 pacto
720 2171 950 2205 pulchritudinem
965 2172 1061 2200 oculo-

273 2225 334 2244 rum
354 2218 484 2251 consequi
499 2217 647 2250 possimus,
663 2216 791 2243 nimirum
804 2225 943 2252 nunquam
957 2225 1012 2244 non
1029 2218 1063 2245 ad

273 2270 405 2297 aquarum
434 2262 528 2297 copias
541 2261 672 2289 sedendo.
694 2262 848 2290 Pratsertim
857 2270 919 2290 cum
935 2263 1013 2290 multi
1030 2271 1063 2292 ex

272 2309 306 2336 iis
321 2309 368 2343 qui
386 2309 527 2335 oculorum
543 2308 630 2335 locutu
646 2309 780 2341 obtinent,
793 2309 894 2336 omissa
906 2309 1065 2344 bujusmodi

271 2354 358 2389 copiis
369 2361 501 2388 aquarum
514 2353 652 2381 assidendi
666 2354 804 2389 diligentia
815 2375 822 2386 ,
839 2354 873 2382 ad
887 2354 998 2382 ﬂumina
1014 2355 1066 2383 Ba-

272 2399 380 2434 bylonis
397 2399 548 2431 desideant,
569 2399 698 2427 facientes
711 2400 738 2427 id
756 2400 827 2435 quod
840 2400 867 2427 in
884 2400 930 2428 Dei
949 2408 1065 2435 persona

273 2447 301 2473 in
327 2445 483 2480 hujusmodi
503 2445 659 2473 hominibus
689 2446 909 2481 reprehenditur.
942 2446 1063 2482 Relique-

272 2496 334 2518 runl
350 2500 399 2524 me,
416 2491 515 2526 inquit,
531 2492 630 2525 [autent
648 2501 724 2528 aqua:
740 2493 813 2525 rivw,
828 2501 860 2519 ac
875 2493 997 2526 {oderunt
1013 2492 1063 2519 sibi

272 2542 362 2570 puteos
382 2537 540 2572 perforatae,
558 2538 603 2573 qui
618 2547 714 2573 aquam
737 2538 868 2565 continere
887 2542 1014 2572 nequeunt
1026 2537 1058 2565 ¹¹.

273 2583 366 2613 Itaque
383 2582 515 2610 docemur
535 2584 587 2610 hoc
605 2583 678 2611 dicto
698 2584 744 2618 qui
757 2584 814 2611 ﬁeri
838 2583 934 2610 oculus
947 2583 1061 2618 pulcher

271 2629 368 2664 possit,
377 2633 406 2656 ut
416 2629 500 2657 decus
512 2629 622 2664 aliquod
633 2630 731 2657 habeat
742 2629 907 2663 omninoque
917 2629 1061 2656 conveniat

272 2682 356 2702 aureo
370 2674 452 2709 capiti
468 2684 476 2702 :
491 2675 620 2702 nimirum
634 2676 657 2702 si
676 2676 736 2702 labe
751 2679 851 2707 careat,
866 2675 899 2702 ad
907 2676 1060 2710 exemplum

272 2722 404 2749 columbae
412 2741 420 2753 ,
430 2725 456 2748 et
465 2722 551 2749 instar
559 2725 663 2750 natum
674 2722 752 2750 lactis
764 2722 797 2750 ab
808 2722 947 2751 erroribus
956 2726 983 2750 et
991 2721 1065 2750 frau-

309 2810 330 2826 ¹⁸
347 2808 448 2837 Jercm.
463 2817 492 2844 ιι,
509 2810 550 2837 13.

895 90 924 118 S.
943 89 1106 118 GREGORll
1129 91 1272 119 NYSSENI

1832 95 1893 123 i063

1073 155 1097 183 Α
1112 152 1215 179 Οὐκοῦν
1227 152 1272 179 τὸν
1283 152 1342 179 ἀντὶ
1352 152 1498 187 ὀφθαλμῶν
1511 152 1549 187 τῷ
1560 152 1666 187 σώματι
1677 152 1727 189 τῆς
1740 153 1893 187 Ἐχκλησίας

1113 198 1165 225 ὑπὸ
1175 197 1222 225 τοῦ
1238 197 1306 225 Θεοῦ
1323 196 1499 233 τεταγμένον,
1513 199 1537 224 εἰ
1554 197 1629 233 μέλει
1651 198 1777 233 καθαρῶς
1791 199 1893 226 ἐπισκο-

1111 242 1172 269 πεῖν
1183 250 1213 268 τε
1228 242 1275 268 καὶ
1290 242 1457 273 ἐπιϐλέπειν,
1484 243 1573 269 πᾶσαν
1586 242 1634 276 τὴν
1651 243 1683 269 ὲκ
1699 243 1798 276 κακίας
1811 243 1894 279 λήμην

1111 288 1315 315 ἀποκλύσασθαι
1341 289 1474 324 προσήκει
1494 288 1533 324 τῷ
1555 288 1641 316 ὕδατι.
1662 290 1739 316 Ἔστι
1761 290 1790 316 δὲ
1811 291 1856 326 οὺχ
1867 291 1893 317 ἓν

1112 333 1183 370 ὕδωρ
1199 335 1320 361 νιπτικὸν
1336 334 1390 360 τῶν
1400 335 1547 369 ὀμμάτων,
1566 335 1633 361 ἀλλὰ
1644 335 1730 362 πολλὰ
1743 336 1796 362 τῶν
1813 337 1894 363 τοιού-

1111 388 1165 406 των
1189 380 1292 407 ὑδάτων
1309 378 1376 406 εἶναί
1399 389 1464 415 φησι
1488 379 1523 406 τὰ
1548 379 1728 415 πληρώματα.
1745 381 1824 408 Ὅσαι
1844 382 1893 416 γάρ

1112 426 1179 452 εἰσιν
1195 426 1299 460 ἀρεταὶ,
1315 425 1446 456 τοσαύτας
1466 425 1519 460 χρὴ
1539 424 1588 456 τὰς
1603 424 1657 450 τῶν
1672 424 1824 458 καθαρσίων
1835 425 1892 452 ὑδά-

1111 480 1165 498 των
1181 471 1305 506 ἐννοῆσαι
1324 471 1425 506 πηγὰς,
1441 471 1475 497 δι’
1487 467 1524 497 ὧν
1537 471 1561 497 οἱ
1579 470 1712 505 ὀφθαλμοὶ
1725 471 1842 504 γίνονται
1854 471 1894 497 ἀεὶ

1112 517 1214 543 ἑαυτῶν
1224 516 1409 552 καθαρώτεροι
1419 528 1426 536 ·
1439 515 1493 543 οἷον
1505 516 1580 551 πηγὴ
1588 516 1635 543 τοῦ
1647 516 1794 552 καθαρσίου
1806 517 1894 548 ὕδατός

1111 563 1184 588 ἐστιν
1212 562 1228 596 ἡ
1261 561 1420 596 σωφροσύνη
1430 570 1437 576 '
1450 561 1517 595 ἄλλη
1532 561 1607 595 πηγὴ
1621 561 1729 595 τοιαύτη
1748 562 1764 595 ἡ
1775 569 1894 587 ταπεινο-

1112 607 1243 642 φροσύνη,
1260 608 1276 641 ἡ
1290 607 1467 642 ἁλήθεια,καὶ
1480 609 1496 642 ὴ
1508 607 1675 641 δικαιοσύνη,
1688 607 1734 633 καὶ
1748 608 1764 641 ἡ
1780 606 1891 641 ἀνδρεία,

1112 653 1185 687 καὶὴ
1200 652 1246 678 τοῦ
1264 652 1365 686 ἀγαθοῦ
1389 652 1530 687 ἐπιθυμία,
1548 652 1594 678 καὶ
1615 652 1689 687 ἡτοῦ
1711 651 1796 678 κακοῦ
1821 651 1894 678 ἁλλο-

1110 698 1231 732 τρίωσις.
1254 698 1345 724 Ταῦτα
1364 699 1410 724 καὶ
1426 697 1460 724 τὰ
1474 697 1584 724 τοιαῦτα
1603 697 1686 724 ὓδατά
1700 698 1771 723 ἐστιν
1786 698 1818 723 ὲκ
1834 698 1894 732 μιᾶς

1113 745 1162 778 μὲν
1183 743 1284 778 πηγῆς,
1299 744 1433 778 διαφόρων
1447 744 1475 770 δὲ
1497 743 1611 779 ῥείθρων
1628 744 1666 774 εἰς
1681 743 1708 769 ἒν
1720 743 1893 778 ἀθροιζόμενα

1113 789 1259 824 πλήρωμα,
1288 789 1320 815 δι’
1343 786 1381 815 ὧν
1409 790 1499 824 πάσης
1514 790 1545 815 ὲκ
1573 789 1674 820 πάθους
1693 789 1780 823 λήμης
1796 788 1894 822 γίνεται

1111 835 1166 865 τοῖς
1187 834 1336 869 ὀφθαλμοῖς
1351 834 1384 860 τὰ
1404 834 1550 869 καθάρσια.
1570 833 1638 859 Ἀλλ’
1662 834 1714 860 εἰσὶ
1741 833 1788 868 μὲν
1805 833 1849 859 ἐπὶ
1861 833 1895 859 τὰ

1111 879 1281 916 πληρώματα
1291 879 1345 906 τῶν
1357 879 1460 906 ὑδάτων
1481 880 1505 905 οἱ
1521 878 1664 913 ὀφθαλμοὶ,
1680 879 1703 904 οἱ
1717 878 1760 904 διὰ
1775 878 1823 912 τῆς
1833 878 1894 904 dxe-

1112 926 1251 962 ραιότητος
1265 925 1311 952 καὶ
1325 925 1442 956 ἀκακιας
1455 925 1514 956 ταῖς
1530 924 1703 959 περιστεραῖς
1715 923 1893 958 ὡμοιωμένου

1111 973 1222 1008 λουτρὸν
1234 973 1261 999 δὲ
1275 972 1367 1004 αὐτοῖς
1381 972 1411 998 τὸ
1424 972 1494 1006 γάλα
1508 972 1599 1007 φησιν,
1620 971 1705 1002 οὕτως
1715 971 1835 1002 εἰπόντος
1849 971 1893 997 τοῦ

1111 1019 1191 1053 λόγου
1201 1028 1208 1034 '
1221 1020 1262 1045 ὅτι
1278 1018 1461 1052 Λελουμέναι
1475 1018 1509 1044 ἐν
1521 1017 1657 1051 γάλακτι.
1673 1016 1789 1052 Πρέπων
1803 1016 1831 1043 δὲ
1842 1018 1895 1048 τοῖς

1110 1065 1240 1097 τοιούτοις
1253 1065 1373 1100 ὄμμασιν
1381 1064 1491 1095 ἔπαινος
1503 1065 1532 1090 τὸ
1542 1064 1580 1098 τῷ
1591 1063 1706 1097 γάλακτι
1712 1063 1762 1097 τὴν
1772 1063 1896 1096 τοιαύτην

1111 1111 1274 1147 περιστερὰν
1299 1110 1445 1146 λουομένην
1473 1108 1676 1144 ὲνωρατζεσθαι.
1711 1108 1824 1144 ’Δληθὴς
1844 1109 1897 1144 γάρ

1112 1159 1211 1193 ἐστινή
1226 1157 1274 1184 τοῦ
1288 1157 1422 1191 γάλακτος
1438 1156 1637 1192 παρατήρησις,
1665 1155 1705 1181 ὅτι
1726 1155 1806 1189 μόνον
1821 1154 1898 1180 τοῦτο

1111 1203 1238 1238 τοιαύτην
1254 1203 1309 1237 ἔχει
1323 1202 1371 1237 τὴν
1392 1202 1520 1237 ἰδιότητα,
1533 1201 1562 1228 τὸ
1578 1200 1614 1236 μὴ
1632 1199 1811 1234 ἐμφαίνεσθαι
1825 1200 1898 1234 αὐτῷ

1112 1249 1301 1280 εἴδωλόνιιτινος
1314 1248 1360 1274 καὶ
1372 1247 1507 1282 ὁμοίωμα.
1523 1246 1618 1272 Πάντα
1627 1245 1681 1280 γὰρ
1694 1245 1743 1271 ὃσα
1754 1245 1802 1279 τῆς
1813 1244 1898 1278 ὑγρᾶς

1111 1295 1168 1320 ἐστι
1187 1293 1304 1328 φύσεως,
1319 1292 1381 1319 καθ’
1392 1292 1538 1327 ὁμοιότητα
1554 1291 1608 1317 τῶν
1624 1290 1784 1325 κατόπτρων
1799 1289 1843 1316 διὰ
1852 1289 1899 1316 τοῦ

1110 1338 1181 1364 λείου
1204 1338 1254 1373 τῆς
1281 1336 1440 1371 ἐπιφανείας
1456 1336 1509 1363 τῶν
1529 1337 1558 1367 eg
1574 1335 1643 1362 αὐτὰ
1659 1335 1809 1369 βλεπόντων
1825 1336 1899 1362 ἀντι-

1111 1383 1252 1418 φαίνεσθαι
1264 1382 1466 1417 παρασκευάζει
1478 1381 1512 1408 τὰ
1532 1380 1703 1416 ὁμοιώματα.
1723 1381 1767 1406 Ἐν
1783 1380 1855 1415 μόνῳ
1871 1380 1900 1406 δὲ

1111 1430 1149 1465 τῷ
1168 1429 1283 1463 γάλακτι
1298 1429 1315 1464 ὴ
1336 1427 1447 1462 τοιαύτη
1476 1426 1646 1453 εἱδωλοποιῒα
1668 1425 1760 1461 χώραν
1772 1426 1822 1452 οὐκ
1833 1425 1898 1460 ἔχει.

1075 1492 1096 1520 c
1114 1472 1151 1502 Οὔ
1170 1475 1259 1510 χάριν,
1291 1473 1410 1504 τοιοῦτος
1427 1472 1480 1499 τῶν
1505 1471 1555 1506 τῆς
1579 1471 1741 1505 Ἐκκλησίας
1755 1470 1901 1505 ὀφθαλμῶν

1113 1524 1185 1548 ἐστιν
1199 1522 1213 1547 ὀ
1225 1520 1387 1551 τελεώτατος
1398 1519 1517 1549 ἔπαινος,
1531 1518 1561 1543 τὸ
1576 1518 1657 1553 μηδὲν
1673 1516 1857 1544 ἀνυπόστατόν
1870 1525 1900 1542 τε

1111 1567 1158 1594 καὶ
1177 1565 1384 1601 πεπλανημένον
1395 1564 1441 1591 καὶ
1457 1564 1570 1599 μάταιον
1591 1563 1669 1598 παρὰ
1681 1562 1731 1597 τὴν
1745 1562 1799 1589 τῶν
1816 1561 1902 1588 ὀντων

1111 1613 1239 1648 ἀλήθειαν
1259 1610 1435 1646 σκιογράφειν
1458 1610 1565 1640 ἑαυτοῖς
1580 1608 1612 1635 δι’
1637 1608 1757 1642 ἀπάτης,
1775 1607 1843 1634 ἀλλὰ
1855 1608 1902 1634 τὸν

1111 1658 1195 1689 ὅντως
1208 1657 1272 1684 ὄντα
1297 1657 1415 1692 βλέπειν,
1440 1655 1489 1687 τὰς
1512 1655 1541 1682 δὲ
1566 1654 1753 1689 ὴλητευμένας
1772 1655 1819 1681 τοῦ
1838 1654 1902 1689 τῇδε

1115 1704 1172 1739 βίου
1189 1703 1265 1738 ὄψεις
1281 1711 1311 1729 τε
1330 1702 1377 1728 καὶ
1400 1701 1548 1736 φαντασίας
1564 1701 1600 1736 μὴ
1617 1699 1828 1735 παραδέχεσθαι.
1851 1701 1903 1728 Διά

1113 1749 1192 1776 τοῦτο
1211 1748 1280 1783 πρὸς
1309 1747 1357 1782 τὴν
1374 1747 1547 1782 καθαρότητα
1561 1746 1616 1773 τῶν
1627 1745 1759 1780 ὀμμάτων
1785 1746 1838 1772 ὑπὸ
1853 1746 1904 1780 τῆς

1113 1795 1218 1826 τελείας
1251 1794 1340 1828 ψυχῆς
1364 1793 1394 1819 τὸ
1415 1793 1462 1819 τοῦ
1480 1792 1614 1827 γάλακτος
1638 1791 1750 1826 λουτρὸν
1780 1791 1902 1826 ἀσφαλὲς

1113 1841 1219 1876 ἐκρίθη.
1762 1842 1770 1847 “
1789 1872 1792 1874 η

1157 1898 1185 1924 '0
1201 1898 1222 1924 δ’
1242 1897 1340 1932 ἐφεξῆς
1354 1896 1440 1929 λόγος,
1457 1895 1538 1929 νόμος
1557 1893 1615 1919 ἐστὶ
1626 1894 1681 1924 τοῖς
1689 1893 1825 1926 ἐπαΐουσι,
1837 1893 1904 1928 περὶ

1114 1943 1132 1970 ἃ
1144 1944 1195 1979 χρὴ
1212 1943 1275 1974 τοὺς
1298 1941 1453 1976 ὀιρΟαλμοίις
1472 1939 1520 1974 τὴν
1535 1938 1653 1973 σπουδὴν
1672 1938 1754 1973 ἔχειν.
1767 1938 1906 1972 Καθήμε-

1113 1997 1162 2015 ναι
1179 1987 1243 2022 γὰρ,
1271 1987 1361 2022 φησὶν,
1375 1985 1424 2012 ἐπὶ
1440 1983 1619 2018 πληρώματα
1634 1983 1759 2010 ὑδάτων.
1778 1983 1834 2018 Τὴν
1850 1982 1906 2018 γὰρ

1113 2033 1224 2069 διηνεκῆ
1255 2031 1432 2068 προσεδρεὶαν
1458 2030 1508 2063 τῆς
1536 2029 1599 2064 περὶ
1624 2028 1658 2054 τὰ
1676 2028 1735 2055 θεῖα
1754 2028 1906 2064 μαθήματα

1114 2080 1251 2115 προσοχῆς
1272 2079 1286 2104 ὀ
1300 2076 1418 2107 τοιοῦτος
1431 2074 1587 2102 ὑποτίθεται
1603 2074 1691 2108 λόγος,
1703 2074 1736 2100 δι’
1748 2070 1785 2101 ὧν
1797 2074 1909 2100 ἐπαινεῖ

1076 2134 1100 2161 ι)
1114 2126 1178 2156 τοὺς
1190 2124 1325 2159 καθαροὺς
1340 2121 1494 2157 ὀφθαλμούς
1503 2129 1509 2136 ·
1528 2121 1575 2147 καὶ
1585 2121 1659 2156 ἡμᾶς
1669 2119 1812 2152 διδάσκων,
1828 2119 1910 2151 ὅπως

1111 2171 1144 2198 ἂν
1160 2170 1191 2196 τὸ
1204 2169 1269 2195 ῐδιον
1280 2168 1379 2199 κάλλος
1400 2167 1454 2193 τῶν
1479 2165 1625 2201 ὀφθαλμῶν
1646 2165 1838 2200 ἀναλάϐωμεν,
1861 2164 1910 2190 ἀεὶ

1112 2215 1332 2252 προσκαθήμενοι
1344 2214 1399 2244 τοῖς
1412 2212 1465 2238 τῶν
1474 2212 1578 2238 ὑδάτων
1588 2210 1766 2246 πληρώμασιν
1776 2210 1826 2241 ’ὡς
1834 2209 1863 2235 οἵ
1874 2218 1909 2243 γε

1115 2261 1208 2288 νιτολλολ¹
1232 2260 1285 2287 τῶν
1301 2261 1339 2291 εἰς
1357 2258 1512 2293 ὀφθαλμοὺς
1521 2257 1695 2292 τεταγμένων
1708 2256 1911 2287 καταλιπόντες

1113 2302 1144 2334 τδ
1153 2308 1207 2338 τοῖς
1217 2305 1346 2337 τοιούτοις
1356 2303 1520 2340 πληρώμασι
1538 2302 1735 2338 προσεδρεύειν,
1748 2303 1803 2332 τοῖς
1813 2301 1911 2328 Βαϐυ-

1115 2353 1219 2385 λωνίοις
1243 2353 1373 2387 ποταμοῖς
1390 2349 1609 2385 παρακάθηνται,
1623 2348 1789 2384 πληροῦντες
1806 2347 1859 2383 τὴν
1876 2348 1911 2374 ἐκ

1115 2401 1261 2437 προσώπου
1273 2400 1319 2426 τοῦ
1329 2398 1396 2425 Θεοῦ
1405 2397 1589 2432 γεγενημένην
1602 2396 1648 2422 ἐπὶ
1659 2395 1711 2422 τῶν
1719 2395 1850 2422 τοιούτων
1860 2404 1912 2422 κα-

1113 2447 1253 2482 τηγορίαν.
1263 2445 1332 2480 Ἐμὲ
1342 2444 1539 2479 ἐγκατέλιπον
1548 2443 1649 2477 πηγὴν
1661 2442 1771 2475 ὕδατος
1783 2441 1911 2475 ζῶντος,

1113 2492 1161 2519 καὶ
1167 2491 1286 2525 ὤρυξαν
1291 2490 1408 2522 ἑαυτοῖς
1412 2489 1546 2522 λάκκους
1552 2487 1868 2522 συντετριμμένους-,οἷ
1873 2488 1913 2514 οὺ

1113 2539 1258 2566 δύνανται
1275 2536 1417 2571 συνέχειν
1431 2534 1519 2568 ὕδωρ.
1534 2531 1708 2569 Μάθημαοῦν
1729 2533 1813 2564 ἐστιν,
1831 2532 1913 2563 ὅπως

1113 2585 1218 2620 γένοιτο
1242 2583 1274 2610 ἂν
1290 2582 1371 2613 καλὸς
1390 2580 1527 2616 ὀφθαλμὸς
1551 2579 1700 2615 ἐμπρέπων
1713 2587 1742 2604 τε
1760 2578 1808 2604 καὶ
1825 2578 1915 2612 ὲναρο

1117 2631 1205 2666 μόζων
1227 2629 1259 2664 τῇ
1279 2629 1366 2664 χρυσῇ
1391 2627 1505 2662 κεφαλῇ,
1521 2625 1550 2652 τὸ
1575 2622 1644 2651 εἶναι
1665 2624 1744 2651 αὐτὸν
1773 2623 1915 2658 ἀκέραιον

1117 2678 1165 2713 μὲν
1182 2675 1252 2704 κατὰ
1268 2675 1316 2711 τὴν
1337 2672 1511 2710 περιστερὰν,
1531 2671 1636 2706 ἀπλανῆ
1656 2679 1686 2697 τε
1705 2670 1751 2697 καὶ
1766 2667 1914 2702 ἀνεξαπάο

1115 2731 1198 2759 τητον
1210 2721 1279 2749 κατὰ
1295 2720 1344 2748 τὴν
1359 2719 1405 2747 τοῦ
1419 2718 1553 2752 γάλακτος
1570 2716 1659 2750 φύσιν,
1676 2714 1794 2752 μηδεμιᾷ
1814 2715 1917 2750 πλάνῃ

1919 2844 1940 2864 r’
