1978 3068
116 88 176 119 {Otii

590 85 624 112 IN
644 83 795 112 CANTICA
815 80 950 109 CANIIU.
972 79 1113 109 llOMlLlA
1130 81 1200 110 XIV.

1665 85 1735 115 108⁸1

115 147 165 174 τῶν
179 145 371 174 ἀνυποστάτων
385 144 617 181 φαντασιούμενον
626 154 633 162 ·
649 145 855 181 προσκαθῆσθαι
871 143 899 170 δὲ

962 139 1030 169 libus
1042 142 1170 171 immunis
1181 143 1227 175 sit,
1236 150 1251 170 ιι
1265 143 1341 171 nullo
1355 150 1446 172 rerum
1461 151 1516 172 non
1527 143 1735 173 subsistentium

116 192 156 219 διὰ
168 192 329 227 παραμονῆς
343 191 390 219 καὶ
409 191 585 227 προσεδρείας
598 192 653 223 τοῖς
670 190 834 227 πληρώμασι
845 190 898 216 τῶν

118 237 191 264 θείων
224 236 337 269 ὑδάτων,
363 236 425 263 καθ’
442 236 589 271 ὁμοιότητα
606 236 653 262 τοῦ
667 236 745 269 ξύλου
759 235 806 262 τοῦ
823 235 900 270 παρὰ

117 283 161 314 τὰς
170 281 302 314 διεξόδους
314 282 367 308 τῶν
386 282 489 308 ὑδάτων
504 281 707 317 πεφυτευμένου
722 283 769 308 καὶ
777 282 806 308 οὐ
822 281 900 316 μεθι-

119 329 259 364 σταμένου.
278 328 356 355 Οὕτω
375 328 429 364 γὰρ
451 328 493 354 ὅτε
514 328 621 363 καρπὸς
638 328 683 354 ἐπὶ
696 328 742 354 τοῦ
759 327 824 354 ἰδίου
840 336 901 354 καιφ

119 375 162 409 ροῦ
178 375 404 410 προῦληθήσεται,
417 376 465 402 καὶ
479 375 492 401 ὁ
507 374 603 406 κλάδος
617 375 744 410 ἀειθαλὴς
764 374 901 410 φυλαχθή-

119 428 191 447 σεται
205 421 237 456 τῇ
255 420 368 456 εὐχροίᾳ
384 420 438 446 τῶν
456 421 562 456 φύλλων
577 420 815 456 πρισοῦούμενος.
833 419 902 446 Νυνὶ

118 467 143 494 δὲ
155 466 208 493 τῶν
227 466 374 501 ὀφθαλμῶν
388 467 442 493 τῶν
461 467 651 503 πνευματικῶν
675 467 776 494 τούτων
798 467 902 494 ὑδάτων

118 511 339 546 καταμελοῦντες,
351 512 398 538 καὶ
410 511 460 546 τῆς
469 512 515 539 τοῦ
533 513 611 546 λόγου
627 512 805 548 προσεδρείας
816 512 902 548 μικρᾶ

118 556 318 592 φροντίζοντες,
334 557 392 592 ἤτοι
415 557 460 584 τὸν
486 558 535 592 τῆς
562 557 777 593 φιλοχρηματίας
798 558 903 588 ἑαυτοῖς

118 602 214 629 λάκκον
232 601 403 638 ὀρύσσουσιν,
421 602 437 638 ἢ
459 602 509 638 τὴν
529 603 681 636 κενοδοξίαν
695 603 869 638 λατομοῦσιν.
885 602 902 637 ἥ

118 647 164 683 τὴν
182 647 370 682 ὑπερηφανίαν
382 648 596 683 φρεωρυχοῦσιν,
607 648 623 684 ἢ
636 648 732 680 ἄλλους
746 648 821 680 τινὰς
838 648 904 675 λάκ·

119 703 179 726 κους
189 694 296 730 ἀπάτης
313 695 370 729 μετ’
388 695 545 730 ἐπιμελείας
557 695 727 731 ὀρύσσουσιν,
742 696 766 722 οἳ
784 695 904 730 συνέχειν

119 741 156 773 είς
172 741 201 767 τὸ
216 741 337 776 διηνεκὲς
353 741 382 767 τὺ
398 741 709 776 σωυδαζόμενοναὺτοῐς
721 741 802 777 ὕδωρ,
825 742 904 776 φύσιν

119 787 167 814 οὐκ
181 787 296 822 ἔχουσιν,
314 787 356 814 ἀεὶ
371 786 421 822 τῆς
431 783 482 814 ὧδε
505 787 587 823 τιμῆς
603 796 643 818 τε,
663 787 710 813 καὶ
733 787 902 819 δυναστείας,

120 832 164 858 καὶ
181 831 270 866 δόξης,
287 840 319 858 πε
325 831 350 866 ρ).
364 831 398 866 ἦν
413 832 486 858 ἐστιν
500 833 516 867 ἡ
530 832 631 867 σπουδὴ
643 834 697 864 τοῖς
709 832 824 864 πολλοῖς,
837 831 904 867 ὁμοῦ

119 877 156 914 τῷ
182 878 310 912 συστῆναι
336 877 524 912 διαρρεούσης,
545 878 591 904 καὶ
608 878 682 904 οὐδὲν
700 877 772 913 ἴχνος
787 878 836 913 τῆς
853 887 905 913 μα-

120 921 196 953 ταίας
213 922 331 956 σπουδῆς
357 923 386 948 ἐν
410 923 465 953 τοῖς
482 923 669 958 ἡπατημένοις
691 923 903 959 καταλιπούσης.

120 966 261 999 Τοιούτους
287 965 357 994 εἶναι
387 966 509 1001 βούλεται
530 969 593 999 τοὺς
607 968 727 1003 ὁρῶντας
745 977 773 994 τε
789 969 835 994 καὶ
851 970 906 994 ἑπι-

122 1013 286 1044 οκοποῦντας
307 1013 425 1047 ὀΛόγος,
439 1010 476 1040 ὧν
494 1014 546 1049 χρὴ
563 1013 762 1049 προϐεϐλῆσθαι
780 1014 838 1049 μὲν,
851 1012 906 1041 οἷόν

119 1066 178 1085 τινα
197 1058 305 1094 ὀφρύων
325 1058 480 1094 περιϐολὴν,
496 1059 544 1094 τὴν
564 1059 618 1085 τῶν
637 1059 716 1086 θείων
735 1060 907 1095 διδαγμάτων

119 1103 267 1138 ἀσφάλειαν
275 1113 282 1118 ·
293 1103 524 1131 ἐπικαλύπτεσθαι
532 1104 559 1130 δὲ
566 1106 599 1140 τῇ
614 1105 773 1141 σωφροσύνῃ
781 1105 907 1142 καθάπερ

119 1150 171 1176 τινὶ
186 1149 328 1186 βλεφάρων
353 1150 482 1186 περιϐολῇ
506 1150 536 1177 τὸ
556 1151 674 1187 καθαρόν
691 1160 721 1177 τε
737 1151 784 1177 καὶ
801 1151 906 1178 στίλϐον

119 1195 167 1229 τῆς
175 1194 324 1227 πολιτείας,
338 1196 442 1231 μήποτε
453 1196 528 1231 ἡτῆς
537 1197 650 1231 οἰήσεως
663 1196 740 1228 δοκὸς
751 1196 907 1232 ἐμπεσοῦσα

119 1239 157 1275 τῷ
171 1239 285 1274 καθαρῷ
299 1239 349 1274 τῆς
371 1240 466 1275 κόρης,
493 1240 618 1275 ἐμποδὼν
637 1241 749 1276 γένηται
778 1241 845 1275 πρὸς
858 1241 906 1275 τὴν

118 1288 221 1322 ὅρασιν.
235 1286 282 1317 Τίς
299 1286 328 1312 δὲ
345 1286 415 1313 κατὰ
439 1287 501 1318 τοὺς
516 1286 672 1321 ὀφθαλμοὺς
685 1287 739 1313 τῶν
756 1286 844 1320 μελῶν
860 1285 906 1312 τοῦ

120 1333 236 1367 νυμφίου
251 1332 325 1359 ἐστὶν
338 1334 352 1359 ὸ
366 1332 484 1365 ἔπαινος,
496 1333 524 1359 ὲν
532 1334 587 1365 τοῖς
601 1331 699 1368 ἑφεξῆς
711 1332 777 1359 Θεοῦ
793 1331 907 1363 διδόντος

120 1378 323 1413 ὲπελευσόμεοα
341 1387 348 1394 ·
382 1378 472 1413 χάριτι
505 1378 552 1405 τοῦ
581 1378 683 1414 Κυρίου
710 1377 788 1413 ἡμῶν
822 1377 908 1413 Ἰησοῦ

949 195 1042 216 errore
1053 189 1149 216 illusus
1163 197 1169 222 ;
1182 188 1299 224 denique
1311 194 1469 218 constanter
1477 194 1503 218 et
1511 190 1622 218 :tSsidue
1631 190 1736 219 divina-

950 243 1011 262 rum
1021 242 1153 270 aquarum
1163 235 1250 270 copiis
1261 235 1485 269 assideat,instar
1498 236 1562 271 ligni
1571 237 1643 272 quod
1652 245 1738 272 aqua-

951 289 1010 308 rum
1019 281 1051 308 ad
1060 281 1132 309 rivos
1140 281 1300 316 plautatum,
1307 289 1439 317 nusquam
1447 283 1506 310 loco
1515 291 1565 310 suo
1573 283 1736 310 dimovetur.

952 326 1000 354 Sic
1008 327 1081 354 enini
1099 331 1126 354 et
1146 327 1253 355 fructus
1269 335 1318 355 suo
1334 333 1455 362 tempore
1467 328 1633 363 proferetur,
1652 332 1679 356 ct
1691 335 1737 358 ηπ

951 373 988 399 ιιιί
1006 373 1144 408 eleganter
1155 373 1283 401 coloratis
1300 373 1371 401 loliis
1387 378 1518 408 perpetuo
1530 373 1657 402 florentes
1671 382 1738 402 con-

953 419 1146 452 scrvabuntur,
1176 427 1240 445 aura
1273 427 1320 446 eos
1346 419 1599 455 circquSIrepcute.
1617 420 1651 446 At
1666 427 1739 447 nunc

955 465 1080 500 plerique
1101 465 1172 491 oculi
1191 465 1347 499 spirituales
1366 466 1496 500 neglectis
1512 466 1591 500 aquis
1602 466 1689 497 hisce.
1708 473 1740 492 ac

953 510 1031 544 parvi
1051 509 1184 537 facientes
1203 510 1391 538 assiduitatem
1406 511 1433 538 in
1450 511 1534 539 verbo
1547 511 1604 544 Dei,
1621 511 1662 538 vel
1677 519 1741 538 ava-

954 555 1024 582 ritia:
1041 555 1092 583 sibi
1111 556 1198 582 lacum
1215 556 1330 587 fodiunt,
1346 557 1386 584 vel
1403 557 1429 583 in
1444 565 1520 584 vauze
1535 557 1630 592 glorim
1644 557 1741 592 lapici--

951 601 1024 629 dinis
1034 606 1187 634 versantur,
1221 603 1260 629 vel
1285 602 1312 629 in
1334 603 1468 636 superbia:
1481 607 1564 637 puteo
1587 602 1742 631 eﬂbdiendo

954 647 1089 681 laborant,
1104 649 1146 675 vel
1170 649 1237 675 alios
1259 648 1376 682 denique
1400 649 1476 676 lacus
1491 649 1594 677 erroris
1617 649 1742 677 studiose

956 691 1072 725 fodiunt,
1088 700 1203 727 quarum
1223 697 1320 719 natura
1341 693 1382 720 sic
1393 698 1551 728 comparata
1566 702 1622 721 non
1640 698 1691 726 est,
1712 697 1743 720 ut

955 744 1054 771 aquam
1077 738 1150 764 illam
1173 742 1314 773 tantopere
1332 743 1461 772 perpetuo
1478 736 1742 774 possint'expetitam

956 782 1215 817 contiuere,semper
1227 783 1308 817 hujus
1317 783 1377 810 vitae
1390 784 1742 819 honore,potenlia,gloria,

955 836 1024 864 quas
1037 836 1081 856 res
1094 829 1207 856 miriﬁce
1217 829 1294 856 multi
1307 834 1444 864 expetunt.
1463 837 1516 856 una
1542 837 1603 856 cum
1618 833 1679 856 ortu
1693 837 1744 857 suo

930 907 934 915 ἰ
955 874 1155 905 difﬂuentibus.
1171 875 1332 909 nullumque
1343 875 1486 909 vestigium
1501 875 1590 902 inanis
1605 882 1694 910 operae
1716 875 1743 902 in

955 921 1077 956 deceptis
1091 921 1319 956 relinquentibus.
1333 921 1413 948 Tales
1423 929 1488 957 ergo
1503 922 1561 948 vult
1574 929 1636 949 csse
1655 921 1746 957 inspe-

955 971 1047 994 ctores
1060 975 1092 994 ac
1106 967 1292 1002 speculatores
1303 966 1348 994 Dei
1363 967 1612 1002 Verbum,quorum
1624 967 1747 1002 superci-

957 1012 992 1040 lia
1007 1013 1125 1048 quodam
1142 1013 1213 1040 vallo
1236 1014 1340 1040 munita
1352 1013 1419 1045 sint,
1433 1013 1560 1040 nimirum
1591 1013 1746 1040 divinorum

957 1059 1114 1092 dogmatum
1137 1058 1301 1086 certitudine
1318 1066 1324 1083 :
1351 1058 1454 1093 quique
1469 1063 1560 1093 tegant
1580 1058 1745 1090 humilitate,

957 1105 1039 1132 veluti
1055 1104 1172 1139 quodam
1187 1105 1377 1139 palpebrarum
1393 1105 1508 1137 ambitu,
1526 1105 1587 1132 vitae
1601 1113 1658 1133 sua:
1673 1104 1748 1140 puri»-

960 1156 1042 1178 tatetn
1071 1158 1102 1178 ac
1119 1151 1302 1186 splendorem,
1319 1159 1354 1179 ne
1380 1151 1455 1188 trabs
1472 1152 1635 1186 arrogantia:
1651 1152 1685 1178 in
1702 1159 1749 1186 pu-

959 1197 1033 1232 pillre
1046 1197 1193 1232 puritatem
1209 1196 1316 1232 illapsa,
1331 1197 1401 1224 visui
1418 1197 1454 1224 sit
1468 1197 1672 1231 impedimento.
1689 1196 1748 1224 Cae-

961 1248 1048 1271 terum
1075 1250 1137 1278 qua:
1160 1246 1221 1277 post
1247 1243 1343 1270 oculos
1364 1240 1525 1270 ca'sterorum
1551 1241 1644 1276 sponsi
1664 1249 1750 1269 mem-

960 1289 1072 1317 brorum
1089 1289 1144 1317 sint
1168 1289 1305 1322 encomia,
1324 1289 1452 1324 deinceps
1472 1288 1529 1315 Deo
1544 1287 1625 1315 dante
1637 1294 1750 1323 percur-

961 1344 1054 1365 remus
1087 1346 1094 1363 :
1128 1335 1211 1371 idque
1261 1343 1310 1370 per
1345 1336 1459 1370 gratiam
1509 1334 1616 1362 Domini
1662 1334 1750 1361 nostri

961 1382 1024 1411 Jesu
1038 1383 1151 1416 Christi,
1167 1382 1212 1409 cui
1226 1386 1357 1409 aeternum
1383 1381 1468 1417 gloria
1485 1382 1630 1409 tribuatur.
1652 1380 1749 1408 Amen.

119 1423 249 1459 Χριστοῦ,
257 1420 279 1458 ᾧ
288 1424 305 1458 ὴ
316 1422 378 1456 δόξα
390 1425 430 1455 εἰς
440 1424 502 1456 τοὺς
508 1424 607 1456 αἰῶνας
615 1425 669 1451 τῶν
682 1424 795 1451 αἰώνων.
812 1424 906 1459 Ἀμήν.
953 1423 956 1427 ’

420 1470 540 1496 ΟΜΙΛΙΑ
557 1471 604 1497 LV.

1243 1471 1386 1500 HOMILIA
1401 1471 1469 1499 XlV‘

156 1514 297 1548 Σιαγόνες
311 1513 404 1541 αὺτοῦ
415 1515 455 1547 ὡς
467 1514 571 1549 φιάλαι
585 1515 638 1542 τοῦ
652 1515 804 1550 ἀρωματος
818 1498 906 1550 φύου-

997 1518 1063 1546 CAP.
1088 1526 1121 1550 v,
1141 1519 1159 1554 ᾖ
1172 1519 1218 1546 45.
1235 1498 1356 1546 dlaaillw
1376 1498 1457 1552 ipsius
1478 1523 1603 1553 tanquam
1623 1517 1752 1545 aromatis

121 1566 173 1586 σαι
182 1559 342 1594 μυρεψικά.
354 1560 447 1594 Χείλη
459 1560 552 1587 αὐτοῦ
562 1561 649 1594 κρίνα
658 1560 803 1591 στάζοντα
817 1562 911 1596 σμύρ-

120 1613 179 1631 ναν
199 1605 308 1639 πλήρη.
332 1605 432 1640 Χεῷες
449 1605 542 1633 αὑτοῦ
553 1606 687 1640 τορευταὶ
698 1627 705 1637 ,
721 1606 841 1640 χρυσαῖ,
858 1613 910 1633 πε-

102 1673 105 1675 .
122 1650 312 1685 πλῳωμέναι
329 1652 463 1686 Θαρσεῖς.
481 1651 587 1678 Κοιλία
607 1652 700 1678 αὐτοῦ
721 1652 832 1684 πυξίον
844 1652 910 1679 ἐλε-

122 1696 269 1730 φάντινον
283 1697 333 1723 ἐπὶ
352 1697 441 1724 λίθου
467 1698 644 1732 (Tanges/pou.
670 1697 787 1732 Κνῆμαι
819 1699 912 1725 αὑτοῦ

122 1743 231 1769 στύλοι
249 1743 446 1777 μαρμάρινα,
472 1743 712 1778 τεθεμενίιιυμέτόι
736 1743 784 1770 ἐπὶ
802 1744 914 1782 ,ϐάσεις

123 1787 252 1823 χρυσᾶς.
276 1787 366 1822 Εἶδος
382 1789 492 1820 αὐτοῦ,
512 1789 552 1822 ὡς
570 1790 699 1822 Λίϐανος
715 1789 859 1823 ἐκλεκτὸς
874 1790 913 1823 ὠς

123 1833 233 1867 κέδροι.
261 1833 380 1868 Φάρυγξ
393 1834 486 1861 αὐτοῦ
501 1835 670 1869 γλυκασμοὶ
690 1835 740 1862 καί
762 1835 833 1868 ὅλος
849 1836 914 1862 ἐπι-

123 1882 226 1915 θυμία.
247 1879 341 1913 οὗτος
352 1881 518 1915 ηὰδελφιδός
526 1891 596 1916 μου,
611 1882 659 1909 καὶ
678 1880 767 1916 οὗτος
781 1883 916 1916 πλησίοι·

121 1934 194 1960 μου,
210 1925 370 1959 θυγατέρες
388 1926 597 1961 Ἰερουσαλήμ.

166 1971 196 1998 '0
210 1970 249 2005 τῷ
262 1971 348 2007 ἀξύλῳ
366 1971 483 2005 γάλακτι
498 1973 606 2009 τρέφων
618 1973 649 2000 τὸ
661 1973 793 2009 νηπιάζον
806 1974 846 2001 ἔτι
865 1976 916 2011 τῆς

124 2016 317 2051 πνευματικῆς
340 2017 463 2052 ἡλικίας,
479 2019 577 2054 τροφὸς
600 2019 690 2051 καθώς
710 2028 792 2055 φησιν
808 2021 889 2053 αὐτὸς
902 2022 916 2047 ὁ

132 2060 308 2094 Ἀπόστολος,
319 2060 373 2088 τῶν
389 2063 540 2097 ἁρτιγενῶν
551 2063 580 2090 ἐν
590 2065 623 2099 τῇ
647 2064 793 2101 Ἐκκλησία
808 2066 917 2101 γινόμε-

125 2116 183 2139 νος·
195 2107 355 2142 ταμιεύεται
365 2108 410 2135 τὸν
422 2108 469 2144 τῆς
480 2109 576 2143 σοφίας
591 2110 673 2146 ἄρτον
684 2112 741 2143 τοῖς
751 2111 917 2139 τελειωθεῖσι

124 2153 198 2180 κατὰ
211 2153 256 2180 τὸν
270 2153 325 2180 ἔσω
338 2153 491 2190 ἄνθρωπον,
511 2155 604 2182 είπὼν·
621 2157 735 2190 Σοφίαν
754 2155 783 2183 δὲ
805 2159 917 2186 λαλοῦ-

125 2208 184 2233 μεν
191 2199 227 2226 ἐν
243 2199 305 2233 τοῖς
323 2200 464 2234 τελείοις-η·
478 2201 502 2227 οἳ
515 2201 558 2228 διὰ
576 2202 625 2237 τὴν
641 2203 695 2229 τῶν
720 2203 830 2237 ἀγαθῶν
845 2204 917 2232 διδα-

125 2243 242 2279 γμάτων
258 2244 313 2277 ἕξιν
335 2245 547 2281 γεγυμνασμένα
563 2245 670 2281 ἔχοντες
694 2247 728 2274 τὰ
751 2248 917 2285 αίσοητήρια

125 2289 177 2324 τῆς
187 2290 285 2327 ψυχῆς,
295 2290 342 2317 τοῦ
353 2291 437 2327 ἄρτου
449 2292 498 2327 τῆς
514 2292 609 2327 σοφίας
620 2293 818 2328 εὐπαράδεκτοι
831 2294 918 2329 γίνον-

126 2343 185 2366 ται,
200 2335 257 2366 τοῖς
272 2335 478 2364 λεπτοποιοῦσιν
492 2338 521 2365 ὲν
535 2339 591 2370 τοῖς
618 2338 708 2366 ὀδοῦσι
721 2339 768 2366 τὸν
778 2340 917 2376 λογισμὸν,

128 2380 255 2414 σιαγόνος
266 2381 295 2413 ἐς
303 2382 406 2417 τροφὴν
415 2383 620 2419 προσδεόμενοι·
633 2385 686 2421 χρὴ
697 2386 786 2414 τοίνυν
797 2384 865 2414 εἷναι
874 2388 921 2415 καὶ

129 2427 259 2461 σιαγόνας
273 2428 300 2453 ὲν
313 2428 351 2463 τῷ
364 2428 470 2464 σώματι
480 2430 598 2466 Χριστοῦ
611 2433 667 2463 τοῖς
679 2433 777 2467 μηκέτι
788 2434 922 2469 προσανέ-

128 2481 209 2508 χουσι
222 2475 255 2508 τῇ
268 2473 335 2509 θηλῇ
351 2473 398 2500 τοῦ
412 2475 499 2509 Λόγου
508 2485 514 2491 ·
535 2476 594 2503 ἀλλ’
608 2477 659 2513 ήδη
671 2478 722 2513 τῆς
737 2480 922 2516 στερεωτέρας

128 2518 269 2553 ἐφιέμενοι
277 2519 391 2554 τροφῆς,
407 2520 470 2555 περὶ
480 2517 518 2547 ὧν
528 2522 576 2549 νῦν
585 2524 703 2551 ποιεῖται
714 2524 814 2561 λόγονῆ
828 2525 921 2562 νύμφη

128 2563 250 2597 λέγουσα
272 2564 373 2596 οὕτως·
405 2566 547 2600 Σιαγόνες
561 2568 655 2595 αὐτοῦ
679 2570 719 2602 ὡς
735 2570 840 2604 φιάλαι
869 2571 922 2599 τοῦ

128 2607 286 2642 ἀρῶμαι-ος
298 2609 431 2644 φύουσαι
444 2612 607 2646 μιψεψικά.
629 2614 665 2641 Τὸ
684 2615 732 2650 μὲν
745 2614 791 2643 οὖν
807 2617 921 2644 ἀκολού-

130 2653 189 2700 οως
204 2653 280 2700 ,ἔχειν
297 2655 341 2682 τὸν
362 2656 430 2692 περὶ
452 2657 506 2683 τῶν
531 2659 663 2693 σιαγόνων
687 2661 765 2696 λόγον
783 2665 840 2696 τοῖς
857 2665 922 2700 περὶ

129 2698 180 2727 τὶν
198 2699 337 2736 ὀφθαλμὸν
353 2701 531 2738 θεωρηοεῖιτι,
550 2705 631 2732 παντὶ
653 2707 732 2742 δῆλον
754 2709 786 2736 ἂν
813 2710 855 2746 εἴη

175 2786 194 2800 ¹ί“
214 2787 296 2816 ilcbr.
319 2790 402 2824 ν,15.
442 2791 484 2819 ¹⁰Ι
499 2792 559 2820 Cor.
582 2801 611 2828 ιι,
628 2794 658 2824 6.

961 1565 1067 1600 phialae.
1075 1572 1133 1600 qua
1140 1565 1277 1599 proferunt
1286 1569 1426 1599 unguenta.
1436 1564 1526 1591 Labra
1541 1564 1597 1598 ejus
1607 1568 1668 1590 sunt
1681 1564 1750 1595 lilia,

962 1611 1123 1637 distillantia
1137 1611 1272 1645 myrrham
1285 1611 1398 1638 uberem.
1419 1611 1461 1637 H.
1478 1610 1574 1638 Manus
1585 1610 1660 1637 illius
1676 1610 1753 1638 torti-

964 1657 1011 1688 les,
1021 1656 1331 1690 uurea’,plean/tarsis.
1345 1657 1441 1684 Venter
1450 1657 1506 1691 ejus
1520 1657 1615 1684 tabella
1628 1657 1753 1689 eburnea,

963 1702 990 1729 in
1011 1701 1099 1735 lapide
1113 1702 1248 1735 sappltiro.
1275 1701 1318 1728 l5.
1333 1701 1419 1728 Crura
1439 1702 1513 1728 illius
1536 1702 1666 1728 columnae
1681 1710 1755 1728 mar-

964 1756 1069 1781 moreae,
1098 1747 1218 1782 fundata:
1247 1755 1325 1782 super
1348 1756 1444 1774 aureas
1469 1748 1554 1774 bases.
1585 1748 1628 1775 ιϐ.
1649 1747 1754 1781 Species

964 1795 1058 1829 ipsius,
1086 1798 1116 1820 ut
1141 1793 1238 1820 electus
1264 1793 1393 1824 Libanus,
1421 1798 1450 1820 ut
1473 1793 1553 1820 cedri.
1579 1793 1678 1820 Guttur
1696 1793 1754 1828 ejus

965 1841 1076 1868 dulcedo
1092 1849 1122 1867 ac
1135 1840 1173 1867 nil
1186 1840 1238 1867 nisi
1253 1839 1413 1867 desiderium
1429 1843 1479 1866 est;
1502 1839 1553 1866 Hic
1569 1844 1609 1866 est
1626 1844 1754 1874 cognatus

966 1895 1050 1920 meus,
1065 1892 1090 1914 et
1104 1887 1147 1914 hic
1161 1887 1296 1921 proximus
1309 1894 1392 1920 meus,
1410 1886 1475 1921 ﬁlia:
1487 1885 1647 1913 Jerusalem.

1002 1978 1053 2012 Qui
1079 1979 1150 2006 lacte
1178 1978 1295 2013 simplici
1326 1977 1457 2013 puerilem
1486 1977 1575 2005 adhuc
1603 1977 1756 2013 spiritualis

967 2025 1055 2053 aetatis
1081 2024 1253 2052 teneritatem
1272 2023 1320 2050 alit
1333 2024 1366 2056 ",
1385 2023 1531 2051 infantium
1549 2024 1594 2058 (ut
1610 2023 1757 2058 Apostolus

969 2069 1103 2105 loquitur)
1123 2069 1151 2096 in
1166 2068 1288 2097 Ecclesia
1303 2068 1439 2101 nutritor,
1462 2068 1486 2096 is
1503 2076 1599 2104 panem
1617 2068 1757 2103 sapientiae

969 2115 1097 2150 perfectis
1116 2114 1267 2143 secundum
1286 2114 1423 2141 hominem
1443 2114 1599 2141 interiorem
1623 2117 1756 2141 reservat.

971 2161 1017 2189 Sic
1043 2161 1114 2188 enim
1140 2160 1241 2188 Paulus
1267 2160 1323 2187 ait:
1353 2159 1516 2194 Sapientiam
1537 2159 1669 2194 loquimur
1688 2159 1758 2186 inter

970 2206 1098 2241 perfectos
1110 2206 1151 2229 ὀε
1171 2205 1301 2232 nimirum
1318 2204 1364 2239 qui
1381 2207 1493 2240 propter
1514 2203 1647 2236 habitum,
1677 2210 1758 2237 quem

971 2252 998 2279 in
1018 2251 1153 2279 audienda
1177 2251 1247 2278 bona
1273 2250 1399 2278 doctrina
1423 2254 1487 2278 sunt
1505 2249 1636 2281 assecuti,
1661 2256 1760 2277 sensus

970 2297 1053 2325 animi
1069 2297 1233 2325 exercitatos
1248 2296 1366 2324 habent:
1385 2300 1414 2323 ut
1438 2295 1518 2323 facile
1537 2303 1633 2331 panem
1651 2295 1759 2330 sapien-

974 2343 1018 2371 tite
1035 2343 1158 2378 recipere
1184 2343 1302 2378 possint,
1333 2349 1395 2369 cum
1422 2341 1457 2369 ad
1478 2342 1604 2369 alendum
1631 2349 1700 2377 opus
1724 2341 1762 2369 sit

973 2390 1055 2417 etiam
1069 2389 1190 2421 maxilla,
1208 2396 1268 2423 quae
1278 2388 1516 2416 ratiocinationqu
1530 2387 1657 2416 dentibus
1668 2387 1761 2415 cibum

974 2435 1047 2462 hunc
1065 2434 1244 2462 comminuat.
1281 2434 1452 2469 Quapropter
1468 2438 1495 2461 et
1518 2433 1643 2461 maxillas
1659 2433 1685 2460 in
1701 2440 1763 2460 eor-

972 2489 1039 2518 pore
1051 2481 1151 2509 Christi
1168 2489 1229 2509 esse
1243 2488 1357 2508 necesse
1374 2484 1415 2508 est
1440 2480 1474 2508 iis
1493 2480 1539 2515 qui
1560 2487 1614 2507 non
1644 2479 1762 2515 amplius

973 2527 1081 2564 papilla).
1098 2527 1179 2555 Verbi
1198 2526 1347 2557 adhwrent.
1364 2525 1412 2553 sed
1425 2526 1516 2553 cibum
1532 2526 1587 2560 jam
1603 2526 1761 2553 solidiorem

974 2577 1115 2609 expetunt,
1133 2573 1166 2601 de
1182 2573 1282 2608 quibus
1297 2579 1371 2600 nunc
1385 2578 1486 2608 sponsa
1500 2572 1623 2607 loquitur
1641 2572 1668 2598 in
1686 2571 1763 2597 hisce

974 2620 1083 2648 verbis:
1110 2619 1232 2646 Maxilla!
1255 2619 1339 2654 ipsius
1365 2623 1491 2654 tanquam
1510 2618 1640 2645 aromatis
1663 2616 1762 2651 phiala:

977 2674 1034 2701 qum
1049 2667 1185 2701 proterunt
1201 2669 1344 2700 unguenta.
1371 2664 1515 2692 Enimvero
1533 2671 1645 2699 poscere
1664 2662 1763 2691 seriem

977 2711 1074 2747 ipsam,
1098 2716 1126 2739 ut
1145 2711 1178 2740 de
1193 2710 1312 2739 maxillis
1325 2710 1444 2744 dicatur,
1463 2710 1550 2738 oculis
1562 2709 1618 2744 jam
1638 2708 1762 2737 conside.
