1978 3068
243 98 314 132 106$

860 97 888 125 S.
910 96 1072 126 GREGORII
1089 95 1249 133 NYSSENII
1278 100 1280 109 '

1752 108 1753 113 η
1802 95 1868 124 ιυθι

242 165 321 197 ratis,
339 161 427 190 cuivis
441 169 503 189 esse
517 160 691 196 perspicuum
707 159 836 192 arbitror,
852 160 898 195 qui
913 160 1028 195 pruden-

1083 158 1202 189 συνετῶς
1223 157 1354 184 ἐπαΐοντι.
1373 156 1422 183 Διὰ
1439 155 1518 182 τοῦτο
1537 156 1590 190 γὰρ
1605 155 1657 190 χρὴ
1672 153 1717 181 τδν
1733 154 1870 190 ὀφθαλμιῖην

243 215 286 236 ter
309 209 366 235 haec
389 207 474 235 audit.
495 206 562 234 Nam
585 211 726 242 propterea
741 206 821 233 debet
840 205 874 232 ad
897 212 1029 240 aquarum

243 253 427 288 spiritualium
451 252 558 288 copiam
584 251 709 279 assidens
727 251 833 283 oculus,
860 250 961 278 erroris
983 258 1030 277 ex-

243 302 319 332 perte
335 305 367 324 ac
390 297 502 324 minime
518 296 692 324 fraudulento
716 296 785 323 lacte
808 295 904 327 lavari,
933 295 1030 322 similis

243 342 333 368 factus
350 341 483 368 columbae
497 341 624 376 simplici,
645 345 674 367 ut
690 348 800 367 suorum
818 340 949 366 bonorum
966 346 1029 373 par-

244 387 341 422 ticipes
357 387 452 414 reddat
466 394 562 414 omnes
591 387 636 422 qui
656 387 688 412 ad
706 385 835 412 Ecclesiae
849 392 948 419 corpus
969 392 1030 418 per-

243 434 340 460 tinent.
359 433 397 459 Ea
417 433 451 460 de
465 440 547 460 causa
565 440 678 466 magnus
707 432 788 458 etiam
806 431 889 458 Isaias
903 439 965 459 eum
984 433 1029 466 qni

243 480 298 506 vita
315 487 363 507 sua
378 480 433 514 jam
449 479 592 506 sublimem
607 479 633 505 in
649 483 766 505 montem
783 478 936 506 ascenderit
957 479 1030 506 clara

243 533 310 552 voce
328 525 446 552 clamare
459 524 546 559 jubet,
566 528 596 551 ut
615 531 646 550 ex
665 524 724 558 ipso
741 529 908 558 cognoscant
923 524 1030 551 audito-

230 573 288 596 ‘res
315 570 506 596 adventantem
532 576 594 595 eum
621 568 719 595 rolwre
738 566 892 599 Dominum,
912 571 939 594 et
964 567 1030 594 illud

243 615 332 650 ipsum
352 614 493 642 brachium
525 613 597 648 quod
611 620 672 640 cum
696 615 831 648 potestate
846 616 944 640 creatis
962 620 1031 647 pra:-

243 664 285 687 est
304 663 481 695 cognoscant,
509 666 570 686 eum
588 658 634 693 qni
653 666 760 693 gregem
778 659 875 694 pascit,
900 664 927 686 et
945 665 1031 693 agnos

242 706 356 741 colligit.
384 713 415 732 ac
431 713 479 740 per
497 712 559 740 spes
578 705 664 731 bonas
680 704 788 739 egregie
818 704 887 731 fetas
910 704 1031 731 oviculas

242 754 413 783 consolatur,
430 752 476 786 qui
490 752 579 786 palmo
601 752 700 778 ccclum
717 751 917 786 complectitur,
933 757 960 778 et
974 755 1029 777 ter-

243 806 300 825 ram
326 797 483 824 universam
508 804 598 831 pugno
617 796 803 830 constringit:
834 796 934 830 quibus
962 795 1031 822 adde

241 847 341 870 cmtera
371 849 540 877 quacunque
567 842 635 868 liber
659 841 702 868 hic
725 841 863 875 propheta:
900 844 1031 875 praeterea

241 891 437 916 commemorat
454 887 491 914 illi
510 887 681 922 praedicanda
711 887 757 921 qni
779 886 880 913 montis
902 887 1031 914 verticem

241 933 443 960 conscenderit.
467 932 558 965 Quare
572 933 597 959 si
623 939 682 959 eam
704 932 790 967 ipsam
811 931 846 958 ob
860 939 972 959 causam
990 932 1031 959 vis

242 985 375 1012 aquarum
392 982 419 1005 et
435 977 515 1004 lactis
532 977 666 1012 contingit
685 977 774 1004 oculis
793 976 825 1003 ad
846 977 968 1004 veritatis
984 984 1031 1005 co-

241 1024 403 1058 gnitionem,
427 1027 502 1051 recte
525 1028 607 1057 atque
628 1023 724 1050 ordine
744 1023 894 1050 secundum
909 1030 956 1056 eos
971 1031 1031 1049 ma-

241 1069 312 1096 xillae
329 1069 487 1100 laudantur.
513 1076 629 1103 quantm
653 1075 754 1095 munus
769 1074 811 1095 est
833 1069 1030 1096 nulrimentum

240 1115 438 1146 comminuere,
461 1122 515 1150 quo
539 1114 663 1150 corporis
685 1114 724 1141 vis
740 1121 771 1140 ac
790 1117 889 1141 natura
920 1121 1032 1142 conser-

241 1164 331 1187 vatur.

280 1206 427 1234 Videamus
440 1214 505 1242 ergo
522 1213 639 1241 quanam
652 1206 680 1233 in
694 1213 724 1233 re
741 1205 793 1233 sita
808 1205 845 1233 sit
859 1206 1029 1234 maxillarum

240 1251 312 1279 laus.
327 1252 476 1279 Audiamus
499 1251 584 1286 ipsam
607 1259 747 1286 sponsam,
764 1252 919 1287 cuiusmodi
940 1251 974 1279 de
990 1253 1029 1280 eis

239 1301 446 1325 commemoret.
480 1297 602 1324 Maxilla:
632 1298 716 1332 ipsius
748 1302 873 1332 tanquam
903 1299 1029 1325 aromatis

239 1343 347 1377 phiam,
365 1351 423 1378 qua’
434 1343 571 1377 proferunt
583 1347 728 1377 unguenta-
742 1342 847 1375 Quibus
862 1342 888 1369 in
904 1343 993 1370 verbis
1005 1344 1028 1370 si

240 1389 346 1423 species
373 1389 419 1416 illa
446 1389 606 1423 poculorum
636 1388 729 1422 patula
750 1395 797 1422 per
821 1388 1027 1422 appellationem

240 1434 338 1468 phialae
355 1433 534 1469 signiﬁcatur,
549 1441 609 1468 quae
628 1434 663 1460 ita
678 1433 800 1461 confecta
820 1437 871 1466 est,
891 1438 921 1460 nt
939 1434 1028 1461 omnis

241 1479 400 1506 concavitas
416 1479 495 1513 quasi
516 1478 609 1505 furtim
626 1486 686 1505 sese
698 1478 832 1506 subducat
850 1478 948 1511 oculis,
965 1486 1026 1505 cum

241 1525 327 1559 ﬁgura
349 1524 408 1558 ejus
430 1531 484 1551 non
505 1524 586 1550 nimis
612 1523 746 1559 profunda
766 1524 811 1556 sit,
840 1531 927 1558 neque
947 1532 976 1551 se
1000 1524 1028 1551 in

240 1574 344 1597 rectum
361 1569 438 1603 quasi
461 1569 610 1603 resupinet,
629 1576 683 1595 non
704 1572 831 1596 accurate
845 1576 965 1596 concava
986 1570 1024 1597 vi-

240 1614 347 1646 deatur,
361 1622 448 1649 neque
463 1615 542 1649 plana
556 1623 564 1648 ;
585 1613 608 1641 si
625 1621 690 1649 ergo
704 1614 783 1641 talem
799 1615 958 1649 poculorum
971 1623 1029 1650 spc-

240 1661 310 1688 ciem
326 1667 428 1695 sponsa
446 1668 494 1695 per
507 1660 624 1694 phialam
641 1659 783 1694 intelligit:
803 1661 932 1687 nimirum
948 1668 1030 1695 pecn-

241 1705 318 1732 liaris
334 1704 457 1740 quaedam
472 1705 524 1732 erit
537 1705 615 1736 ratio,
632 1705 806 1740 quamobrem
828 1705 862 1732 ab
877 1705 928 1732 hac
944 1705 1027 1740 ﬁgura

241 1751 359 1778 maxillas
377 1751 532 1778 laudentur.
556 1750 624 1777 Nam
646 1751 736 1778 dicere
762 1752 860 1786 poterit
882 1752 1028 1787 quispiam,

240 1798 268 1826 in
284 1798 477 1833 praedicatione
491 1797 674 1832 simplicitatis
688 1797 820 1825 doctrinae
833 1799 911 1833 quasi
932 1799 1029 1833 patulae

240 1843 406 1878 minimeque
422 1843 603 1871 fraudulenta:
631 1844 796 1871 mentionem
813 1844 911 1879 phialae
930 1844 1028 1871 laetam

240 1895 319 1916 esse:
340 1889 367 1915 in
391 1896 444 1924 qua
464 1889 544 1916 vetita
560 1887 732 1923 profunditas
751 1896 764 1915 a
781 1889 915 1924 Propheta
939 1889 1028 1917 locum

242 1933 343 1960 habere
359 1942 412 1960 non
431 1938 530 1969 potest,
546 1941 607 1960 cum
622 1934 673 1960 ait:
692 1934 796 1968 Eripiat
812 1935 846 1961 ab
862 1935 894 1962 iis
909 1935 954 1969 qui
969 1935 1029 1962 ode-

240 1984 303 2006 runt
319 1988 369 2013 me,
390 1984 414 2006 et
433 1988 466 2007 ex
478 1981 554 2015 aquis
568 1980 707 2015 profundis
720 1981 752 2008 ²¹.
770 1981 862 2015 Itaque
876 1981 1027 2014 veritatem,

241 2034 302 2061 qua:
314 2027 341 2053 in
355 2026 531 2060 simplicitate
548 2028 674 2062 patescit,
685 2027 789 2062 absque
796 2026 1028 2055 ultafraudulenta

241 2072 422 2105 coneavitate,
445 2080 493 2108 per
506 2080 600 2100 vocem
622 2073 718 2108 phialae
735 2073 882 2108 signiﬁcari
898 2073 1028 2106 dicimus,

240 2117 320 2151 cujus
345 2116 453 2152 quidem
477 2117 606 2145 materies
630 2117 665 2144 sit
689 2124 791 2149 aroma,
819 2125 918 2145 munus
938 2121 1027 2144 autem

242 2163 362 2198 proferre
375 2168 525 2198 unguenta.
538 2163 654 2191 Maxillze
669 2163 766 2198 ipsius,
785 2163 884 2198 inquit,
899 2169 1025 2199 tanquam
1044 2177 1064 2204 ο

241 2209 372 2236 aromatis
388 2209 495 2244 phialae,
517 2216 573 2237 non
596 2217 629 2236 ex
647 2213 760 2244 argento
779 2209 866 2241 factm,
890 2210 933 2236 vel
950 2217 1026 2241 auro,

243 2255 282 2282 vel
300 2255 381 2287 vitro,
402 2256 443 2282 vel
457 2255 510 2282 alia
523 2256 650 2290 quapiam
665 2255 820 2290 hujnsmodi
841 2255 963 2289 materie,
981 2255 1026 2283 sed

241 2300 302 2334 ipso
318 2309 351 2328 ex
367 2305 498 2334 aromate,
516 2301 588 2335 quod
608 2301 653 2328 illa
672 2301 792 2335 proferat
811 2301 844 2328 de
863 2301 962 2336 quibus
978 2309 1028 2328 nn-

227 2350 340 2385 ’guenta
359 2350 499 2380 parantur.
514 2346 602 2381 Atque
617 2354 648 2373 ex
665 2347 707 2373 his
723 2347 779 2381 jam
791 2346 864 2373 haud
885 2347 967 2374 dubie
979 2347 1028 2373 ho-

243 2398 302 2417 rum
328 2391 472 2418 verborum
495 2391 629 2418 sententia
655 2391 797 2426 perspicua
813 2396 870 2420 est:
897 2392 1026 2419 nimirum

239 2443 302 2463 esse
319 2436 458 2470 proprium
475 2435 551 2470 puris
564 2436 693 2463 Ecclesia:
709 2437 806 2469 oculis,
824 2441 853 2464 ut
868 2437 947 2464 talem
966 2445 1027 2464 cor-

241 2481 300 2515 pori
312 2481 402 2508 cibum
416 2485 579 2515 praeparent,
593 2489 640 2516 per
654 2482 779 2509 maxillas
790 2482 991 2509 comminuendi
1002 2482 1025 2508 vi

240 2527 384 2562 pmditas,
401 2534 455 2561 quo
469 2527 536 2554 nihil
550 2527 712 2561 profundum
727 2535 757 2554 ac
774 2528 860 2554 latens
876 2528 902 2555 in
921 2528 953 2554 iis
966 2535 1025 2562 quze

240 2573 370 2600 dicuntur
385 2572 580 2606 conspiciatur,
602 2573 649 2600 sed
669 2572 759 2599 omnia
778 2573 833 2600 sint
848 2572 978 2605 dilucida,
994 2572 1026 2599 li-

241 2618 315 2650 bera,
331 2617 366 2645 ab
384 2617 458 2644 omni
473 2617 647 2646 fraudulenta
659 2618 841 2646 occultatione
859 2625 890 2644 ac
909 2617 1024 2652 profutu-

240 2664 325 2691 ditate
338 2659 473 2698 sepaﬁala,
490 2663 526 2690 ita
547 2668 576 2690 ιιι
591 2664 682 2699 pueris
695 2663 776 2692 etiam
797 2663 940 2691 manifesta
957 2664 1022 2695 sint,

243 2709 468 2744 quemadmodum
485 2712 565 2741 Vates
581 2711 626 2744 ait,
656 2710 846 2738 Testimonium
864 2709 970 2737 Domini
986 2713 1024 2737 est

276 2798 296 2814 “
315 2797 386 2826 Psal.
399 2805 494 2833 vanl,
510 2798 552 2825 15,

1079 204 1118 239 τῷ
1143 204 1306 239 πληρώματι
1332 203 1387 229 τῶν
1419 202 1613 238 πνευματικῶν
1644 201 1748 228 ὑδάτων
1785 209 1865 237 προσ-

1080 249 1223 285 εδρεύοντα
1235 249 1273 285 τῷ
1286 249 1401 276 ἁπλανεϊ
1409 257 1438 275 τε
1451 249 1498 275 καὶ
1506 247 1591 283 ἀδόλῳ
1599 246 1724 273 λούεσθαι
1735 246 1866 281 γάλακτι,

1079 297 1111 331 τῇ
1137 296 1233 330 ὰκάκῳ
1267 295 1414 330 περιστερᾷ
1441 293 1628 329 ὁμοιούμενον,
1653 292 1698 319 ἵνα
1724 293 1865 322 κοινωνοὺς

1080 343 1179 378 ποιήσῃ
1195 341 1250 368 τῶν
1273 342 1344 368 ίδίων
1368 341 1478 375 ἀγαθῶν
1492 340 1596 371 πάντας
1618 339 1681 370 τοὺς
1701 340 1729 370 ἐς
1743 339 1773 365 τὺ
1789 339 1865 373 σῶμα

1081 386 1273 419 συντελοῦντας
1291 387 1340 421 τῆς
1355 384 1528 422 Ἐκκλησίας.
1547 381 1584 412 Οὗ
1596 385 1676 420 χάριν
1689 384 1736 411 καί¹
1752 385 1766 410 6
1782 383 1865 418 μέγας

1087 433 1218 463 Ἡσαΐας,
1235 432 1281 458 τὸν
1302 432 1348 457 ext
1369 431 1399 458 τὸ
1422 431 1484 466 ὅρος
1494 429 1533 457 “ab
1556 430 1657 465 ὑψηλὸν
1674 429 1811 456 ἀναϐάντα
1823 429 1865 455 διὰ

1081 477 1130 512 τῆς
1149 477 1284 508 πολιτείας
1308 476 1371 512 βοᾷν
1391 476 1576 503 διακελεύεται
1599 476 1714 511 λαμπρᾷ
1727 476 1761 510 τῇ
1780 475 1863 509 φωνῇ,

1082 521 1153 548 ὥστε
1174 522 1274 556 γνῶναι
1295 522 1328 548 δι’
1353 521 1434 548 αὑτοῦ
1459 521 1521 552 τοὺς
1543 521 1708 551 ἀκούοντας,
1726 519 1772 546 τὸν
1798 520 1864 555 μετὰ

1084 567 1176 602 ίσχύος
1196 564 1342 603 ἐρχόμενον
1356 567 1466 602 Κύριον,
1485 567 1531 593 καὶ
1548 566 1593 592 τὸν
1611 565 1801 598 ὲξουσιάζοντα
1813 565 1865 592 τῶν

1081 613 1164 640 ὅντων
1180 614 1308 649 βραχίονα
1317 634 1324 646 ,
1341 613 1385 640 τὸν
1397 613 1573 647 ποιμαίνοντα
1583 613 1612 638 τὺ
1629 612 1752 647 ποίμνιον
1767 612 1846 638 αὐτοῦ
1856 632 1863 643 ,

1081 660 1128 685 καὶ
1141 661 1204 691 τοὺς
1218 660 1303 694 ἄρνας
1320 659 1470 692 συνάγοντα
1482 679 1489 690 ,
1505 659 1552 685 καὶ
1571 658 1620 690 τὰς
1635 658 1725 689 καλῶς
1751 658 1795 684 διὰ
1811 658 1865 684 τῶν

1082 704 1191 736 ἀγαθῶν
1219 705 1334 731 ἐλπίδων
1364 704 1550 739 κυοφορούσας
1577 703 1800 738 παρακαλοῦντα,
1821 703 1864 728 τὸν

1081 751 1236 785 διειληφότα
1260 751 1306 777 τὸν
1328 751 1442 786 οὐρανὸν
1468 751 1605 785 σπιθαμῇ.
1636 749 1682 776 καὶ
1706 750 1794 775 πᾶσαν
1819 749 1866 784 τὴν

1082 797 1133 831 γῆν
1146 796 1225 831 δρακὶ
1235 797 1450 831 περισφίγγοντα
1461 805 1467 811 ·
1484 796 1530 822 καὶ
1542 796 1591 822 ὅσα
1606 795 1673 822 ἄλλα
1686 795 1754 830 πρὸς
1764 794 1866 825 τούτοις

1081 843 1097 876 ἡ
1127 841 1279 876 προφητεία
1304 841 1370 876 φησὶ
1392 841 1446 868 δεῖν
1473 841 1547 876 παρὰ
1564 840 1611 867 τοῦ
1637 841 1687 876 τῆς
1713 839 1866 876 ἀκρωρείας

1081 887 1276 920 mammae;
1299 887 1494 924 κηρύσσεσθαι.
1522 887 1553 913 Ei
1577 887 1665 913 τοίνυν
1690 886 1737 912 ἐπὶ
1767 886 1866 914 τούτων

1082 933 1184 967 γίνεται
1205 934 1260 964 τοῖς
1277 932 1428 968 ὀφθαλμοῖς
1444 933 1461 968 ὴ
1483 933 1515 959 ὲκ
1529 932 1582 958 τῶν
1598 932 1702 958 ὑδάτων
1715 940 1743 958 τε
1760 932 1807 958 καὶ
1821 931 1866 958 τυῦ

1081 978 1215 1012 γάλακτος
1226 978 1339 1014 δύναμις
1356 978 1424 1014 πρὸς
1439 979 1488 1014 τὴν
1500 979 1550 1013 τῆς
1566 978 1693 1013 ἀληθείας
1709 977 1866 1012 ἐπίγνωσιν,

1081 1025 1234 1058 ἀκολούθως
1255 1025 1426 1052 ἐπαινοῦνται
1451 1025 1508 1061 μετ’
1532 1025 1653 1056 ἐκείνους
1674 1024 1702 1050 αἱ
1727 1024 1866 1058 σιαγὸνες,

1080 1066 1117 1096 ὧν
1134 1070 1214 1104 ἔργον
1227 1071 1285 1097 ἐστὶ
1299 1071 1329 1097 τὸ
1339 1071 1510 1097 λεπτοποιείν
1521 1070 1570 1106 τὴν
1583 1070 1686 1105 τροφὴν
1703 1070 1735 1096 δι’
1746 1067 1780 1105 ἦς
1792 1071 1808 1105 ἠ
1821 1069 1866 1096 τοῦ

1082 1115 1208 1151 σώματος
1222 1118 1395 1151 συντηρεῖται
1407 1116 1486 1150 φύσις
1503 1116 1550 1142 καὶ
1566 1115 1691 1151 δύναμις.

1119 1207 1232 1243 Ίδωμεν
1246 1209 1335 1234 τοίνυν
1346 1209 1374 1235 ὲν
1387 1208 1440 1234 τίνι
1451 1207 1506 1234 τῶν
1524 1208 1655 1242 σιαγόνων
1665 1207 1738 1234 ἐστὶν
1756 1208 1770 1233 ὁ
1789 1206 1865 1233 ἔπαι-

1080 1263 1124 1286 νος
1138 1255 1232 1290 αὐτῆς.
1254 1255 1426 1290 Ἀκούσωμεν
1440 1254 1490 1289 τῆς
1504 1254 1623 1290 νύμφης,
1638 1251 1681 1280 οἷα
1695 1251 1760 1289 περὶ
1776 1253 1864 1279 αὐτῶν

1080 1301 1257 1336 διεξέρχεται.
1282 1301 1425 1335 Σιιιγόνες
1445 1300 1556 1332 αὐτοῦ,
1581 1300 1678 1334 φησιν,
1697 1300 1736 1332 ὠς
1761 1300 1866 1334 φιάλαι

1079 1348 1132 1374 τοῦ
1148 1347 1315 1382 ἀρώματος,
1333 1347 1464 1380 φύουσαι
1480 1345 1643 1380 μιιρεψικά.
1659 1345 1689 1371 Et
1704 1344 1734 1370 τὸ
1747 1344 1866 1380 διηπλω·

1081 1394 1161 1428 μένον
1187 1392 1240 1419 τῶν
1265 1392 1438 1426 ἐκπωμάτων
1458 1388 1527 1422 εἶδος
1550 1392 1564 1417 6
1580 1391 1657 1424 λόγος
1682 1390 1808 1425 σημαίνει
1829 1390 1868 1425 τῷ

1080 1439 1128 1474 τῆς
1148 1439 1246 1474 φιάλης
1263 1438 1391 1472 ὀνόματι,
1407 1438 1435 1464 ἐν
1449 1433 1472 1471 ᾧ
1493 1437 1639 1463 κλέπτεται
1655 1436 1698 1462 διὰ
1717 1436 1766 1471 τῆς
1781 1445 1868 1463 καται-

1081 1485 1179 1519 σκευῆς
1206 1485 1222 1519 ἡ
1247 1483 1388 1518 κοιλότης,
1416 1483 1477 1509 οὒτε
1505 1482 1574 1515 ἄγαν
1606 1481 1787 1517 βαθυνομένου
1822 1482 1868 1508 τοῦ

1081 1529 1234 1564 σχήματος,
1256 1527 1318 1555 οὕτε
1341 1528 1376 1554 δι’
1390 1527 1498 1558 εὐθείας
1514 1526 1730 1559 ἐξυπτιάζοντος,
1745 1527 1783 1559 ὡς
1797 1528 1867 1562 μήτε

1078 1574 1168 1600 κοῖλον
1180 1573 1300 1609 ἀκριϐῶς
1317 1571 1386 1599 εἶναι
1402 1572 1507 1602 δοκεῖν,
1527 1572 1595 1607 μήτε
1610 1572 1737 1598 ἐπίπεδον
1748 1578 1754 1584 ‘
1772 1573 1795 1598 εἰ
1809 1573 1865 1598 τοί-

1078 1628 1126 1646 νυν
1149 1619 1180 1646 τὺ
1196 1619 1316 1646 τοιοῦτον
1337 1618 1405 1650 εἶδος
1427 1617 1599 1644 ὑποδείκνυσι
1614 1617 1657 1643 διὰ
1673 1617 1722 1652 τῆς
1738 1617 1835 1651 φιάλης
1851 1618 1868 1652 ἡ

1079 1665 1172 1700 νύμφη
1182 1673 1189 1679 ·
1215 1664 1279 1690 ἴδιον
1295 1663 1328 1690 ἂν
1342 1663 1398 1699 ἔχοι
1417 1663 1495 1697 λόγον
1510 1663 1542 1689 ἐκ
1556 1662 1600 1688 τοῦ
1619 1663 1757 1697 σχήματος
1773 1662 1868 1688 τούτου

1078 1711 1132 1736 τῶν
1149 1710 1280 1744 σιαγόνων
1290 1711 1304 1736 6
1319 1709 1437 1740 ἔπαινος.
1455 1709 1534 1735 Εἴποι
1549 1708 1603 1743 γὰρ
1616 1708 1649 1735 ἄν
1664 1716 1705 1739 τις
1723 1707 1754 1733 τὺ
1765 1707 1869 1734 ἁπλοῦν

1078 1765 1108 1782 τε
1137 1756 1183 1782 καὶ
1205 1755 1391 1791 διηπλωμένον
1418 1755 1465 1781 καὶ
1496 1754 1587 1782 ἄδολον
1612 1753 1662 1788 τῆς
1691 1753 1870 1785 διδασκαλίας

1080 1802 1223 1829 ἐπαινέσαι
1244 1801 1290 1827 τὸν
1311 1801 1388 1835 λόγον
1405 1799 1564 1835 βουλόμενον
1581 1799 1690 1834 μνήμην
1705 1800 1755 1834 τῆς
1770 1799 1869 1834 φιάλης

1079 1847 1256 1883 ποιήσασθαι·
1281 1847 1309 1872 ἐν
1329 1842 1352 1879 ᾧ
1366 1845 1396 1872 τὺ
1418 1844 1642 1879 ἀπηγορευμένον
1662 1843 1714 1871 ὑπὸ
1733 1843 1779 1870 τοῦ
1795 1844 1868 1880 Προ-

1079 1893 1165 1927 φήτου
1190 1891 1271 1926 βάθος
1299 1892 1428 1925 συστῆναι
1452 1889 1481 1914 οὐ
1504 1888 1629 1922 δύναται⁷
1652 1888 1699 1914 τοῦ
1726 1888 1866 1920 εἰπόντος·

1086 1938 1245 1972 Ῥυσθείηιι
1260 1937 1294 1964 ἐκ
1312 1936 1371 1964 τῶν
1380 1936 1551 1970 μισούντων
1562 1935 1611 1970 μὲ.
1627 1935 1676 1962 καὶ
1689 1935 1724 1962 ἐκ
1737 1934 1796 1961 τῶν·
1807 1935 1869 1967 ,βα-

1079 1984 1154 2012 θέων
1166 1984 1225 2010 τῶν
1240 1982 1366 2010 ὑδάτων.
1382 1982 1436 2016 Τὴν
1449 1979 1495 2007 οὖν
1509 1982 1537 2007 ἐν
1556 1980 1684 2015 ἁπλότητι
1700 1980 1869 2016 φαινομένη-ι

1079 2031 1206 2066 ἀλήθειαν
1224 2029 1286 2064 δίχα
1309 2029 1380 2060 τινὸς
1401 2028 1511 2062 δολερᾶς
1533 2027 1688 2062 κοιλότητός
1713 2037 1803 2063 φαμεν
1821 2028 1868 2055 διὰ

1079 2076 1125 2102 τοῦ
1145 2076 1275 2110 ὀνόματος
1293 2074 1343 2109 τῆς
1365 2073 1461 2108 φιάλης
1480 2073 1676 2108 σημαίνεσθαι,
1698 2070 1731 2108 ἦς
1746 2073 1794 2108 ὕλη
1816 2073 1870 2108 μέν

1079 2122 1137 2148 ἐστι
1152 2121 1182 2148 τδ
1203 2121 1317 2157 ἄρωμα·
1341 2120 1419 2155 ἔργον
1435 2119 1466 2145 δὲ
1485 2119 1516 2146 τὸ
1539 2118 1616 2153 φύειν
1634 2119 1782 2154 μυρεψικά.
1801 2120 1868 2146 Σια-

1079 2166 1156 2200 γόνες
1170 2165 1224 2201 γὰρ
1251 2163 1333 2191 αὑτοῦ
1359 2165 1394 2196 ὼς
1412 2164 1504 2199 φιάλαι
1526 2163 1572 2190 τοῦ
1587 2163 1749 2199 ἁρώματος,
1765 2164 1814 2190 οὐκ
1835 2165 1866 2197 ea

1079 2211 1199 2247 ἀργύρου
1223 2212 1378 2245 γενόμεναι,
1393 2210 1409 2245 ἦ
1425 2208 1526 2245 χρυσοῦ
1536 2229 1543 2241 ,
1559 2209 1575 2243 ἢ
1589 2209 1676 2242 ὑέλου,
1693 2210 1710 2245 ἦ
1723 2218 1793 2241 τινος
1807 2210 1867 2236 ὲτὲ-

1080 2265 1129 2291 ρας
1146 2255 1210 2290 ὕλης
1225 2255 1369 2290 τοιαύτης,
1385 2254 1442 2281 ἀλλ’
1459 2253 1541 2280 αὑτοῦ
1558 2252 1604 2280 τοῦ
1619 2253 1764 2288 ἁρώματος
1778 2254 1869 2281 ταῦτα

1078 2303 1107 2334 ἐξ
1125 2301 1214 2328 αὐτῶν
1234 2300 1354 2334 φύουσα,
1378 2300 1411 2326 δι’
1425 2296 1462 2326 ὧν
1477 2299 1512 2326 τὰ
1532 2299 1604 2334 μύρα
1620 2299 1868 2331 κατασκευάζεται.

1079 2347 1170 2383 Σαφὴς
1193 2347 1221 2373 δὲ
1243 2346 1350 2377 πάντως
1375 2347 1448 2372 ἐστὶν
1469 2346 1485 2380 ἡ
1509 2344 1554 2371 διὰ
1568 2344 1621 2371 τῶν
1643 2344 1795 2380 εἰρημένων
1809 2347 1869 2378 τοῖς

1081 2394 1171 2429 ῥητοῖς
1192 2393 1297 2423 τούτοις
1323 2391 1528 2426 ἐνθεωρουμένη
1547 2390 1664 2422 διάνοια,
1679 2390 1719 2416 ὅτι
1736 2390 1790 2416 τῶν
1816 2399 1869 2417 κα-

1080 2438 1169 2474 θαρῶν
1185 2437 1234 2472 τῆς
1264 2435 1426 2470 Ἐκκλησίας
1446 2435 1577 2469 ὀμμάτων
1592 2435 1651 2461 ἐστι
1669 2434 1797 2470 τοιαύτην
1811 2443 1866 2462 πα-

1081 2483 1259 2520 ρασκευάζειν
1280 2481 1318 2516 τῷ
1341 2480 1446 2515 σώματι
1463 2480 1511 2514 τὴν
1531 2480 1643 2515 τροφὴν,
1669 2481 1701 2515 τῇ
1727 2479 1870 2517 λειαντικῇ

1078 2529 1132 2556 τῶν
1150 2529 1280 2561 σιαγόνων
1297 2527 1419 2562 δυνάμει,
1435 2526 1472 2558 ὡς
1489 2526 1572 2561 μηδὲν
1590 2526 1656 2561 βαθύ
1673 2535 1703 2552 τε
1718 2526 1765 2553 καὶ
1780 2526 1870 2553 ὓπου-

1077 2574 1122 2601 λον
1138 2575 1166 2600 ὲν
1190 2575 1245 2604 τοῖς
1269 2572 1582 2608 λεγομένοις¹ὀρᾶσθαι¹
1610 2572 1667 2599 ἀλλ⁷
1684 2570 1754 2598 εἶναι
1776 2573 1871 2599 πάντα

1077 2620 1199 2657 τηλαυγῆ
1217 2628 1247 2646 τε
1269 2621 1316 2646 καὶ
1332 2619 1478 2655 ἐλεύθερα,
1496 2619 1543 2645 καὶ
1566 2618 1655 2654 πάσης
1669 2618 1781 2654 δολερᾶς
1806 2620 1868 2646 ἑπι-

1078 2664 1201 2699 κρύψεως
1213 2664 1259 2691 καὶ
1273 2663 1421 2699 βαθύτητος
1435 2663 1638 2699 κεχωρισμένα·
1654 2664 1691 2696 ὡς
1702 2664 1749 2690 καὶ
1758 2663 1870 2698 νηπίοις

1077 2708 1145 2738 εἶναι
1163 2710 1316 2746 κατάδηλα,
1332 2709 1422 2742 καθώς
1445 2718 1526 2745 φησιν
1540 2711 1554 2737 6
1566 2710 1710 2747 Προφήτης
1720 2718 1727 2726 ·
1751 2709 1782 2739 '[I
1791 2718 1870 2746 βψω
