1978 3068
213 128 217 134 ’
246 144 311 171 ιοοτ

856 138 885 166 S.
903 135 1067 165 GREGOMI
1086 134 1232 162 NYSSENI

1797 135 1868 166 1668

244 200 361 227 habent:
382 198 482 233 quique
499 198 636 233 myrrham
654 197 798 228 distillant,
819 203 879 230 quae
901 195 961 221 sine
979 193 1026 219 de-

1081 192 1178 228 ἀρετῆς
1195 191 1373 224 εὐπνοοῦντας
1386 192 1513 228 ὀνομάζει
1527 194 1541 221 ό
1553 193 1641 228 λόγος,
1657 193 1703 229 ἀφ’
1713 191 1751 223 ὢν
1762 195 1868 229 γίνεται

244 246 315 272 fectu
333 249 449 271 mentem
477 243 666 278 recipientium
683 251 742 270 eam
759 242 852 277 replet.
876 241 923 268 Est
939 244 1029 267 autem

243 292 287 318 illa
300 291 362 318 vita:
378 290 458 325 hujus
470 297 606 324 corporeae
622 293 805 324 contemptus,
824 294 886 314 cum
901 286 1030 313 universa

242 344 302 371 quae
316 337 342 363 in
361 336 410 363 hac
427 336 481 362 vita
505 343 578 362 cura:
594 339 657 362 sunt
679 334 845 365 hominibus,
870 340 916 368 per
933 338 1029 366 super-

243 389 338 409 norum
349 382 481 408 bonorum
493 381 668 415 cupiditatem
679 381 732 407 vim
745 387 821 407 suam
832 386 939 406 onmem
950 378 1030 405 amit-

242 431 303 454 tunt
320 432 346 454 et
359 427 578 461 exstinguuntur.
593 425 685 452 Tulerit
697 425 834 460 myrrham
850 424 913 451 olim
929 423 1029 450 Paulus

242 471 395 499 cﬂundebat
406 480 439 498 cx
452 479 498 498 ore
511 479 570 503 suo,
584 472 690 498 mistam
703 478 764 497 cum
773 478 841 504 puro
853 469 987 504 pudicitia:
1000 468 1030 495 li-

243 516 288 547 lio,
307 517 333 543 in
352 520 453 543 sancta)
466 516 578 551 virginis
597 523 686 542 aures.
707 514 742 541 Ea
758 522 823 541 vero
843 517 901 541 erat
917 513 1028 543 Thecla,

243 570 304 596 quae
319 563 447 597 praeclare
459 563 550 589 animo
567 569 617 589 suo
631 561 811 588 deﬂuentibus
828 560 861 587 de
874 560 930 587 lilio
945 559 1029 592 guttis

245 608 315 634 intra
323 615 352 634 sc
362 607 487 642 receptis,
498 607 632 633 hominem
642 610 784 633 externum
794 609 880 632 morte
887 604 1027 639 opprimit,

234 653 316 687 'omni
334 652 498 687 cogitatione
518 651 720 686 cupid.tateque
747 651 849 678 carnali
875 651 1024 677 eﬁstiucta.

244 698 328 732 Cujus
348 702 407 732 post
421 702 573 732 perceptam
600 697 674 724 illam
693 698 791 724 bonam
813 696 977 727 doctrinam,
1002 700 1030 722 ct

243 744 371 777 juventus
388 744 524 770 exstincta
549 747 618 773 erat,
637 747 663 769 et
684 746 794 769 externa
824 746 954 769 venustas
982 749 1029 768 ex-

244 790 354 820 stincta.
370 793 396 816 et
407 789 542 816 exstincta
558 789 648 815 omnia
665 789 789 823 corporis
804 795 935 815 sensuum
950 794 1029 821 orga-

245 844 278 863 na
313 835 372 862 solo
388 842 515 862 sermone
531 835 556 860 iu
574 835 631 869 ipsa
648 834 766 865 vivente,
781 842 827 868 per
857 841 936 868 quem
954 838 1028 860 totus

243 880 267 906 ci
298 880 419 907 mundus
445 883 569 905 mortuus
595 882 663 909 erat,
695 882 722 905 et
741 879 816 912 virgo
840 879 899 912 ipsa
927 878 1027 904 mundo

243 929 301 953 erat
325 929 444 952 mortua.
460 925 505 951 Sic
523 925 586 951 olim
605 932 719 959 magnus
748 924 829 951 etiam
856 924 953 951 Petrus
983 923 1028 950 ille

243 972 314 1007 apud
326 971 482 999 Cornelium
498 971 640 1006 splendida
656 971 790 998 sermonis
806 971 861 997 lilia
874 969 1025 1005 proferens,

243 1019 349 1046 animos
366 1017 522 1045 auditorum
540 1017 652 1052 myrrha
668 1017 794 1051 complet,
809 1017 853 1051 qui
868 1024 928 1042 mox
953 1024 1028 1043 rece-

242 1070 288 1100 pto
301 1065 387 1100 ipsius
401 1072 539 1096 sermone,
564 1072 625 1091 eum
657 1064 766 1090 Christo
797 1071 844 1097 per
861 1063 1026 1098 baptismum

243 1116 306 1138 sunt
325 1111 487 1145 consepulti,
518 1110 618 1137 mortui
636 1110 698 1137 vita:
728 1110 790 1136 huic
808 1109 881 1136 facti.
900 1109 1028 1144 Adeoque

242 1157 347 1183 inﬁnita
368 1157 487 1191 reperire
509 1161 607 1191 printer
625 1156 681 1182 hmc
705 1161 861 1183 sanctorum
888 1155 1026 1182 hominum

242 1203 365 1237 exempla
384 1203 457 1235 licet,
479 1210 534 1237 quo
556 1203 592 1229 illi
621 1206 700 1237 parto
732 1202 887 1229 communis
905 1201 1028 1236 corporis

243 1249 373 1276 Ecclesia:
395 1256 426 1276 os
458 1248 533 1281 facti,
560 1249 670 1284 myrrha
701 1248 890 1283 exstinguente
916 1247 1028 1274 morbus

242 1295 325 1322 animi
352 1303 418 1323 suos
445 1296 584 1322 auditores
608 1295 790 1329 repleverint,
814 1301 862 1329 per
894 1293 1027 1321 sermonis

243 1342 299 1368 lilia
310 1341 419 1368 {ructus
436 1341 564 1373 ferentes,
594 1341 693 1375 quibus
710 1340 801 1375 magni
820 1340 856 1366 illi
873 1347 1029 1374 propugna-

243 1392 316 1414 tores
334 1387 394 1414 tidci
411 1395 457 1422 per
475 1388 611 1422 egregiam
630 1387 831 1414 confessionem
843 1386 904 1421 ipso
923 1389 1027 1412 testan-

242 1435 283 1462 da:
301 1434 423 1461 veritatis
439 1438 572 1468 tempore,
591 1433 617 1460 in
639 1432 835 1459 certaminibus
851 1439 900 1466 pro
928 1431 1028 1465 pietate

243 1480 391 1514 susceptis,
407 1479 455 1505 toti
469 1479 548 1513 quasi
568 1477 678 1513 myrrha
694 1478 811 1512 quadam
830 1480 893 1504 sunt
910 1476 1025 1510 perfusi.

246 1525 278 1552 Et
296 1525 362 1560 quid
376 1532 445 1558 opus
459 1529 502 1550 cst
516 1524 640 1550 oratione
651 1524 753 1557 prolixa
771 1522 804 1549 de
817 1523 867 1549 hoc
878 1522 1024 1554 disserere,
1041 1526 1062 1554 α

243 1579 304 1598 cum
326 1578 373 1605 per
385 1578 416 1597 ea
434 1577 494 1604 qua:
513 1569 643 1601 diximus,
657 1568 823 1595 declaratum
839 1567 885 1599 sit,
908 1575 963 1602 quo
980 1574 1029 1601 pa-

243 1621 288 1643 cto
305 1615 433 1642 Ecclesiae
456 1621 488 1642 os
513 1615 599 1641 lilium
629 1613 698 1640 ﬁat:
721 1613 766 1647 qui
779 1612 893 1650 myrrha
911 1611 945 1639 de
971 1612 1029 1639 lilio

243 1661 380 1688 distillct:
402 1660 447 1694 qui
468 1659 622 1694 huiusmodi
658 1658 797 1686 stillicidia
822 1658 931 1685 animus
957 1657 1029 1685 reci-

245 1707 363 1742 pientum
381 1707 535 1741 impleatur.
969 1701 971 1703 ’

281 1838 320 1865 Ad
341 1837 481 1872 sequentia
494 1844 575 1871 porro
592 1837 673 1864 verba
691 1837 916 1872 progrediamur:
934 1837 1030 1864 Manus

247 1884 321 1910 illius
338 1882 437 1909 tortiles
452 1902 459 1913 .
480 1890 585 1914 aurem,
610 1883 694 1917 plena:
719 1883 826 1909 lharsis.
846 1882 912 1910 Esse
939 1887 1030 1910 autent

244 1930 316 1956 oculi
331 1928 491 1956 beneﬁcium
510 1928 701 1963 imperfectum
718 1929 746 1955 in
764 1928 891 1957 Ecclesiae.
904 1937 1030 1964 corpore,

245 1974 273 2000 si
284 1980 413 1999 manuum
439 1973 473 1999 ab
497 1980 530 1998 eo
547 1972 728 1999 ministerium
753 1973 789 2000 sit
815 1973 981 2007 disjunctum
996 1994 1002 2005 ,
1017 1981 1032 2000 τι

246 2026 345 2053 magno
370 2019 415 2044 illo
434 2017 520 2044 Paulo
547 2018 620 2044 clare
636 2018 786 2046 didicimus
801 2039 808 2051 ,
827 2020 873 2053 qui
895 2021 948 2051 ait,
972 2019 1032 2047 Non

245 2069 329 2096 potest
348 2064 439 2090 oculus
461 2064 551 2090 manui
562 2063 658 2096 dicere,
672 2064 733 2091 Non
752 2066 817 2092 mihi
832 2071 858 2093 te
873 2075 936 2100 opus
949 2072 986 2093 est
999 2067 1031 2094 “.

246 2106 312 2133 Nam
329 2110 386 2132 tum
403 2106 518 2133 maxime
540 2107 580 2134 vis
597 2109 740 2135 oculorum
762 2110 933 2144 conspicitur
945 2130 951 2142 ,
969 2118 1031 2138 cum

246 2153 304 2186 ipsa
319 2159 401 2186 opera
421 2152 609 2180 testiinonium
628 2154 770 2181 oculorum
797 2156 915 2183 acumini
939 2157 1033 2191 perhi-

1080 239 1096 273 ή
1119 238 1167 272 τῆς
1188 238 1311 274 σμύρνης
1327 239 1450 273 σταγὼν,
1475 240 1626 272 ἀνελλιπῶς
1652 241 1792 277 πληροῦσα
1815 243 1868 277 τὴν

1079 284 1132 310 τῶν
1146 285 1296 320 δεχομένων
1309 285 1427 312 διάνοιαν
1438 294 1444 300 ”
1460 286 1528 322 ὅπερ
1543 287 1601 313 ἐστὶ
1616 287 1666 322 τῆς
1680 278 1865 323 ὑλικῶςζιινῆς

1077 331 1213 367 ,ὑπεροψία
1223 351 1230 363 ,
1245 332 1352 358 πάντων
1366 331 1420 358 τῶν
1434 332 1497 368 τῇδε
1511 332 1745 368 σπουδαζομένων,
1758 334 1802 361 διὰ
1816 334 1866 370 τὴν

1078 377 1133 403 τῶν
1150 377 1354 412 ὑπερκειμένων
1369 377 1478 412 ἀγαθῶν
1499 377 1660 413 ἐπιθυμίαν,
1676 370 1865 415 ἀνενεργήτων

1079 430 1109 448 τε
1131 422 1177 448 καὶ
1197 422 1301 457 νεκρῶν
1313 423 1472 458 γινομένων.
1498 423 1632 458 Τοιαύτην
1655 425 1735 451 ὃποτε
1760 425 1865 458 Παῦλος

1081 467 1201 502 σμύρναν
1219 467 1328 502 προχέει
1347 467 1393 494 τοῦ
1410 468 1553 502 στόματος,
1573 469 1745 505 μεμιγμένην
1763 471 1801 506 τῷ
1812 479 1864 498 κα-

1081 513 1155 548 θαρῷ
1173 514 1257 548 κρίνῳ
1280 515 1329 548 τῆς
1352 513 1540 549 σωφροσύνης,
1558 514 1587 540 ὲν
1609 515 1703 547 ἀκοαῖς
1717 515 1766 550 τῆς
1784 516 1882 550 ἁγίαςν

1080 559 1225 595 παρθένου.
1238 559 1325 586 Θέκλα
1334 560 1362 585 δὲ
1375 558 1408 596 ἦν
1420 561 1436 595 ὴ
1451 560 1593 596 παρθένος,
1609 561 1626 596 ἢ
1641 561 1730 591 καλῶς
1743 564 1774 598 τῇ
1790 563 1862 597 ψυχῇ

1057 600 1063 604 ”
1079 604 1128 635 τὰς
1147 604 1334 639 ἀπορρεούσας
1357 605 1487 639 σταγόνας
1506 606 1536 632 ὲν
1557 606 1639 641 ἑαυτῇ
1658 606 1800 642 δεξαμένη,
1815 608 1864 635 θα-

1079 649 1151 685 νάτῳ
1181 650 1357 684 διαλαμϐάνει
1389 651 1433 677 τὸν
1461 651 1559 684 ἔξωθεν
1584 652 1740 687 ἄνθρωπον,
1772 655 1864 680 πᾶσαν

1080 697 1204 732 σαρκώδη
1222 697 1339 723 διάνοιάν
1357 705 1386 723 τε
1411 697 1456 723 καὶ
1472 697 1617 731 ἐπιθυμίαν
1632 698 1730 733 ἑαυτῆς
1744 699 1864 725 ἀποσσέ-

1080 751 1160 769 σασα.
1177 739 1230 773 ’Ἦς
1247 742 1314 778 μετὰ
1332 741 1380 777 τὴν
1397 742 1501 778 ἀγαθὴν
1519 743 1688 770 διδασκαλίαν
1708 745 1791 779 νεκρὰ
1814 745 1864 779 μὲν

1079 790 1095 824 ἡ
1111 789 1203 822 νεότης
1214 808 1220 818 .
1237 788 1332 823 νεκρὸν
1344 788 1372 814 δὲ
1386 788 1416 814 τὸ
1428 788 1638 823 ἐπιφαινόμενον
1649 788 1746 821 κάλλος
1758 809 1766 822 ,
1780 790 1864 824 νεκρὰ

1078 835 1106 861 δὲ
1123 835 1211 862 πάντα
1233 834 1266 861 τὰ
1288 834 1429 869 σωματικὰ
1453 834 1633 869 αἰσθητήρια,
1660 835 1740 869 μόνου
1762 835 1863 867 ζῶντος

1079 881 1107 905 ὲν
1121 880 1188 915 αὐτῇ
1212 878 1258 905 τοῦ
1275 879 1353 913 λόγου
1368 879 1399 906 δι’
1413 875 1443 906 οὗ
1459 879 1598 914 ἐτεθνήκει
1621 880 1668 914 μὲν
1681 880 1748 915 αὐτῇ
1763 880 1834 912 am;
1849 882 1863 907 ὁ

1078 926 1192 960 κόσμος,
1217 926 1355 961 ἐτεθνήκει
1379 926 1407 952 δὲ
1432 926 1479 952 καὶ
1505 927 1521 960 ἡ
1547 925 1678 960 παρθένος
1695 926 1734 961 τῷ
1759 927 1861 963 κόσμῳ.

1078 970 1156 997 Οὕτω
1175 971 1240 997 ποτὲ
1254 971 1301 998 καὶ
1316 970 1391 1006 παρὰ
1410 970 1552 1006 Κορνηλίῳ
1566 971 1580 996 ὁ
1599 971 1684 1006 μέγας
1699 971 1813 1007 Πέτρος,
1830 973 1865 999 τὰ

1079 1015 1190 1051 λαμπρὰ
1204 1015 1250 1042 τοῦ
1267 1016 1345 1049 λόγου
1368 1016 1448 1050 κρίνα
1472 1015 1670 1050 φθεγγόμενος,
1687 1015 1798 1051 πλήρεις
1815 1017 1864 1052 τῆς

1080 1061 1203 1097 σμύρνης
1225 1062 1274 1093 τὰς
1293 1062 1348 1089 τῶν
1370 1062 1520 1089 ἀκουόντων
1536 1062 1625 1097 ψυχὰς
1647 1063 1863 1097 παρεσκεύασεν,

1078 1107 1103 1133 οἶ
1122 1107 1291 1142 παραχρῆμα
1306 1107 1352 1134 τὸν
1369 1108 1445 1142 λόγον
1463 1108 1620 1143 δεξάμενοι,
1636 1109 1674 1144 τῷ
1696 1109 1806 1143 Χριστῷ
1821 1109 1864 1135 διὰ

1078 1152 1125 1178 τοῦ
1149 1152 1335 1187 βαπτίσματος
1360 1153 1563 1189 συνετάφησαν,
1588 1155 1679 1189 νεκροὶ
1696 1154 1733 1189 τῷ
1752 1154 1802 1189 βίῳ
1817 1163 1862 1188 γε·

1078 1197 1195 1232 νόμενοι.
1218 1198 1272 1224 Καὶ
1298 1198 1380 1233 μυρία
1402 1198 1470 1232 πρὸς
1494 1199 1597 1231 τούτοις
1617 1199 1687 1226 ἐστιν
1704 1201 1792 1235 εὑρεῖν
1809 1200 1864 1227 τῶν

1078 1244 1164 1277 ἁγίων
1190 1244 1392 1278 ὑποδείγματα,
1419 1244 1477 1276 πῶς
1497 1244 1543 1271 τοῦ
1561 1245 1650 1272 κοινοῦ
1669 1245 1792 1280 σώματος
1815 1246 1864 1280 τῆς

1085 1288 1246 1323 Ἐκκλησίας
1273 1288 1360 1322 στόμα
1381 1288 1516 1323 γινόμενοι
1548 1289 1599 1324 τῆς
1622 1290 1788 1324 νεκρωτικῆς
1810 1290 1864 1316 τῶν

1080 1333 1248 1367 παθημάτων
1282 1333 1405 1368 σμύρνης
1421 1359 1423 1361 .
1439 1333 1553 1369 πλήρεις
1579 1334 1642 1366 τοὺς
1675 1335 1864 1370 ἀκροωμένους

1079 1377 1200 1410 ἐποίουν,
1222 1377 1432 1413 ἀνθοφοροῦντες
1455 1378 1497 1404 διὰ
1514 1379 1566 1404 τῶν
1582 1379 1682 1414 κρίνων
1705 1379 1752 1405 τοῦ
1768 1379 1864 1413 λόγου,

1079 1422 1113 1449 δι’
1127 1419 1164 1450 ὧν
1177 1424 1202 1449 οἱ
1220 1423 1331 1458 μεγάλοι
1353 1423 1402 1458 τῆς
1417 1423 1534 1454 πίστεως
1547 1424 1682 1459 πρόμαχοι
1698 1425 1746 1459 τῆς
1760 1424 1866 1459 ἀγαθῆς

1078 1469 1223 1503 ὁμολογίας
1239 1468 1309 1495 κατὰ
1330 1469 1375 1495 τὸν
1398 1470 1447 1504 τῆς
1469 1469 1620 1505 μαρτυρίας
1646 1470 1741 1505 καιρὸν
1761 1470 1790 1496 ἐν
1810 1471 1866 1500 τοῖς

1080 1515 1148 1550 ὑπὲρ
1172 1514 1311 1546 εὐσεϐείας
1338 1514 1425 1549 ἀγῶσι
1452 1515 1726 1551 κατεσμυρνώθησαν.
1756 1516 1811 1542 Καὶ
1837 1516 1866 1542 τί

1081 1560 1132 1595 χρὴ
1155 1560 1199 1587 διὰ
1216 1559 1345 1586 πλειόνων
1370 1560 1499 1595 μηκύνειν
1516 1561 1562 1587 τὸν
1584 1562 1648 1596 περὶ
1661 1561 1763 1587 τούτων
1775 1560 1866 1595 λόγον.

1081 1607 1199 1642 φανερᾶς
1209 1606 1253 1633 διὰ
1268 1606 1321 1632 τῶν
1344 1606 1494 1642 εἰρημένων
1507 1607 1655 1642 γενομένης
1670 1607 1735 1642 ἡμῖν
1749 1607 1797 1642 τῆς
1812 1606 1868 1632 δια-

1080 1654 1163 1685 νοίας,
1180 1653 1238 1684 πῶς
1253 1653 1283 1679 τὺ
1298 1654 1383 1688 στόμα
1395 1646 1624 1689 τῆς”Εκκλησίας
1642 1653 1734 1689 κρίνον
1747 1653 1865 1687 γίνεται·

1089 1699 1134 1725 καὶ
1149 1699 1207 1730 πῶς
1225 1699 1372 1731 ἀποστάζει
1394 1699 1441 1726 τοῦ
1458 1700 1550 1735 κρίνου
1563 1701 1579 1734 ὴ
1603 1699 1724 1735 σμύρνα·
1747 1700 1794 1726 καὶ
1809 1699 1868 1730 πιῖς

1081 1745 1232 1780 πληροῦται
1246 1745 1295 1780 τῆς
1318 1746 1444 1780 τοιαύτης
1470 1745 1598 1779 σταγόνος
1616 1746 1632 1780 ἡ
1647 1745 1700 1772 τῶν
1716 1745 1868 1780 δεχομένων

1081 1791 1165 1826 ψυχή-

1124 1837 1202 1864 ’Λλλὰ
1227 1837 1295 1873 πρὸς
1314 1837 1359 1864 τὸν
1377 1837 1476 1872 ἑφεξῆς
1492 1837 1570 1871 λόγον
1590 1837 1639 1873 ἤδη
1659 1838 1708 1873 μὲν
1733 1837 1867 1871 ἔλθωμεν.

1083 1883 1152 1917 Φησὶ
1170 1882 1232 1917 γάρ·
1253 1883 1287 1910 ΔΙ
1300 1883 1396 1918 χεῖρες
1413 1883 1505 1910 αὐτοῦ
1519 1884 1664 1917 τορευταὶ,
1682 1884 1800 1917 χρυσαῖ,
1817 1892 1869 1910 πε-

1082 1928 1271 1962 πληρωμέναι
1288 1928 1419 1962 θαρσεῖς.
1433 1928 1494 1955 Ὀτι
1510 1929 1558 1963 μὲν
1568 1927 1614 1955 οὖν
1628 1927 1724 1963 ἀτελής
1737 1930 1811 1955 ἐστιν
1822 1929 1869 1954 ἐπὶ

1082 1974 1129 2000 τοῦ
1153 1973 1278 2009 σώματος
1295 1973 1345 2008 τῆς
1366 1973 1527 2009 Ἐκκλησίας
1541 1974 1557 2009 ἡ
1574 1973 1620 1999 τοῦ
1637 1973 1776 2008 ὀφθαλμοῦ
1790 1973 1870 2008 χάρις

1083 2019 1133 2054 τῆς
1148 2019 1201 2045 τῶν
1217 2019 1315 2054 χειρῶν
1326 2019 1477 2054 ὑπουργίας
1487 2018 1675 2053 διεζευγμένη,
1689 2018 1781 2052 σαςῶς
1794 2019 1870 2054 παρὰ

1083 2065 1129 2091 τοῦ
1156 2065 1272 2100 μεγάλου
1297 2064 1496 2099 μεμαθήκαμεν
1521 2063 1628 2090 Παύλου
1642 2084 1649 2095 ,
1665 2063 1694 2095 ὃς
1711 2072 1802 2099 φησιν,
1826 2064 1868 2090 ὅτι

1086 2111 1127 2137 Οὐ
1143 2110 1266 2137 δύναται
1284 2111 1301 2136 ὁ
1326 2110 1477 2144 ὀφθαλμὸς
1494 2110 1588 2136 ειπεῖν
1605 2109 1643 2143 τῇ
1658 2110 1732 2143 χειρὶ
1743 2110 1869 2144 ,Χρείαν

1084 2158 1141 2185 σοῦ
1159 2158 1214 2184 οὐκ
1235 2157 1303 2191 ἔχω.
1324 2157 1389 2183 Τότε
1409 2156 1463 2192 γὰρ
1488 2156 1604 2191 μάλιστα
1622 2157 1638 2191 ἡ
1654 2156 1707 2182 τῶν
1723 2155 1870 2191 ὀφθαλμῶν

246 2198 330 2231 bent;
346 2205 394 2233 per
415 2199 536 2225 studium
560 2199 752 2234 praeclararum
775 2208 866 2228 rerum
880 2203 987 2238 egregie
1002 2211 1030 2231 sc

1085 2203 1207 2238 ἐνέργεια
1222 2202 1368 2232 δείκνυται,
1382 2202 1445 2228 ὅταν
1456 2201 1490 2228 τὰ
1503 2201 1569 2236 ἔργα
1583 2202 1715 2237 μαρτυρεί
1723 2202 1770 2237 τὴν
1786 2201 1871 2234 660w-

247 2243 310 2270 ιιιιυὶ
322 2244 499 2271 declarantia.
510 2244 578 2278 Quia
594 2253 658 2272 vero
671 2246 748 2280 prius
763 2247 884 2274 indicato
900 2255 1030 2276 manuum

247 2289 330 2315 tliviui
347 2290 472 2324 corporis
484 2291 621 2322 encomio,
636 2299 684 2326 per
696 2300 728 2319 ea
748 2300 807 2327 qua-
825 2293 953 2326 diximus,
969 2302 1032 2329 per-

247 2334 364 2368 gendum
378 2335 456 2362 nobis
473 2340 514 2362 est
528 2337 560 2362 ad
575 2338 772 2371 expositionem
791 2339 871 2371 hanc,
887 2348 942 2375 quo
957 2341 1032 2368 vide-

248 2381 310 2406 licet
330 2380 411 2407 modo
428 2383 578 2415 comparati
595 2390 657 2409 esse
675 2383 793 2411 debeant
808 2385 857 2417 illi,
877 2386 922 2420 qui
939 2386 965 2413 iu
981 2386 1032 2414 Ec—

246 2425 330 2452 clesia
349 2433 478 2452 manuum
495 2427 584 2453 lacum
601 2428 726 2456 obtinent
738 2450 744 2461 .
763 2430 830 2464 ipsis
845 2431 929 2458 divini
949 2432 1031 2466 hujus

247 2471 351 2498 oraculi
369 2472 459 2499 verbis
470 2473 635 2507 praemissis.
654 2483 702 2509 pro
715 2476 784 2503 virili
804 2481 896 2504 nostra
914 2478 1031 2506 abditam

248 2516 276 2543 in
292 2525 324 2543 eo
340 2519 504 2545 sententiam
531 2519 706 2548 considerare
723 2521 776 2548 Deo
793 2523 960 2550 concedente
986 2531 1034 2551 co-

249 2562 385 2589 nabimur.
396 2562 503 2598 Manus,
520 2565 616 2600 inquit,
629 2567 702 2593 illius
716 2569 826 2599 tortiles.
841 2578 937 2602 aurea’,
950 2570 1033 2604 plenw

251 2607 358 2635 tlmrsis.
382 2610 471 2644 Atque
501 2611 632 2640 hactenus
650 2613 758 2647 quidem
785 2615 812 2642 in
840 2615 914 2643 hisce
944 2617 1033 2644 verbis

249 2661 348 2681 sensus
365 2655 527 2684 manifestus
542 2661 595 2690 est,
616 2659 688 2693 quod
710 2659 745 2687 ob
764 2668 825 2695 quae
840 2665 920 2695 caput
940 2662 1035 2688 lauda-

251 2705 306 2731 tur,
327 2700 421 2727 catlem
437 2709 566 2730 manuum
584 2712 693 2739 quoque
705 2707 860 2733 encomium
880 2707 1031 2734 absolvant.

251 2744 283 2772 tu
296 2751 378 2780 caput
393 2748 548 2782 accepimus
561 2757 609 2784 pro
621 2750 729 2778 Christo
744 2752 893 2779 secundum
911 2760 1033 2787 carnem,

283 2840 306 2858 ³⁸
325 2842 336 2870 1
352 2843 413 2870 Cor.
433 2853 481 2876 xu,
496 2845 542 2873 21.

1086 2248 1151 2275 πίαν
1165 2248 1204 2283 τῷ
1218 2248 1321 2282 ὄμματι
1334 2267 1340 2277 ,
1355 2247 1398 2273 διὰ
1415 2247 1464 2282 τῆς
1479 2255 1511 2273 πε
1517 2247 1542 2282 pi.
1558 2247 1591 2273 τὰ
1608 2247 1678 2273 καλὰ
1692 2247 1807 2282 σπουδῆς
1821 2247 1872 2282 τὴν

1087 2295 1190 2330 ἀγαθὴν
1201 2293 1311 2328 ὁδηγίαν
1321 2293 1517 2328 ὲπισημαίνων.
1538 2292 1645 2328 Ἐπειδὴ
1656 2293 1708 2329 χρὴ
1723 2293 1873 2328 προθέντας

1086 2341 1131 2367 τὸν
1157 2340 1221 2374 περὶ
1242 2339 1296 2365 τῶν
1315 2339 1414 2375 χειρῶν
1440 2338 1488 2365 τοῦ
1508 2338 1579 2365 θείου
1603 2339 1728 2374 σώματος
1752 2339 1872 2372 ἔπαινον,

1085 2385 1249 2422 όδηγηθῆναι
1259 2385 1302 2413 διὰ
1315 2385 1370 2412 τῶν
1381 2385 1532 2422 εἰρημένων
1543 2386 1615 2416 ὅπως
1627 2387 1759 2420 προσήκει
1771 2393 1874 2420 κατηρ-

1087 2432 1177 2459 τίσθαι
1205 2432 1268 2463 τοὺς
1284 2431 1345 2458 ἀντὶ
1357 2431 1455 2466 χειρῶν
1468 2431 1550 2463 ὄντας
1566 2432 1612 2458 ἐπὶ
1622 2432 1672 2466 τῆς
1690 2432 1853 2467 Ἐκκλησίας
1863 2439 1872 2447 ”

1087 2478 1152 2505 αὐτὸ
1166 2478 1311 2513 προθέντες
1327 2477 1358 2503 τὺ
1367 2476 1437 2503 θεῖον
1448 2476 1547 2511 λόγιον,
1557 2477 1631 2508 ὅπως
1645 2477 1677 2503 ἂν
1686 2474 1741 2503 οἶόν
1754 2485 1783 2502 τε
1823 2476 1875 2512 τὴν

1087 2525 1250 2559 ὲγκειμένην
1266 2523 1339 2551 αὐτῶ
1357 2523 1492 2558 θεωρῆσαι
1514 2522 1640 2555 διάνοιαν,
1654 2522 1771 2554 διδόντος
1792 2522 1873 2554 Θεοῦ,

1069 2569 1282 2605 -πειρασόμεθα.
1311 2569 1412 2603 Χεῖρες
1441 2569 1533 2604 αὑτοῦ
1559 2568 1711 2602 τορευταὶ,
1744 2568 1873 2603 χρυσαῖ,

1089 2617 1163 2652 φησι,
1178 2614 1406 2649 πεπληρωμέναι
1420 2615 1550 2648 θαρσεῖς.
1565 2614 1639 2645 Τέως
1654 2614 1702 2649 μὲν
1716 2612 1762 2640 οὖν
1780 2614 1876 2640 τοσοῦ-

1087 2670 1132 2688 τον
1147 2660 1280 2695 πρόδηλόν
1295 2660 1369 2686 ἐστιν
1383 2660 1414 2685 ἐκ
1427 2659 1481 2686 τῶν
1501 2659 1655 2694 εἰρημένων
1675 2659 1705 2685 τὸ
1720 2659 1818 2694 νόημα,
1835 2659 1876 2685 δτι

1088 2705 1128 2738 οἷς
1141 2706 1171 2732 τὸ
1185 2705 1235 2740 τῆς
1249 2704 1373 2739 κεφαλῆς
1391 2701 1460 2735 εἶδος
1474 2704 1674 2738 ὲγκωμιὰζεται
1685 2723 1692 2735 ,
1708 2703 1752 2730 διὰ
1762 2703 1815 2729 τῶν
1828 2704 1876 2731 αὑ-

1087 2752 1142 2779 τῶν
1159 2751 1205 2778 καὶ
1224 2751 1285 2782 ταῖς
1301 2750 1379 2786 χερσὶ
1402 2749 1552 2784 πληροῦται
1571 2750 1585 2776 ὁ
1603 2749 1723 2780 ἔπαινος.
1746 2747 1875 2784 Κεφαλὴν
