1978 3068
104 134 163 163 ιοιο

602 126 636 154 IN
656 119 803 155 CAN‘HC‘A
820 120 954 152 CANTIC.
971 119 1113 150 ttonth
1136 121 1205 150 xtv.

1646 112 1714 142 10το

102 197 126 224 δὲ
138 193 254 230 Χριστὸν
267 193 416 228 ὲνοήσθαμεν
427 211 434 223 ,
451 191 478 217 ἐν
498 187 520 223 ᾦ
538 190 551 216 ὁ
567 189 631 220 Θεὸς
651 185 694 224 ἦν,
715 186 760 213 τὸν
775 185 877 219 κόσμον
893 200 897 212 ι

948 190 956 208 ι
984 187 1039 217 qu‘o
1055 183 1127 211 Deus
1149 187 1208 209 erat
1231 180 1363 208 mundum
1387 176 1438 207 sibi
1459 176 1654 208 reconcilians,
1672 177 1711 203 uti

103 240 182 275 ἑαυτῷ
197 239 402 268 καταλλάσσων,
422 237 491 264 κατὰ
511 236 558 271 τὴν
574 234 680 262 Παύλου
696 233 803 267 φωνήν·
823 232 837 257 ὁ
851 231 879 256 ὲν

102 289 131 323 ’τῇ
145 286 225 322 σαρκὶ
250 285 294 311 διὰ
310 284 364 311 τῶν
378 282 518 318 δυνάμεὼν
541 290 571 307 τε
593 281 641 307 καὶ
663 279 717 306 τῶν
733 277 880 323 Θαυμάτων

103 320 189 358 ἑαυτὸν
214 328 384 364 φανερώσας.
408 328 439 354 Εἰ
461 325 507 354 οὖν
526 327 542 361 ὴ
570 324 696 359 νοηθεῖσα
723 320 788 357 ἡμῖν
811 321 880 356 αὕτη

104 374 201 410 κεφαλὴ
217 373 327 410 χρυσίον
346 373 483 408 ἀκήρατον
499 371 575 405 παρὰ
598 369 644 396 τοῦ
664 368 743 402 λόγου
764 375 882 393 κατωνοε

105 421 204 456 μάσθη,
234 419 278 446 διὰ
306 419 336 445 τὸ
360 419 450 453 πάσης
475 416 611 452 ἁμαρτίας
635 414 712 446 ἐκτὸς
742 411 828 440 εἶναι’
853 411 883 443 ὂς

109 466 258 501 Ἀμαρτίαν
276 465 331 491 οὐκ
349 464 492 497 ἐποίησε,
510 462 602 497 φησὶν,
627 460 698 488 οὐδὲ
723 459 827 494 εὑρέθη
849 459 883 484 ἐν

103 513 140 546 τῷ
159 513 284 546 στόματι
304 510 398 537 αὑτοῦ
416 509 521 541 δόλος·
546 507 649 543 χρυσᾶς
670 503 698 532 δέ
714 514 794 540 φησιν
814 503 883 530 εἶναι

104 558 149 589 τὰς
169 558 264 592 χεῖρας
285 556 299 582 ὁ
319 554 397 588 λόγος
411 562 417 568 ·
437 552 569 588 πρόδηλόν
589 553 646 578 ἐστι
667 551 698 578 τὸ
716 551 760 578 διὰ
782 550 884 576 τούτων

103 601 252 637 νοούμενον,
265 601 305 626 ὅτι
316 600 347 626 τὸ
361 599 422 626 καθ’
435 598 495 625 ὅλου
507 597 649 633 νοούμενον
664 596 781 631 καθαρόν
794 603 823 621 τε
840 595 885 621 καὶ

105 647 300 682 ἀναμάρτητον,
318 645 365 671 καὶ
377 644 467 678 πάσης
481 642 580 678 κακίας
600 641 698 677 ἀμιγές
712 649 741 667 τε
756 640 803 667 καὶ
816 640 885 666 ἀπα-

106 692 229 727 ράδεκτον
245 690 384 725 νομοθετεῖ
398 690 430 724 τῇ
446 689 517 724 χειρὶ
534 689 548 714 ὁ
562 687 649 721 λόγος.
666 687 752 721 Χεῖρα
765 685 793 712 δὲ
810 684 886 712 νοοῦ-

107 747 153 773 μεν
163 738 271 768 πάντως
283 737 332 771 τὴν
342 735 375 761 τὰ
391 734 467 762 κοινά
476 734 526 768 τῆς
547 732 707 767 Ἐκκλησίας
721 731 760 762 εἰς
774 730 822 760 τὰς
833 729 886 755 τῶν

102 783 216 812 ἐντολῶν
238 782 331 818 χρείας
351 779 576 816 διαχειρίζουσαν,
594 775 628 813 ἦς
655 777 764 807 ἔπαινός
784 776 841 801 ἐστι
857 774 887 800 τὸ

107 828 265 865 ὁμοιωθῆναι
277 827 310 862 τῇ
326 827 373 862 τῆς
390 825 511 860 κεφαλῆς
529 823 617 857 φύσει,
633 822 703 849 κατὰ
718 821 748 848 τὸ
768 819 886 855 καθαρόν

106 882 133 901 τε
147 873 194 900 καὶ
208 871 408 907 ἀναμάρτητον.
428 868 543 904 Καθαρὰ.
554 868 582 894 δὲ
592 867 696 901 γίνεται
712 866 772 892 τότε
781 867 798 900 ἡ
816 865 886 900 χεὶρ,

107 921 168 947 ὅταν
180 919 223 945 διὰ
236 919 286 953 τῆς
302 916 410 952 τορείας
425 915 498 941 ἂπαν
518 912 687 947 ἀποξύσηται
703 910 733 938 τὸ
746 909 890 946 ἐμποδίζον

106 965 144 1001 τῷ
163 964 264 992 κάλλει.
294 961 426 995 Καθάπερ
450 960 504 995 γὰρ
523 959 591 995 πρός
605 967 666 984 τινα
689 957 759 989 ζώου
785 957 890 992 μορφὴν

109 1009 309 1039 ἀποτυποῦντες
327 1007 358 1034 τὸ
378 1006 523 1042 μάρμαρον
534 1025 541 1037 ,
556 1005 648 1031 ἐκεῖνα
666 1004 709 1030 διὰ
723 1004 771 1038 τῆς
786 1004 891 1038 τορείας

109 1056 270 1091 ἐτγλύφουσι
283 1054 324 1089 τῷ
336 1053 413 1088 λίθῳ,
431 1051 477 1078 καὶ
493 1050 714 1087 ὲγκολᾲπτουσιν,
729 1046 767 1076 ὧν
784 1057 892 1084 περιαι-

111 1103 240 1137 ρεθέντων
257 1100 324 1136 προς
343 1099 374 1126 τὸ
396 1098 550 1134 ἀρχέτυπον
574 1095 642 1127 εἶδος
659 1095 844 1122 ἁποτυποῦται
863 1095 893 1120 τὸ

110 1147 221 1182 μίμημα
235 1153 240 1158 ·
257 1144 328 1171 οὕτω
343 1145 388 1170 καὶ
400 1143 448 1170 ἐπὶ
459 1142 505 1169 τοῦ
518 1141 631 1172 κάλλους
642 1140 696 1166 τῶν
709 1139 755 1166 τοῦ
770 1138 893 1174 σώματος

110 1194 158 1227 τῆς
178 1190 341 1225 Ἐκκλησίας
355 1188 453 1225 χειρῶν
469 1187 554 1214 πολλὰ
570 1187 622 1222 χρὴ
635 1186 679 1213 διὰ
693 1184 741 1221 τῆς
755 1185 809 1212 τῶν
822 1185 894 1218 λογι-

110 1237 185 1273 σμῶν
198 1236 304 1272 τορείας
314 1233 506 1269 ἀποξεσθῆναι,
519 1233 563 1260 ἵνα
576 1233 688 1268 γένηται
707 1232 723 1266 ή
735 1231 795 1266 χεὶρ
808 1231 894 1266 χρυσῆ

105 1284 146 1314 ὡς
158 1282 266 1318 ἀληθῶς
281 1282 328 1308 καὶ
344 1281 490 1316 ἀκήρατος.
507 1277 620 1310 Πάντως
637 1278 665 1304 δὲ
680 1276 800 1312 πρόδηλα
813 1275 895 1302 πᾶσίν

110 1330 194 1360 ἐστιν,
207 1328 257 1354 ὅσα
281 1327 319 1362 μὴ
336 1325 544 1362 περιαιρεθέντα
564 1324 614 1359 τῆς
636 1323 726 1358 χειρὸς
748 1322 787 1357 τῷ
804 1321 896 1350 κάλλει

108 1372 279 1409 λυμαίνεται,
291 1371 345 1399 οἷον
364 1372 394 1398 τὸ
404 1370 644 1406 ἀνθρωπαρέσκον,
659 1369 689 1395 τὸ
706 1368 852 1403 φιλόδοξον,
865 1366 897 1394 τὸ

110 1419 281 1454 φιλοκερδὲς,
297 1418 327 1444 τὸ
345 1418 423 1453 μόνον
438 1417 506 1452 πρὸς
516 1417 547 1443 τὸ
556 1416 716 1451 φαινόμενον
729 1415 850 1450 βλέπειν,
866 1414 897 1441 τὺ

109 1465 286 1501 7περιφάνειάν
308 1473 369 1491 τινα
388 1463 477 1498 ἑαυτῴ
490 1463 533 1490 διὰ
552 1462 606 1490 τῶν
628 1463 656 1488 ὲν
673 1462 751 1498 χερσὶ
768 1469 894 1497 πραγμα-

108 1511 245 1543 τεύεσθαι,
260 1510 289 1537 τὸ
304 1511 344 1541 εἰς
362 1509 467 1545 τρυφὴν
480 1509 527 1535 καὶ
540 1508 690 1553 ἀπόλαυσιν
708 1507 777 1534 [δίαν
790 1509 824 1543 τῇ
842 1506 898 1533 τῶν
910 1524 933 1553 c

110 1556 226 1583 ἐντολῶν
235 1554 438 1590 ἁποκεχρῆσθαι
449 1555 620 1590 παρασκευῇ·
628 1551 703 1590 χρὴ
714 1553 803 1580 πάντα
811 1552 898 1580 ταῦτα

110 1601 207 1629 καὶτὰ.
226 1601 338 1628 τοιαῦτα.
353 1602 409 1632 τοῖς
428 1600 481 1628 τῶν
498 1599 636 1635 λογισμῶν
658 1600 783 1635 ὀργάνοις
797 1598 900 1631 ἀποξυ-

113 1647 240 1681 σάμενον,
257 1646 345 1672 ἐκεῖνο
358 1645 517 1672 καταλιπεῖν
533 1644 612 1679 μόνον
632 1643 662 1670 τὺ
676 1643 794 1678 καθαρόν
808 1651 838 1669 τε
853 1643 899 1669 καὶ

112 1691 303 1726 ἁκιὸδήλευτον
327 1690 437 1725 χρυσίον
451 1689 501 1724 τῆς
515 1689 701 1724 προαιρέσεως
711 1708 718 1721 ,
734 1688 764 1715 τὸ
775 1690 808 1724 τῇ
830 1689 899 1723 ἀκηα

110 1737 189 1772 ρὰτῳ
198 1736 302 1771 κεφαλῇ
318 1735 504 1771 ὁμοιούμενον.
522 1734 692 1769 Σαφέστερον
709 1733 731 1760 δ’
747 1734 780 1761 ἂν
797 1735 900 1768 γένοιτο

111 1783 179 1818 ἡμῖν
192 1782 222 1809 τὸ
238 1781 380 1817 λεγόμενον
390 1781 434 1807 διὰ
446 1781 496 1816 τῆς
506 1779 552 1807 τοῦ
569 1779 730 1806 Ἀποστόλου
746 1780 837 1814 φωνῆς
849 1789 855 1795 ·
871 1780 900 1811 ὃς

113 1829 209 1855 πιστὸν
220 1828 264 1855 τὸν
275 1827 341 1854 Θεὸν
353 1827 499 1862 ὀνομάσας,
517 1825 593 1852 οὐδὲν
612 1825 676 1853 ἄλλο
689 1826 736 1852 καὶ
750 1826 779 1852 ὲν
792 1827 849 1857 τοῖς
861 1827 894 1851 oi-

113 1874 241 1908 κονόμοις
264 1873 354 1907 ζητεῖν
368 1872 457 1905 ἀξιοῖ,
478 1872 495 1907 ἢ
514 1872 546 1898 τὸ
562 1871 658 1898 πιστὸν
671 1871 834 1907 εὑρεθῆναι·
854 1871 900 1898 οὐ·
921 1883 930 1889 -

113 1919 182 1945 τωσὶ
203 1918 310 1953 γράψαι,
325 1917 365 1953 τῷ
381 1918 492 1953 ῥήματι.
520 1918 553 1943 "0
572 1917 602 1943 δὲ
625 1917 728 1949 λοιπὸν,
738 1917 858 1952 ζητεῖται
872 1918 902 1944 ὲν

112 1967 173 1996 ’τοῖς
203 1964 365 1998 οἰκονόμοις,
386 1964 436 1991 ἵνα
447 1964 556 1997 πιστός
575 1972 619 1996 τις
633 1963 750 1998 εὑρεθῇ.
771 1963 875 1990 Οὐκοῦν
889 1965 903 1990 ό

115 2009 212 2041 πιστὸς
235 2009 282 2035 καὶ
307 2008 437 2044 φρόνιμος
456 2009 596 2044 οἰκονόμος
618 2009 679 2036 ἀντὶ
700 2009 791 2044 χειρὸς
806 2009 845 2036 ὢν
869 2011 902 2044 τῇ

121 2055 280 2090 Ἐκκλησία,
295 2054 399 2090 χρυσῆν
417 2054 477 2081 καθ’
494 2055 638 2090 ὁμοιότητα
651 2056 701 2090 τῆς
714 2055 835 2090 κεφαλῆς
850 2055 903 2082 δεί-

116 2109 197 2128 κνυσι
226 2099 275 2135 τὴν
302 2101 380 2135 χεῖρα
405 2098 452 2126 τοῦ
476 2099 622 2134 σώματος,
639 2100 685 2126 τὸν
707 2100 788 2134 σοφὸν
805 2101 902 2127 ἑαυτοῦ

113 2145 250 2181 δεσπότην
265 2145 310 2172 διὰ
330 2144 382 2178 τοῦ,
396 2144 453 2179 βίου
472 2144 648 2179 μιμούμενος.
670 2145 727 2171 Οὐκ
739 2143 773 2180 ἦν
793 2145 903 2181 τοιαύτη

931 229 1031 256 Paulus
1047 228 1214 264 loquitur":
1235 227 1280 262 qui
1296 234 1326 254 se
1340 228 1368 253 iu
1385 232 1468 252 carne
1483 231 1532 259 per
1547 224 1662 250 virtutes
1679 230 1711 248 ac

931 274 1063 301 miracula
1073 273 1214 309 patefecit.
1227 272 1304 305 Quod
1319 272 1342 299 si
1356 279 1421 306 ergo
1432 273 1513 305 caput
1524 270 1575 296 hoc
1588 272 1714 295 nostrum

932 319 1097 354 appellatum
1127 319 1177 346 l'uit
1203 326 1299 346 aurum
1327 316 1549 347 immaculatum,
1573 316 1715 349 prdpterea

933 365 1005 400 quod
1021 367 1097 392 extra
1119 372 1199 392 omne
1228 367 1368 399 pecuatum
1389 362 1425 389 sit
1462 359 1713 396 (quemadmodum

933 411 1033 438 dicitur
1046 419 1053 438 :
1073 411 1212 437 Peccatum
1225 409 1324 436 nul/um
1337 408 1503 442 perpetravit.
1518 414 1598 441 neque
1613 406 1716 431 iuuenta

934 457 1010 490 fraus
1022 462 1060 483 est
1071 457 1098 483 in
1111 464 1154 482 ore
1169 457 1250 490 ipsius
1262 450 1457 488 "Litidemquc
1472 453 1515 479 bie
1529 460 1625 479 manus
1636 452 1716 477 ctiam

936 507 1068 530 vocantur
1086 511 1194 530 aurem:
1221 503 1348 529 nimirum
1364 506 1440 536 patet
1466 500 1517 527 bne
1536 500 1595 534 ipso
1616 498 1718 533 signiti‘

935 550 1012 581 cari,
1041 557 1139 576 manus
1169 549 1217 576 llas
1244 555 1356 583 prorsus
1381 554 1442 574 esse
1472 553 1572 580 puras,
1593 548 1718 578 expertes

937 596 1051 632 peccati,
1070 595 1174 622 alienas
1188 596 1221 630 ab
1236 595 1309 621 omni
1329 593 1482 619 vitiasitate.
1504 591 1610 618 Manum
1628 594 1717 617 autem

937 642 1106 676 appellamus
1125 648 1195 670 eam.
1213 648 1272 674 qme
1300 640 1332 665 ad
1353 646 1420 665 usus
1435 637 1566 664 divinitus
1594 637 1719 671 θηρευτι-

938 692 998 722 ptos
1027 687 1133 721 publica
1167 686 1237 712 bona
1269 685 1396 711 Ecclesiae
1424 683 1616 710 administrat:
1642 682 1720 715 cujus

940 732 996 759 lizee
1021 731 1130 767 propria
1160 731 1218 758 laus
1236 734 1277 758 est
1292 751 1298 761 ,
1320 734 1349 756 ιιι
1367 730 1465 764 capitis
1494 733 1597 756 natura:
1625 728 1721 760 similia

941 779 1002 809 liat,
1021 778 1127 804 ratione
1153 777 1280 812 puritatis
1300 780 1471 810 peccatorum
1495 775 1625 809 expertis.
1645 773 1721 800 Tune

941 830 1031 852 autem
1049 831 1145 851 manus
1161 824 1189 849 lit
1208 829 1272 857 pura
1289 842 1295 853 ,
1322 829 1383 848 cum
1401 821 1535 848 lornaudo
1555 825 1640 847 iultllll
1657 820 1722 846 illud

941 871 1085 901 abraserit,
1103 869 1173 905 quod
1188 868 1327 903 elegantia:
1345 868 1537 902 impedimento
1553 872 1603 893 cst.
1623 866 1724 899 Quem-

942 917 1086 944 admodum
1106 915 1177 942 enim
1194 915 1230 941 illi
1245 934 1252 945 ,
1276 914 1328 949 'qui
1351 921 1470 940 marmor
1487 913 1518 940 ad
1540 913 1651 947 figuram
1667 913 1724 938 auia

941 962 1021 989 malis
1041 961 1157 995 alicujus
1176 960 1368 991 conformant,
1394 966 1424 986 ea
1443 959 1577 985 tornando
1595 958 1726 992 'seulpuut

942 1013 969 1034 et.
984 1007 1109 1034 incidunt
1121 1005 1202 1040 lapidi
1217 1025 1223 1036 ,
1239 1006 1339 1040 quibus
1355 1005 1500 1039 amputatis
1516 1004 1549 1030 ad
1573 1003 1724 1038 exemplum

945 1053 1071 1088 princeps
1100 1052 1277 1079 sitmtlar-rutn
1306 1050 1463 1085 etlingitur:
1505 1051 1545 1077 sic
1585 1051 1666 1077 etiam
1699 1051 1726 1076 in

944 1098 1150 1134 pulchritudine
1176 1104 1305 1124 manuum
1332 1096 1456 1132 corporis
1483 1093 1616 1124 Ecclesia:
1643 1097 1726 1123 multa

946 1153 994 1181 per
1009 1145 1247 1173 ratiocinationum
1273 1143 1426 1170 deradcnda
1451 1149 1512 1170 sunt
1535 1145 1727 1174 lornationcm,

947 1198 976 1220 ιιι
990 1199 1087 1218 manus
1103 1198 1166 1217 vere
1180 1197 1263 1217 aurea
1280 1190 1324 1216 liat
1342 1194 1369 1216 et
1385 1197 1462 1224 pura.
1479 1189 1571 1224 Neque
1588 1196 1651 1216 vero
1668 1189 1728 1215 cui-

947 1245 1028 1274 quam
1045 1237 1163 1264 obsettra
1188 1245 1248 1263 esse
1277 1240 1391 1271 possunt
1404 1257 1410 1268 ,
1429 1243 1489 1271 qum
1514 1244 1567 1262 non
1588 1238 1729 1270 amputata

948 1290 1044 1310 manus
1067 1281 1262 1317 pulchritudini
1289 1281 1423 1312 olliciant,
1442 1281 1516 1308 verbi
1542 1281 1647 1316 gratia.
1671 1284 1729 1308 stu:

947 1329 1021 1355 dium
1040 1327 1161 1362 placendi
1175 1326 1342 1358 hominibus,
1356 1327 1481 1357 avaritia,
1497 1326 1620 1359 ambitio,
1641 1327 1728 1354 solum

948 1373 982 1401 ad
999 1381 1030 1401 ea
1047 1374 1184 1408 respicere
1198 1380 1259 1408 qua:
1274 1372 1326 1400 sub
1343 1373 1438 1400 Oculos
1464 1373 1564 1399 cadunt
1575 1393 1582 1404 ,
1603 1372 1730 1407 spientim

949 1424 1005 1447 rem
1020 1419 1072 1447 sibi
1091 1427 1122 1446 ex
1143 1419 1224 1446 rebus
1239 1420 1419 1454 prmseutibus
1432 1425 1601 1453 comparare.
1618 1418 1650 1444 ad
1663 1418 1730 1443 dulil

949 1467 1006 1493 cias
1023 1470 1050 1492 et.
1064 1466 1230 1501 voluptatem
1244 1466 1381 1501 propriam
1409 1465 1482 1492 abuti
1501 1464 1616 1491 collecto
1635 1471 1666 1491 cx
1686 1462 1731 1490 Dri

951 1512 1078 1540 mandato
1093 1520 1182 1547 penu:
1203 1512 1302 1546 quibus
1327 1512 1437 1547 quidem
1458 1510 1594 1539 universis
1620 1515 1647 1538 et
1674 1511 1733 1545 ejus

951 1559 1059 1594 generis
1073 1558 1134 1586 aliis
1146 1566 1194 1594 per
1207 1558 1389 1586 instrumenta
1405 1558 1599 1594 cogitationum
1615 1556 1733 1590 abrasis,

952 1605 1039 1632 solum
1054 1604 1202 1632 voluntatis
1220 1612 1316 1639 purum
1338 1604 1403 1631 illud
1425 1611 1457 1631 ac
1477 1604 1589 1631 minime
1603 1601 1731 1630 adulteri-

953 1658 1016 1678 num
1037 1658 1133 1677 aurum
1160 1650 1367 1685 relinquendum
1383 1654 1423 1677 est
1437 1670 1444 1683 ,
1471 1650 1543 1685 quod
1560 1649 1734 1676 immaculato

953 1696 1033 1730 capiti
1049 1700 1091 1722 est
1106 1695 1203 1722 simile.
1227 1695 1258 1722 Et
1277 1695 1360 1722 fuerit
1385 1695 1501 1722 fortasse
1520 1694 1594 1729 quod
1615 1693 1735 1721 dicimus

954 1738 1040 1771 magis
1065 1738 1252 1773 perspicuum,
1270 1739 1293 1765 si
1319 1746 1367 1773 per
1394 1739 1505 1765 verbum
1526 1738 1592 1765 illud
1611 1738 1735 1773 Apostuii

953 1783 1124 1810 declaretur:
1145 1783 1192 1818 qui
1216 1780 1391 1819 posteaquam
1413 1783 1496 1811 Deum
1515 1783 1620 1811 lidelem
1645 1785 1736 1818 appel-

955 1829 1039 1860 lavit,
1057 1828 1124 1856 nibil
1151 1829 1221 1855 aliud
1239 1829 1364 1856 etiam‘in
1392 1829 1430 1856 rei
1455 1829 1597 1857 familiaris
1619 1829 1737 1856 admini-

955 1875 1117 1902 stratorilnts
1132 1875 1258 1909 requirit,
1277 1882 1357 1909 quam
1379 1875 1417 1901 uti
1442 1875 1500 1910 quis
1518 1875 1604 1909 ﬁdelis
1621 1875 1736 1909 reperiu-

957 1926 998 1947 tur
1009 1921 1041 1947 ".
1061 1921 1105 1947 Sic
1118 1921 1190 1947 enim
1205 1920 1237 1947 ad
1253 1922 1364 1947 verbum
1384 1921 1501 1955 scripsit.
1522 1918 1666 1956 Reliquum
1684 1925 1736 1953 est,

956 1965 1065 2001 quodin
1081 1965 1348 1994 administratoribus
1365 1967 1402 1994 rei
1419 1966 1562 1994 familiaris
1576 1967 1735 2000 requiritur,

958 2019 986 2038 ιιι
1004 2012 1066 2046 quis
1084 2011 1211 2039 nimirum
1228 2011 1314 2040 lldelis
1330 2014 1488 2047 reperiatur.
1509 2013 1600 2048 itaque
1614 2013 1699 2040 fidelis
1711 2017 1738 2040 et

956 2056 1076 2090 prudens
1094 2055 1298 2083 administrator
1315 2056 1338 2072 "
1354 2057 1392 2083 rei
1415 2056 1566 2089 familiaris,
1581 2057 1627 2092 qui
1643 2057 1739 2084 Eccle-

958 2102 1005 2128 sim
1022 2109 1119 2129 manus
1137 2105 1179 2129 est
1195 2103 1264 2133 loco,
1281 2103 1430 2138 sapientem
1450 2103 1590 2130 dominum
1608 2111 1689 2130 suum
1712 2104 1738 2130 in

959 2148 1012 2174 vita
1033 2147 1176 2179 imitando,
1202 2155 1311 2175 manum
1330 2149 1452 2183 corporis
1475 2150 1506 2175 ad
1531 2149 1740 2177 similitudinem

116 2192 178 2227 χεὶρ
190 2192 219 2217 ὲν
230 2190 269 2226 τῷ
285 2190 338 2216 τῶν
348 2190 504 2216 ἀποστόλων
525 2189 629 2224 σώματι
645 2191 659 2216 ὁ
676 2191 774 2222 Ἰούδας
791 2193 897 2224 ἐκεῖνος

960 2193 1056 2228 capitis
1078 2199 1187 2219 auream
1209 2192 1307 2220 reddit.
1335 2193 1392 2220 Non
1414 2198 1472 2221 erat
1495 2194 1627 2229 ejusmodi
1643 2203 1740 2222 manus

113 2238 263 2270 déiaawo';
279 2245 310 2264 τε
323 2236 370 2264 καὶ
386 2237 512 2268 δείλαιος,
529 2237 628 2272 μᾶλλον
646 2238 675 2264 δὲ
689 2238 703 2264 ὁ
717 2240 849 2274 στυγητὸς
864 2241 909 2266 καὶ

117 2284 304 2320 ἀποτρόπαιος
314 2303 322 2315 ,
338 2284 367 2316 ὃς
381 2283 537 2318 οἰκονομίαν
553 2283 669 2318 πτωχῶν
684 2285 908 2320 πεπιστευμένος,

64 2337 72 2340 ”
117 2330 169 2366 τὴν
183 2330 232 2365 τῆς
245 2329 460 2365 φιλοχρηματίας
472 2329 576 2364 λέπραν
594 2329 643 2356 οὑκ
656 2329 824 2362 ἀπεξύσατο·
839 2331 908 2358 ἀλλὰ

118 2375 209 2410 φύλαξ
232 2375 269 2402 ὢν
288 2376 334 2402 τοῦ
361 2376 555 2411 γλωσσοκόμου
577 2376 621 2404 διὰ
635 2377 697 2408 τοὺς
724 2375 908 2410 κλέπτοντας,

118 2419 204 2452 αὐτὸς
219 2419 316 2448 ἑαυτοῦ
337 2419 457 2456 κλέπτης
469 2420 586 2454 ἐγένετο,
603 2420 619 2447 ὃ
635 2421 664 2447 ἐν
675 2422 736 2453 ταῖς
749 2423 842 2457 χερσὶν
853 2421 909 2458 εἶχε

118 2464 167 2493 διὰ
180 2465 233 2491 τῶν
249 2465 320 2492 ἰδίων
339 2466 437 2501 χειρῶν
456 2466 661 2502 ὑφαιρούμενος,
674 2468 719 2494 καὶ
735 2468 766 2494 οὐ
783 2469 850 2504 πρὸς
861 2469 910 2504 τὴν

120 2511 244 2546 ἐντολὴν,
265 2511 332 2538 ἀλλὰ
345 2512 412 2547 πρὸς
429 2512 464 2538 τὰ
478 2513 606 2547 χρήματα
619 2513 724 2547 βλέπων
736 2522 743 2529 ·
760 2511 798 2540 ὧν
811 2516 827 2549 ἠ
843 2514 910 2541 ἀπό-

119 2556 220 2588 λαυσις
245 2557 352 2591 ἐγένετο
365 2565 373 2573 ·
388 2557 415 2583 τί
427 2565 435 2589 ;
456 2557 569 2592 Ἀγχὸνη
583 2557 721 2591 ἑκούσιος,
744 2559 817 2594 ζωῆς
830 2559 910 2587 ἀλλο-

118 2600 235 2636 τρίωσις
245 2621 253 2632 ,
276 2600 439 2636 πανολεθρία
453 2600 541 2636 ψυχῆς
551 2621 557 2632 ,
585 2603 756 2637 μνημόσυνον
771 2603 888 2640 πονηρὸν
901 2625 909 2636 ,

120 2646 207 2672 παντὶ
219 2645 258 2680 τῷ
278 2647 335 2681 μετ’
350 2645 430 2672 αὑτὸν
445 2644 534 2682 χρόνῳ
549 2647 791 2683 συνεκτεινόμενον.
808 2649 911 2676 Οὐκοῦν

119 2693 255 2727 τορευτὰς
269 2691 336 2719 εἶναι
355 2693 407 2729 χρὴ
423 2694 468 2720 καὶ
490 2693 651 2728 διαγλύφους
670 2694 720 2725 τὰς
741 2696 849 2730 χεῖρας,
869 2696 912 2722 ἵνα

121 2737 352 2772 περιαιρεθέντων
362 2738 415 2765 τῶν
431 2738 523 2765 κακῶν
538 2739 763 2774 συμπεφυκότων,
778 2739 808 2765 τὸ
821 2740 912 2767 λειπό-

163 2826 187 2845 ²⁵
202 2827 213 2854 1
231 2826 295 2854 Cor.
312 2834 338 2859 v,
357 2826 396 2854 l9.
437 2829 459 2858 Ῥ
479 2829 529 2857 lsa.
548 2836 606 2862 ιιιι,
625 2830 659 2863 9;
675 2829 685 2856 l
699 2829 771 2858 Petr.
794 2838 823 2862 ιι,
836 2831 880 2858 2‘2.
920 2831 939 2845 ¹⁷

838 2848 880 2858 ιι-.

959 2239 984 2265 in
1001 2239 1184 2272 apostolorum
1213 2246 1327 2273 corpore
1350 2239 1435 2267 Iudas
1459 2240 1503 2266 ille
1521 2240 1694 2268 miserandus
1709 2249 1741 2268 ac

959 2281 1040 2308 miser
1052 2301 1059 2312 .
1075 2282 1116 2308 vel
1133 2283 1224 2316 potius
1242 2283 1304 2309 odio
1321 2282 1419 2318 dignus
1436 2287 1464 2310 et
1482 2285 1657 2312 exsecrabilis
1671 2307 1678 2317 ,
1697 2285 1740 2312 etti

958 2334 1021 2353 cuni
1035 2334 1101 2353 cura
1123 2331 1196 2354 esset
1216 2328 1362 2356 commissa
1382 2336 1549 2364 pauperum,
1569 2331 1690 2358 avaritia:
1705 2331 1743 2358 le-

959 2379 1035 2406 pram
1052 2379 1106 2399 non
1126 2373 1247 2405 abrasit,
1266 2374 1313 2401 sed
1330 2379 1441 2409 propter
1459 2375 1532 2403 fures
1552 2377 1683 2412 marsupii
1697 2385 1744 2403 en-

961 2422 1034 2449 stos,
1054 2418 1112 2452 ipse
1137 2419 1179 2445 sui
1204 2419 1289 2453 ipsius
1308 2419 1351 2446 fur
1372 2419 1461 2448 fac-tus
1476 2426 1527 2453 est,
1549 2421 1612 2448 dum
1627 2423 1699 2457 quod
1716 2423 1743 2450 in

961 2463 1086 2491 manibus
1105 2464 1164 2492 suis
1180 2465 1297 2492 habebat
1310 2484 1317 2497 ,
1333 2466 1452 2500 propriis
1469 2467 1596 2494 manibus
1613 2469 1743 2503 elepcrct,

962 2517 1015 2536 non
1035 2510 1068 2536 ad
1083 2509 1129 2536 Dei
1148 2509 1324 2544 mandatum,
1342 2511 1389 2537 sed
1419 2511 1549 2546 pecunias
1564 2512 1637 2546 ipsas
1655 2514 1743 2547 respi-

961 2556 1053 2583 ciens:
1066 2563 1099 2583 ex
1112 2556 1212 2591 quibus
1222 2556 1319 2583 deinde
1336 2556 1453 2583 lruetum
1469 2557 1552 2584 alium
1568 2558 1671 2584 nullum
1685 2566 1745 2593 per-

961 2603 1043 2638 cepit,
1059 2603 1112 2630 nisi
1128 2603 1371 2638 strangulationem
1384 2623 1392 2635 ,
1408 2597 1585 2638 spontaneam
1603 2604 1744 2638 abruptio-

962 2657 1024 2676 nem
1036 2649 1115 2681 vitat,
1131 2652 1234 2676 certum
1251 2649 1350 2675 animae
1362 2648 1501 2676 interitum
1514 2668 1522 2681 ,
1540 2655 1744 2676 monumentum

963 2694 1136 2726 Sceleratum,
1151 2693 1222 2728 quod
1240 2693 1348 2727 quidem
1363 2699 1494 2720 aeternum
1509 2693 1629 2721 durabit.
1643 2692 1745 2725 Quam-

963 2740 1055 2767 obrem
1073 2747 1169 2766 manus
1185 2746 1247 2766 esse
1264 2738 1334 2765 belle
1351 2743 1472 2767 tornatas
1488 2746 1518 2766 ac
1533 2739 1653 2773 sculptas
1665 2745 1745 2772 opor-

952 2829 1033 2857 lCor.
1050 2831 1124 2863 Iv,‘2.
1163 2831 1184 2846 "
1196 2830 1374 2862 Muttinxxtr,
1387 2830 1430 2857 i5.
