1978 3068
245 141 310 169 ιστι

857 135 886 164 S.
899 134 1061 165 GREGORII
1077 133 1224 165 NYSSENI

1795 130 1862 161 £07!

245 201 300 230 tet,
316 200 345 223 ut
362 195 509 230 amputatis
530 194 563 221 iis
588 200 648 228 qua:
668 192 736 219 male
755 191 909 222 adiutarent.
929 199 1025 218 aurum

1082 211 1158 238 μενον
1178 201 1277 238 χρυσὸς
1295 198 1331 237 ᾖ,
1353 200 1392 235 τῷ
1411 200 1460 236 τῆς
1481 199 1603 236 κεφαλῆς
1628 200 1721 228 κάλλει
1742 200 1816 228 κατὰ
1831 200 1864 228 τὸ

244 241 380 276 supersit:
397 239 468 274 quod
484 239 575 274 specie
590 245 638 265 sua
653 237 750 273 capitis
767 236 966 272 pulchritudini
979 244 1026 263 re-

245 287 374 319 spondeat
379 306 385 312 .

279 332 412 358 Cit-ternm
428 338 480 356 vox
497 329 611 356 Tharsis
633 328 714 356 habet
737 335 769 354 ex
786 334 925 355 sacrarum
943 326 1028 353 Litte-

244 384 334 404 rarum
362 375 559 403 consuetudine
584 374 735 409 signiﬁcata
752 374 912 408 complura;
939 380 1028 408 neque

244 429 352 457 semper
380 422 450 448 idem
473 421 541 448 velle
566 419 789 456 deprehenditur.
816 418 883 446 Nam
903 426 1027 453 saepenu-

244 475 320 496 mero
346 467 379 494 ad
409 466 537 502 quiddam
569 465 768 500 vituperabile,
792 472 977 499 saepenumero
994 464 1027 491 ad

245 513 366 541 divinum
380 516 407 539 ct
418 513 526 539 beatum
540 510 668 545 quiddam
683 510 742 544 ejus
759 509 923 544 signilicatio
939 512 1027 535 trans-

245 557 340 585 fertur.
357 556 478 591 Exempli
495 556 592 590 gratia,
606 562 660 590 quo
675 559 796 588 tempore
816 552 900 581 Jonas
920 557 995 580 vates
1011 561 1027 580 a

244 603 291 630 Dei
308 606 460 637 conspectu
476 601 595 636 fugiebat
608 620 615 632 ,
637 601 727 628 navim
741 604 851 627 euntem
870 600 895 626 in
914 599 1027 626 Tharsis

243 649 340 684 (μαι-ιι
352 649 385 673 "-
404 647 434 674 Et
454 655 570 682 magnus
588 647 632 674 ille
648 646 731 673 David
748 646 796 677 ait,
815 645 920 680 navigia
941 644 1027 671 Thar-

244 695 282 722 sis
298 702 312 720 a
327 694 423 729 spiritu
440 693 590 720 vehementi
602 692 707 720 conteri
724 692 757 720 '°.
774 691 878 724 Quibus
894 691 920 717 iu
937 690 1028 718 verbis

243 739 370 774 spiritum
384 739 581 769 vehementem,
599 742 628 764 ut
643 737 769 772 equidem
787 736 918 768 arbitror,
934 735 1028 771 appci-
1043 750 1048 754 ι

243 785 281 812 lat
294 793 355 812 eum
382 784 428 820 qui
444 783 586 819 discipulis
606 784 632 810 in
649 783 794 810 emnaculo
808 782 930 810 collectis
945 788 1028 816 appa—

245 831 298 858 ruit
310 850 317 860 .
335 837 367 857 ac
384 831 473 865 primo
490 829 599 864 quidem
618 829 712 856 auditu
730 833 772 855 est
788 828 930 863 cognitus,
949 827 1026 862 quasi

245 884 328 903 ruens
350 876 428 903 ﬂatus
452 875 605 907 violentus;
627 875 725 902 deinde
749 881 812 901 vero
835 874 915 901 etiam
941 873 1028 900 oculis

246 922 398 956 patefactus
412 925 473 952 est,
499 921 652 956 linguarum
676 920 702 946 in
724 919 835 954 ligurum
857 919 980 949 ellictus,
997 925 1029 945 ac

245 967 397 1003 splendenti
410 968 479 1002 ignis
494 958 596 994 natitrze
604 965 701 994 similis
716 965 842 994 faetus’.‘.
854 965 891 991 Ac
901 973 948 999 per
956 965 1030 992 hunc

244 1014 354 1048 quidem
367 1012 457 1039 ﬂatum
474 1012 661 1047 multipliciter
674 1013 791 1038 humana
805 1011 831 1038 in
843 1015 941 1038 natura
957 1011 1030 1038 velut

245 1061 371 1088 innatans
389 1059 523 1086 vitiositas
538 1058 689 1085 conteritur
701 1077 708 1088 ,
724 1065 805 1092 quam
830 1057 876 1084 hic
895 1055 1029 1091 Propheta

245 1114 328 1133 naves
346 1105 460 1132 Tharsis
487 1103 642 1140 appellavit.
673 1103 761 1138 Atque
791 1103 848 1130 haec
876 1102 1029 1138 signiﬁcata

244 1155 308 1178 sunt
320 1151 394 1177 vocis
411 1149 492 1184 hujus
503 1169 511 1182 ,
523 1155 577 1183 qua
594 1150 713 1183 pejorem
729 1149 756 1175 in
777 1152 881 1182 partem
901 1148 1028 1175 sumitur.

245 1196 279 1222 At
292 1203 406 1231 magnus
420 1196 465 1222 ille
480 1194 605 1221 Ezechiel
623 1193 755 1220 visionem
770 1193 867 1220 oblatae
882 1192 1030 1227 aliquando

245 1241 296 1269 sibi
313 1240 504 1276 patefactionis
520 1239 619 1267 divinte
631 1239 800 1270 describens,
811 1239 929 1274 speciem
947 1239 1030 1266 unius

244 1296 277 1316 ex
294 1287 395 1314 divinis
418 1287 473 1314 illis
492 1286 608 1321 spectris
632 1285 683 1312 hac
709 1293 775 1312 voce
800 1285 946 1319 exprimit,
967 1292 1029 1312 cum

246 1334 300 1362 ait:
322 1334 355 1360 Et
368 1333 463 1368 species
479 1332 536 1367 ejus
549 1351 557 1363 ,
572 1331 648 1366 quasi
668 1332 764 1365 species
789 1330 898 1357 Tlmrsis
913 1331 945 1356 ³².
962 1330 1030 1356 Tra-

245 1380 314 1407 dunt
330 1384 419 1406 autem
437 1379 491 1410 illi,
509 1377 558 1413 qui
574 1382 701 1404 accurate
719 1385 815 1404 vocum
832 1377 1029 1404 Ilebraicarum

245 1428 299 1453 vim
319 1429 488 1461 perspectam
506 1424 628 1454 habent,
648 1423 676 1450 in
707 1423 759 1449 hac
784 1422 856 1449 illius
880 1423 1031 1457 prophetia:

247 1478 325 1507 parte
340 1479 387 1506 per
400 1470 562 1498 vocabulum
576 1470 628 1496 hoc
648 1468 797 1504 signiﬁcari
815 1469 944 1502 quiddam
957 1469 1029 1503 quod

245 1516 369 1543 colorum
395 1519 423 1543 et
446 1513 570 1550 corporis
587 1514 622 1541 sit
636 1521 743 1549 expers,
760 1521 792 1540 ac
812 1513 911 1540 mentis
931 1513 1031 1541 intelli-

245 1562 336 1597 gentia
353 1566 457 1588 tantum
487 1560 662 1596 percipiatur.
683 1560 749 1587 Cum
772 1567 838 1595 ergo
866 1560 965 1595 duplex
994 1560 1030 1587 sit

244 1607 322 1634 vocis
340 1607 422 1641 hujus
438 1606 630 1641 signiﬁcatum.
643 1610 670 1633 et
685 1613 747 1632 vero
762 1605 848 1633 cuivis
863 1610 965 1640 pateat,
977 1613 1031 1633 meo

246 1653 341 1680 liorem
359 1653 387 1680 in
407 1657 509 1688 partem
529 1652 573 1679 hie
597 1659 656 1679 eam
672 1651 758 1686 accipi
776 1651 846 1686 (non
861 1651 934 1678 enim
950 1659 1031 1678 usur-

246 1699 304 1735 pari
319 1703 423 1734 poterat
439 1699 466 1726 in
481 1698 619 1730 encomio,
631 1703 768 1733 quatenus
787 1705 843 1725 rem
862 1698 1031 1733 vituperabi-

246 1745 298 1773 lem
314 1746 412 1780 notat),
424 1744 491 1772 ordo
507 1745 626 1780 postulat
642 1748 670 1771 ut
686 1743 736 1771 hoc
748 1743 804 1778 jam
824 1743 1031 1771 consideremus

247 1791 275 1818 in
292 1791 418 1818 manibus
441 1798 501 1826 quae
517 1790 660 1817 laudantur
680 1799 686 1817 :
701 1789 830 1816 nimirum
850 1788 922 1824 quod
935 1793 1032 1824 sponte

246 1846 296 1865 sua
321 1837 400 1872 quasi
419 1836 557 1864 tornando
575 1835 683 1863 detritis
699 1835 843 1866 omnibus,
862 1841 1032 1870 quacunque

247 1890 450 1918 supervacanea
464 1886 494 1910 et
511 1889 641 1916 corporea
658 1881 685 1908 in
699 1880 739 1908 eis
756 1885 835 1908 erant
846 1901 853 1913 ,
871 1880 905 1908 ad
929 1884 1031 1908 sortem

247 1929 366 1956 divinam
378 1935 410 1955 ac
425 1932 514 1955 mente
531 1931 635 1954 tantum
648 1926 920 1961 comprehensibilem
939 1930 1031 1953 trans-

247 1979 331 2002 eant:
349 1973 424 2000 omni
442 1980 536 2000 crassa
567 1977 592 1999 et
608 1972 683 2007 gravi
704 1979 769 2007 erga
795 1979 839 1999 res
862 1971 924 1998 vita:
950 1971 1033 2005 huius

248 2019 391 2047 all‘ectione
413 2026 539 2046 excussa.
557 2017 643 2051 Quale
665 2017 794 2052 quiddam
814 2017 932 2052 lapidum
960 2016 1033 2044 scul-

249 2070 341 2100 νισι-(ις
365 2065 392 2091 in
426 2071 515 2091 massa
542 2062 716 2098 smaragdina
739 2062 845 2090 edicere
871 2061 1031 2097 praedicant.

250 2110 354 2137 l-Zteuim
367 2117 401 2137 eo
412 2129 420 2141 ,
446 2108 518 2143 quod
532 2108 652 2135 lucidum
680 2115 733 2134 non
748 2112 788 2136 est
799 2128 807 2140 ,
823 2107 871 2135 sed
891 2111 1031 2139 terrestre.

250 2162 298 2189 per
322 2159 410 2181 cotem
434 2153 579 2187 absumpto
597 2156 623 2179 et
642 2152 741 2180 detrito
753 2173 761 2186 ,
778 2153 865 2179 solum
882 2153 934 2179 hoc
950 2152 1033 2180 relin-

249 2205 349 2235 quunt,
370 2199 396 2226 in
412 2207 467 2234 quo
481 2198 608 2234 splendor
628 2198 737 2233 quidam
753 2197 849 2226 viridis
863 2201 890 2226 et
904 2198 969 2226 olea!
983 2206 1032 2226 co-

251 2247 335 2273 lorem
350 2245 473 2273 reTercns
489 2244 667 2280 conspicitur.
684 2245 772 2279 Atque
787 2244 856 2271 hanc
880 2244 907 2271 in
922 2248 1032 2272 senten-

251 2291 317 2318 tiam
333 2291 386 2318 dici
399 2289 527 2325 quiddam
554 2289 620 2316 mihi
640 2289 747 2316 videtur
763 2289 897 2316 illustrius
912 2289 946 2315 ab
960 2288 1034 2323 Apo-

251 2337 334 2368 stolo,
349 2335 509 2364 consulente
523 2335 641 2370 quodam
658 2335 686 2362 in
710 2334 906 2362 commentario
921 2341 971 2361 suo
982 2355 990 2367 ,
1005 2338 1035 2361 ut

252 2390 440 2410 removeamus
460 2381 629 2408 atl‘ectionem
657 2388 721 2415 erga
750 2387 793 2407 res
823 2379 874 2407 sub
893 2383 1033 2414 aspectum

252 2429 399 2461 cadentes,
423 2431 451 2454 et
475 2427 508 2454 ad
530 2427 556 2454 id
572 2427 645 2462 quod
671 2426 746 2454 cerni
774 2425 868 2459 nequit
892 2424 1035 2452 desideriis

252 2473 337 2500 animi
351 2471 548 2500 contendamus
569 2492 574 2497 .
599 2470 632 2497 Ut
649 2479 700 2498 non
716 2475 870 2506 spectemus,
889 2469 989 2505 inquit,
1005 2477 1036 2496 ea

252 2527 310 2554 qua:
326 2522 483 2548 cernuntur,
499 2517 543 2543 sed
559 2525 617 2551 ιιιιω
641 2524 692 2543 ιιοιι
712 2520 864 2543 cernuntur.
887 2515 959 2542 Nam
977 2523 1036 2550 qua:

253 2565 300 2592 sub
327 2564 416 2591 oculos
439 2563 553 2594 cadunt,
580 2567 760 2589 momentauea
783 2565 844 2588 sunt
868 2567 878 2587 .‘
902 2569 959 2595 qua:
984 2569 1035 2587 non

1077 246 1145 280 εῐδος
1160 247 1325 282 συμδαίνων.

1117 335 1148 362 Ἠ
1165 335 1193 361 δὲ
1210 334 1257 361 τοῦ
1280 335 1396 370 Θαρσεῖς
1416 334 1488 366 λέξις
1508 333 1663 368 πολύσημός
1685 333 1759 359 ἐστιν
1776 333 1805 360 ἑν

1076 382 1198 416 γραφικῇ
1213 380 1357 416 συνηθείᾳ,
1374 380 1446 406 κατὰ
1459 379 1507 415 τῆς
1522 379 1606 414 αὐτῆς
1618 379 1736 410 διανοίας
1749 378 1778 404 οὺ
1793 377 1863 405 πάν·
1877 399 1879 402 ,

1075 435 1136 454 τοτε
1152 425 1341 461 εὖρισκομένη·
1358 425 1424 452 ἀλλά
1439 425 1568 456 πολλάκις
1580 425 1628 460 μὲν
1641 423 1708 459 πρὸς
1722 423 1753 450 τὸ
1765 431 1863 456 κατεγ-
1891 446 1897 461 _,

1077 459 1225 506 νωσμένον,
1242 459 1374 502 πολλάκις
1389 470 1417 496 δὲ
1437 469 1505 505 πρὸς
1524 469 1555 496 τὸ
1570 469 1640 496 Θεῑόν
1654 477 1685 495 τε
1707 467 1754 495 καὶ
1775 467 1864 503 μακά·
1891 459 1895 463 ’

1079 525 1135 552 ριον
1156 517 1172 551 ἡ
1195 515 1319 550 σημασία
1340 514 1586 550 μεταλαμϐάνεται.
1606 513 1671 539 Ὀτε
1692 511 1786 547 φεύγει
1808 511 1863 538 ἀπὸ

1077 560 1224 596 προσώπου
1238 560 1285 587 τοῦ
1297 559 1364 586 Θεοῦ
1383 559 1474 590 Ἰωνᾶς
1490 559 1504 584 ὁ
1516 558 1670 593 προφήτης,
1682 556 1757 591 ζητεί
1773 556 1863 582 πλοῖον

1077 605 1123 631 ἐπὶ
1137 605 1251 640 Θαρσεῖς
1266 604 1455 640 πορευόμενον.
1471 603 1527 630 Καὶ
1545 604 1559 629 ὁ
1575 603 1661 638 μέγας
1681 601 1760 628 Δαϐὶδ
1773 601 1864 628 πλοῖον

1077 652 1193 687 Θαρσεῖς
1217 651 1296 686 βιαίῳ
1312 650 1446 686 πνεύματι
1468 649 1541 683 λέγει
1558 647 1756 684 συντρίϐεσθαι.
1773 647 1864 674 Βίαιον

1078 696 1186 731 πνεῦμα
1202 696 1231 723 δὲ
1239 696 1315 731 οἶμαι
1329 696 1464 730 λέγεσθαι.
1478 694 1508 720 τὸ
1517 695 1573 726 τοῖς
1586 693 1717 729 μαθηταῖς
1732 692 1863 726 ἐπιφανὲν

1077 744 1133 774 τοῖς
1150 743 1178 768 ὲν
1195 742 1233 777 τῷ
1255 741 1371 777 ὑπερῴῳ
1386 740 1612 775 συνειλεγμένοις,
1630 739 1645 765 ὃ
1665 738 1796 774 πρότερον
1813 737 1864 772 μὲν

1077 788 1110 814 δι’
1120 788 1203 823 ἀκοῆς
1213 785 1398 823 προεγνώσθη,
1405 785 1498 820 ὥσπερ
1509 784 1660 819 φερομένης
1668 784 1754 823 πνοῆς
1763 782 1863 817 βιαίας,

1080 834 1148 868 μετὰ
1166 820 1253 861 ταῦτα
1274 820 1302 860 δὲ
1322 820 1440 863 καὶτοῖς
1455 831 1604 866 ὀφθαλμοῖς
1628 820 1787 866 ἐφανερώθη
1799 849 1806 861 ,
1823 830 1865 860 εἰς

1078 879 1208 913 γλωσσῶν
1230 879 1323 913 σχῆμα
1349 877 1534 912 τυπούμενον,
1556 877 1603 902 καὶ
1636 877 1670 910 τῇ
1692 875 1863 909 ὲκλαμπτικῇ

1079 924 1158 960 φύσει
1174 923 1221 951 τοῦ
1239 924 1324 959 πυρὸς
1345 923 1531 958 ὁμοιούμενον,
1541 921 1581 948 δι’
1601 917 1632 947 οὗ
1655 919 1824 955 συντρίϐεται
1845 920 1863 954 ἡ

1079 969 1244 1005 πολυσχιδῶς
1269 968 1470 1000 ἐπιπολάζουσα
1485 968 1519 1002 τῇ
1538 965 1697 1005 ἀνθρωπίνῃ
1715 965 1793 999 (ῥύσει
1812 972 1863 990 κα-

1079 1017 1134 1049 κία,
1151 1017 1183 1051 ἢν
1205 1017 1284 1042 πλοῖα
1303 1015 1418 1050 Θαρσεῖς
1431 1014 1445 1040 ὁ
1458 1004 1606 1049 Προφήτης
1625 1011 1759 1046 ὠνόμασε.
1773 1010 1865 1037 Ταῦτα

1081 1063 1130 1097 μὲν
1146 1060 1192 1088 οὗν
1209 1063 1268 1087 ὲστι
1284 1061 1318 1088 δι’
1336 1057 1373 1087 ὧν
1387 1059 1426 1095 τῷ
1441 1059 1553 1093 ὀνόματι
1571 1052 1659 1092 τούτῴ
1674 1057 1706 1083 τὰ
1721 1057 1804 1092 χείρω
1817 1064 1866 1091 οη-

1081 1107 1213 1142 μαίνεται.
1236 1107 1265 1133 '0
1276 1106 1304 1133 δὲ
1320 1107 1405 1140 μέγας
1422 1103 1550 1140 ἰεξεκιὴλ
1564 1104 1604 1135 εἰς
1615 1102 1774 1138 ὑπογραφὴν
1790 1102 1865 1136 ἄγων

1078 1154 1128 1188 τῆς
1147 1152 1294 1188 γενομένης
1316 1151 1390 1186 αὐτῷ
1409 1150 1565 1185 θεοφανείας
1581 1149 1630 1184 τὴν
1650 1148 1792 1179 ὀπτασίαν,
1807 1147 1866 1178 ἑνὸς

1079 1201 1134 1228 τῶν
1147 1201 1226 1227 θείων
1247 1200 1391 1236 θεαμάτων
1405 1199 1435 1225 τὺ
1449 1196 1518 1230 εἶδος
1536 1199 1569 1233 τῇ
1585 1197 1656 1230 λέξει
1672 1196 1759 1223 ταῦτα
1775 1195 1866 1229 διαση-

1081 1246 1170 1281 μαίνει
1185 1246 1284 1280 λέγων·
1292 1245 1344 1273 Καὶ
1360 1245 1391 1271 τὸ
1399 1243 1579 1277 εἶδος-αὑτοῦ
1589 1243 1628 1276 ὡς
1635 1242 1712 1275 εἶδος
1729 1240 1866 1276 Θαρσεῖς,

1080 1291 1149 1317 Φασὶ
1170 1290 1198 1316 δὲ
1213 1291 1237 1316 οἱ
1252 1290 1285 1316 δι’
1308 1289 1457 1327 ἀκριϐείας.
1465 1288 1519 1315 τῶν
1542 1287 1692 1323 Ἐὃραῖκῶν
1705 1286 1804 1318 λέξεων
1816 1283 1867 1317 τὰς

1079 1336 1212 1371 ἐμφάσεις
1223 1335 1431 1369 ἐπεσκεμμένοι,
1446 1334 1476 1360 τὺ
1488 1332 1694 1369 ἀχρωμάτιστόν
1706 1341 1735 1358 τε
1749 1332 1794 1359 καὶ
1805 1339 1869 1365 νοη-

1079 1381 1125 1408 τὸν
1144 1381 1190 1408 καὶ
1202 1371 1345 1415 ἀσώματον
1360 1380 1403 1407 διὰ
1417 1381 1465 1416 τῆς
1475 1379 1573 1413 λέξεως
1584 1379 1687 1414 ταύτης
1708 1379 1736 1404 ὲν
1750 1379 1782 1413 τῇ
1797 1385 1866 1412 προ-

1081 1426 1179 1462 φητείᾳ
1190 1425 1382 1461 σημαίνεσθαι.
1402 1425 1503 1460 Ἀπλῆς
1516 1425 1606 1452 τοίνυν
1620 1424 1702 1459 οὔσης
1711 1426 1740 1450 ὲν
1751 1425 1784 1458 τῇ
1796 1422 1868 1454 λέξει

1079 1473 1129 1507 τῆς
1145 1472 1291 1507 σημασίας,
1317 1472 1409 1507 ἐπειδὴ
1428 1471 1559 1507 πρόδηλόν
1579 1472 1662 1502 ἐστιν,
1682 1471 1725 1497 ὃτι
1751 1469 1820 1505 πρὸς
1836 1469 1869 1496 τὸ

1044 1530 1067 1560 C
1082 1519 1206 1553 κρεῖττον
1221 1517 1267 1545 νῦν
1278 1517 1439 1553 παρελήφθη
1454 1517 1484 1544 τὸ
1494 1517 1594 1552 ταύτης
1603 1517 1652 1552 τῆς
1663 1516 1753 1551 φωνῆς
1766 1524 1869 1551 σημαι-

1083 1563 1194 1598 νόμενον
1204 1572 1211 1578 ·
1227 1563 1258 1589 οὐ
1270 1563 1325 1598 γὰρ
1338 1562 1369 1589 ἂν
1384 1571 1426 1594 τις
1441 1563 1549 1589 ἔπαινον
1568 1562 1735 1597 ὲλαμὸάνετο
1746 1562 1779 1588 ’τὸ
1789 1561 1868 1587 ὑπαί-

1082 1616 1155 1634 τιον·
1173 1607 1316 1635 ὰκόλουθον
1332 1607 1365 1635 ἂν
1384 1607 1427 1642 εἴη
1445 1608 1524 1634 τοῦτο
1542 1607 1606 1643 περὶ
1621 1607 1676 1634 τῶν
1696 1606 1869 1642 ὲγκωμιαζο‹

1085 1653 1172 1688 μένων
1197 1653 1321 1688 ἐννοῆσαι
1345 1652 1462 1687 χειρῶνο
1483 1653 1524 1679 ὅτι
1550 1652 1672 1687 ἀκριϐῶς
1695 1652 1741 1686 ἀφ’
1765 1652 1870 1678 ἑαυτῶν

1084 1698 1138 1725 πᾶν
1161 1698 1191 1724 τὸ
1213 1699 1338 1734 περιττόν
1352 1707 1382 1724 τε
1401 1698 1447 1724 καὶ
1469 1698 1633 1734 σωματῶδες
1651 1697 1870 1733 ἁποτορεὺσασαι

1085 1743 1152 1779 πρὸς
1166 1743 1196 1769 τὸ
1209 1743 1280 1770 θεῖόν
1294 1751 1324 1769 τε
1337 1743 1383 1769 καὶ
1394 1743 1487 1778 νοητὸν
1502 1742 1702 1778 μεταὸαίνουσι,
1717 1743 1767 1778 τὴν
1781 1742 1868 1778 ὑλώδη

1085 1789 1173 1815 πᾶσαν
1186 1788 1232 1814 καὶ
1245 1788 1357 1824 βαρεῖαν
1371 1789 1436 1823 περὶ
1451 1788 1484 1814 τὰ
1497 1788 1646 1823 πράγματα
1661 1787 1753 1823 σχέσιν
1766 1788 1871 1815 ἐκτινα-

1084 1835 1214 1871 ξάμεναι·
1233 1833 1289 1862 οἷόν
1305 1835 1331 1862 τι
1347 1844 1412 1870 φασι
1424 1835 1471 1862 καὶ
1484 1835 1530 1861 ἐπὶ
1543 1835 1593 1870 τῆς
1611 1834 1798 1870 σμαραγδίνης
1816 1834 1871 1869 βώ-

1072 1881 1131 1908 -λου
1145 1882 1208 1912 τοὺς
1227 1881 1403 1916 λιθογλύφους
1425 1881 1596 1916 ἐργάζεσθαι.
1618 1881 1656 1908 Τὸ
1677 1881 1732 1916 γὰρ
1751 1881 1870 1915 ἀφεγγὲς

1086 1927 1132 1954 καὶ
1148 1927 1247 1961 γεῶδες
1268 1927 1313 1954 διὰ
1329 1927 1381 1962 τῆς
1398 1927 1499 1962 ἀκόνης
1524 1925 1758 1962 ἐκδαπανήσαντες
1773 1935 1804 1953 τε
1824 1926 1872 1952 καὶ

1085 1973 1268 2008 ὰποψέξαντες
1280 1993 1287 2005 ,
1301 1973 1390 2000 ἐκεῖνο
1407 1973 1487 2008 μόνον
1501 1973 1711 2000 καταλείπουσιν
1730 1973 1871 2007 ἀδαπάνη-

1084 2027 1139 2050 τον,
1152 2015 1174 2052 ᾧ
1184 2018 1293 2054 καθαρά
1302 2019 1332 2045 τέ
1344 2027 1385 2050 τις
1397 2019 1479 2054 αὐγὴ,
1491 2019 1591 2054 χλοερά
1607 2027 1637 2045 τε
1650 2019 1707 2054 ἅμα
1720 2019 1766 2045 καὶ
1780 2017 1873 2045 nam.

1085 2063 1179 2096 ζουσα.
1191 2065 1280 2100 Ὅπερ
1292 2073 1337 2099 μοι
1348 2064 1421 2091 δοκεῖ
1431 2065 1594 2100 σαφέστερον
1605 2065 1762 2101 ἑρμηνεύων
1776 2065 1790 2091 ὁ
1801 2065 1872 2097 θεῖος

1092 2110 1262 2143 Ἀπόο-νολος,
1283 2110 1362 2137 τοῦτο
1375 2111 1568 2146 συμϐουλεύειν
1588 2111 1616 2137 ἐν
1628 2120 1681 2138 τινι
1700 2111 1754 2138 τῶν
1768 2111 1871 2138 ἑαυτοῦ

1087 2156 1183 2190 λόγων,
1203 2156 1244 2182 ὅτι
1258 2156 1311 2192 χρὴ
1326 2156 1561 2189 ἀποσκευάζεσθαι
1583 2156 1632 2192 τὴν
1651 2157 1715 2193 περὶ
1731 2157 1764 2183 τὰ
1779 2157 1872 2192 φαινό-

1049 2208 1071 2236 D
1089 2209 1156 2236 μενα
1176 2201 1278 2235 σχέσιν,
1307 2201 1376 2236 πρὸς
1390 2200 1424 2227 δὲ
1447 2201 1478 2228 τὺ
1498 2201 1612 2236 ἀόρατον
1632 2202 1692 2233 ταῖς
1713 2201 1873 2236 ἐπιθυμίαις

1086 2247 1184 2282 ὀρμᾷν.
1198 2246 1245 2280 Μὴ
1267 2247 1464 2274 σκοπούντων
1482 2247 1537 2282 γὰρ
1551 2247 1645 2282 ἡμῶν,
1654 2248 1733 2283 φησὶ,
1748 2247 1783 2274 τὰ
1795 2248 1872 2279 ,βλε-

1085 2293 1211 2326 πόμενα,
1233 2291 1313 2319 ἀλλὰ
1326 2293 1364 2318 τὰ
1377 2292 1420 2326 μὴ
1430 2292 1613 2326 βλεπόμενα.
1635 2293 1672 2319 Τὰ
1691 2293 1747 2327 γὰρ
1756 2293 1872 2324 βλεπό-

1082 2345 1160 2371 μενα
1177 2338 1358 2370 πρόσκαιρα·
1375 2337 1411 2364 τὰ
1428 2336 1462 2363 δὲ
1481 2337 1525 2372 μὴ
1543 2337 1735 2372 βλεπόμενα,
1758 2337 1871 2366 αἰώνια.

1087 2381 1180 2408 Ταῦτα
1196 2382 1244 2417 μὲν
1259 2380 1305 2409 οὖν
1319 2383 1347 2409 ἐν
1364 2381 1403 2417 τῷ
1415 2383 1519 2417 ἐπαίνῳ
1531 2382 1586 2409 τῶν
1597 2383 1697 2418 χειρῶν
1711 2383 1873 2418 ἐνοήσαμεν,

1088 2427 1146 2458 πῶς
1160 2427 1210 2461 τῆς
1231 2426 1348 2458 ὑλώδους
1367 2427 1553 2462 προσπαθείας
1570 2428 1788 2463 ὲκτορευθείσαι,
1802 2429 1871 2463 ἀκή-

1089 2480 1165 2506 ρατοι
1180 2473 1309 2505 γίνονται,
1324 2472 1391 2508 πρὸς
1402 2472 1432 2499 τὸ
1448 2469 1529 2499 ἄῦλόν
1542 2482 1570 2499 τε
1587 2474 1634 2500 καὶ
1647 2474 1742 2510 νοητὸν
1757 2473 1877 2500 ἀλλοιού·

1090 2525 1168 2551 μεναι
1180 2517 1222 2543 διὰ
1233 2518 1280 2552 τῆς
1295 2517 1490 2552 προαιρέσεως.
1503 2518 1604 2552 Χεῗρες
1615 2519 1668 2555 γὰρ
1675 2519 1769 2546 αὐτοῦ
1775 2528 1875 2552 τορευ-

1088 2562 1143 2594 ταὶ,
1159 2563 1234 2597 φησὶ,
1246 2563 1366 2597 χρυσαῖ,
1378 2565 1605 2599 πεπληρωμέναι
1615 2565 1744 2600 θαρσεῖς.

254 2615 407 2642 cernuntur,
422 2617 519 2636 mter-na
535 2608 567 2636 ³³.
592 2608 653 2635 Ηίιιιι
676 2607 758 2642 igitur
784 2607 811 2634 in
839 2606 889 2634 hoc
913 2613 1041 2634 manuum
1063 2609 1190 2636 enromio
1211 2616 1226 2635 ιι
1253 2609 1333 2636 nobis
1349 2610 1524 2638 considerata
1539 2615 1638 2644 sunto,
1653 2619 1708 2646 quo
1724 2616 1802 2646 pacto
1823 2611 1876 2639 illa:

255 2659 289 2684 ab
304 2656 448 2683 aliectione
458 2662 522 2690 erga
534 2662 578 2682 res
593 2661 702 2681 crassas
716 2654 851 2689 expolitae,
865 2660 939 2687 pura:
965 2653 1030 2680 ﬁant
1049 2663 1055 2681 :
1076 2662 1123 2690 per
1143 2655 1297 2683 institutum
1315 2657 1397 2684 animi
1421 2657 1455 2684 ad
1480 2662 1581 2685 sortem
1597 2665 1752 2686 crassarnm
1783 2666 1875 2686 rerum

254 2708 404 2738 expertem.
419 2710 532 2737 qumque
547 2706 636 2730 urente
651 2706 756 2729 tantum
773 2702 940 2737 percipitur,
954 2707 1140 2730 commutatae.
1175 2704 1272 2732 Manus
1288 2706 1373 2739 enim,
1405 2706 1509 2742 inquit,
1528 2706 1602 2733 illius
1637 2707 1749 2740 tortiles,
1776 2715 1875 2737 aurem.

255 2754 338 2786 pietur
356 2750 476 2777 Tlmm's.

292 2841 315 2858 "
326 2839 388 2868 Jon.
410 2848 428 2873 ι,
443 2840 460 2867 3
475 2847 536 2876 sqq.

574 2839 594 2854 δ”
609 2837 680 2866 Ρςιι.
698 2845 781 2874 ιιι-ιι,
796 2839 841 2868 50.
879 2839 900 2856 ³²
915 2838 975 2867 Act.
989 2845 1019 2872 ιι,

1123 2839 1145 2855 ⁸¹
1158 2838 1255 2868 Ezech.
1272 2839 1347 2871 1.18.
1384 2839 1408 2856 ³³
1426 2838 1448 2868 ll
1458 2839 1522 2868 Cor.
1542 2847 1580 2870 tv.
1599 2840 1641 2869 l8.
