1978 3068
129 153 199 182 1073

632 153 666 182 ΙΝ
684 154 833 183 CANTICA
852 153 987 184 CANTIC.
1010 153 1151 183 llOMILlA
1171 155 1240 183 XIV.

1640 191 1644 194 ξ
1680 157 1748 185 um

168 208 325 239 Ἀκόλουθον
339 211 361 238 δ’
381 211 415 240 ἂν
427 211 470 248 εἴη
483 211 530 239 καὶ
548 211 593 239 τὸν
607 211 705 249 ἑφεξῆς
716 213 795 248 λόγον
808 213 914 240 διασκο-

1000 212 1078 241 Nune
1092 213 1163 240 ratio
1178 212 1258 241 seriei
1274 211 1371 247 poscit,
1388 216 1418 239 ut
1434 218 1494 247 quae
1512 219 1594 247 porro
1606 211 1639 239 de
1654 218 1750 240 ventre

127 257 226 292 πῆσαι,
249 257 278 284 ὃν
299 257 428 293 περὶτῆς
446 257 550 290 κοιλίας
573 259 728 294 πεποίηται.
754 259 830 294 Ἔχει
850 257 879 285 δὲ
897 258 914 293 ἡ

126 303 199 336 λέξις
208 303 305 336 οὕτως·
315 304 419 331 Κοιλία
430 303 523 331 αὐτοῦ
533 304 644 336 πυξίον
659 303 854 339 ἐλρφάντινον
865 304 914 331 ἐπὶ

126 349 215 375 λίθου
233 349 412 384 σαπερείρου.
430 349 494 376 Ὅτε
506 349 544 385 τῷ
560 349 719 386 Μωῡσῇντὺν
730 352 789 382 ταῖς
800 350 914 382 λιθίναις

125 394 230 426 δέλτοις
241 395 541 430 ὲγχαραχθένταηνόμον
562 397 576 422 ὁ
591 397 639 431 τῆς
651 395 758 430 φύσεως
772 396 863 423 δίδωσι
875 405 915 423 νο-

129 440 256 474 μοθέτης,
282 440 364 473 πυξία
382 440 471 467 λίθινα
491 440 540 472 τὰς
567 441 672 473 πλάκας
689 440 841 476 ὠνόμασεν,
872 441 915 473 οἷς

127 485 283 521 ἑνετυπώθη
302 486 335 512 τὰ
348 485 407 513 θεῖα
423 486 590 521 χαράγματα
602 493 611 502 '
629 485 715 518 οὕτως
733 487 854 518 εἰπόντος
867 485 913 513 τοῦ

127 531 197 566 πρὸς
215 530 260 557 τὸν
279 531 398 558 Μωῦσὲα
422 531 487 567 περὶ
505 532 595 559 αὐτῶν
614 531 834 567 χρηματίσαντος
846 539 854 547 ⁸
873 532 914 559 ὅτι

133 576 265 609 Ἄνάϐηθι
286 577 359 610 πρὸς
379 577 470 612 μὲεις
488 577 521 604 τὸ
536 577 622 611 ὅρος,
640 577 690 604 καί
702 577 764 605 ισθι
775 577 848 610 ἐκεῖ,
865 577 914 605 καί

126 621 213 648 δώσω
237 622 286 649 σοι
303 622 339 649 τὰ
361 623 454 655 πυξιά
479 623 516 650 τὰ
531 623 647 655 λίθινα,
670 623 724 650 τὸν
746 624 840 658 νόμον
864 623 914 650 καί

127 665 179 698 τὰς
201 666 346 699 ἐντολάς..
365 666 440 693 Μετὰ
467 666 553 693 ταῦτα
581 667 628 698 δὲ,
658 666 750 702 ἐπειδὴ
773 667 803 694 τὸ
823 676 914 702 σωμα-

126 710 202 736 τικὸν
231 710 278 736 καὶ
303 709 403 744 γεῶδες
417 710 572 743 άπεξὺσατο
595 710 638 737 διὰ
656 711 705 746 τῆς
728 711 914 747 Εὑαγγελικῆς

127 756 277 790 σαφηνείας.
294 757 308 783 ό
321 757 401 791 νόμος
413 764 420 771 ί
440 756 531 783 οὐκέτι
552 756 650 783 λίθινον
664 757 693 783 τὸ
710 757 854 792 δεχόμενον
875 758 909 784 τά

126 801 277 836 γράμματα
296 802 390 833 πυξίον
417 802 507 829 ἔστιν·
526 802 582 829 ἀλλ’
609 802 641 828 ὲκ
663 803 710 829 τοῦ
737 803 865 838 λαμπροῦ
882 812 913 830 τε

126 847 173 874 καὶ
197 847 336 880 νεοξύστου
362 847 514 882 ἐλέφαντος.
539 847 575 874 Τὸ
596 847 650 883 γὰρ
666 848 789 875 δεκτικὸν
802 848 856 875 τῶν
873 850 915 876 ὲν-

125 892 210 919 τολῶν
233 893 280 919 καὶ
297 893 352 919 τῶν
364 893 463 928 νόμων,
480 894 546 928 ὅπερ
563 893 651 920 κοιλία
667 893 825 929 ὠνόμασται
836 914 843 927 ,
859 903 912 921 πυ-
930 885 951 913 Β

126 939 183 972 ξῒον
198 937 267 966 εῐναί
291 948 372 975 φησιν
396 940 567 975 ἐλεφάντινον
591 939 638 966 ὲπὶ
659 939 733 967 λίθου
749 941 909 976 σαπφείρου.

126 985 238 1021 Πρῶτον
254 986 282 1012 δὲ
305 985 381 1021 οἶμαι
405 987 502 1021 χρῆναι
527 986 558 1012 τὸ
582 987 742 1022 σωματικὸν.
760 987 912 1023 ὑπόδειγμα

126 1032 242 1068 φανερὸν
255 1031 294 1067 τῷ
315 1032 387 1067 λόγῳ
402 1032 522 1066 ποιῆσαι,
540 1029 589 1058 εἷθ’
607 1032 694 1064 οὕτως
717 1033 764 1058 ἐπὶ
779 1033 829 1068 τὴν
844 1032 911 1059 θεω-

128 1076 189 1113 ρίαν
206 1077 259 1104 τῶν
272 1077 424 1112 εἰρημένων
443 1077 540 1103 ἐλθεῖν.
558 1077 661 1104 Πυκνόν
673 1086 700 1104 τι
715 1076 791 1110 ξύλον
804 1079 820 1113 ή
832 1077 912 1111 πύξις

125 1122 185 1149 ἐστὶ
208 1123 255 1150 καὶ.
277 1122 435 1154 ὑπόλευκον,
459 1122 506 1157 ἀφ’
526 1120 560 1158 ἦς
582 1122 783 1158 φιλοτεχνοῦσιν
805 1123 912 1154 ἑαυτοῖς

125 1168 253 1200 πίνακας,
266 1166 305 1199 οἷς
316 1168 369 1195 τῶν
383 1162 554 1204 γραμμάτων
572 1169 657 1204 μέλει.
675 1169 712 1196 Τὸ
727 1169 814 1195 τοίνυν
824 1168 912 1195 τοιοῦ-

125 1221 172 1240 cev
187 1214 311 1240 πινάκιον
333 1213 364 1240 τὸ
388 1214 455 1249 πρὸς
479 1214 528 1249 τὴν
551 1214 605 1240 τῶν
629 1215 800 1249 γραμμάτων
818 1214 913 1250 χρείαν

127 1259 390 1294 κατεσκευασμένον,
407 1259 458 1287 κᾶν
480 1259 522 1294 ἐφ’
545 1259 638 1295 ἑτέρας
661 1259 726 1295 ὕλης
746 1259 814 1295 τύχῃ
835 1259 909 1294 γενό-

129 1313 217 1339 μενον,
243 1305 336 1338 πυξίον
361 1305 586 1341 καταχρηστικῶς
610 1305 781 1341 ὀνομάζεται.
809 1305 913 1333 Οὐκοῦν

127 1349 220 1382 πυξίον
235 1350 409 1381 ἀκούσαντες,
433 1350 503 1377 λεῖόν
519 1359 545 1377 τι
567 1350 662 1382 σκεῦος
683 1350 832 1386 ἐπιτήδειον
846 1350 914 1386 πρὸς

126 1397 298 1431 γραμμάτων
333 1397 465 1432 ὑποδοχὴν
499 1399 690 1433 ἐνενοήσαμεν.
726 1398 804 1426 Ἐπεὶ
823 1398 913 1425 τοίνυν

126 1442 234 1475 γενικόν
256 1451 282 1469 τι
306 1443 360 1469 τῶν
381 1443 508 1470 τοιούτων
530 1444 652 1470 πινάκων
669 1444 754 1480 ὄνομα
772 1444 802 1471 τὸ
819 1444 914 1477 πυξίον

127 1487 217 1514 ἔστιν·
233 1487 350 1515 ἐνταῦθα
374 1489 420 1515 καὶ
442 1489 472 1515 τὺ
495 1487 563 1520 εἶδος
581 1489 632 1524 τῆς
656 1489 722 1524 ὕλης
743 1490 783 1525 τῷ
805 1490 912 1517 ὑποδεί-

964 263 1133 294 sequuntnr,
1150 259 1358 294 perspiciamus.
1387 258 1457 285 Sunt
1477 262 1567 285 autem
1592 258 1749 292 hujnsmodl

963 304 1043 332 verba
1057 304 1167 332 :Venter
1179 305 1235 340 ejus
1248 304 1342 331 tabella
1353 305 1465 331 eburnea
1476 305 1501 330 in
1514 303 1600 337 lapide
1611 305 1748 339 sapphiro.

964 348 1025 382 Quo
1039 353 1161 386 tempore
1178 351 1318 386 legislator
1333 355 1438 377 natura:
1450 350 1613 386 insculptam
1635 351 1749 385 lapideis

965 390 1065 422 tabulis
1077 395 1164 430 legem
1182 396 1248 423 Mosi
1264 395 1388 428 tradidit,
1408 395 1468 423 illas
1484 396 1558 430 ipsas
1578 396 1685 424 tabulas
1702 404 1749 431 ap-

964 434 1074 475 pellavit
1086 441 1206 475 lapideas
1226 441 1349 471 tabellas.
1366 441 1467 476 quibus
1479 441 1562 468 divini
1575 441 1750 469 characteres

964 485 1094 521 inseulpti
1112 491 1191 514 erant
1203 487 1235 514 “.
1254 486 1300 514 Sic
1321 487 1393 515 enim
1413 486 1514 514 Mosem
1530 486 1674 521 compellat
1697 494 1748 514 suo

963 531 996 559 de
1007 532 1050 560 his
1067 533 1134 568 ipsis
1149 533 1260 561 oraculo
1273 541 1280 559 :
1297 533 1415 560 Attende
1427 532 1461 560 ad
1473 541 1512 560 me
1526 533 1553 560 in
1568 537 1692 564 montem,
1707 537 1750 559 at-

963 585 1012 613 que
1031 578 1068 605 ibi
1082 583 1146 606 esto.
1164 579 1280 606 Tradam
1293 580 1362 606 enim
1378 579 1425 606 tibi
1440 579 1550 606 tabellas
1566 578 1694 614 lapideas,
1712 578 1749 605 ίε-

963 632 1018 659 gem
1035 633 1065 651 ac
1078 625 1165 652 edicta
1178 625 1211 652 ".
1228 624 1382 653 Secundum
1400 625 1457 652 haec
1475 632 1550 658 vero,
1572 629 1747 660 posteaquam

964 669 1007 696 lex
1023 670 1074 697 sibi
1088 670 1220 705 quidquid
1237 678 1398 705 corporeum
1412 675 1485 698 esset
1497 677 1529 697 ac
1539 673 1687 702 terrenum,
1701 677 1748 704 per

963 713 1114 741 claritatem
1138 714 1321 749 evangelicam
1349 713 1428 748 quasi
1455 713 1581 748 poliendo
1604 712 1744 740 detraxit:

964 766 1017 786 non
1033 759 1089 793 jam
1102 759 1219 794 amplius
1240 759 1266 786 id
1282 779 1289 792 ,
1305 759 1332 786 in
1347 758 1513 794 quo-littera:
1528 758 1746 794 perscribuntur,

964 803 1069 838 lapidea
1107 804 1204 831 tabella
1239 809 1302 832 est:
1337 804 1384 831 sed
1415 803 1486 830 facta
1521 803 1555 830 de
1589 803 1749 838 spiendente

965 857 997 877 ac
1011 857 1105 877 recens
1135 850 1220 885 polito
1242 850 1334 877 ebore.
1350 849 1454 876 Etenim
1480 849 1531 876 hoc
1545 848 1571 876 in
1591 849 1650 876 loco
1669 848 1747 880 illud,

964 896 1035 931 quod
1050 895 1138 923 edicta
1153 900 1180 923 et
1209 896 1283 930 leges
1298 895 1345 923 Dei
1373 894 1482 930 recipit,
1499 894 1650 921 indicatum
1666 901 1747 921 voca-

962 941 1030 968 bulo"
1043 941 1156 971 ventris.
1177 948 1238 968 esse
1251 939 1349 967 tabella
1363 939 1482 966 eburnea
1496 938 1601 966 dicitur
1617 938 1644 965 in
1659 937 1749 972 lapide

963 988 1102 1024 sapphiro.
1124 988 1212 1023 Atque
1226 988 1278 1015 hoc
1307 989 1460 1023 exemplum
1476 995 1636 1022 corporeum
1660 986 1748 1022 primo

962 1034 1041 1060 nobis
1055 1032 1248 1060 declarandum
1279 1033 1410 1065 arbitror,
1437 1035 1519 1067 atque
1548 1031 1586 1058 ita
1603 1031 1702 1058 deinde
1714 1030 1748 1057 ad
1771 1060 1776 1066 ν

962 1078 1218 1113 contemplationem
1229 1078 1372 1105 verborum
1383 1078 1564 1105 iudicatorum
1574 1076 1746 1104 veniendum.

963 1124 1082 1152 Densum
1097 1123 1234 1159 quoddam
1259 1128 1286 1151 et
1308 1123 1452 1151 subalbum
1468 1123 1570 1158 lignum
1588 1127 1630 1150 est
1648 1122 1748 1153 buxus.

963 1170 997 1197 de
1011 1177 1065 1204 quo
1078 1169 1191 1197 tabellas
1203 1169 1253 1196 sibi
1273 1168 1431 1200 coniiciunt,
1449 1168 1495 1202 qui
1510 1167 1631 1195 scribere
1645 1167 1748 1194 volunt.

963 1214 1125 1250 llujusmodi
1138 1223 1203 1250 ergo
1228 1215 1337 1246 tabella,
1352 1214 1512 1249 scriptionis
1527 1213 1559 1240 ad
1576 1220 1655 1240 usum
1671 1219 1746 1240 eom-

963 1265 1068 1296 parata,
1081 1261 1187 1288 etiamsi
1200 1261 1270 1288 forte
1282 1261 1334 1287 alia
1350 1260 1418 1287 facta
1434 1259 1470 1287 sit
1481 1267 1514 1287 ex
1526 1258 1657 1286 materie:
1671 1258 1749 1293 pyxis

964 1308 1054 1343 (quasi
1070 1308 1147 1335 dicas
1165 1306 1294 1343 buxeum)
1311 1307 1474 1342 appellatur,
1491 1305 1668 1340 usurpatione
1682 1313 1749 1340 qna-

963 1353 1025 1380 dam
1038 1353 1112 1380 vocis
1127 1359 1180 1379 non
1195 1352 1314 1387 propria.
1329 1350 1419 1384 Quare
1432 1343 1494 1377 cum
1511 1357 1603 1377 vocem
1619 1349 1689 1376 hanc
1701 1356 1749 1375 au-

963 1400 1064 1432 dimus,
1091 1399 1305 1427 instrumentum
1324 1398 1460 1433 quoddam
1475 1397 1540 1424 laeve
1565 1400 1592 1423 et
1608 1399 1700 1430 aptum
1715 1395 1749 1422 ad

964 1443 1135 1479 recipiendas
1155 1443 1260 1470 litteras
1285 1442 1461 1477 intelligimus
1476 1450 1483 1469 :
1499 1445 1526 1470 et
1540 1447 1605 1468 vero
1626 1447 1688 1468 cum
1701 1447 1749 1475 ge-

963 1490 1056 1518 nerale
1072 1490 1108 1517 sit
1121 1488 1289 1517 vocabulum
1306 1487 1338 1515 ad
1355 1495 1450 1515 omnes
1459 1486 1615 1521 huiusmodi
1631 1485 1750 1518 tabulas,

128 1543 213 1569 γματι
237 1534 251 1560 ὁ
274 1535 353 1570 λόγος
376 1535 562 1571 προστίθησιν,
585 1536 636 1562 οὐκ
651 1536 708 1563 άπδ
719 1536 796 1568 ξύλου
814 1536 909 1569 λέγων,

964 1536 1068 1564 ideirco
1093 1535 1137 1562 hic
1163 1536 1245 1562 etiam
1277 1533 1400 1561 materiei
1415 1532 1521 1568 species
1545 1532 1665 1559 additur.
1689 1529 1749 1557 Non

127 1580 185 1607 ἀλλ’
197 1581 225 1615 ἐξ
240 1581 383 1616 ἐλέφαντος
399 1579 468 1608 εἶναι
480 1581 528 1617 τὴν
542 1582 712 1618 κατασκευὴν
727 1582 832 1615 πυξίου.
844 1582 912 1609 Φασὶ

126 1628 166 1660 δὲ,
185 1628 229 1654 διὰ
246 1628 344 1663 πολλὴν
360 1629 513 1663 πυκνότητα
530 1629 576 1655 καὶ
591 1629 767 1664 στερρότητα,
785 1629 815 1655 τὸ
826 1628 914 1655 τοιοῦ-

127 1682 172 1701 τον
188 1674 278 1701 ὁστέον
293 1675 409 1710 ἄφθορον
424 1674 575 1710 διαμένειν,
597 1675 639 1709 ἐφ’
654 1675 694 1701 ὅτι
710 1675 843 1710 μήκιστον
861 1683 913 1709 μη-

127 1720 153 1746 δε
159 1720 222 1754 μίαν
239 1721 271 1746 ὲκ
287 1720 382 1755 χρόνου
401 1719 502 1754 βλάϐην
518 1719 745 1755 παραδεχόμενον.
775 1718 804 1745 '0
823 1718 850 1744 δὲ
865 1718 912 1745 σὼ-

128 1773 241 1800 πφειρος
261 1765 299 1800 τῷ
314 1764 404 1800 κυανῷ
422 1764 485 1790 εῖδει
501 1763 550 1798 τῆς
565 1765 658 1799 χροιᾶς
680 1765 721 1795 είς
736 1763 923 1799 παραμυθίαν-

127 1810 174 1837 τοῦ
192 1810 314 1846 καμάτου
331 1809 385 1836 τῶν
407 1809 552 1844 ὀφθαλμῶν
576 1809 741 1842 ὲπινοεῖται,
766 1810 822 1841 τοῖς
837 1808 913 1843 φιλοι

128 1856 218 1888 πόνως
243 1855 439 1890 προσανέχουσι
462 1854 501 1890 τῷ
527 1854 782 1890 καταγεγραμμένῳ
806 1854 912 1889 πυξίῳ,

129 1902 251 1938 φυσικῶς
273 1902 323 1936 τῆς
345 1901 471 1935 τοιαύτης
497 1900 586 1935 αὐγῆς
608 1900 657 1932 τάς
678 1900 753 1934 θέλεις
767 1900 801 1927 δι’
814 1900 914 1936 ἑαυτῆς

129 1947 331 1982 άναπαυούσης.
355 1946 391 1972 Τὸ
406 1946 454 1981 μὲν
468 1943 513 1972 οὖν
528 1945 688 1980 ὑπόδειγμα,
703 1942 726 1980 ᾧ
742 1945 786 1972 διὰ
800 1946 914 1981 συγκρί-

130 2002 198 2024 σεως
219 1992 356 2028 ὁμοιοῦται
380 1993 396 2027 ἠ
420 1991 647 2026 ὲγκωμιαζομένη
673 1991 722 2027 τῆς
752 1991 914 2026 Ἐκκλησίας

130 2038 228 2070 κοιλία,
239 2037 358 2064 τοιοῦτόν
373 2038 455 2064 ἐστιν.
478 2037 548 2071 Ἐγὼ
559 2037 586 2064 δὲ
600 2036 674 2072 παρὰ
684 2037 733 2071 τῆς
746 2036 913 2072 προφητείας

130 2083 249 2114 ἀκούσας
279 2082 358 2110 τοῦτο
381 2082 606 2118 διακελευομένης
633 2084 665 2109 ὲκ
692 2082 836 2118 προσώπου
866 2083 913 2110 τοῦ

129 2131 207 2164 Θεοῦ,
228 2132 267 2158 δτι
292 2130 397 2166 Γράψον
417 2131 510 2165 ὅρασιν
535 2129 628 2163 σαφῶς
643 2130 672 2160 ὲς
689 2128 793 2162 πυξίον,
812 2129 914 2156 ἔννοιαν

129 2177 274 2212 λαμϐάνω,
299 2177 325 2204 τί
340 2177 382 2203 διὰ
403 2176 450 2203 τοῦ
475 2175 606 2211 ὀνόματος
625 2176 675 2211 τῆς
697 2176 800 2207 κοιλίας
825 2176 914 2212 ὲνιτῷ

962 1583 1034 1610 enim
1049 1582 1115 1609 dicit
1127 1588 1159 1608 ex
1175 1581 1263 1616 ligno,
1278 1580 1325 1607 sed
1344 1579 1425 1607 ebore
1454 1579 1554 1606 factum
1570 1585 1639 1613 opus
1668 1577 1752 1612 hujus

963 1627 1077 1655 tabellae.
1092 1626 1221 1654 Traditur
1236 1630 1326 1654 autem
1349 1625 1506 1660 hnjusmodi
1521 1624 1593 1652 ossis
1608 1631 1667 1651 eam
1689 1630 1751 1650 esse

962 1672 1125 1700 densitatem
1142 1678 1174 1699 ac
1202 1671 1376 1702 soliditatem,
1394 1673 1423 1696 ut
1447 1668 1604 1696 diutissime
1625 1667 1751 1694 incorru-

963 1723 1038 1754 ptum
1057 1721 1176 1751 maneat,
1187 1717 1307 1751 nihilque
1322 1715 1478 1743 detrimenti
1500 1722 1515 1741 a
1537 1720 1659 1749 tempore
1676 1713 1749 1740 acci-

963 1765 1029 1800 piat.
1050 1762 1202 1799 Sapphirus
1216 1766 1306 1789 autem
1331 1761 1423 1788 colore
1448 1760 1596 1788 eazrulcum
1626 1759 1750 1786 imitante

963 1815 1069 1838 recreat
1089 1810 1217 1846 fatigatos
1243 1816 1340 1837 eorum
1357 1807 1468 1838 oculos,
1495 1806 1542 1842 qui
1558 1805 1680 1833 studiose
1705 1803 1748 1831 in-

963 1856 1030 1884 lenti
1047 1859 1115 1884 sunt
1126 1856 1232 1884 tabella:
1245 1856 1310 1884 huic
1319 1856 1419 1883 litteris
1432 1853 1541 1888 repletae
1555 1862 1561 1879 :
1577 1851 1649 1886 quod
1664 1858 1679 1877 a
1697 1857 1744 1877 na-

963 1907 1026 1930 tura
1045 1903 1086 1931 sic
1111 1907 1297 1938 comparatum
1325 1901 1370 1933 lit,
1387 1905 1417 1928 ut
1436 1898 1592 1934 huiusmodi
1621 1895 1751 1932 splendor

963 1948 1060 1976 oeulos
1081 1948 1195 1976 reﬁciat.
1229 1947 1296 1974 Tale
1322 1947 1405 1982 igitur
1433 1944 1499 1972 illud
1517 1947 1559 1971 est
1583 1941 1749 1976 exemplum,

964 2003 1025 2023 cum
1037 2003 1091 2030 quo
1103 1998 1197 2022 venter
1210 1992 1338 2022 Ecclesiae
1352 1992 1379 2020 in
1395 1992 1447 2019 hoc
1461 1990 1586 2019 eneomio
1610 1995 1751 2023 compara-

964 2046 1017 2068 tur.
1032 2041 1166 2068 Gaeterum
1190 2037 1250 2067 eum
1278 2037 1433 2074 prophetia:-
1455 2036 1559 2064 librum
1579 2035 1606 2062 in
1632 2040 1749 2070 persona

965 2085 1011 2114 Dei
1031 2087 1082 2113 hac
1099 2086 1290 2113 exhortatione
1306 2085 1344 2111 uti
1362 2083 1454 2115 audio,
1471 2081 1568 2110 Scribe
1583 2081 1672 2107 visum
1686 2080 1748 2110 hoc,

964 2137 991 2160 et
1003 2133 1111 2168 quidem
1127 2132 1199 2160 clare
1213 2132 1240 2158 in
1266 2131 1402 2158 tabellam-
1416 2138 1423 2156 :
1449 2135 1555 2155 mecum
1575 2127 1635 2161 ipse
1646 2126 1748 2160 cogito,

964 2178 1030 2214 quid
1045 2186 1092 2213 per
1113 2177 1273 2206 vocabulum
1302 2176 1406 2203 ventris
1434 2175 1461 2202 in
1487 2179 1603 2208 corpore
1629 2171 1748 2202 Domini,

130 2224 316 2259 ὲπαινουμέικμ
339 2223 444 2258 σώματι
459 2221 504 2249 τοῦ
521 2221 622 2258 Κυρίου
635 2222 769 2258 προσήκει
785 2223 854 2249 νοεῖν
865 2230 872 2237 ·
891 2224 914 2250 εί

967 2224 1039 2259 quod
1054 2223 1247 2255 hie-laudatur,
1259 2221 1413 2256 intelligere
1423 2218 1578 2247 conveniat.
1594 2217 1663 2250 Quia
1677 2216 1750 2244 enim

129 2269 184 2306 γὰρ
199 2269 247 2305 τὴν
263 2269 336 2296 θείαν
358 2270 450 2305 ὅρασιν
472 2268 564 2303 σαφῶς
581 2269 728 2304 ἐγγράφειν
749 2268 788 2304 τῷ
803 2266 916 2303 metm

131 2315 207 2350 λόγος
224 2316 418 2348 διακελεύεται,
431 2316 500 2350 τάχα
514 2315 543 2341 τὸ
557 2314 676 2350 καοαρὸν
690 2315 738 2349 τῆς
754 2315 877 2350 καρδίας,
894 2313 916 2350 ᾧ

131 2362 174 2389 διὰ
195 2362 244 2397 τῆς
271 2363 379 2397 μνήμης
401 2361 450 2393 τὰς
472 2361 546 2393 θείας
562 2361 669 2396 ὁράσεις
689 2361 916 2397 ἀπογραφόμεθα,

131 2407 169 2442 τῷ
181 2407 230 2441 τῆς
245 2407 345 2438 κοιλίας
365 2407 475 2441 ὀνόματι
488 2406 669 2441 διασημαίνει.
689 2406 820 2442 Καθάπερ
834 2407 848 2433 ὀ
860 2407 917 2433 δια-

133 2452 239 2484 στείλας
254 2452 283 2478 τὸ
299 2452 386 2486 στόμα
402 2451 449 2478 τοῦ
469 2452 585 2487 μεγάλου
609 2450 746 2487 Ὶεζεκιὴλ,
769 2453 815 2478 καὶ
830 2452 917 2484 ἐνθεὶς

132 2498 205 2533 αὐτῷ
219 2498 268 2532 τὴν
284 2497 415 2531 κεφαλίδα
431 2497 476 2523 τοῦ
491 2497 603 2532 βιϐλίου,
628 2496 718 2531 πλήρη
745 2497 917 2532 γραμμάτων

133 2543 193 2570 καθ’
220 2542 348 2578 ἑκάτερον
371 2540 472 2574 οὖσαν,
499 2542 569 2579 κατά
596 2551 625 2568 τε
649 2542 679 2568 τὸ
707 2542 806 2575 ἔξωθεν
834 2543 916 2570 αὐτοῦ

133 2588 180 2615 καὶ
206 2589 237 2615 τὸ
251 2587 350 2614 ἔσωθεν
363 2596 369 2603 ·
393 2587 459 2622 φησὶ
481 2587 548 2624 προς
567 2588 657 2620 αὑτὸν,
678 2588 717 2615 ὅτι
757 2589 791 2615 Td
821 2589 917 2624 στόμα

132 2641 191 2661 σου
215 2633 353 2668 φάγεται,
379 2633 428 2660 καί
455 2633 474 2667 ὴ
500 2633 599 2660 κοιλία
619 2642 677 2661 σου
696 2634 916 2668 πλησθήσεται.

133 2679 170 2706 Τὸ
190 2680 356 2714 διωαητικὸν
381 2679 432 2714 τῆς
464 2678 552 2714 ψυχῆς
582 2674 604 2712 ᾧ
638 2679 784 2706 ἐναπέθετο
802 2679 836 2706 τὰ
859 2680 918 2707 θεῖα

137 2725 303 2761 μαθήματα,
347 2725 449 2752 κοιλίαν
493 2725 725 2760 προσαγορεύσας.
766 2725 917 2762 Παραπλη-

134 2769 200 2801 σίως
226 2768 254 2795 δὲ
285 2769 332 2796 καὶ
360 2769 404 2796 τὸν
420 2769 508 2805 μέγαν
533 2768 678 2805 Ἰερεμίαν,
699 2770 748 2806 τὴν
783 2771 836 2798 ὑπὸ
863 2771 918 2799 τῶν

967 2271 1055 2297 visum
1069 2268 1135 2296 illud
1161 2268 1282 2296 divinum
1314 2268 1388 2294 clare
1416 2265 1528 2293 inscribi
1552 2263 1658 2291 tabellae
1681 2262 1752 2293 vuls,

968 2312 1085 2340 fortasse
1107 2311 1198 2339 cordis
1218 2310 1376 2345 puritatem,
1391 2310 1435 2337 cui
1461 2317 1509 2344 per
1522 2307 1680 2335 memoriam
1694 2306 1752 2334 visa

967 2357 1060 2385 divina
1085 2356 1271 2388 inscribimus,
1297 2355 1400 2383 ventris
1426 2354 1606 2390 appellatione
1629 2353 1751 2380 denotat.

967 2403 1200 2437 Qumnadmodum
1220 2405 1248 2428 et
1280 2401 1314 2434 is,
1338 2401 1384 2436 qui
1405 2400 1499 2436 magni
1520 2399 1657 2435 propheta:
1684 2397 1752 2425 Eze-

967 2449 1062 2476 chielis
1077 2456 1108 2476 os
1127 2447 1242 2483 aperuit.
1268 2446 1350 2482 inque
1364 2446 1414 2472 hoc
1443 2446 1503 2472 libri
1520 2445 1645 2472 volumen
1662 2444 1755 2479 posuit

969 2497 1095 2531 utrinque
1108 2495 1206 2522 litteris
1220 2493 1360 2526 refertum,
1377 2493 1500 2520 exterius
1518 2495 1545 2518 et
1562 2491 1677 2518 interius
1694 2490 1751 2518 :ait

967 2543 1071 2570 ad'eum
1081 2541 1215 2570 :Comedet
1226 2549 1253 2568 os
1265 2545 1350 2573 tuum,
1359 2548 1389 2566 ac
1401 2543 1555 2566 ventertuus
1569 2538 1709 2572 replebitur
1718 2537 1752 2563 ³⁴.

968 2589 1072 2622 Quibus
1084 2589 1112 2616 in
1129 2588 1219 2616 verbis
1242 2591 1336 2614 venter
1351 2585 1512 2621 appellatur,
1535 2592 1599 2619 pars
1612 2583 1695 2610 animi
1711 2583 1754 2608 in-

970 2635 1094 2668 telligens
1106 2636 1134 2661 et
1157 2633 1261 2660 ratione
1277 2630 1400 2666 przedita,
1413 2630 1440 2656 in
1457 2636 1510 2664 qua
1523 2628 1654 2655 divinitus
1676 2632 1754 2652 acce-

971 2685 1015 2715 pta
1036 2679 1115 2714 quasi
1138 2677 1300 2705 collocabat.
1323 2676 1454 2702 Similiter
1474 2678 1502 2701 et
1531 2680 1658 2708 magnum
1676 2670 1754 2697 illum

971 2725 1134 2752 Hieremiam
1149 2724 1250 2751 scimus
1267 2729 1315 2749 eor
1324 2729 1402 2749 suum
1421 2719 1535 2747 miriﬁce
1546 2726 1560 2745 ιι
1585 2716 1709 2744 tristibus
1721 2715 1754 2742 il-

971 2771 1004 2798 lis
1012 2768 1222 2807 eogitstionibus
1234 2768 1375 2800 afﬂictum,
1390 2769 1510 2794 ventrem
1519 2762 1681 2800 appellasse,
1692 2768 1756 2789 eum

171 2857 194 2874 εδ
212 2856 298 2886 Exod.
315 2865 406 2892 ιιιιν,
418 2858 464 2887 99.
504 2858 526 2875 ³³
537 2858 623 2887 Exod.
644 2866 716 2892 xxiv,
732 2859 774 2887 12.
824 2860 846 2876 “
861 2858 914 2889 Ere

981 2866 1022 2894 ιιι,
1039 2859 1065 2887 5.
