1978 3068
133 137 201 166 107³1

640 132 672 161 ῐΝ
687 131 836 160 (ΣΑΝἸΊΕΔ
853 131 990 159 CANTlC.
1012 131 1152 158 HOMILM
1172 129 1229 157 XIV

1683 123 1752 152 1073

131 193 296 229 προέχοντας
309 192 336 219 ἐν
349 193 405 224 τοῖς
417 191 575 223 ἀποστόλοις
590 191 703 227 Πέτρον,
717 191 765 217 καὶ
780 189 917 221 Ἰάκωὸον,

981 197 1076 216 umnas
1090 187 1235 223 appellavit
1249 187 1283 213 θ’.
1312 186 1345 213 Et
1371 191 1435 213 vero
1449 183 1512 219 quia
1529 183 1636 210 discere
1655 190 1755 209 conve-

132 239 179 265 καὶ
199 237 335 272 Ἰωάννην,
355 238 465 270 στύλους
479 238 628 273 ὠνόμασεν.
650 237 726 264 Ἐπεὶ
739 236 767 263 δὲ
781 236 827 263 καὶ
841 235 918 262 τοῦτο

132 283 267 319 προσήκει
289 282 395 318 μαθεῖν,
411 283 469 314 πῶς
485 282 542 309 ἐστι
559 281 686 317 γενέσθαι
704 281 809 313 στύλον,
833 281 871 312 ὡς
885 280 918 307 ἂν

132 328 184 356 καὶ
193 329 274 363 ἡμεῖς
295 330 367 362 ἄξιοι
387 328 436 363 τῆς
458 328 586 363 τοιαύτης
608 327 753 362 γενοίμεθα
776 326 916 362 κλήσεως·

133 373 213 400 πάλιν
227 374 273 399 καὶ
287 372 365 399 τοῦτο
379 372 455 408 παρὰ
468 373 517 408 τῆς
533 372 580 399 τοῦ
603 372 709 399 Παύλου
726 371 821 406 σοφίας
839 370 919 398 ἀκού-

133 427 217 453 ωμεν.
241 418 272 450 ὅς
288 427 354 454 φησι
376 418 471 445 στύλον
496 416 567 444 εἶναι
590 417 636 444 καὶ
655 417 685 444 τὸ
705 417 844 451 ἑδραίωμα
869 416 920 450 τῆς

134 463 272 498 ἀληθείας.
288 464 393 491 Οὐκοῦν
403 464 512 499 χρυσίον
527 464 576 499 μέν
587 463 661 490 ἐστιν
675 463 692 498 ἡ
704 461 826 498 ἀλήθεια,
842 463 858 497 ἡ
873 461 920 488 καὶ

135 509 213 543 βάσις
227 508 281 535 τῶν
299 509 410 544 κνημῶν
424 508 565 544 γινομένη,
578 508 626 535 καὶ
641 507 688 539 τὰς
705 508 800 542 χεῖρας
813 508 860 542 καῖ
871 507 921 542 τὴν

135 555 255 590 κεφαλὴν
274 555 308 581 δι’
325 555 425 590 ἑαυτῆς
444 554 662 586 καλλωπίζουσα.
685 554 722 580 Τὸ
737 553 766 580 δὲ
781 553 922 588 ἑδραίωμα

135 601 176 630 είς
196 600 245 636 τὴν
267 601 314 627 τοῦ
333 601 478 636 μαρμάρου
504 609 544 632 τις
569 599 650 634 φύσιν
672 598 849 634 μεταλαὸὼν-,
873 598 921 633 οὐχ

137 646 324 681 ἁμαρτήσεται
335 655 340 661 '
361 646 399 677 ὡς
419 643 488 672 εἶναι
499 645 628 680 τοιαύτην
640 645 689 680 τὴν
702 644 756 670 τῶν
768 643 921 679 λεγομένων

136 692 254 719 διάνοιαν
264 699 270 705 ·
288 690 329 717 ὅτι
343 691 377 717 Δί
402 692 505 727 κνῆμαι
517 692 565 718 τοῦ
578 691 704 726 σώματος
716 691 742 717 οἰ
756 690 921 726 μαρμάρινοι

138 737 238 768 στύλοι,
252 737 389 764 τουτέστιν
411 737 434 764 οἱ
449 737 488 773 τῷ
508 737 627 773 λαμπρῷ
648 736 698 772 βίῳ
716 737 763 763 καὶ
780 736 817 771 τῷ
836 735 924 770 ὑγιαί-

138 792 208 810 νοντι
228 783 299 819 λόγῳ
319 783 349 810 τὸ
369 783 458 810 κοινὸν
478 784 557 819 σῶμα
571 784 620 818 τῆς
642 782 803 818 Ἑκκλησίας
822 781 922 816 βαστά-

138 827 229 859 ζοντές
246 836 275 854 τε
298 829 344 855 καὶ
363 828 537 863 διερείδοντες
551 837 557 843 ·
587 829 621 855 δι’
634 825 671 855 ὧν
691 828 708 863 ἧ
728 836 757 853 τε
775 827 852 862 βάσις
873 826 923 861 τῆς

139 872 255 904 πίστεως
275 874 331 908 ἔχει
351 873 380 900 τὸ
397 874 505 908 πάγιον,
523 874 570 901 καὶ
592 875 606 900 ὁ
623 874 681 900 κατ’
703 873 803 908 ἀρετὴν
825 871 924 908 δρόμος

138 917 260 949 ἀνύεται,
276 919 322 945 καὶ
336 919 365 944 ὲν
377 920 433 950 τοῖς
450 919 551 954 ἆλμασι
564 919 618 945 τῶν
633 919 712 945 θείων
726 917 851 949 ἐλπίδων,
865 917 924 944 ὅλον

139 961 169 988 τὸ
184 961 263 997 σῶμα
277 963 412 999 μετέωρον
426 964 541 994 γίνεται.
558 963 607 990 Διὰ
625 964 679 990 τῶν
688 963 734 990 δύο
748 961 926 998 κατορθοῦται

139 1006 252 1038 τούτων,
267 1009 394 1044 ἀληθείας
414 1010 461 1036 καὶ
479 1009 654 1044 βεϐαιότητος
665 1017 672 1023 ”
692 1009 739 1035 τοῦ
757 1009 805 1044 μὲν
824 1008 927 1044 χρυσοῦ

141 1054 416 1090 μεταλαμϐανομὲνου
429 1055 498 1090 πρὸς
511 1055 561 1090 τὴν
572 1054 711 1089 ἀλήθειαν,
724 1055 784 1089 ἣτις
799 1054 869 1080 κατὰ
878 1053 927 1088 τὴν

141 1098 247 1125 Παύλου
262 1099 354 1135 φωνὴν
369 1100 492 1134 θεμέλιος
509 1100 558 1135 τῆς
574 1100 650 1131 θείας
669 1100 840 1135 κατασκευῆς
856 1100 929 1134 γίνε-

140 1143 186 1170 ταί
199 1152 228 1170 τε
251 1145 298 1171 καὶ
313 1145 484 1180 ὀνομάζεται.
507 1145 599 1177 Οὕτως
615 1146 670 1181 γάρ
691 1154 772 1181 φησιν
785 1154 791 1160 '
813 1146 853 1172 ὅτι
876 1147 929 1172 Θε-

140 1189 245 1224 μέλιον
263 1190 361 1218 ἄλλον
385 1191 484 1224 οὐδεὶς
509 1191 631 1218 δύναται
657 1190 749 1218 θεῖναι
772 1190 851 1225 παρὰ
877 1190 930 1217 τὸν

101 1266 104 1268 γ
141 1235 289 1269 κείμενον,
308 1236 343 1269 ὅς
362 1237 448 1263 ἐστιν
468 1238 586 1272 Ἰησοῦς
598 1237 736 1272 Χριστός.
762 1236 879 1271 Χριστὸς
901 1236 929 1262 δέ

141 1282 215 1308 ἐστιν
230 1283 246 1317 ἡ
261 1281 384 1317 ἀλήθεια,
427 1283 643 1318 ὲνθεμελιοῦνται
660 1283 688 1309 αἱ
706 1283 818 1317 κνῆμαι,
834 1283 857 1308 οἱ
871 1282 931 1308 στύ-

143 1326 182 1353 λοι
207 1327 256 1362 τῆς
284 1327 458 1362 Ἐκκλησίας.
482 1328 532 1354 Διὰ
552 1327 599 1353 τοῦ
629 1327 775 1362 μαρμάρου
801 1325 930 1352 νοούντων

141 1372 221 1407 ἡμῶν
240 1373 269 1400 τό
283 1381 313 1399 τε
328 1373 453 1408 λαμπρὸν
471 1372 518 1399 τοῦ
536 1373 604 1408 βίου,
621 1373 668 1399 καὶ
682 1372 713 1398 τὸ
729 1371 796 1407 πρὸς
816 1371 864 1406 τὴν
878 1370 932 1397 τῶν

143 1419 252 1454 ἀγαθῶν
267 1419 385 1446 διάθεσιν
401 1418 531 1454 ἐμϐριθές
548 1427 578 1445 τε
595 1420 643 1446 καὶ
660 1418 837 1453 ἀμετάθετον.
862 1417 931 1443 Ἀλλ’

143 1465 236 1500 ἐπειδὴ
253 1465 345 1491 πολλοὶ⁴
360 1465 409 1500 μὲν
425 1465 449 1491 οἱ
465 1465 554 1491 στύλοι
570 1463 616 1491 τοῦ
632 1464 782 1500 μαρτυρίου
800 1463 848 1498 τῆς
867 1471 933 1498 σκη-

144 1512 202 1546 νῆς,
218 1511 309 1537 πολλοὶ
322 1510 349 1536 δὲ
361 1511 409 1537 καὶ
422 1511 446 1536 οἱ
465 1510 510 1536 τὸν
526 1510 575 1545 τῆς
591 1510 687 1544 σοφίας
699 1507 772 1536 οἷκον
785 1509 932 1535 διαϐαστά-

144 1557 250 1588 ζοντες’
274 1556 320 1582 δύο
334 1555 362 1582 δὲ
380 1555 426 1582 νῦν
441 1555 601 1590 ὲξαρκοῠσιν
617 1555 676 1581 ὅλον
688 1555 795 1589 ἀνέχειν
809 1555 849 1588 te
868 1554 931 1580 ἐαυ-

144 1602 198 1628 τὼν
211 1602 241 1628 τὸ
255 1601 351 1636 σῶμα’
373 1601 442 1636 τάχα
466 1601 534 1636 πρὸς
549 1601 632 1636 ἄλλην
652 1600 713 1626 τινὰ
736 1600 856 1626 διάνοιαν
878 1599 932 1634 χρὴ

148 1649 310 1684 μεταγαγεῖν
328 1647 374 1674 τὸν
389 1647 489 1673 σκοπὸν
510 1647 556 1673 τοῦ
581 1646 749 1681 αἰνίγματος.
779 1643 863 1680 Οἶμαι
877 1645 933 1680 γὰρ

145 1695 188 1722 διὰ
201 1695 302 1721 τούτων
324 1695 411 1720 ἐκεῖνο
429 1691 680 1728 κατασκευάζεσθαι
698 1699 705 1706 '
730 1691 760 1717 τὸ
783 1691 933 1723 πολυειδεῖς

149 1741 197 1776 μὲν
213 1739 335 1774 γίνεσθαι
347 1739 396 1770 τὰς
408 1739 440 1765 ὲκ
453 1738 498 1765 τοῦ
514 1738 596 1773 νόμου
611 1737 679 1772 πρὸς
695 1737 794 1772 ἀρετὴν
812 1736 931 1772 ὁδηγίας,

149 1786 232 1812 πολλὰ
240 1786 267 1811 δὲ
282 1785 387 1820 καὶτῆς
400 1785 495 1818 σοφίας
506 1783 575 1810 εἷναι
585 1783 620 1810 τὰ
629 1782 855 1818 παραγγέλματα,
866 1782 934 1817 πρὸς

146 1832 192 1858 τὸν
208 1831 288 1857 αὐτὸν
303 1830 408 1866 δρῶντα
432 1829 532 1856 σκοπόν
545 1837 552 1843 ·
576 1828 621 1854 τὸν
644 1827 861 1862 συντετμημένον
885 1826 933 1854 τοῦ

149 1874 315 1909 Εὑαγγελίου
328 1874 417 1908 λόγον,
431 1874 470 1905 είς
484 1871 666 1908 εὐαρίθμητον
681 1880 711 1897 τε
726 1871 772 1898 καὶ
789 1871 934 1898 συνεσταλ-

149 1923 229 1957 μένον
246 1921 359 1955 ὰγαγεῖν
374 1919 482 1946 ἃπασαν
496 1917 543 1944 τοῦ
558 1918 618 1944 κατ’
635 1917 734 1952 ἀρετὴν
752 1917 810 1952 βίου
826 1917 874 1951 τὴν
890 1925 934 1942 τε-

148 1968 273 2000 λειότητα
294 1966 412 1999 ἑγνωκεν
429 1973 435 1979 ·
461 1963 546 1995 οὕτως
563 1963 684 1993 εἰπόντος
699 1962 745 1989 τοῦ
763 1962 875 1997 Κυρίου,
893 1963 934 1989 ὅτι

156 2013 207 2039 Ἐν
222 2012 343 2044 ταύταις
363 2011 427 2043 ταῖς
443 2010 534 2037 δυσὶν
550 2009 703 2041 ἐντολαῖς,
726 2008 798 2041 ὅλος
811 2009 827 2035 ὁ
844 2009 936 2042 ’νόμος

150 2057 199 2084 καὶ
213 2058 239 2083 cl
256 2055 403 2090 προφῆται
420 2054 589 2089 κρέμανται.
613 2054 684 2079 Ἴσον
695 2053 723 2079 δὲ
739 2053 846 2084 πάντως
863 2053 936 2080 ἐστὶν

150 2104 190 2134 είς
211 2101 335 2137 δύναμιν,
352 2101 368 2136 ἢ
386 2101 612 2135 ὺποκρεμάμενον
628 2099 734 2134 ἀνέχειν
757 2099 787 2125 τὸ
811 2098 901 2134 βάρος,
919 2098 936 2133 ἣ

149 2149 331 2184 ἐπικείμενον.
372 2145 417 2179 Εἷς
439 2147 493 2182 γὰρ
517 2146 550 2172 δι’
573 2145 735 2180 ἀμφοτέρων
762 2144 903 2179 θεωρεῖται
923 2145 937 2170 ὀ

970 235 1018 267 nit,
1035 242 1089 269 quo
1110 237 1188 269 pacto
1201 233 1263 268 quis
1301 230 1360 258 ﬁeri
1394 230 1522 257 columna
1551 228 1649 263 possit,
1671 231 1701 254 ιιι
1730 231 1758 254 ct

970 289 1020 309 nos
1061 281 1136 316 digni
1175 281 1226 307 hac
1266 277 1449 314 appellatione
1490 275 1620 302 ﬁamus:
1660 280 1757 299 rursus

972 327 1023 354 hoc
1039 334 1147 362 quoque
1168 325 1202 353 de
1226 324 1302 351 Pauli
1327 322 1459 358 sapientia
1478 320 1684 354 intelligamus,
1710 318 1758 352 qui

971 374 1126 400 columnam
1151 371 1189 399 ait
1217 370 1341 399 veritatis
1364 372 1392 396 et
1415 368 1617 395 ﬁrmamentum
1638 371 1700 392 esse
1723 364 1757 389 ⁸³.

971 421 1066 455 Itaque
1093 427 1188 447 aurum
1215 421 1257 446 est
1277 418 1389 448 veritas,
1408 422 1468 450 quae
1493 413 1587 441 eadem
1601 417 1627 438 et
1646 418 1758 438 crurum

971 467 1045 494 basis
1056 471 1108 498 est.
1125 469 1152 493 et
1183 464 1309 492 manibus
1336 466 1418 496 atque
1445 460 1528 495 capiti
1567 460 1759 486 ornamentum

972 511 1082 547 aliquod
1099 511 1186 539 all'ert.
1201 510 1236 537 At
1249 508 1413 536 ﬁrmamenti
1428 512 1522 534 vocem
1534 505 1557 532 si
1568 504 1630 539 quis
1641 502 1675 530 ad
1689 509 1761 528 mar—

972 558 1058 586 moris
1073 561 1200 584 naturam
1229 554 1389 585 transferat,
1402 560 1457 580 non
1473 551 1576 579 errabit
1591 559 1597 577 :
1615 550 1650 576 ita
1666 553 1697 576 ut
1709 548 1777 585 liu-O

970 603 1092 639 jusmodi
1114 602 1260 630 verborum
1285 601 1321 627 sit
1345 598 1480 627 sententia
1502 597 1610 624 :Crura
1635 595 1762 622 videlicet

973 650 1098 686 corporis
1112 657 1174 677 esse
1186 649 1330 675 columnas
1355 651 1533 674 marmoreas,
1550 643 1600 669 hoc
1619 646 1661 669 cst
1688 641 1760 670 illos.

972 696 1019 730 qui
1034 695 1132 722 illustri
1149 694 1245 727 vitaret
1261 699 1327 720 sana
1352 690 1475 718 doctrina
1486 694 1637 716 commune
1662 693 1762 720 corpus

975 739 1105 767 Ecclesia:
1120 742 1228 774 gestent
1243 742 1326 772 atque
1355 736 1470 764 fulciant
1486 743 1492 761 :
1507 741 1554 768 per
1573 739 1643 767 quos
1656 736 1683 759 et
1700 730 1761 758 ﬁdei

974 786 1048 813 basis
1061 785 1141 812 ﬁrma
1153 788 1218 816 stat,
1229 788 1256 811 et
1271 782 1381 809 virtutis
1397 788 1496 808 cursus
1510 779 1672 811 absolvitur,
1693 781 1720 804 et
1735 777 1761 803 in

975 831 1092 858 saltibus
1105 830 1203 857 divinae
1219 829 1275 863 spei
1292 831 1379 854 totum
1400 833 1501 861 corpus
1521 824 1664 852 attollitur.
1682 822 1764 850 Fiunt

976 881 1066 904 autem
1084 877 1142 902 hinc
1158 874 1286 909 prmelare
1301 880 1348 908 per
1365 873 1416 899 ista
1428 872 1493 901 duo.
1515 871 1645 898 nimirum
1663 869 1764 896 verita-

975 927 1028 950 tem
1043 929 1075 949 ac
1090 921 1245 948 ﬁrmitatem
1262 929 1268 946 :
1298 919 1335 946 ita
1349 923 1378 945 ut
1391 925 1487 944 aurum
1505 917 1538 943 ad
1554 916 1696 942 veritatem
1718 921 1764 941 ac-

975 967 1174 996 commodetur.
1187 973 1248 1000 quae
1262 965 1296 991 de
1311 963 1387 990 Pauli
1403 962 1539 990 sententia
1556 961 1764 988 fundamentum

976 1011 1083 1041 aedificii
1097 1010 1182 1038 divini
1198 1014 1240 1036 est
1261 1013 1287 1036 et
1303 1008 1414 1035 dicitur.
1436 1007 1482 1034 Sic
1495 1006 1567 1033 enim
1581 1006 1619 1032 ait
1633 1014 1640 1032 :
1654 1003 1766 1031 Funda-

978 1062 1095 1085 mentum
1111 1055 1186 1083 aliud
1200 1063 1296 1089 ponere
1314 1062 1390 1080 uerno
1413 1057 1509 1087 potest,
1534 1057 1628 1086 prwlcr
1656 1051 1682 1077 id
1698 1049 1767 1084 quod

979 1103 1092 1137 positum
1107 1105 1158 1132 est,
1187 1100 1256 1135 quod
1271 1104 1309 1126 est
1335 1098 1457 1126 Christus
1474 1097 1507 1125 “.
1530 1096 1658 1123 Christus
1677 1099 1767 1122 autem

980 1148 1080 1175 veritas
1093 1151 1146 1177 est.
1160 1146 1187 1172 in
1202 1153 1255 1180 qua
1271 1151 1351 1171 crura
1367 1143 1527 1174 fundantur,
1549 1149 1609 1176 qua:
1629 1141 1767 1167 columna:

981 1196 1045 1221 sunt
1071 1191 1207 1219 Ecclesiae.
1243 1190 1293 1217 Per
1318 1195 1438 1216 marmor
1465 1191 1556 1214 autem
1582 1186 1770 1221 intelligamus

980 1240 1042 1266 vita:
1054 1237 1226 1273 splendorem
1239 1241 1266 1263 et
1281 1234 1477 1266 constantiam,
1491 1238 1575 1268 atque
1591 1232 1769 1259 immutabili-

982 1289 1065 1311 tatem
1089 1283 1115 1309 in
1132 1282 1277 1309 affectione
1304 1288 1367 1314 erga
1383 1280 1428 1307 illa
1444 1288 1505 1314 qua:
1521 1279 1591 1306 bona
1608 1284 1680 1305 sunt.
1699 1278 1773 1311 Quia

982 1338 1046 1356 vero
1061 1330 1152 1356 multa:
1165 1333 1228 1356 sunt
1239 1328 1264 1354 in
1277 1326 1452 1354 tabernaculo
1463 1325 1611 1352 testimonii
1623 1325 1768 1354 coluntuw,

984 1376 1074 1402 multm
1095 1376 1159 1402 item
1185 1373 1325 1408 sapientia:
1350 1372 1461 1399 domum
1491 1371 1626 1398 columem
1641 1370 1769 1401 fulciunt,

983 1431 1045 1449 cum
1063 1421 1170 1448 inti-rint
1189 1421 1232 1447 liic
1262 1419 1323 1446 dum
1337 1418 1473 1446 sulliciant
1500 1418 1548 1444 toti
1565 1417 1674 1451 corpori
1691 1417 1771 1446 susti-
1816 1427 1821 1431 -

984 1467 1073 1495 uendo
1103 1475 1110 1493 :
1143 1466 1269 1493 fortassis
1292 1465 1373 1492 aliam
1391 1463 1537 1498 quamdam
1554 1463 1587 1489 ad
1609 1463 1771 1490 sententiam

983 1513 1136 1548 miiigiiiatis
1162 1513 1243 1546 hujus
1261 1519 1362 1545 scapus
1384 1509 1544 1537 referendus
1571 1513 1623 1536 est.
1646 1508 1773 1535 Arbitror

982 1560 1055 1586 enim
1067 1559 1119 1585 hoc
1133 1558 1219 1584 astrui
1235 1565 1282 1591 per
1295 1556 1350 1588 illa,
1372 1556 1456 1583 variis
1481 1555 1610 1582 videlicet
1633 1553 1722 1580 modis
1737 1553 1771 1580 ad

983 1606 1109 1632 virtutem
1125 1612 1175 1632 nos
1183 1612 1230 1638 per
1244 1605 1329 1637 legem
1344 1603 1418 1633 duci,
1436 1610 1467 1629 ac
1483 1603 1567 1628 multa
1583 1609 1692 1636 quoque
1705 1600 1774 1635 pra:-

982 1657 1060 1688 cepta
1075 1659 1136 1680 esse
1151 1652 1301 1686 sapientiae.
1322 1658 1383 1685 qua:
1410 1654 1501 1676 tamen
1516 1648 1640 1676 eumdem
1659 1648 1691 1675 ad
1713 1655 1773 1674 sco-

984 1706 1047 1734 pum
1064 1697 1220 1731 respiciant.
1240 1696 1275 1722 At
1298 1696 1438 1723 concisum
1455 1694 1594 1729 Evangelii
1619 1701 1774 1721 sermonem

984 1751 1016 1770 ac
1033 1743 1138 1770 facilem
1154 1745 1309 1772 numeratu,
1325 1747 1357 1767 ac
1372 1741 1444 1767 velut
1461 1740 1488 1766 in
1504 1747 1590 1774 pauca
1603 1743 1773 1766 contractam

984 1790 1046 1816 vitae
1066 1788 1160 1815 virtuti
1177 1792 1369 1814 consentanea:
1381 1785 1574 1820 perfectionem
1599 1792 1649 1812 nos
1674 1785 1774 1811 ducere

984 1834 1121 1870 cognovit.
1147 1833 1192 1859 Ait
1217 1833 1292 1859 enim
1324 1831 1474 1858 Dominus:
1502 1830 1540 1856 Ab
1570 1830 1641 1857 him
1670 1829 1773 1856 duobus

986 1879 1119 1907 "tendatis
1135 1879 1177 1906 lea:
1207 1883 1262 1905 tota
1278 1877 1369 1911 pendet
1381 1886 1411 1903 ac
1426 1877 1559 1910 propheta:
1572 1876 1606 1902 “.
1623 1875 1695 1902 Ideni
1711 1882 1774 1902 vero

984 1931 1036 1956 est,
1051 1925 1107 1952 sive
1120 1924 1185 1959 quid
1201 1924 1293 1950 oneris
1312 1929 1476 1957 suspensum
1491 1922 1525 1949 de
1540 1925 1575 1954 te,
1590 1921 1647 1948 sive
1661 1920 1774 1955 imposi-

986 1977 1042 1999 tum
1057 1971 1203 1998 sustineas.
1214 1969 1281 1996 Nam
1295 1970 1378 1996 robur
1389 1969 1473 1999 illius,
1486 1968 1532 2003 qui
1546 1967 1652 2003 pondus
1664 1967 1774 2001 aliquod

986 2021 1084 2052 gestat,
1091 2020 1206 2051 utroque
1218 2015 1299 2042 modo
1308 2015 1489 2042 consimiliter
1503 2013 1662 2041 intenditur.
1669 2011 1774 2039 Etenim

987 2063 1059 2089 ferre
1072 2061 1137 2088 illud
1145 2069 1178 2088 ex
1189 2069 1268 2096 aequo
1280 2061 1390 2093 dicitur,
1406 2060 1464 2087 sive
1478 2067 1629 2094 appensum
1644 2067 1715 2086 onus
1726 2059 1773 2089 sit.

987 2108 1046 2135 sive
1057 2115 1138 2134 manu
1155 2107 1278 2140 subjecta
1289 2106 1354 2141 quid
1380 2109 1477 2141 gestet,
1495 2105 1586 2138 Quare
1607 2113 1667 2132 cum
1683 2104 1775 2131 Domi-

989 2162 1040 2181 tuis
1051 2153 1160 2188 quidem
1180 2152 1263 2184 dicat,
1290 2152 1324 2179 ab
1339 2152 1381 2179 liis
1396 2151 1503 2178 duobus
1530 2151 1667 2178 mandatis
1690 2150 1786 2184 legem.

149 2195 199 2230 τῆς
215 2195 354 2230 δυνάμεως
370 2193 444 2224 τόνος
458 2212 465 2225 ,
492 2191 540 2219 τοῦ
565 2191 625 2217 καθ’
646 2190 774 2225 ἑκάτερον
796 2190 894 2224 τρόπον
909 2189 929 2215 τί

992 2200 1146 2226 universam
1170 2206 1231 2224 cum
1245 2197 1385 2232 prophetis
1400 2195 1532 2231 pendere;
1558 2203 1659 2230 sponsa
1675 2203 1746 2222 vero.
1759 2204 1786 2221 ιι.

150 2240 231 2275 ἄχθος
245 2239 431 2275 βαστάζοντος.
445 2238 525 2274 Φέρει
540 2236 593 2273 γὰρ
607 2236 705 2271 ὁμοίως
717 2235 749 2262 δι’
761 2235 867 2266 ἑαυτοῦ,
881 2234 935 2261 εἴτε

151 2285 338 2321 ἐπηρτημένον
351 2285 406 2320 ἔχει
420 2284 450 2311 τὸ
462 2283 555 2318 βάρος,
566 2282 621 2308 εἴτε
637 2281 824 2316 ὑπολαμϐάνοι
839 2281 871 2316 τῇ
888 2289 937 2306 πα-

151 2329 229 2367 λάμῃ
241 2331 271 2358 τὸ
293 2330 502 2366 βασταζόμενον.
533 2328 609 2354 Ἐπεὶ
630 2325 676 2353 οὖν
690 2328 708 2353 ὁ
725 2327 774 2362 μὲν
790 2326 891 2361 Κύριος
907 2326 936 2351 ἐν

150 2377 262 2408 ταύταις
278 2376 343 2411 φησι
358 2377 417 2407 ταῖς
428 2375 502 2401 δυσὶν
516 2374 636 2405 ἐντολαῖς
650 2373 709 2399 ὅλον
725 2373 770 2398 τὸν
788 2372 868 2406 νόμον
890 2371 936 2397 καὶ

150 2423 213 2453 τοὺς
230 2422 370 2457 προφήτας
384 2419 553 2455 κρέμασθαι’
574 2419 622 2445 νῦν
634 2418 661 2444 δὲ
674 2419 696 2454 ἡ,
706 2418 797 2452 νύμφη
812 2417 858 2443 δύο
872 2417 936 2443 στύ-

151 2467 207 2497 λοις
222 2467 268 2493 ἐπὶ
284 2467 391 2501 χρυσῶν
410 2465 541 2500 θεμελίων
558 2463 688 2499 βεϐηκόσι
705 2462 885 2498 βαστάζεσθαι
899 2462 940 2489 λέ-

152 2520 194 2545 γει
208 2511 238 2538 τὸ
252 2511 331 2546 σῶμα
342 2519 348 2526 ⁸
373 2510 463 2541 καλῶς
477 2510 510 2536 ἂν
525 2510 581 2545 ἔχοι
604 2509 671 2545 πρὸς
685 2509 734 2544 τὴν
755 2508 871 2544 οεωρίαν
892 2508 937 2534 τοῦ

152 2557 223 2583 κατὰ
238 2557 288 2588 τὰς
301 2557 407 2591 κνήμας
419 2555 587 2590 αἰνίγματος,
602 2554 823 2590 συμπαραλαΰεῖν
835 2554 883 2585 τὰς
892 2553 938 2580 δύο

153 2602 261 2634 ὶντολὰς
277 2602 394 2633 ὲκείνας.
422 2597 472 2626 Ὧν
491 2600 540 2635 τὴν
560 2599 619 2634 μὲν,
646 2599 756 2635 πρώτην
778 2599 905 2635 ὀνομάζει
926 2600 940 2626 ὁ

154 2649 265 2684 Κύριος,
284 2649 333 2683 τὴν
349 2647 395 2679 δὲ,
418 2646 513 2682 ὁμοίαν
534 2647 567 2681 τῇ
591 2645 685 2681 πρώτῃ
709 2646 810 2680 λέγων’
836 2646 866 2672 τὸ
889 2645 937 2680 μὲν

153 2695 263 2729 ἀγαπᾷν
279 2694 324 2720 τὴν
338 2694 403 2720 Θεὸν
416 2694 446 2726 ὲξ
458 2692 521 2727 ὅλης
535 2692 584 2727 τῆς
600 2692 711 2727 καρδίας
728 2692 774 2718 καὶ
789 2692 877 2727 ψυχῆς
892 2693 939 2718 καὶ

155 2740 304 2774 δυνάμεως,
314 2739 363 2775 τὴν
375 2737 485 2774 πρώτην
496 2737 605 2772 ἐντολὴν
620 2734 690 2763 εἷναι
701 2745 708 2752 ’
724 2736 754 2763 τὸ
768 2736 796 2763 δὲ
809 2737 854 2763 τὸν
869 2736 938 2770 πλη-

160 2854 166 2857 _
183 2831 205 2846 δ’
222 2829 309 2858 Galat.
325 2837 355 2858 ti.
367 2830 393 2858 9‘
432 2829 453 2846 ⁸³
468 2829 478 2856 ι
493 2829 611 2856 Timotli.
627 2836 667 2861 tu,
688 2828 714 2856 5.
752 2828 775 2843 “
791 2827 801 2853 ι
816 2827 880 2854 Cor.
900 2835 940 2859 ιιι,
960 2826 1001 2852 ιι.

988 2245 1094 2272 duabus
1107 2243 1252 2273 columnis.
1268 2249 1329 2277 qua)
1345 2241 1529 2268 fundamentis
1542 2241 1633 2268 aureis
1649 2241 1776 2267 inuitan-

990 2295 1044 2323 tur,
1060 2290 1161 2324 gestari
1175 2297 1274 2323 corpus
1296 2291 1490 2315 commemoret
1504 2295 1511 2320 ;
1529 2290 1602 2313 recte
1617 2285 1775 2318 fecerimus,

990 2336 1013 2363 si
1028 2335 1061 2362 ad
1077 2333 1332 2368 contemplationem
1351 2332 1432 2366 hujus
1447 2332 1481 2358 de
1493 2332 1623 2359 cruribus
1646 2331 1777 2366 aenigma-

989 2381 1046 2412 tis.
1083 2380 1139 2407 duo
1175 2376 1220 2406 illa
1257 2378 1383 2405 mandata
1426 2377 1643 2405 adhibuerimus.
1674 2377 1776 2404 Eorum

989 2429 1124 2462 alterutri,
1153 2427 1270 2462 primum
1304 2426 1422 2461 appellat
1455 2426 1604 2459 Dominus,
1635 2426 1774 2458 alterum,

989 2473 1077 2507 primo
1088 2472 1186 2500 simile.
1200 2471 1290 2506 lnquit
1300 2472 1385 2503 enim,
1399 2471 1483 2498 Deum
1496 2475 1552 2498 toto
1566 2471 1661 2502 corde.
1677 2476 1704 2498 et
1720 2472 1777 2498 ani-

991 2527 1045 2551 mo,
1072 2523 1099 2546 et
1125 2518 1256 2545 facultate
1274 2517 1372 2544 virium
1390 2517 1514 2552 diligere,
1545 2517 1703 2544 mandatum
1721 2517 1777 2551 pri-

990 2573 1064 2592 mum
1077 2572 1154 2597 esse;
1166 2564 1318 2598 proximum
1345 2570 1410 2589 vero
1423 2563 1537 2597 diligere
1552 2562 1630 2596 quasi
1644 2562 1775 2596 seipsuni,

990 2610 1051 2644 eius
1066 2617 1130 2636 vero
1145 2608 1264 2635 mandati
1280 2608 1335 2635 vim
1352 2615 1443 2642 parem
1458 2615 1530 2638 esse,
1548 2615 1608 2642 quae
1622 2607 1657 2634 sit
1683 2606 1773 2641 primi.

992 2655 1094 2681 Paulus
1107 2654 1200 2685 etiam,
1225 2652 1290 2680 dum
1321 2653 1398 2687 quasi
1415 2652 1559 2687 quamdam
1581 2653 1701 2683 domum,
1716 2658 1777 2685 qua:

992 2700 1077 2727 Deum
1091 2699 1350 2734 excipiatunagnum
1365 2699 1441 2725 illum
1457 2698 1628 2724 Timotheum
1646 2696 1775 2728 exstruit,

992 2746 1061 2773 duas
1075 2746 1156 2772 hasce
1165 2745 1314 2772 columnas
1345 2745 1371 2771 in
1396 2752 1428 2771 co
1442 2743 1548 2772 statuit.
1567 2749 1680 2775 quarum
1696 2740 1775 2769 alteri

1042 2825 1062 2840 "
1074 2824 1166 2851 Matth.
1183 2831 1212 2855 ll,
1227 2823 1267 2849 ιιι.
