1978 3068
128 133 195 164 1381

627 136 660 164 ΙΝ
680 136 827 166 ΟΑΝΤΙῧΑ
846 138 982 170 (ΖΑΝΤΙΕ.
1004 139 1146 169 HOMILIA
1166 140 1235 168 XIV.

1684 137 1755 165 WB

126 191 181 220 τῶν
195 193 389 228 κυριευόντων·
403 192 459 228 ἔχει
476 192 611 226 κάκεῖνος,
627 193 699 220 κατὰ
718 194 768 231 τὴν
787 195 913 222 ’Δποστὸ-

966 197 1037 232 apud
1051 205 1146 225 verum
1160 204 1250 232 regem
1268 204 1278 231 ;
1303 200 1330 224 et
1358 196 1511 224 daemonum
1543 194 1666 229 legiones
1681 196 1753 229 apud

126 237 173 264 λου
195 237 298 274 φωνὴν,
319 239 407 275 ἀρχάς
422 247 452 266 τε
473 239 520 266 καὶ
536 239 674 272 ἐξουσίας,
695 241 743 267 καὶ
766 241 911 276 δυνάμεις,

125 284 175 315 τὰς
186 285 422 320 καταργουμένας,
439 285 503 312 ὅταν
523 285 606 320 μέλλῃ
623 286 653 312 τὸ
673 286 756 313 κακὸν
775 288 814 319 εὶς
827 287 858 313 τὸ
874 288 911 323 μὴ

125 329 156 356 δν
167 329 356 364 ἀφανίζεσθαι.
374 332 469 358 ὀταν
486 331 541 366 γὰρ
554 331 728 367 καταργήσῃ
738 351 745 364 ,
759 334 834 368 φησὶ,
857 333 912 361 πᾶ-

125 382 188 402 σαν
202 375 313 410 ἀρχὴν,
322 376 371 403 καὶ
381 376 535 409 ἐξουσίαν,
548 377 601 409 καὶ,
611 376 748 412 δύναμιν.
770 377 831 404 Ἐπὶ
851 378 913 413 Θρό-

125 429 173 447 νου
190 420 283 456 βλέπει
297 422 312 448 6
326 422 467 458 προφήτης
482 422 527 449 τὸν
543 422 653 457 βασιλέα
667 423 716 457 τῆς
734 423 812 459 δόξης
828 424 913 460 καθή-

127 474 218 501 μενον,
235 467 278 502 ἐφ’
291 467 393 503 ὑψηλοῦ
408 477 438 494 τε
449 469 495 495 καὶ
509 469 674 503 ἐπηρμένου,
690 469 813 501 κάκεῖνος
826 470 913 505 ἐπαγ-

125 515 249 549 γέλλεται
267 516 360 551 θήσειν
373 516 465 544 ἐπάνω
477 517 531 543 τῶν
546 517 652 553 ἄστρων
667 517 712 544 τὸν
727 518 791 544 ἴδιον
807 518 911 554 Θρόνον,

125 559 198 587 ὥστε
207 559 276 589 εἶναι
295 563 386 597 ὅμοιον
400 563 440 598 τῷ
453 562 580 598 Ὑψίστῳ.
602 562 688 598 Σκεύη
707 563 820 598 ἐκλογῆς
834 565 862 590 ἐν
878 565 911 600 τῇ

126 605 234 642 μεγάλῃ
253 606 350 633 ἑαυτοῦ
367 607 441 643 οἰκίᾳ
462 608 476 634 6
499 607 546 634 τοῦ
565 607 666 639 παντὸς
683 607 740 642 ἔχει
763 609 912 643 Δεσπότης,

126 649 183 685 ῐχει
200 650 325 682 κάκεῖνος
347 651 430 686 σκεύη
450 652 535 687 ὀργῆς
557 652 760 687 κατηρτισμένα
778 654 817 684 εἰς
832 653 913 679 ἀπώ-

125 694 210 722 λειαν.
224 695 307 722 Πάλιν
326 695 398 732 ζωὴν
417 696 463 723 καὶ
486 696 596 732 εἰρήνην
611 696 644 722 δι’
659 696 781 730 ἀγγέλων
801 698 913 732 χορηγεῖ

125 742 182 772 τοῖς
197 741 281 774 ἀξίοις
294 742 308 767 6
326 741 379 768 τῶν
399 741 522 775 ἀγγέλων
541 741 658 776 Κύριος·
675 742 801 773 κάκεῖνος
815 742 910 777 θυμῇν,

125 787 173 814 καὶ
195 787 289 822 ὀργὴν,
311 787 357 814 καὶ
379 786 467 821 θλίψιν
485 786 642 813 ἀποστέλλει
660 787 705 813 διὰ
717 787 771 813 τῶν
791 787 912 821 ἀγγέλων

125 832 180 859 τῶν
201 833 335 868 πονηρῶν.
357 832 412 860 Καὶ
425 832 451 859 τί
473 833 524 868 χρὴ
546 832 580 859 τὰ
598 832 659 858 καθ’
679 831 792 859 ἕκαστον
812 832 910 866 λέγειν,

966 242 1117 277 principem
1145 241 1290 277 potestatis
1309 241 1484 268 tenebrarum
1498 240 1531 266 ι’.
1565 239 1751 274 Principatus,

965 291 1126 322 potestates,
1139 287 1223 322 copia:
1240 286 1358 314 subsunt
1372 286 1438 321 Regi
1457 293 1562 320 regum,
1585 289 1612 312 et
1633 284 1757 313 Domino-

965 333 1187 361 dominatorum:
1219 333 1312 361 itidem
1344 338 1371 360 et
1401 333 1470 360 alter
1497 331 1748 366 (quemadmodum

964 377 1112 413 Apostolus
1131 379 1190 414 ait)
1211 379 1292 406 habet
1307 378 1433 413 imperia,
1460 381 1620 412 potestates,
1644 376 1756 412 copias.

965 431 1026 458 quae
1040 425 1257 460 abrogabuntur,
1275 431 1336 451 cum
1352 423 1452 450 malum
1468 423 1495 449 in
1513 422 1627 450 nihilum
1644 422 1751 456 redige-

965 471 1020 495 tur.
1036 468 1106 496 Sunt
1121 469 1194 496 enim
1211 468 1269 495 haec
1283 467 1406 503 Apostoli
1426 467 1508 494 verba
1523 475 1530 494 :
1549 465 1616 494 Cum
1634 465 1750 492 absolve-

965 513 1000 539 ril
1033 521 1134 540 omnem
1153 514 1343 548 principatum,
1360 517 1384 539 et
1412 519 1514 538 onmem
1541 516 1706 545 potestatem,
1724 516 1748 538 et

965 567 1067 586 omnem
1078 560 1203 586 virtutem
1216 560 1249 586 ⁵⁸.
1269 559 1365 586 Cernit
1379 558 1508 593 propheta
1537 557 1583 585 ille
1610 557 1748 585 sedentem

965 605 1076 633 sublimi
1092 612 1125 632 ac
1138 606 1243 632 elevato
1259 605 1287 631 in
1314 604 1384 631 solio
1409 611 1499 639 regem
1526 603 1628 638 gloriae,
1658 601 1749 630 itidem

965 651 1010 679 ille
1027 651 1126 679 solium
1155 659 1234 678 suum
1264 657 1349 685 supra
1373 649 1464 677 sidera
1493 656 1524 677 se
1547 649 1749 676 collocaturum

964 697 1118 731 profitetur,
1137 698 1174 724 ita
1189 697 1374 724 ut'Altissimo
1386 696 1422 723 sit
1437 695 1546 723 similis.
1561 694 1648 722 Habet
1659 693 1750 728 ampla

965 742 993 770 in
1022 743 1106 770 domo
1133 749 1183 771 sua
1200 742 1332 770 Dominus
1349 741 1470 769 universi
1495 748 1562 768 vasa
1584 739 1749 768 electionis:

965 788 1058 816 itidem
1074 788 1119 815 ille
1135 796 1198 815 vasa
1220 789 1268 815 irae
1297 788 1391 818 habet,
1420 791 1576 821 comparata
1606 785 1639 812 ad
1654 785 1750 812 interi-

966 837 1021 860 tum
1033 834 1066 860 ".
1078 833 1212 861 Praeterea
1225 833 1307 860 vitam
1317 836 1344 860 et
1359 840 1452 868 pacem
1469 839 1516 864 per
1531 831 1643 867 angelos
1658 830 1748 866 dignis

124 877 159 904 δι’
175 874 212 904 ὧν
231 878 302 905 κατὰ
317 879 346 905 τὸ
362 879 481 904 ἐναντίον
497 878 689 914 ἀντεπαιρεται
711 879 779 914 πρὸς
802 879 850 915 τὴν
866 879 913 906 τοῦ

966 878 1121 913 suppeditat
1137 878 1298 911 angelorum
1316 877 1470 908 Dominus;
1496 875 1578 903 etiam
1604 875 1649 902 ille
1673 874 1751 902 luro—

125 921 228 955 ὰγαθοῦ
245 922 323 957 φύσιν
338 924 352 949 ὁ
368 922 566 958 ἀντικείμενος;

963 931 1032 955 rem.
1047 928 1074 951 et
1088 923 1203 952 iram.et
1219 922 1395 952 albictionem
1410 929 1458 957 per
1473 921 1623 949 sceleratos
1640 921 1752 956 angelos

125 968 246 996 immittit
262 969 295 998 ".
308 969 341 996 Et
359 970 424 1005 quid
439 977 507 1005 opus
529 974 572 998 est
590 971 697 1006 singula
715 978 939 1004 commemorare,
970 978 1015 1006 per
1043 978 1102 1006 quae
1126 970 1302 999 adversarius
1324 971 1368 998 ille
1395 975 1489 997 contra
1515 973 1639 1005 naturam
1664 967 1752 1003 ipsius

124 1014 189 1043 boni
206 1023 266 1043 sese
287 1016 388 1051 erigit?

167 1062 243 1088 Ἐπεὶ
255 1059 301 1088 οὖν
317 1061 386 1088 κατὰ
399 1062 429 1089 τδ
444 1063 580 1098 αἰσθητὸν,
595 1063 741 1098 περιφανές
753 1063 809 1090 ἐστι
822 1064 912 1099 θέαμα

124 1106 155 1137 τὸ
169 1107 231 1142 ὅρος
246 1107 261 1133 6
282 1107 396 1139 Λίὸανος
413 1108 581 1144 πανταχόθεν
596 1110 656 1140 ταῖς
676 1108 791 1143 ὑψηλαῖς
807 1109 912 1144 κέδροις

126 1152 280 1187 συνηρεφής
298 1159 328 1178 τε
355 1152 401 1178 καὶ
421 1152 523 1184 λάσιος,
547 1152 641 1179 τούτου
664 1153 745 1188 χάριν
772 1153 840 1187 πρὸς
866 1153 914 1185 τὰς

125 1196 251 1228 ἐναντίας
274 1197 388 1230 ἐννοίας,
416 1197 458 1224 διὰ
479 1197 532 1224 τῶν
559 1197 629 1224 κατὰ
659 1198 689 1224 τὸ
717 1198 913 1233 ἐμφαινόμενον

126 1240 333 1276 ὑποδειγμάτων
352 1242 404 1268 ὑπὸ
422 1242 471 1277 τῆς
490 1243 601 1278 Γραφῆς
615 1243 646 1269 τὸ
677 1244 739 1279 ὅρος
761 1243 912 1279 μερίζεται,

126 1288 288 1323 προσφόρως
304 1288 507 1324 λαμὸανόμενον
531 1289 590 1315 καθ’
604 1290 742 1326 ἑκάτερον.
762 1291 815 1317 Καὶ
828 1290 914 1322 οὕτως

127 1332 186 1359 ἐστι
201 1334 276 1368 παρὰ
291 1335 346 1366 τοῖς
360 1335 450 1366 αὐτοῖς
465 1336 618 1370 προφήταις
632 1336 696 1362 ἰδεῖν
710 1336 740 1363 τὸ
751 1336 816 1363 αὐτὸ
829 1337 913 1372 ὖνομα

126 1377 197 1404 κατὰ
208 1379 256 1413 τὴν
270 1379 324 1406 τῶν
335 1379 504 1415 δηλουμένων
515 1381 655 1416 διαφορὰν.
667 1382 870 1417 ἐπαινουμένων
883 1391 913 1409 τε

125 1421 174 1451 καὶ
187 1422 383 1458 κακιζομένων.
400 1423 456 1451 Νῦν
472 1425 520 1460 μὲν
530 1424 584 1460 γὰρ
599 1425 734 1460 συντρίῦει
749 1426 848 1462 Κύριος
862 1427 914 1458 τὰς

125 1467 237 1503 κέδρον-ις
252 1468 297 1495 τοῦ
314 1469 440 1501 Λιϐάνου,
456 1470 501 1496 καὶ
515 1470 573 1497 ὅλον
585 1470 629 1497 τὸν
646 1471 759 1498 Λίϐανον
776 1473 845 1507 μετὰ
858 1472 912 1500 τῶν

125 1514 155 1543 ιν
173 1513 248 1549 αὐτῷ
264 1515 366 1549 κέδρων
382 1515 516 1548 λεπτύνει,
533 1515 594 1542 καθ’
610 1517 756 1552 ὁμοιότητα
773 1517 819 1544 τοῦ
836 1518 912 1545 εἰδω-

994 1062 1062 1089 Cum
1081 1060 1164 1096 igitur
1177 1060 1239 1095 ejus
1253 1060 1369 1091 ratione,
1383 1058 1456 1093 quod
1476 1058 1528 1086 sub
1545 1065 1644 1086 sensus
1665 1057 1751 1090 cadit,

961 1107 1070 1134 illustre
1102 1106 1242 1141 quoddam
1263 1105 1449 1140 spectaculum
1468 1104 1504 1131 sit
1531 1111 1611 1131 mons
1631 1103 1752 1130 Libanus

964 1151 1086 1186 undique
1101 1151 1268 1179 sublimibus
1289 1149 1380 1177 cedris
1398 1156 1500 1184 opacus
1518 1156 1550 1176 ac
1569 1149 1672 1176 densus
1684 1169 1691 1181 ,
1712 1148 1752 1176 id-

962 1197 1036 1225 circo
1053 1197 1178 1224 diversos
1194 1196 1221 1222 in
1237 1203 1336 1223 sensus
1356 1195 1463 1222 ratione
1477 1194 1551 1221 illius
1571 1194 1643 1229 quod
1660 1194 1751 1222 cerui-

965 1247 1022 1275 tur,
1042 1243 1070 1270 in
1083 1242 1171 1270 sacris
1188 1241 1299 1269 Litteris
1316 1241 1396 1276 quasi
1426 1240 1568 1270 dividitur.
1592 1244 1655 1275 apte
1670 1245 1752 1275 atque

965 1289 1064 1317 idonee
1079 1293 1223 1323 utrumque
1239 1288 1267 1314 in
1281 1292 1384 1322 partem
1401 1290 1539 1322 sumptus.
1551 1285 1645 1321 quue
1660 1285 1753 1314 videre

964 1337 1007 1361 est
1024 1333 1095 1361 idem
1111 1333 1276 1360 vocabulum
1303 1332 1375 1367 apud
1398 1331 1507 1359 eosdem
1526 1331 1686 1366 prophetas,
1703 1338 1753 1365 pro

964 1378 1180 1414 signiﬁcatorum
1197 1377 1379 1417 fdiversitate,
1407 1381 1463 1404 tam
1485 1377 1514 1404 iu
1541 1377 1642 1409 laude,
1670 1383 1752 1412 quam

964 1425 1030 1453 vitio
1046 1426 1176 1459 pesitum.
1195 1424 1274 1452 Modo
1298 1424 1371 1451 cnim
1390 1424 1508 1452 conterit
1535 1423 1633 1452 cedros
1657 1423 1753 1452 Libani

965 1470 1108 1502 Dominus,
1125 1474 1152 1498 et
1167 1470 1324 1498 universum
1345 1469 1477 1497 Libanum
1494 1478 1548 1497 una
1574 1477 1636 1497 cum
1661 1471 1754 1498 cedria

964 1516 992 1544 in
1007 1524 1040 1544 eo
1054 1516 1218 1544 comminuit
1231 1516 1317 1544 instar
1331 1516 1392 1550 ejus
1411 1516 1487 1543 vituli
1505 1516 1538 1548 ⁵³,
1555 1516 1601 1550 qui
1618 1516 1645 1543 in
1662 1516 1754 1544 solitu-

125 1558 314 1594 λοποιηθέντος
332 1560 433 1596 μόσχου
448 1561 477 1587 ὲν
492 1563 524 1597 τῇ
541 1562 646 1597 ἐρήμῳ.
661 1562 710 1589 Διὰ
724 1563 802 1590 τοῦτο
817 1565 834 1598 ἡ
848 1572 913 1600 προ‹

966 1561 1031 1590 dine
1045 1570 1094 1597 pro
1110 1562 1183 1590 idolo
1200 1562 1352 1589 fabricatus
1363 1566 1441 1589 erat:
1465 1561 1566 1596 quibus
1584 1561 1674 1589 verbis
1689 1561 1754 1589 Pro-

126 1605 224 1640 φητεια
243 1606 418 1642 παρίστησιν,
433 1607 474 1633 ὅτι
490 1608 558 1643 αὐτή
574 1616 603 1635 τε
618 1608 635 1642 ἡ
651 1608 735 1634 κακία
747 1609 795 1636 καὶ
814 1610 868 1636 πᾶν
884 1610 913 1644 ἐξ

125 1650 211 1685 αὐτῆς
231 1650 330 1687 ὕψωμα
353 1652 383 1678 τὸ
403 1652 473 1679 κατὰ
492 1654 541 1688 τῆς
566 1653 692 1688 γνώσεως
711 1654 758 1681 τοῦ
777 1654 844 1681 Θεοῦ
864 1656 913 1681 ὲπ-

124 1696 252 1732 ηρμένον,
266 1698 305 1729 εἰς
315 1697 346 1723 τὸ
359 1698 396 1734 μὴ
409 1697 439 1724 6v
451 1699 655 1733 περιστήσεται.
669 1699 727 1725 Νῦν
738 1699 767 1725 δὲ
779 1699 809 1726 τὸ
823 1701 915 1735 κρεῖτ-

124 1750 171 1769 τον
190 1742 272 1769 αὐτοῦ
297 1743 499 1778 μεταλαμϐάνει
514 1744 563 1779 τὴν
580 1744 719 1780 σημασίαν
739 1744 844 1778 λέγων·
866 1745 914 1771 Δί-

125 1796 209 1822 καιος
234 1789 275 1821 ὡς
295 1789 395 1823 φοῖνιξ
413 1789 549 1822 ἀνθήσει,
566 1790 639 1818 ὡσεὶ
659 1790 764 1824 κέδρος
782 1790 801 1823 ’ἡ
820 1790 855 1816 ἐν
875 1789 915 1823 τῷ

125 1834 242 1866 Λιϐάνῳ
269 1834 523 1868 πληθυνθήσεται,
555 1834 584 1861 '0
607 1834 660 1870 γὰρ
684 1834 791 1870 ἀληθῶς
813 1834 915 1867 δίκαιος

126 1878 249 1914 (Κύριος
268 1876 299 1904 δέ
314 1879 388 1905 ἐστιν
401 1879 549 1914 ὀδίκαιος),
561 1881 576 1906 6
593 1879 626 1905 δι’
643 1880 716 1915 ἡμᾶς
733 1880 764 1906 ὲκ
782 1881 833 1915 γῆς
849 1881 915 1907 ἁνα-

126 1921 209 1958 σχὼν.
229 1923 330 1954 ἐκεῖνος
353 1925 367 1950 6
383 1923 514 1958 ὑψίκομος
535 1923 642 1959 φοῖνιξ,
662 1925 676 1950 6
692 1925 722 1950 ὲν
746 1925 778 1959 τῇ
800 1924 849 1959 ὓλῃ
867 1925 915 1960 τῆς

126 1967 233 2002 φύσεως
255 1967 334 2002 ἡμῶν
354 1968 506 1999 ἀνατείλας,
526 1968 588 2004 ὅρος
608 1968 713 2002 γίνεται
734 1969 794 2000 ταῖς
810 1969 916 2004 κέδροις

125 2012 180 2038 τῶν
196 2012 362 2047 ριζουμένων
380 2013 425 2039 διὰ
439 2013 555 2045 πίστεως
568 2015 597 2040 ὲν
611 2013 687 2048 αὐτῷ
703 2014 913 2049 πληθυνόμενος,

127 2057 227 2089 αἵτινες
246 2057 309 2084 ὅταν
327 2059 357 2084 ὲν
376 2058 414 2092 τῷ
434 2058 500 2094 οἴκῳ
517 2059 565 2085 τοῦ
585 2059 650 2086 Θεοῦ
678 2059 860 2094 φυτευϐῶσιν,
885 2059 915 2085 ὲν

126 2104 187 2134 ταῖς
208 2103 300 2136 αὐλαῖς
318 2103 364 2130 τοῦ
381 2104 447 2130 Θεοῦ
465 2104 542 2140 ἡμῶν
565 2104 767 2139 ὲξανθήσουσιν.
786 2103 865 2131 οἷκον
886 2104 915 2132 δὲ

127 2148 175 2184 ¹ς’)’λν
201 2149 361 2185 Ἐκκλησίαν
380 2149 449 2176 κατὰ
469 2150 516 2185 τὴν
529 2150 575 2176 τοῦ
600 2150 759 2177 Ἀποστόλου
779 2150 915 2185 ὑφήγησιν

126 2196 322 2231 ἐνενοήσαμεν·
339 2197 367 2222 ὲν
387 2193 409 2230 ᾧ
427 2196 530 2230 γίνεται
552 2196 568 2231 ἡ
590 2195 643 2223 τῶν
665 2196 768 2231 κέδρων
784 2195 830 2222 τοῦ
846 2194 914 2222 Θεοῦ

967 1609 1048 1644 pheta
1060 1609 1160 1636 docere
1177 1609 1245 1640 vult,
1262 1609 1349 1643 ipsam
1364 1608 1499 1634 malitiam
1528 1611 1555 1635 et
1584 1615 1692 1635 omnem
1709 1615 1754 1634 or-

967 1658 1023 1681 tam
1037 1661 1070 1680 ex
1087 1661 1118 1680 ea
1134 1653 1342 1684 sublimitatem,
1359 1653 1493 1680 adversus
1506 1653 1689 1688 cognitionem
1707 1652 1753 1680 Dei

967 1706 998 1726 se
1014 1698 1173 1733 erigentem,
1207 1698 1234 1724 in
1263 1698 1379 1724 nihilum
1396 1697 1571 1732 redigendam
1590 1705 1660 1725 esse.
1679 1698 1754 1726 Alias

968 1751 1032 1771 vero
1061 1744 1203 1771 meliorem
1222 1743 1249 1770 in
1279 1748 1382 1778 partem
1413 1743 1543 1774 sumitur,
1563 1747 1593 1769 ut
1608 1750 1669 1770 cum
1688 1744 1754 1770 Pro-

968 1789 1047 1824 pheta
1067 1789 1137 1816 idem
1153 1789 1190 1816 ait
1205 1798 1211 1816 :
1230 1788 1324 1815 Justus
1342 1794 1370 1815 ut
1387 1789 1476 1823 palma
1490 1788 1604 1823 ﬂorebit,
1620 1793 1648 1815 ul
1661 1789 1754 1816 cedrus

967 1836 993 1862 in
1023 1834 1123 1861 Libano
1155 1835 1362 1869 ainpliﬁcabilur
1386 1834 1420 1861 ".
1446 1833 1512 1861 Nam
1539 1841 1633 1861 revera
1662 1834 1753 1869 justus

968 1883 977 1917 (
993 1881 1124 1909 Dominus
1141 1885 1231 1908 autem
1248 1884 1291 1908 est
1305 1881 1398 1915 justus
1421 1880 1487 1915 ille)
1512 1881 1557 1916 qui
1577 1885 1687 1916 propter
1704 1888 1753 1909 nos

968 1932 1045 1954 ortus
1062 1931 1106 1954 est
1127 1927 1161 1954 de
1179 1931 1251 1954 terra
1265 1935 1272 1953 :
1290 1927 1314 1954 is
1334 1927 1418 1961 igitur
1433 1932 1474 1954 est
1493 1927 1618 1954 alticoma
1634 1926 1679 1953 illa
1696 1927 1753 1961 pal-

968 1980 1022 2003 ma,
1041 1980 1104 2007 qua:
1122 1977 1218 2000 exorta
1238 1972 1264 1999 in
1283 1976 1387 2000 natura:
1401 1976 1502 2000 nostra:
1518 1973 1597 2005 silva,
1617 1980 1694 1999 mons
1715 1974 1753 2003 ljt,

967 2023 1046 2045 aucta
1059 2018 1149 2048 cedi-is
1163 2026 1270 2051 eorum,
1289 2019 1336 2054 qui
1355 2026 1403 2052 per
1417 2019 1496 2046 [idem
1515 2019 1542 2046 in
1570 2019 1630 2054 ipso
1648 2018 1756 2046 radices

967 2066 1062 2097 agunt,
1087 2071 1148 2097 qua:
1169 2063 1278 2098 quidem
1296 2063 1371 2090 cedri
1401 2070 1464 2090 cum
1495 2063 1622 2098 plantataa
1650 2063 1677 2089 in
1708 2061 1753 2090 Dei

968 2109 1049 2136 domo
1065 2108 1186 2141 [μετίημι
1201 2110 1228 2136 in
1246 2109 1323 2136 atriis
1339 2108 1385 2136 Dei
1405 2109 1493 2137 nostri
1515 2109 1659 2136 ﬂorebunt.
1679 2107 1754 2136 Ποικ-

968 2157 1059 2181 autem
1073 2154 1184 2181 domum
1205 2153 1356 2181 Ecclesiam
1372 2162 1434 2182 esse
1460 2154 1649 2188 intelligimus,
1679 2154 1753 2189 Apo-

968 2199 1067 2226 stolum
1099 2199 1205 2227 secuti:
1225 2200 1253 2226 in
1273 2207 1326 2234 qua
1353 2199 1426 2227 cedri
1449 2199 1496 2226 Dei
1525 2199 1753 2227 conseruntur".

126 2242 233 2277 φυτεία.
249 2242 339 2274 Αὺλὰς
357 2242 385 2268 δὲ
404 2242 453 2273 τὰς
467 2242 591 2274 αἰωνίους
606 2241 717 2277 σκηνὰς.
734 2243 762 2268 ὲν
775 2239 819 2273 αἶς
832 2242 848 2277 ἡ
862 2241 913 2268 τῶν

967 2244 1018 2272 Per
1034 2245 1102 2271 atria
1119 2253 1184 2272 vero
1202 2249 1302 2272 interna
1320 2245 1366 2272 illa
1399 2244 1578 2272 tabernacula
1593 2244 1753 2279 accipimus.

125 2287 235 2321 ἀγαθῶν
255 2287 369 2314 ἐλπίδων
387 2287 529 2322 ὲξάνθησίς
550 2295 580 2313 τε
612 2287 659 2313 καὶ
683 2286 835 2322 φανέρωσις
857 2287 914 2317 τοις

128 2325 275 2369 καθήκουσι
284 2333 390 2368 χρόνοις
400 2334 554 2367 γενήσεται.
573 2332 680 2367 Ἐπειδὴ
691 2332 779 2358 τοίνυν
792 2331 821 2358 τὸ
833 2331 914 2366 σῶμα

128 2378 174 2408 τοῦ
185 2379 301 2414 Χριστοῦ
310 2378 354 2405 διὰ
365 2378 418 2409 τῶν
427 2378 486 2405 καθ’
498 2379 612 2405 ἕκαστον
620 2377 802 2414 ὲκπληροῦται
813 2377 913 2413 μελῶν

131 2422 168 2454 Τὰ
177 2423 231 2457 γὰρ
239 2423 432 2458 πολλὰμέλη,
439 2423 474 2455 ἐν
481 2423 566 2458 σῶμα
578 2424 700 2459 γίνεται,
709 2423 799 2455 καθώς
806 2432 887 2458 φησιν
898 2424 913 2450 6

134 2467 291 2501 ’Δπόστολος
301 2479 309 2485 -
325 2469 419 2495 τούτου
440 2468 520 2504 χάριν
533 2469 592 2498 ὅλον
608 2469 637 2498 τὸ
650 2468 696 2499 τοῦ
713 2468 829 2504 νυμφίου
846 2469 913 2496 κάλ-

127 2513 171 2546 λος
192 2513 238 2540 τὸν
259 2514 385 2540 ἐκλεκτὸν
402 2514 527 2550 ὠνόμασε
554 2515 684 2548 Λίὸανον,
709 2515 760 2551 τὴν
779 2515 847 2551 πρὸς
868 2515 914 2542 τὸν

125 2558 279 2595 ἀπόϐλητον
290 2559 404 2586 Λίὸανον
413 2559 544 2596 διαφορὰν
553 2561 592 2596 τῷ
602 2560 722 2596 ἐκλεκτῷ
732 2561 913 2590 διαστείλασα.

134 2607 250 2638 Ἐκεῖνος
263 2607 317 2642 γάρ
328 2607 402 2633 ἐστιν
415 2607 430 2632 ὀ
449 2607 563 2635 Λίϐανος
579 2607 649 2634 κατὰ.
663 2608 708 2634 τὸν
727 2604 851 2640 Ἠσαῖαν,
865 2608 914 2635 σὺν

126 2654 183 2684 τοῖς
200 2652 311 2688 ὑψηλοῖς
332 2652 513 2687 πεσούμενος,
538 2654 601 2679 ὅταν
620 2654 652 2680 ὲκ
675 2654 724 2689 τῆς
743 2654 790 2681 τοῦ
815 2653 915 2684 Ἰεσσαὶ

129 2698 206 2734 ῥίζης
226 2698 352 2734 ἀνατείλῃ
368 2699 398 2726 τὸ
413 2698 503 2730 ἄνθος,
523 2699 570 2725 καὶ
583 2700 600 2734 ἡ
614 2699 662 2735 τῆς
675 2699 797 2732 ἐξουσίας
817 2700 914 2735 ῥάϐδος

163 2797 301 2826 "Coloss.
316 2797 388 2829 1,15.
425 2796 449 2813 ³⁸
463 2796 482 2823 ll
494 2797 555 2824 Cor.
574 2805 616 2827 xv,
633 2798 678 2824 2i.
696 2799 717 2814 ⁵¹
734 2799 810 2825 Ιίνιιιι.
824 2808 860 2830 με,
884 2799 929 2826 ill.

968 2290 995 2316 in
1011 2290 1112 2324 quibus
1124 2294 1151 2317 ct
1164 2289 1261 2317 ﬂorent
1273 2298 1338 2324 spes
1356 2290 1444 2321 bonae,
1461 2293 1487 2317 et
1503 2297 1554 2317 suo
1569 2294 1690 2325 tempore
1709 2299 1753 2326 pa-

968 2335 1074 2362 teﬁunt.
1089 2334 1181 2367 Quare
1196 2341 1258 2361 cum
1272 2334 1375 2361 Christi
1391 2343 1493 2369 corpus
1508 2342 1556 2369 per
1567 2336 1685 2362 membra
1701 2336 1757 2363 sin-

966 2380 1028 2414 gula
1052 2379 1098 2406 fiat
1119 2380 1268 2414 integrum,
1301 2378 1422 2406 Membra
1445 2380 1516 2406 enim
1543 2379 1628 2406 multa
1659 2388 1755 2415 corpus

965 2433 1047 2452 unum
1071 2426 1150 2460 ﬁunt,
1181 2425 1269 2460 inquit
1295 2425 1443 2460 Apostolus
1464 2425 1498 2456 “,
1527 2433 1586 2452 eam
1609 2425 1695 2459 ipsam
1720 2426 1757 2452 ob

963 2479 1074 2499 causam
1107 2474 1192 2506 totam
1214 2470 1308 2506 sponsi
1336 2474 1516 2503 venustatem,
1531 2469 1678 2505 appellavit
1699 2469 1756 2497 elc-

964 2522 1037 2544 ctum
1051 2508 1197 2547 Libanum,
1218 2517 1367 2544 discrimen
1384 2517 1466 2551 hujus
1480 2519 1507 2543 et
1521 2515 1621 2543 Libani
1637 2515 1683 2551 qui
1711 2523 1754 2542 rc-

960 2563 1066 2597 jieitur,
1096 2570 1144 2597 per
1172 2569 1265 2589 vocem
1285 2562 1365 2590 electi
1383 2562 1564 2589 constituens.
1581 2560 1648 2588 ham
1685 2559 1754 2586 alter

967 2609 1012 2636 ille
1034 2607 1154 2642 Libanus
1176 2613 1228 2640 est,
1245 2607 1290 2642 qui
1306 2607 1458 2635 secundum
1490 2606 1585 2635 Isaiam
1613 2613 1666 2633 una
1689 2612 1752 2632 cum

968 2653 1131 2681 sublimibus
1157 2657 1279 2684 corruet,
1312 2661 1375 2680 cum
1400 2661 1432 2680 ex
1458 2652 1552 2679 radice
1576 2651 1677 2678 .Iessaea
1701 2649 1753 2677 llos

969 2700 1013 2728 ille
1025 2703 1137 2728 exortus
1151 2699 1235 2726 fuerit
1246 2699 1280 2732 ",
1292 2703 1319 2726 et
1337 2699 1413 2734 virga
1432 2697 1576 2734 potestatis
1592 2699 1683 2726 enata,
1696 2702 1751 2729 qua

968 2800 991 2814 “
1006 2798 1078 2826 Psal.
1093 2806 1196 2830 anu,
1213 2798 1258 2826 ‘9.
1297 2799 1319 2815 ⁵³
1335 2796 1408 2825 Paul.
1427 2803 1521 2828 sunt,
1539 2794 1602 2826 5,6.
1636 2793 1659 2809 "
1672 2793 1747 2821 Psal.

127 2840 183 2865 Mil,
201 2833 232 2860 l5
244 2841 304 2872 sqq.
343 2833 366 2848 "
386 2831 513 2865 linunxt,
528 2833 568 2860 17,
603 2833 624 2848 π
639 2833 648 2863 l
661 2834 722 2860 Cor.
743 2843 791 2868 xu,
811 2834 850 2861 Ii.
891 2835 911 2850 ⁵⁷

966 2848 978 2861 l-
994 2842 1020 2866 χ,
1033 2835 1084 2867 54;
1105 2842 1140 2869 λι,
1161 2833 1182 2860 1.
