1978 3068
235 128 304 157 1085

851 141 878 169 S.
900 142 1062 171 GRI‘SGORH
1082 143 1228 171 NYSSENI

1793 145 1859 173 1084

238 192 265 214 et
281 188 376 221 leonis,
393 193 421 217 et
439 191 529 225 pardi.
549 197 576 221 et
603 194 730 230 aspidum
749 201 844 224 natura
868 203 1012 226 commuta-

1070 200 1189 237 άναφύῃ,
1208 197 1239 227 δι’
1253 197 1287 236 ἧς
1304 197 1498 236 μεταϐάλλεται
1515 199 1561 228 τοῦ
1576 210 1606 228 τε
1619 201 1735 233 λέοντος,
1751 203 1859 237 καὶτῆς

237 234 311 260 bitur
329 234 355 261 in
372 236 492 263 cicurem
508 240 652 272 quamdam
670 243 906 271 mansuetudinem
921 244 976 272 :ita
991 250 1019 271 ut

235 277 278 304 leo
293 285 354 305 cum
371 282 458 308 vitulo
469 283 559 318 degat,
575 286 694 319 pardalis
710 295 771 314 cum
791 288 872 316 haedo
896 291 1018 324 requiem

234 325 338 358 capiat,
357 328 448 360 praesit
464 328 497 355 iis
512 329 631 364 denique
655 340 722 366 puer
741 333 787 360 ille
817 335 946 369 pusillus,
971 337 1017 370 qui

235 371 315 397 nobis
331 376 411 399 natus
426 378 488 400 est:
509 375 589 409 cujus
606 384 704 406 manus
733 379 759 409 in
783 387 926 407 cavernam
945 381 1019 416 aspi-

233 414 297 441 dum
319 421 452 449 penetrat,
474 421 501 445 et
514 419 635 447 sobolem
651 422 755 456 aspidis
768 423 917 459 attingens,
935 414 1018 453 vene-

233 468 298 487 uum
315 469 408 489 earum
428 464 544 492 hebetat.
561 465 632 499 Quae
643 467 687 495 ubi
714 470 873 502 acciderint,
897 471 1017 499 biturum

234 506 273 532 ait
288 505 434 541 Propheta,
457 513 486 535 ut
500 515 527 536 et
543 509 664 539 Libanus
689 521 751 540 cum
774 515 936 544 sublimibus
955 524 1018 543 cor-

233 557 305 580 ruat.
316 553 491 588 Quaecunque
509 564 574 583 vero
586 557 644 584 haec
659 560 798 594 prophetia
811 569 860 596 per
873 562 1016 597 aenigmata

232 597 344 630 indicat,
360 607 392 626 ea
409 604 538 635 tanquam
555 604 698 631 manifesta
720 607 858 639 omnibus,
889 613 1018 636 accurate

231 643 368 677 explicare
388 646 466 678 velle,
481 646 564 674 fuerit
580 657 825 683 supervacaneum.
852 652 918 685 Quis
943 656 1016 682 enim

231 687 338 721 ignorat
355 697 468 723 puerum
485 691 560 719 illum
576 693 656 722 nobis
673 701 766 722 natum
779 696 790 722 ’ἶ
804 698 850 732 qui
867 705 947 725 manu
965 707 1016 727 sua

230 734 364 769 contingit
381 736 501 769 aspides,
522 738 602 772 cujus
619 740 780 774 praefectura
799 742 908 770 bestias,
925 745 1018 778 perni-

230 777 321 805 ciosas
338 779 390 806 sub
405 779 474 807 idem
490 789 551 809 cum
568 784 708 813 cicuribus
724 790 824 814 tectum
842 788 950 824 redigit,
969 796 1017 816 na-

231 822 328 851 turalis
357 825 517 854 acerbitatis
539 828 662 857 oblitas?
689 830 781 864 Quare
805 840 867 860 cum
895 822 1015 862 [libamus

229 869 285 901 ille,
301 870 347 904 qui
362 875 404 898 est.
418 873 531 906 malitia,
547 882 595 909 per
610 875 667 903 haec
681 882 803 909 corruat.
832 884 916 915 atque
931 882 1012 909 etiam
1031 867 1052 895 Β

230 922 283 941 una
304 924 364 942 cum
383 917 435 944 hoc
451 919 615 954 principium
631 923 764 951 malorum
781 930 902 958 corruat,
927 928 1014 955 subli—

230 960 340 989 mitates
356 963 484 991 nimirum
507 967 639 995 adversus
654 970 796 998 veritatem
822 977 940 1001 erectae:
972 974 1015 1002 id-

227 1006 304 1033 circo
322 1009 554 1043 pulchritudinem
572 1013 677 1041 Domini
695 1023 797 1050 sponsa
822 1026 884 1045 cum
910 1019 1014 1048 Libano

229 1051 316 1079 electo
331 1055 447 1088 confert,
464 1057 538 1084 hisce
553 1059 642 1087 verbis
653 1062 783 1095 prolatis:
800 1063 904 1098 Species
919 1066 1012 1100 ipsius,

227 1102 257 1124 ιιι
269 1099 368 1127 electus
388 1101 516 1135 Libamra,
530 1109 558 1131 ut
579 1105 665 1133 cedri.

264 1190 343 1217 Addit
361 1195 450 1219 autem
476 1195 578 1228 gutturi
601 1204 710 1232 quoque
735 1201 901 1230 conveniens
926 1211 1013 1230 enco-

227 1237 321 1266 mium,
341 1244 403 1263 cum
420 1237 524 1266 illud'et
538 1239 720 1275 dulcedinem,
732 1249 759 1271 et
775 1245 941 1275 desiderium
961 1257 1010 1282 ap-

226 1279 317 1313 pellat.
334 1279 420 1307 Verba
438 1287 502 1309 sunt
515 1283 691 1318 hujusmodi:
706 1288 805 1316 ϐιαίαν
819 1291 875 1325 ejus
888 1279 1009 1326 dulcedo,

226 1333 257 1351 ac
272 1325 311 1351 nil
328 1326 380 1353 nisi
395 1327 556 1355 desiderium
571 1336 620 1357 est.
635 1331 740 1364 Quibus
755 1335 788 1362 de
808 1337 898 1365 verbis
914 1335 1028 1373 hujus:

227 1371 297 1398 modi
313 1372 441 1406 quiddam
463 1374 541 1402 nobis
561 1376 594 1403 ad
615 1377 739 1406 animum
759 1381 857 1408 accidit
874 1392 887 1410 ιι
903 1371 1010 1413 Partem

224 1423 295 1446 eam,
311 1425 372 1451 qua:
383 1418 435 1446 sub
452 1424 544 1447 mento
562 1425 615 1454 est,
629 1428 724 1456 guttur
743 1427 880 1461 appellare
893 1436 1012 1458 consue-

229 1461 329 1494 vimus,
363 1471 378 1490 ιι
409 1472 464 1498 quo
489 1473 587 1494 sonum
608 1469 774 1498 conformari
800 1473 920 1507 tradunt,
946 1477 1010 1504 dum

226 1507 355 1534 allabitur
370 1509 422 1536 huc
436 1511 553 1544 quadam
567 1520 628 1540 cum
647 1514 764 1544 illisione
781 1519 893 1552 spiritus
909 1529 942 1549 ex
968 1530 1012 1550 ar-

226 1553 304 1579 teria.
317 1554 407 1586 Quare
419 1564 481 1583 cum
494 1557 546 1585 favi
558 1559 646 1588 mellis
658 1560 713 1588 sint
723 1564 845 1596 praeclari
858 1574 1010 1601 sermones,

224 1602 252 1623 et
265 1599 398 1627 sermonis
418 1601 455 1627 sit
470 1602 683 1633 instrumentum
708 1616 770 1639 vox,
791 1607 871 1644 cujus
897 1617 974 1641 ortus
996 1622 1011 1641 e

226 1647 348 1676 gutture,
365 1644 482 1673 fortasse
496 1648 638 1677 ministros
650 1655 677 1678 et
691 1652 852 1688 interpretes
863 1659 1009 1690 sermonis,

226 1688 253 1714 in
270 1690 370 1723 quibus
385 1691 512 1720 Christus
529 1694 660 1730 loquitur,
678 1697 729 1726 hac
749 1707 816 1728 voce
836 1702 882 1736 qui
907 1688 1012 1739 signiﬁ;

225 1734 280 1760 cari
297 1736 408 1770 cogitat,
422 1745 437 1764 a
456 1746 519 1766 vero
534 1748 588 1768 non
606 1742 756 1772 uberi-abit.
772 1746 840 1773 Nam
854 1752 884 1776 el.
896 1757 1011 1785 magnus

225 1779 271 1806 ille
286 1779 405 1809 Joannes
418 1788 529 1819 rogatus
544 1787 606 1820 quis
622 1794 704 1822 esset,
726 1799 826 1819 vocem
837 1801 867 1821 se
893 1779 1008 1830 appella-

224 1824 263 1851 vit
274 1826 309 1859 ⁸⁸,
321 1827 421 1862 quippe
436 1830 482 1863 qui
499 1829 578 1858 Verbi
595 1840 750 1866 praecursor
762 1842 834 1864 esset
847 1846 854 1864 :
875 1843 902 1866 et
912 1824 1010 1870 Ib-eatus

225 1869 270 1897 ille
298 1870 401 1900 Paulus
426 1873 622 1903 documentum
641 1878 740 1906 edebat
765 1881 903 1916 loquentis
926 1885 952 1911 in
982 1893 1011 1913 se

224 1915 326 1943 Christi
339 1918 374 1949 ",
391 1919 435 1945 cui
458 1920 523 1954 quia
539 1929 634 1950 vocem
647 1931 724 1951 suam
744 1926 892 1960 locaverat,
906 1931 943 1957 nil
958 1932 1010 1959 nisi

223 1962 340 2003 dulcedo
373 1968 432 1990 erat
453 1973 502 2000 per
525 1967 614 2001 ipsum
644 1969 769 2004 loquens.
792 1972 892 2002 Omnes
918 1975 1009 2004 itidem

225 1999 373 2042 propin-tm,
390 1999 577 2045 quiaSpiritui
600 1999 696 2042 sonum
712 2017 738 2043 iu
758 2018 799 2045 cis
818 2020 907 2047 edenti
926 2030 1011 2050 mem-

227 2052 274 2079 bra
309 2062 358 2081 sua
391 2056 494 2083 vocalia
512 2065 717 2094 concesserant,
749 2063 786 2090 nil
816 2065 868 2092 nisi
895 2067 1010 2096 dulcedo

222 2103 312 2130 erant,
330 2101 381 2128 mel
397 2101 520 2130 divinum
535 2112 550 2131 e
563 2109 674 2139 gutture
689 2115 751 2139 suo,
767 2110 841 2137 velut
865 2119 879 2138 e
893 2113 1009 2147 quodam

224 2144 298 2173 fonte
313 2151 479 2181 promcntes,
507 2157 563 2184 quo
579 2152 688 2186 quidem
704 2158 731 2180 et
755 2162 843 2190 reges,
860 2161 886 2184 et
901 2144 1008 2193 privati

1071 246 1249 281 παρδάλεως,
1271 247 1317 273 καὶ
1339 246 1392 272 τῶν
1409 246 1528 273 ἀσπίδων
1547 247 1563 282 ὴ
1583 247 1663 281 φύσις
1684 248 1752 284 πρὸς
1766 249 1796 275 τὸ
1818 258 1858 276 τι-

1070 290 1169 318 θασσόν
1182 301 1211 318 τε
1235 293 1281 318 καὶ
1299 293 1417 328 ἥμερον·
1439 292 1509 318 ὥστε
1525 292 1727 320 συνδιαιτᾶσθαι
1754 294 1802 329 μὲν
1820 295 1858 331 τῷ

1071 337 1163 372 μότχῳ
1178 337 1222 364 τὸν
1237 338 1339 370 λέοντα,
1355 337 1594 364 συναναπαύεσθαι
1610 339 1640 365 δὲ
1653 338 1691 374 τῷ
1705 339 1791 374 ἐρίφῳ
1809 339 1858 376 τὴν

1070 382 1212 417 πάρδαλιν,
1230 383 1384 410 ἐπιστατεῖν
1401 383 1429 410 δὲ
1446 384 1547 410 τούτων
1562 384 1591 410 τδ
1609 384 1714 411 παιδίον
1729 386 1815 412 ἐκεῖνο
1827 385 1858 412 τὸ

1068 427 1165 462 νήπιον
1179 427 1193 454 ὃ
1209 428 1338 464 ἐγεννήθη
1354 430 1420 464 ἡμῖν
1432 437 1439 444 ·
1455 426 1484 455 οὗ
1497 429 1513 464 ἡ
1526 429 1589 464 χεὶρ
1599 430 1628 455 ὲν
1638 430 1670 464 τῇ
1685 428 1792 466 τρώγλῃ
1803 430 1857 457 τῶν

1068 471 1188 499 ἀσπίδων
1216 473 1334 506 γίνεται,
1366 473 1413 500 καὶ
1441 473 1495 500 τῶν
1521 474 1640 508 ἐκγόνων
1662 474 1713 509 τῆς
1745 475 1858 505 ἀσπίδος

1068 518 1241 554 ἐφαπτομένη
1252 539 1258 549 ,
1280 520 1327 546 καὶ
1342 520 1386 546 τὸν
1403 519 1441 546 ἰὸν
1463 519 1552 546 αὑτῶν
1567 519 1796 555 ἀπαμϐλύνουσαν
1818 518 1857 549 ὧν

1068 564 1226 599 γινομένων,
1243 565 1324 599 φησὶν
1337 566 1351 592 ὁ
1364 562 1518 600 Προφήτης,
1532 565 1572 592 ὅτι
1589 566 1635 592 καὶ
1650 567 1664 592 ό
1676 565 1791 598 Λίϐανος
1806 567 1854 593 σὺν

1067 609 1124 640 τοϊς
1143 609 1254 644 ὑψηλοῖς
1269 610 1401 636 πεσεῖται.
1416 610 1487 636 Ὅσα
1503 610 1530 636 δὲ
1551 610 1646 646 μηνύει
1663 610 1707 637 διὰ
1720 611 1774 637 τῶν
1788 611 1855 638 αίνι-

1068 653 1181 688 γμάτων
1191 653 1291 680 τούτων
1303 655 1320 690 ἡ
1331 655 1492 689 προφητεία,
1504 655 1542 686 ὡς
1553 655 1672 691 πρόδηλα
1685 657 1767 682 πᾶσιν
1779 656 1843 683 ὄντα

1068 699 1194 735 περιττὸν
1213 700 1246 727 ἂν
1270 701 1311 735 εἴη
1329 700 1362 727 δι’
1384 700 1526 736 ἀκριϐείας
1549 701 1711 729 ἐκτίθεσθαι.
1731 703 1779 733 Τίς
1798 703 1854 738 γὰρ

1067 745 1118 772 οὐκ
1140 742 1194 771 οῐδε
1209 745 1239 771 τὸ
1254 745 1381 780 γεννηθὲν
1398 746 1464 780 ἡμῖν
1481 745 1593 778 παιδίον,
1615 746 1645 772 τὸ
1658 746 1712 773 τῶν
1733 747 1853 773 ἀσπίδων

1068 791 1099 825 τῇ
1115 790 1186 826 χειρὶ
1205 791 1402 826 ἐφαπτόμενον,
1421 787 1452 817 οὗ
1473 792 1490 827 ἡ
1513 792 1661 833 ἐπιστασία
1679 792 1714 819 τὰ
1736 792 1855 828 δηλητή-

1069 844 1113 871 ρια
1136 836 1190 862 τῶν
1213 836 1315 872 θηρίων
1331 839 1404 864 ποιεῖ
1424 838 1481 869 τοῖς
1500 837 1612 872 ἡμέροις
1634 838 1788 873 όμόσκηνα,
1805 839 1861 874 τῆς

1066 882 1184 918 φυσικῆς
1198 883 1309 918 πικρίας
1324 883 1409 919 λήθην
1423 883 1589 919 ποιούμενα;
1610 884 1685 910 Ἐπεὶ
1697 882 1743 911 οὖν
1759 884 1858 912 πίπτει

1065 928 1108 955 διὰ
1120 929 1221 956 τούτων
1231 930 1245 955 ό
1262 929 1376 961 Λίϐανος
1390 931 1406 964 ἡ
1419 929 1512 961 κακία,
1533 930 1581 956 καὶ
1597 930 1816 963 σδγκαταπίπτει
1835 931 1851 966 ἡ

1066 973 1160 1009 πρώτη
1176 973 1230 999 τῶν
1247 973 1339 1001 κακῶν
1350 974 1432 1009 ἀρχὴ,
1446 974 1481 1001 τὰ
1493 974 1562 1001 κατὰ
1576 974 1624 1009 τῆς
1637 973 1765 1009 ἀληθείας
1778 974 1853 1009 ὑψώ-

1067 1026 1154 1054 ματα·
1175 1018 1218 1046 διὰ
1234 1018 1311 1045 τοῦτο
1331 1019 1369 1054 τῷ
1385 1019 1503 1055 ὲκλεκτῷ
1526 1020 1634 1055 Λιϐάνῳ
1656 1021 1816 1056 παρεικάζει
1835 1023 1851 1057 ἠ

1064 1064 1156 1099 νύμφη
1177 1063 1225 1090 τοῦ
1250 1064 1353 1100 Κυρίου
1377 1064 1408 1091 τὸ
1428 1065 1543 1098 κάλλος,
1561 1065 1647 1097 οὕτως
1671 1066 1783 1093 εἰποῦσα
1798 1068 1853 1098 τοῖς

1066 1111 1202 1145 ῥήμασιν·
1218 1108 1306 1143 Εἶδος
1325 1111 1429 1144 αὐτοῦ,
1443 1111 1484 1144 ὡς
1500 1112 1629 1144 Λίϐανος
1645 1112 1797 1145 ἐκλεκτὸς,
1812 1113 1852 1146 ὡς

1067 1157 1162 1191 κέδροι
1167 1177 1175 1184 .

1101 1203 1264 1238 Προστίθησι
1286 1203 1314 1230 δὲ
1339 1204 1385 1230 καὶ
1411 1203 1449 1239 τῷ
1466 1203 1587 1239 φάρυγγι
1612 1204 1659 1231 τὸν
1685 1203 1851 1239 κατάλληλον

1064 1248 1183 1281 ἔπαινον,
1198 1248 1354 1284 γλυκασμόν
1369 1257 1399 1275 τε
1416 1250 1496 1276 αὑτὸν
1517 1250 1563 1276 καὶ
1587 1249 1734 1284 ἐπιθυμίαν
1755 1249 1853 1284 ὀνομά-

1064 1295 1134 1319 σασα
1146 1301 1153 1308 ·
1173 1293 1229 1328 ἔχει
1249 1293 1276 1320 δὲ
1291 1295 1307 1329 ἡ
1322 1294 1393 1327 λέξις
1415 1294 1515 1326 οὕτως·
1533 1295 1653 1330 Φάρυγξ
1667 1296 1760 1323 αὐτοῦ
1777 1297 1850 1328 γλυ-

1063 1338 1188 1372 καο-μὸς,
1202 1339 1249 1366 καὶ
1260 1339 1332 1372 ὅλος
1341 1340 1492 1374 ἐπιθυμία.
1507 1341 1538 1367 ’Ὁ
1551 1341 1580 1367 δὲ
1593 1342 1656 1377 περὶ
1671 1341 1766 1367 τούτου
1777 1340 1856 1367 νοοῦ-

1065 1391 1123 1418 μεν,
1146 1383 1265 1422 τοιοῦτόν
1287 1386 1358 1411 ἐστι·
1377 1385 1413 1411 Τὸ
1438 1385 1491 1412 ὑπὸ
1513 1385 1558 1412 τὸν
1579 1386 1733 1421 ἀνθερεῶνα
1758 1386 1852 1421 μέρος,

1063 1429 1191 1464 φάρυγγα
1206 1429 1283 1456 καλεῖ
1294 1431 1310 1465 ὴ
1323 1430 1460 1466 συνήθεια·
1474 1427 1495 1465 ᾧ
1506 1440 1570 1465 φασι
1586 1431 1632 1458 τὸν
1643 1429 1710 1466 ἦχον
1720 1433 1752 1467 τῇ
1770 1440 1850 1468 προσ-

1063 1474 1164 1501 πτώσει
1187 1475 1232 1502 τοῦ
1258 1476 1289 1502 ὲκ
1319 1475 1368 1511 τῆς
1394 1476 1527 1511 ἀρτηρίας
1551 1477 1705 1512 πνεύματος
1736 1478 1852 1511 ἀπογεν-

1063 1520 1159 1546 νᾱσθαι
1182 1520 1416 1556 περιδονούμενον.
1441 1521 1517 1548 Ἐπεὶ
1536 1519 1582 1549 οὖν
1598 1522 1682 1558 κηρία
1698 1522 1804 1558 μέλιτος
1826 1523 1852 1549 oi

1063 1565 1138 1593 καλοί
1151 1567 1203 1592 εἱσι
1217 1566 1292 1600 λόγοι
1303 1575 1310 1582 ·
1327 1566 1406 1601 λόγου
1420 1567 1447 1593 δὲ
1462 1567 1576 1603 ὕργανόν
1591 1568 1663 1594 ἐστιν
1679 1569 1696 1603 ἡ
1713 1568 1798 1603 φωνὴ,
1816 1566 1850 1604 ἧς

1063 1612 1086 1647 ὴ.
1102 1611 1208 1646 γένεσίς
1229 1613 1302 1638 ἐστιν
1320 1613 1352 1639 ἐκ
1368 1613 1506 1647 φάρυγγος
1517 1633 1524 1645 ,
1541 1613 1612 1648 τάχα
1632 1613 1695 1645 τοὺς
1712 1614 1851 1649 ὑπηρέτας

1062 1666 1091 1684 τε
1105 1658 1151 1684 καὶ
1167 1659 1308 1694 ὺποφήτας
1324 1658 1370 1686 τοῦ
1384 1658 1474 1693 λόγου,
1495 1660 1523 1685 ἐν
1539 1657 1579 1691 οἷς
1598 1659 1672 1685 λαλεί
1688 1660 1702 1686 ό
1722 1659 1853 1696 Χριστὸς,

1061 1703 1100 1738 τῷ
1115 1704 1226 1739 ὀνόματι
1240 1704 1325 1739 τούτῳ
1341 1705 1520 1740 σημαίνεσθαι
1538 1705 1605 1731 νοῶν
1625 1714 1676 1737 τις,
1688 1702 1744 1741 Ἵοὺχ
1759 1707 1850 1742 ἀμαρ-

1061 1747 1182 1782 τήσεται.
1201 1748 1255 1774 Καὶ
1270 1748 1322 1784 γὰρ
1334 1749 1348 1774 ό
1369 1748 1454 1783 μέγας
1475 1749 1599 1784 Ἰωάννης
1615 1749 1762 1785 ἐρωτηθεὶς
1777 1750 1850 1782 ὅστις

1061 1793 1115 1827 εἴη,
1135 1793 1226 1827 φωνὴν
1243 1793 1337 1820 ἑαυτὸν
1359 1795 1562 1829 κατωνόμασεν,
1584 1795 1676 1830 ἐπειδὴ
1692 1795 1738 1821 τοῦ
1763 1795 1852 1828 Λόγου

1061 1838 1212 1874 πρόδρομος
1223 1837 1266 1874 ἦν·
1280 1839 1326 1866 καὶ
1340 1839 1354 1865 ὁ
1372 1840 1506 1876 μακάριος
1521 1839 1625 1872 Παῦλος
1637 1840 1753 1876 δοκιμὴν
1765 1840 1852 1867 ἐδίδου

1060 1884 1107 1911 τοῦ
1119 1886 1148 1911 ὲν
1160 1885 1233 1920 αὑτῴ
1247 1885 1389 1917 λαλοῦντος
1404 1886 1521 1920 Χριστοῦ
1533 1895 1540 1902 θ
1555 1884 1585 1913 οὗ
1597 1887 1647 1922 τὴν
1659 1887 1750 1922 φωνὴν
1761 1887 1852 1922 ἐαυτῷ

1061 1931 1175 1966 χρήσας,
1196 1931 1353 1966 γλυκασμδς
1368 1929 1402 1967 ἦν
1414 1932 1447 1958 δι’
1469 1932 1574 1959 ἐκείνου
1587 1932 1781 1967 φθεγγόμενος.
1795 1933 1851 1960 Καὶ

1061 1976 1160 2008 πάντες
1176 1977 1200 2002 οἱ
1223 1977 1360 2012 προφῆται
1374 1977 1408 2003 τὰ
1423 1977 1562 2013 φωνητικά
1578 1978 1681 2005 ἑαυτῶν
1697 1978 1800 2014 ὄργανα
1811 1978 1852 2013 τῷ

1060 2021 1203 2057 ἐνηχοῦντι
1228 2023 1320 2054 αὐτοῖς
1344 2022 1480 2058 Πιεύματι
1505 2024 1766 2060 παραχωρήσαντες,
1783 2024 1850 2058 γλυ-

1061 2068 1163 2103 κασμδς
1177 2069 1304 2102 ἐγίνοντο,
1320 2069 1350 2095 τὸ
1366 2069 1436 2096 θεῖον
1455 2069 1515 2105 μέλι
1530 2070 1573 2096 διὰ
1588 2069 1635 2096 τοῦ
1651 2069 1786 2105 λάρυγγος
1802 2070 1850 2097 τοῦ

1062 2114 1125 2140 ἰδίου
1149 2114 1335 2149 πηγάζοντες,
1358 2111 1380 2149 ᾧ
1402 2115 1521 2150 βασιλεῖς
1536 2124 1567 2142 τε
1592 2115 1639 2142 καὶ
1658 2115 1759 2142 ἰδιῶται
1781 2115 1850 2150 πρὸς

1060 2159 1154 2193 ὑγείαν
1172 2159 1385 2195 προσφέρονται·
1402 2156 1432 2186 οὗ
1447 2162 1462 2195 ἡ
1479 2160 1628 2192 ἀπόλαυσις
1642 2161 1691 2187 οὐκ
1706 2160 1851 2187 ἐπικύπτει

224 2191 348 2220 homines
359 2194 508 2222 salubriter
519 2200 650 2225 utuntur:
666 2200 746 2233 cujus
760 2201 855 2229 l'ruitio
873 2191 1007 2239 cupidita-

1064 2191 1110 2239 την
1122 2191 1269 2240 ἐπιθυμίαν
1281 2191 1324 2240 ’τῷ
1337 2206 1421 2240 κόρῳ,
1436 2191 1504 2231 ἀλλὰ
1517 2191 1728 2240 τρέφεινμᾶλλον
1743 2204 1787 2230 διὰ
1799 2204 1850 2239 τῆς

223 2242 276 2264 tum
298 2239 425 2268 satietate
441 2249 494 2268 non
507 2243 654 2277 imminuit,
671 2246 717 2273 sed
735 2249 820 2274 multo
838 2251 924 2285 magis
937 2252 1010 2280 desi-

225 2283 334 2310 derium
350 2293 398 2319 per
414 2281 595 2321 e'xpetitortun
616 2291 851 2326 participationem
870 2281 928 2324 siit.
943 2297 1010 2326 Pro-

224 2332 316 2362 pterea
333 2330 402 2358 dixit
416 2332 482 2359 illud
508 2334 576 2361 nihil
602 2343 664 2364 esse
690 2337 774 2371 aliud,
801 2348 882 2374 quam
903 2342 1010 2372 deside-

223 2375 314 2402 rium:
336 2378 414 2411 quasi
446 2380 563 2413 quadam
591 2381 751 2412 deﬁnitione
777 2387 1007 2421 pulchritudinem

221 2422 328 2455 quaesiti
347 2423 397 2450 hac
414 2432 479 2452 voce
495 2427 654 2457 describens
667 2436 674 2454 :
687 2429 745 2465 Nil,
763 2431 863 2468 inquit,
889 2440 938 2467 est,
955 2437 1007 2464 nisi

221 2466 392 2496 desiderium.
407 2470 493 2503 Quam
507 2472 585 2500 beata
600 2479 665 2502 sunt
681 2476 727 2504 illa
742 2466 873 2513 membra,
885 2466 936 2516 per
946 2491 1007 2518 quae

221 2515 308 2540 totum
326 2515 363 2541 nil
381 2517 432 2544 nisi
458 2518 622 2547 desiderium
639 2521 668 2548 lit
688 2533 694 2550 :
725 2531 840 2559 quaeque
864 2515 912 2561 per
924 2515 1006 2556 abso-

222 2558 305 2586 lutam
324 2560 350 2587 in
371 2563 444 2589 omni
462 2563 534 2591 bono
546 2565 752 2601 perfectionem,
765 2558 884 2598 eﬂiciuiit
902 2574 1007 2602 amabi-

222 2604 272 2631 lem
286 2606 432 2639 quamdam
446 2615 478 2636 ex
494 2611 623 2639 omnibus
635 2616 810 2648 temperatam
827 2621 1006 2651 venustatem,

220 2647 258 2674 ita
279 2653 308 2676 ut
323 2652 481 2680 universum
510 2662 566 2683 non
587 2656 668 2683 modo
687 2658 759 2693 quod
777 2660 872 2688 oculos
898 2663 1005 2696 attinet,

220 2695 291 2728 quod
309 2704 417 2732 manus,
432 2700 505 2734 quod
541 2701 697 2735 cincinnos,
727 2704 773 2731 sed
788 2705 868 2732 etiam
898 2713 1007 2744 propter

223 2741 315 2773 pedes,
331 2750 423 2776 crura,
446 2748 541 2780 guttur
557 2746 675 2781 denique
691 2748 727 2775 sit
746 2749 936 2785 desiderabile,
948 2741 1002 2781 ἰιο-

1058 2250 1111 2276 τῶν
1129 2250 1353 2286 ἐπιθυμουμένων
1373 2251 1516 2286 μετουσίας
1534 2250 1578 2277 τὸν
1595 2250 1686 2277 πόθον.
1704 2250 1753 2276 Διὰ
1770 2248 1850 2275 τοῦτο

1058 2296 1105 2323 καὶ
1122 2296 1181 2322 ὅλον
1193 2296 1274 2323 αὑτὸν
1290 2296 1436 2332 ἐπιθυμίαν
1453 2296 1642 2345 κατονομάζει,
1656 2293 1777 2345 οἶόν-τινι
1791 2295 1848 2345 ὁρι-

1059 2342 1120 2378 αμῷ
1133 2343 1162 2369 τὸ
1175 2342 1220 2368 τοῦ
1234 2342 1399 2378 ζητουμένου
1412 2342 1509 2374 κάλλος
1526 2342 1568 2369 διὰ
1579 2341 1680 2377 ταύτης
1696 2341 1744 2376 τῆς
1756 2341 1848 2375 φωνῆς

1059 2388 1253 2422 ὑπογράφουσα
1263 2396 1270 2403 ·
1285 2388 1370 2421 ’Ὁλος
1384 2388 1447 2423 γὰρ,
1459 2389 1550 2423 φησὶν,
1565 2387 1716 2421 ἐπιθυμία.
1739 2386 1782 2418 Ὡς
1798 2395 1850 2420 μα-

1059 2435 1142 2470 κάρια
1157 2434 1191 2461 τὰ
1208 2435 1273 2471 μέλη
1298 2436 1399 2467 ἐκεῖνα,
1414 2435 1448 2461 δι’
1468 2431 1504 2461 ὧν
1521 2435 1550 2462 τὸ
1571 2435 1630 2461 ὅλον
1649 2433 1779 2468 ἐπιθυμία
1809 2433 1849 2466 γί-

1059 2489 1143 2507 νεταν
1157 2480 1202 2507 διὰ
1212 2480 1261 2515 τῆς
1271 2481 1300 2507 ἐν
1312 2481 1392 2507 παντὶ
1402 2480 1495 2516 ἁγαθῷ
1507 2480 1682 2516 τελειότητος,
1696 2479 1850 2514 σύγκρατον

1059 2527 1092 2553 ἐκ
1113 2527 1221 2553 πάντων
1233 2526 1263 2552 τὸ
1276 2527 1406 2562 ἐράσμιον
1421 2526 1630 2562 ἀπεργαζόμενα
1650 2525 1748 2556 κάλλος
1758 2533 1764 2539 ·
1777 2524 1849 2550 ὥστε

1059 2572 1118 2599 ὅλον
1140 2572 1176 2609 μὴ
1193 2573 1221 2598 ὲν
1238 2571 1369 2607 ὀφθαλμῷ
1387 2571 1466 2606 μόνον
1482 2573 1529 2598 καὶ
1542 2572 1634 2608 χερσὶν
1647 2571 1664 2606 ἦ
1677 2570 1849 2606 βοστρύχοις,

1060 2617 1128 2645 ἀλλὰ
1143 2617 1190 2644 καὶ
1204 2618 1232 2644 ὲν
1248 2618 1310 2644 ποσὶ
1321 2618 1368 2645 καὶ
1384 2619 1412 2644 ὲν
1428 2619 1515 2654 χερσὶ,
1534 2619 1581 2645 καὶ
1599 2619 1627 2645 ἑν
1642 2619 1700 2649 ταῖς
1711 2617 1848 2651 κνήμαις,

1060 2663 1106 2690 καὶ
1126 2663 1196 2690 κατὰ
1215 2663 1342 2698 φάρυγγα
1361 2664 1557 2699 παραπλησίως
1573 2662 1740 2699 ἐπιθυμητδς
1758 2659 1846 2693 εἶναι,

1062 2709 1175 2745 μηδενὸς
1187 2709 1215 2735 ὲν
1227 2711 1282 2741 τοῖς
1296 2709 1388 2745 μέλεσι
1403 2711 1472 2737 κατὰ
1487 2711 1536 2744 τὴν
1552 2709 1704 2746 ὑπερϐολὴν
1719 2708 1766 2736 τοῦ
1782 2708 1848 2735 κᾶλ-

1057 2758 1120 2788 λους
1132 2756 1337 2791 ἐλαττουμένου.

225 2793 276 2820 qua
291 2789 440 2817 membrum
473 2792 557 2819 ullum
588 2793 614 2820 iu
631 2793 682 2820 hoc
709 2795 920 2829 pulchritmlinis
954 2804 1112 2832 excellentia
1131 2803 1265 2832 deteriore
1281 2803 1316 2830 sit
1349 2803 1516 2834 conditione,
1551 2809 1630 2836 quam
1666 2806 1765 2830 caetera

258 2843 280 2862 αδ
294 2843 372 2871 Juan.
398 2854 415 2878 I,
432 2847 476 2876 2'5.
516 2849 537 2865 "
552 2848 572 2875 ll
589 2849 651 2877 Cor.
680 2858 741 2885 xm,
763 2846 787 2880 3.
