1978 3068
137 129 205 156 1085

589 125 601 150 1'
645 131 679 159 ΙΝ
697 132 844 161 CANTICA
866 132 1003 162 CANTIC.
1024 132 1165 161 HOMILIA
1184 134 1253 161 XIV.

1696 133 1768 163 loss

167 185 270 220 οὗτος,
284 187 374 223 φησὶν,
387 189 403 214 ὁ
412 187 573 222 ἀδελφιδός
581 198 651 224 μου,
661 190 711 217 καί
721 188 821 223 οὗτος,
828 192 923 226 φησὶν,

1012 192 1061 218 llic
1068 198 1117 223 est,
1125 191 1349 227 inquit,cognatus
1356 198 1437 222 meus,
1444 194 1469 217 et
1484 190 1525 216 hic
1535 191 1671 224 proximus
1680 198 1764 220 metm

136 233 152 258 ό
162 231 296 264 πλησίον
304 240 374 266 μου,
387 232 541 267 θυγατέρες
558 234 758 270 Ἰερουσαλήμ.
769 236 859 262 Πάντα
870 237 924 272 γὰρ

136 278 230 309 αὐταῖς
243 278 289 304 ὑπ’
304 278 364 312 ὄψιν
378 279 518 313 ἀγαγοῦσα
534 281 578 307 διὰ
591 281 640 316 τῆς
649 281 696 308 τοῦ
709 282 788 316 λόγου
806 283 926 318 ὑπογρα-

136 324 189 357 φῆς
203 323 237 350 τὰ
251 324 428 359 γνωρίσματα
439 345 445 356 ,
460 325 494 352 δι’
507 323 544 353 ὧν
557 324 591 362 ἦν
603 327 715 354 δυνατὸν
733 328 860 362 γενέσθαι
878 329 926 365 τὴν

136 369 182 395 τοῦ
195 368 359 404 ζητουμένου
371 370 534 406 φανέρωσιν,
543 372 603 398 τότε
614 372 652 407 τῷ
660 373 787 409 δεικτικῷ
795 374 927 410 κέχρηται

137 412 218 447 λόγῳ,
228 411 313 446 Οὗτός
325 415 393 446 ἐστι,
408 414 534 449 λέγουσα,
551 417 566 443 ὁ
581 416 756 452 ζητούμενος,
772 419 802 450 ὃς
819 419 863 446 διὰ
879 419 926 446 τοῦ

137 458 250 492 ἀδελφὸς
270 459 396 493 γενέσθαι
410 460 439 493 ἐξ
460 461 543 488 ’ἰούδα
563 463 628 498 ἡμῖν
641 464 794 496 ἀνατείλας,
814 465 927 499 πλησίον

137 504 244 538 ἐγένετο
266 505 313 532 τοῦ
339 505 550 540 ἐμπεπτωκότος
573 509 612 539 εἰς
635 509 698 540 τοὺς
715 509 830 545 λῃστὰς,
847 510 928 545 ἐλαίῳ

138 549 186 575 καὶ
203 549 266 585 οἴνῳ
279 550 326 576 καὶ
341 551 498 586 ὲπιδέσμοις
511 553 561 584 τὰς
582 554 688 589 πληγὰς
710 555 865 590 ἰασάμενος,
880 557 928 583 καὶ

138 595 185 622 ὲπὶ
201 595 248 622 τοῦ
270 595 335 623 ἰδίου
362 597 430 631 ἄρας
457 598 621 632 ὑποζυγίου,
644 600 689 626 καὶ
713 600 752 636 τῷ
780 601 928 636 πανδοχείῳ

140 640 346 672 ὲναναπαύσας,
366 642 411 669 καὶ
430 642 463 669 τὰ
488 643 534 669 δύο
556 643 670 680 δηνάρια
696 645 763 680 πρὸς
787 646 836 681 τὴν
857 647 929 682 ζωὴν

140 686 356 720 παρασχόμενος,
372 687 419 713 καὶ
434 688 463 713 ὲν
478 689 512 724 τῇ
527 689 648 727 ἐπανόδῳ
668 690 749 718 αὑτοῦ
771 691 801 718 τὸ
816 700 930 727 προστε-

139 729 185 755 θὲν
202 730 242 761 είς
256 730 285 756 τὺ
302 731 351 765 τῆς
368 731 477 766 ἐντολῆς
498 726 578 767 ἔργον
599 734 749 761 ἀποδώσειν
766 736 930 770 ἐπαγγειλά-

141 783 228 809 μενος.
246 775 357 807 Πάντως
373 776 401 803 δὲ
424 778 539 813 φανερόν
556 779 614 806 ἐστι
632 779 733 807 τούτων
753 781 868 808 ἕκαστον
889 783 930 814 εἰς

139 820 154 846 δ
165 829 191 846 τι
202 820 305 855 βλέπει.
317 821 361 857 Τῷ
375 822 429 858 γὰρ
440 823 628 858 ἐκπειράξοντι
643 825 688 852 τὸν
703 826 804 862 Κύριον
815 827 930 864 νομικῷ,

141 867 295 903 βουλομένῳ
318 868 387 904 ὑπὲρ
410 869 473 901 τοὺς
491 869 587 902 ἄλλους
605 871 701 898 ἑαυτὸν
720 872 814 906 δεῖξαι,
835 874 881 900 καὶ
900 875 929 900 ἐν
948 876 968 904 Β

140 912 312 949 ὑπερηφανίᾳ
323 914 353 940 τὸ
363 914 428 949 πρὸς
438 915 499 946 τοὺς
507 915 615 948 λοιποὺς
624 917 754 953 ὁμότιμον
763 919 930 950 διαπτύοντι.

139 959 169 984 ἐν
187 958 226 993 τῷ
242 959 345 993 λέγειν·
370 960 424 987 Kal
444 960 490 993 τις
508 961 576 988 ἐστί
584 971 644 996 μου
653 964 803 997 minatur;
816 965 882 991 Τότε
902 966 932 992 ἐν

140 1005 309 1040 διηγήματος
323 1005 387 1032 εἴδει
403 1006 493 1033 πᾶσαν
507 1006 555 1042 τὴν
570 1007 760 1044 φιλάνθρωπον
776 1011 930 1045 οἰκονομίαν
944 1013 947 1020 ³

140 1051 154 1076 ὁ
168 1050 252 1084 Λόγος
264 1050 409 1083 ἐκτίθεται,
422 1051 470 1086 τὴν
485 1052 586 1078 ἀνωθεν
600 1052 712 1081 κάθοδον
726 1054 773 1081 τοῦ
786 1054 931 1090 ἀνθρώπου

140 1096 351 1131 διηγησάμενος,
361 1097 408 1123 καὶ
415 1097 463 1132 τὴν
472 1098 525 1124 τῶν
533 1098 638 1133 λῃστῶν
647 1099 767 1135 ἐνέδραν,
775 1101 821 1129 καὶ
827 1101 876 1136 τὴν
885 1101 931 1129 τοῦ

141 1141 279 1176 ἀρθάρτου
292 1142 440 1177 ἐνδύματος
450 1144 631 1179 περιαίρεσιν.
640 1146 686 1171 καὶ
697 1145 729 1172 τὰ
737 1146 785 1181 τῆς
796 1147 933 1182 ἁμαρτίας

141 1187 301 1222 τραύματα,
321 1188 368 1216 καὶ
389 1187 419 1215 τὸ
437 1189 476 1220 είς
493 1189 577 1223 ἥμισυ
595 1189 643 1224 τῆς
665 1188 776 1224 φύσεως
791 1191 933 1227 προχωρῆ-

145 1241 190 1259 σαι
207 1233 252 1259 τὸν
268 1233 382 1260 Θάνατον
392 1254 399 1265 ,
414 1234 462 1269 τῆς
487 1234 574 1270 ψυχῆς
594 1235 726 1263 ἀθανάτου
738 1236 928 1273 διαμενούσης·

142 1278 189 1304 καὶ
209 1278 255 1305 τοῦ
273 1279 354 1315 νόμου
380 1279 428 1314 τὴν
455 1280 581 1315 ἀνωφελῆ
599 1281 731 1316 πάροδον,
752 1282 813 1309 οὔτε
838 1284 933 1319 ἱερέως

142 1323 202 1350 οὔτε
221 1325 333 1352 Λευΐτου
348 1325 397 1357 τὰς
414 1325 520 1361 πληγὰς
533 1326 579 1354 τοῦ
602 1329 856 1364 παραπεπτωκότος
876 1331 932 1362 τοῖς

143 1369 254 1406 λῃσταῖς
269 1370 488 1406 θεραπεύσαντος
503 1379 509 1386 ·
530 1372 658 1400 ἀδύνατον
672 1374 726 1410 γὰρ
741 1372 810 1410 αἷμα
824 1376 933 1410 τράγων

143 1417 191 1443 καὶ
206 1417 314 1451 ταύρων
330 1417 455 1452 ἀφαιρεῖν
468 1419 619 1453 ἁμαρτίας·
633 1420 699 1446 ἀλλά
716 1420 762 1447 τὸν
779 1422 867 1449 πᾶσαν
884 1421 934 1456 τὴν

143 1462 316 1497 ἀνθρωπίνην
338 1462 419 1496 φύσιν
431 1463 475 1490 διὰ
500 1464 549 1499 τῆς
563 1465 690 1501 ἀπαρχῆς
711 1465 758 1491 τοῦ
774 1465 934 1500 φυράματος

144 1508 332 1543 περιθέμενον,
349 1509 377 1534 ὲν
404 1505 532 1545 ᾕπαντὺς
543 1509 635 1541 ἔθνους
650 1509 680 1536 τὸ
702 1511 784 1545 μέρος
801 1509 845 1545 ἦν,
868 1512 933 1538 ’1ου-

143 1553 218 1580 δαίου
232 1562 262 1580 τε
280 1554 326 1580 καὶ
348 1554 527 1589 Σαμαρείτου,
543 1555 589 1581 καὶ
603 1555 747 1591 Ἕλληνος,
763 1555 810 1582 καὶ
826 1556 936 1583 πάντων

145 1600 218 1632 ἅπαξ
243 1599 411 1635 ἀνθρώπιον·
429 1601 523 1629 τοῦτον
546 1601 614 1636 μετὰ
637 1600 683 1628 τοῦ
712 1601 853 1636 σώματος,
868 1602 936 1637 ὅπερ

145 1644 217 1670 ἐστὶν
236 1644 390 1679 ὑποζύγιον,
414 1646 452 1680 τῷ
469 1646 543 1681 τόπῳ
560 1647 609 1681 τῆς
624 1645 670 1672 τοῦ
687 1646 830 1682 ἀνθρώπου
845 1646 936 1673 κακώ-

145 1697 213 1720 σεως
240 1690 390 1721 ὲπισντάντι,
406 1691 453 1717 καὶ
476 1691 644 1730 θεραπεῦσαι
671 1691 706 1718 τὰ
722 1692 877 1727 τραύματα,
889 1693 937 1719 καὶ

146 1734 190 1761 ἐπὶ
202 1736 248 1762 τοῦ
265 1735 329 1762 ἰδίου
345 1736 426 1762 αὑτὸν
445 1737 560 1771 κτήνους
574 1737 776 1771 ὲπαναπαῦσαι,
791 1737 838 1764 καὶ
851 1746 936 1764 κατα-

146 1780 245 1815 γώγιον
269 1781 381 1816 ποιῆσαι
404 1781 479 1816 αὐτῷ
505 1781 554 1816 τὴν
569 1781 758 1816 φιλάνθρωπον
772 1782 935 1816 οίκονομίαν,

145 1822 274 1861 ᾖπάντες
289 1825 313 1851 οἱ
340 1825 489 1856 κοπιῶντες
514 1825 560 1851 καί
586 1826 798 1860 πεφορτισμένοι
823 1834 938 1852 συνανα-

147 1870 288 1897 παύονται.
308 1869 336 1895 ὐ
353 1869 380 1895 δὲ
398 1870 425 1894 ὲν
442 1868 515 1904 αὐτῷ
536 1869 694 1903 γενόμενος,
708 1869 815 1904 δέχεται
830 1870 937 1901 πάντως

146 1916 176 1942 ἐν
192 1915 280 1950 ἑαυτῷ
297 1915 343 1942 τὸν
357 1915 386 1941 ὲν
397 1911 418 1948 ᾧ
437 1914 554 1949 ἐγένετο,
572 1915 657 1946 οὕτως
679 1915 802 1946 εἰπόντος
820 1914 866 1941 τοῦ
887 1915 938 1942 Λό-

146 1969 206 1995 γου,
221 1961 261 1986 ὅτι
281 1960 308 1986 '0
318 1960 417 1994 μένων
432 1960 467 1986 ἐν
477 1960 552 1994 ἐμοὶ,
569 1960 650 1995 κάγὼ
665 1960 700 1986 ἐν
713 1959 802 1992 αὐτῷ.
820 1960 939 1995 Δεξάμε-

148 2015 192 2036 νος
201 2003 247 2032 οὖν
267 2006 305 2040 τῷ
330 2005 386 2041 ἰδίῳ
400 2005 554 2040 γωρήματι,
573 2005 730 2040 πανδοχεύει
747 2007 775 2032 ὲν
790 2006 878 2041 ἑαυτῴ
892 2007 937 2033 τὸν

148 2050 289 2086 ἁχώρητον
299 2071 307 2083 ,
322 2051 386 2086 παρ’
399 2048 430 2078 οὗ
450 2051 556 2086 δέχεται
571 2051 604 2078 τὰ
621 2051 667 2078 δύο
682 2053 850 2087 νομίσματα·
862 2049 899 2078 ὧν
908 2053 938 2079 τὺ

149 2096 198 2133 μέν
216 2096 289 2122 ἐστιν
305 2097 322 2131 ἡ
337 2096 366 2129 es,
382 2096 445 2130 ὅλης
461 2096 574 2132 καρδίας
590 2097 629 2128 εἱς
644 2097 689 2123 τὸν
703 2097 768 2123 Θεὸν
781 2097 891 2133 ἀγάπη·
906 2098 938 2124 τὸ

147 2141 175 2168 δὲ
187 2140 279 2175 ἕτερον
292 2141 308 2175 ὴ
323 2141 362 2172 εἰς
384 2141 428 2168 τὸν
444 2140 556 2175 πλησίον
579 2140 617 2171 ὡς
634 2140 740 2172 ἑαυτὸν,
754 2140 845 2172 καθὼς
863 2141 910 2168 καὶ
924 2142 937 2167 ὁ

147 2187 258 2222 νομικὸς
282 2186 458 2222 ἀπεκρίνατο.
493 2186 561 2212 Ἀλλ’
578 2186 673 2222 ἐπειδὴ
696 2187 745 2222 οὐχ
766 2187 789 2213 oi
806 2186 938 2222 ἀκροαταὶ

147 2233 194 2265 τοῦ
210 2234 293 2268 νόμου
306 2233 403 2260 δίκαιοι
416 2232 491 2265 παρὰ
507 2232 545 2267 τῷ
562 2231 631 2266 Θεῷ,
646 2231 714 2258 ἀλλά
729 2233 752 2258 oi
769 2231 878 2266 ποιηταὶ
892 2231 938 2258 τοῦ

148 2278 231 2313 νόμου
259 2278 484 2312 δικαιωθήσονται
499 2285 505 2292 ·
522 2277 574 2312 χρὴ
594 2276 632 2312 μὴ
655 2276 733 2311 μόνον
758 2276 884 2308 δέξασθαι
904 2277 939 2303 τὰ

149 2324 196 2350 δύο
219 2323 305 2350 ταῦτα
330 2323 485 2358 νομίσματα
502 2331 508 2337 ·
527 2321 576 2357 τὴν
591 2322 683 2349 πίστιν
705 2321 776 2356 λέγω
791 2322 840 2357 τὴν
859 2323 899 2353 εἰς
910 2322 940 2348 τὸ

148 2370 235 2401 Θεῖον,
247 2369 293 2396 καὶ
309 2368 356 2404 τὴν
368 2368 471 2403 ἀγαθὴν
485 2368 552 2403 πρὸς
571 2368 634 2400 τοὺς
648 2368 799 2404 ὁμοφύλους
822 2368 941 2403 συνείδη-

150 2423 211 2441 σιν·
231 2415 300 2442 ἀλλά
319 2414 358 2441 δεῖ
377 2415 423 2441 καὶ
445 2414 525 2441 αὑτὸν
549 2414 751 2448 συνεισενέγκαι
763 2413 806 2440 διὰ
826 2413 879 2440 τῶν
895 2413 939 2449 ἔρφ

149 2469 205 2495 γων
219 2460 286 2496 πρὸς
298 2460 347 2494 τὴν
366 2459 418 2486 τῶν
436 2460 549 2487 ἐντολῶν
568 2459 669 2486 τούτων
688 2459 872 2494 ἐκπλήρωσιν.
888 2459 937 2485 Διά

149 2506 228 2533 τοῦτό
243 2515 308 2541 φησι
324 2505 390 2540 πρὸς
413 2506 459 2532 τὸν
473 2506 606 2541 πανδοχέα
620 2507 634 2532 ὁ
658 2505 769 2540 Κύριος,
781 2506 821 2532 ὅτι
836 2506 889 2531 πᾶν
908 2505 938 2531 τὺ

150 2552 214 2587 περὶ
231 2552 278 2587 τὴν
292 2551 437 2587 θεραπείαν
451 2551 497 2577 τοῦ
510 2551 701 2586 κεκακωμένου
717 2552 782 2586 παρ’
793 2550 875 2577 αὑτοῦ
894 2558 938 2584 γεε

150 2598 272 2632 νΰμενον,
291 2597 319 2623 ὲν
335 2597 368 2632 τῇ
396 2596 509 2631 δευτέρᾳ
534 2595 616 2622 αὑτοῦ
642 2596 776 2631 παρουσίᾳ
797 2596 866 2623 κατὰ
887 2595 937 2630 τὴν

150 2642 228 2673 ἀξίαν
247 2641 298 2676 τῆς
324 2640 440 2675 σπουδῆς
460 2640 638 2674 ἀπολήψεται.
665 2640 694 2666 Ὀ
715 2641 803 2666 τοίνυν
825 2640 939 2675 πλησίον

151 2687 228 2721 ἡμῶν
250 2686 369 2720 γεγονὼς
379 2686 423 2712 διὰ
436 2686 486 2721 τῆς
502 2685 630 2720 τοιαύτης
642 2685 856 2722 φιλανθρωπίας,
872 2687 886 2712 ὁ
896 2686 939 2712 διὰ

152 2731 199 2758 τοῦ
220 2731 249 2765 ἐξ
271 2731 354 2758 Ἰούδα
369 2732 434 2767 ἡμῖν
459 2731 597 2758 ἀνατεῖλαι
612 2730 749 2766 ἁδελφιδὺς
769 2731 914 2766 γενόμενος
930 2738 936 2745 ·

188 2817 209 2832 ⁸ο
226 2815 293 2851 Luc.
310 2825 336 2850 ι,
351 2817 386 2850 29
401 2825 461 2854 sqq.

501 2818 521 2834 ⁸⁸
537 2817 614 2845 Joan.
628 2825 666 2852 vr,
681 2817 725 2845 57.
764 2818 786 2834 "
801 2817 879 2845 Rom.
893 2819 978 2849 ιι.15,.

979 237 1044 271 ﬁlia
1071 237 1232 264 Jerusalem.
1265 236 1412 271 Postquam
1442 238 1514 263 cnim
1552 243 1599 271 per
1631 236 1765 271 picturam

979 285 1112 312 orationis
1129 283 1246 318 subjecit
1258 291 1353 310 earum
1376 282 1464 309 oculis
1492 282 1584 309 omnia
1600 282 1712 314 indicia,
1732 283 1766 308 de

979 331 1079 366 quibus
1092 330 1150 358 tieri
1163 330 1265 365 agnitio
1277 329 1385 364 quaesiti
1401 332 1503 364 posset,
1516 328 1624 355 tandem
1643 327 1768 355 oratione

980 377 1186 404 demonstrante
1200 375 1298 405 utitur,
1320 375 1398 410 quasi
1431 374 1534 401 diceret
1552 382 1559 401 :
1579 373 1628 401 llic
1655 378 1698 401 est
1722 372 1769 400 illo

979 430 1060 457 quem
1077 422 1236 456 quazrimus,
1252 420 1299 456 qui
1320 423 1463 455 propterea
1486 420 1559 454 quod
1578 419 1662 446 frater
1688 418 1768 445 nobis

982 469 1072 496 factus
1088 469 1133 500 sit,
1153 471 1231 494 ortus
1245 475 1278 494 ex
1297 466 1377 498 Juda,
1395 465 1535 501 proximus
1553 465 1643 492 factus
1653 468 1696 492 est
1717 464 1766 495 illi,

981 516 1027 551 qui
1048 515 1076 542 in
1093 516 1213 542 latrones
1241 513 1347 546 incidit,
1375 516 1458 547 atque
1476 511 1546 544 oleo,
1571 510 1646 542 vino,
1673 509 1767 537 fasciis

982 571 1096 599 vulnera
1112 570 1186 597 illius
1203 568 1319 598 sanavit,
1334 567 1459 602 jumento
1489 564 1600 600 proprio
1626 556 1768 599 imposuit,

982 617 1010 643 in
1027 615 1179 643 diversorio
1193 613 1336 645 recreavit,
1352 612 1459 640 duobus
1477 612 1508 638 ad
1522 611 1624 638 victum
1648 609 1769 637 denariis

982 661 1104 694 donavit,
1122 660 1259 696 pollicitus
1271 659 1353 686 etiam
1367 665 1395 686 se
1409 658 1436 685 in
1453 657 1552 689 reditu,
1583 656 1655 691 quod
1673 660 1770 691 prater

983 707 1141 734 mandatum
1158 707 1326 740 insumptum
1341 708 1423 735 esset,
1454 702 1634 731 redditurum.
1648 701 1703 728 Nec
1719 700 1769 727 ob-

984 760 1093 780 scurum
1109 757 1161 784 est,
1177 759 1230 786 quo
1246 751 1303 778 haec
1329 750 1435 784 singula
1462 751 1597 784 spectent.
1625 746 1691 774 Nam
1708 752 1770 773 cum

985 799 1052 834 legis
1067 797 1201 832 interpres
1216 796 1359 823 Dominum
1373 799 1504 827 tentaret,
1520 801 1604 829 seque
1620 800 1702 827 supra
1717 799 1771 818 cac-

985 849 1060 872 teros
1076 847 1216 871 ostentare
1230 842 1321 873 vellet,
1338 848 1369 868 ac
1397 847 1489 875 parem
1507 846 1568 866 cum
1597 837 1660 865 aliis
1674 836 1770 863 condi-

983 891 1084 917 ti0nem
1100 888 1216 923 superbe
1233 890 1374 922 respueret
1394 885 1436 912 his
1454 884 1566 911 verbis:
1595 882 1629 909 Et
1647 882 1706 917 quis
1730 885 1770 908 est

982 943 1055 963 meus
1066 935 1202 969 proximus
1211 933 1312 959 ‘°?tum
1326 938 1389 958 vero
1399 929 1514 965 quadam
1526 929 1682 956 narratione
1698 926 1772 953 Scri~

983 985 1063 1016 plura
1078 984 1161 1007 totam
1187 977 1451 1005 administrationem
1483 974 1708 1009 henignissimam
1723 979 1772 999 cl-

984 1026 1071 1061 ponit,
1102 1026 1315 1052 commemorato
1340 1023 1475 1049 descensu
1508 1019 1628 1048 hominis
1648 1019 1682 1046 de
1713 1019 1773 1045 loco

983 1072 1135 1106 superiore,
1152 1074 1179 1098 et
1198 1071 1333 1097 latronum
1350 1067 1470 1099 insidiis,
1490 1072 1517 1094 et
1533 1065 1684 1093 indumenti
1702 1065 1772 1092 Inte-

984 1119 1054 1144 ritus
1073 1117 1192 1151 expertis
1210 1115 1392 1149 ademptione,
1419 1118 1446 1140 et
1466 1112 1570 1148 peCcati
1603 1111 1771 1142 wineribus,

983 1168 1010 1192 et
1027 1170 1172 1199 progressu
1191 1161 1286 1188 monis
1299 1161 1332 1187 ad
1348 1159 1488 1186 dimidiam
1505 1165 1592 1192 usque
1605 1161 1709 1191 partem
1724 1163 1773 1183 na-

983 1214 1051 1236 turae
1065 1208 1243 1244 penetrantis.
1261 1207 1396 1234 retinente
1410 1203 1642 1232 immortalitatem
1657 1201 1748 1228 anima
1763 1210 1769 1228 :

983 1267 1016 1294 de
1031 1266 1096 1301 legis
1113 1266 1176 1292 item
1190 1263 1279 1291 inutili
1291 1260 1501 1296 lransitu.quod
1521 1268 1609 1295 neque
1626 1259 1771 1289 suem-dos.

985 1320 1071 1346 neque
1090 1310 1181 1338 Levita
1202 1309 1336 1344 quispiam
1351 1308 1461 1335 vulnera
1483 1307 1556 1341 ejus,
1572 1305 1618 1340 qui
1640 1305 1666 1331 in
1686 1305 1773 1330 latro-

984 1366 1032 1386 nes
1051 1357 1195 1387 inciderat.
1220 1355 1358 1383 curaverit
1377 1355 1485 1389 (neque
1506 1353 1578 1380 enim
1599 1351 1656 1379 ﬁeri
1673 1353 1773 1385 potest.

985 1409 1014 1432 ut
1032 1404 1144 1439 sanguis
1163 1408 1303 1430 taurorum
1322 1405 1348 1429 et
1367 1401 1507 1428 hircorum
1533 1402 1644 1434 peccata
1669 1397 1773 1431 tollat);

985 1451 1031 1479 sed
1054 1451 1140 1484 illum,
1164 1449 1211 1485 qui
1235 1449 1390 1476 universam
1411 1447 1552 1474 hominum
1581 1449 1705 1472 naturam
1727 1451 1775 1478 pn-r

986 1495 1122 1531 primitias
1137 1502 1234 1522 massae
1247 1494 1298 1522 sibi
1308 1492 1501 1523 circumdedit,
1517 1491 1617 1526 quibus
1629 1489 1776 1524 cujuslibet

949 1540 971 1569 C
988 1542 1106 1569 nationis
1121 1548 1183 1576 pars
1200 1540 1291 1575 aliqua
1308 1534 1776 1569 continebatur,.ludaicm,Samari-

987 1592 1066 1620 tante,
1081 1586 1192 1619 Grzecaa,
1202 1586 1324 1613 omnium
1337 1585 1454 1620 denique
1466 1584 1622 1611 hominum:
1633 1583 1705 1609 hunc.
1713 1589 1774 1608 cum

987 1641 1102 1671 corpore
1116 1641 1177 1664 suo,
1191 1632 1262 1665 quod
1274 1631 1481 1666 pcrjumentum
1493 1630 1674 1665 significatur,
1690 1627 1722 1654 ad
1739 1627 1775 1653 lo-

987 1687 1048 1705 cum
1058 1686 1112 1713 quo
1122 1678 1202 1705 laesus
1210 1683 1269 1704 erat
1280 1677 1371 1708 homo,
1382 1684 1410 1703 sc
1418 1675 1603 1703 conferentem
1615 1680 1726 1700 curasse
1735 1672 1775 1706 ip-

987 1725 1045 1752 sius
1056 1723 1311 1757 vulnera,jumento
1325 1721 1436 1756 proprio
1450 1721 1606 1755 impositum
1617 1726 1756 1746 recreasse
1767 1739 1774 1750 ,

988 1778 1065 1798 suam
1099 1769 1124 1796 ci
1154 1769 1299 1803 benignam
1329 1767 1508 1794 (nconomiam
1537 1764 1681 1792 diversorii
1715 1764 1775 1790 loco

988 1814 1137 1850 aperuisse,
1152 1821 1199 1848 per
1214 1820 1296 1847 quam
1308 1819 1402 1838 mnncs
1417 1810 1519 1845 fatigati
1532 1813 1557 1836 et
1569 1808 1672 1836 onerati
1684 1808 1776 1842 quiete

989 1861 1125 1888 fruuntur.
1158 1859 1209 1891 Qui
1234 1863 1323 1884 autem
1355 1857 1444 1891 ipsum
1471 1855 1631 1890 ingreditur,
1662 1860 1775 1888 prorsus

989 1908 1064 1934 illum
1078 1906 1166 1941 ipsqu
1180 1906 1252 1932 intra
1264 1911 1294 1931 se
1308 1903 1414 1937 recipit,
1425 1902 1451 1928 in
1460 1909 1539 1936 quem
1551 1901 1692 1935 ingressus
1705 1903 1773 1926 erat.

989 1952 1036 1979 Sic
1048 1951 1120 1979 enim
1139 1949 1258 1977 Verbum
1274 1949 1404 1982 loquitur.
1424 1947 1476 1979 Qui
1491 1947 1567 1973 inme
1581 1949 1679 1976 manet.
1691 1945 1716 1970 in
1727 1944 1776 1970 hoc

988 2004 1012 2026 el
1026 1999 1080 2033 ipse
1100 1995 1210 2024 manebo
1220 1995 1253 2022 ".
1267 1995 1363 2029 Itaque
1378 1994 1458 2020 homo
1475 1993 1547 2019 intra
1562 1991 1678 2026 spatium
1696 1997 1777 2024 capa-

989 2044 1080 2072 citatis
1095 2050 1152 2072 suaa
1179 2042 1254 2070 illum
1268 2040 1381 2075 excipit,
1397 2039 1442 2074 qui
1458 2037 1650 2074 comprehendi
1670 2037 1775 2071 nequit,

989 2095 1015 2118 et
1029 2090 1063 2117 al)
1079 2089 1131 2116 hoc
1147 2095 1272 2115 munmos
1290 2085 1388 2120 accipit
1410 2085 1488 2116 duos,
1515 2091 1630 2119 quorum
1648 2083 1716 2109 alter
1735 2086 1777 2112 est

988 2143 1052 2171 erga
1066 2135 1150 2162 Deum
1167 2133 1288 2163 dilectio,
1312 2131 1429 2165 profecta
1450 2129 1484 2158 dc
1500 2134 1557 2157 toto
1570 2130 1680 2156 animo:
1696 2129 1775 2160 alter,

989 2180 1100 2207 dilectio
1119 2178 1236 2214 proximi
1253 2178 1325 2205 sicut
1341 2177 1382 2204 sui
1396 2176 1494 2211 ipsius.
1508 2173 1738 2210 quemadmodum
1750 2177 1778 2201 cl

957 2215 977 2241 Β
991 2227 1058 2261 legis
1074 2226 1209 2260 interpres
1226 2223 1272 2250 ille
1287 2222 1476 2257 responderat.
1491 2220 1560 2253 Quia
1580 2227 1644 2247 vero
1657 2228 1711 2247 non
1729 2227 1778 2246 au-

991 2273 1096 2299 ditores
1112 2271 1179 2306 legis
1196 2270 1267 2305 apud
1283 2269 1366 2296 Deum
1376 2268 1444 2303 justi
1464 2271 1539 2299 sunt.
1556 2267 1602 2294 sed
1625 2266 1671 2301 qui
1693 2267 1780 2301 legem

992 2321 1122 2354 praestant
1147 2316 1215 2351 justi
1241 2314 1427 2342 censebnntur
1452 2313 1473 2329 “
1502 2322 1509 2340 :
1540 2320 1595 2339 non
1622 2312 1648 2338 hi
1671 2315 1781 2341 tantum

991 2363 1094 2391 nmnmi
1113 2364 1167 2390 duo
1175 2360 1321 2396 reeipiendi
1334 2365 1409 2391 sunt,
1421 2359 1549 2386 nimirqu
1569 2358 1635 2385 ﬁdes
1645 2358 1671 2384 in
1682 2357 1778 2389 Deum,

991 2415 1018 2438 et
1032 2410 1101 2437 bona
1117 2416 1180 2443 erga
1191 2406 1314 2442 ejusdem
1333 2406 1441 2441 generis
1456 2404 1580 2432 homines
1590 2403 1758 2431 corrscieutia
1771 2411 1778 2435 ς

992 2455 1039 2483 sed
1064 2455 1146 2482 etiam
1171 2453 1273 2488 aliquid
1309 2460 1357 2488 per
1380 2459 1462 2487 opera
1479 2454 1521 2478 est
1538 2450 1692 2478 addendum
1716 2449 1780 2475 huic

993 2499 1183 2527 mandatorum
1211 2497 1373 2533 impletioni.
1400 2496 1466 2523 Nam
1491 2500 1635 2531 propterea
1657 2494 1724 2521 dicit
1746 2493 1781 2520 ad

993 2547 1126 2581 hospitem
1148 2545 1289 2576 Dominus,
1316 2543 1436 2570 futurum
1453 2546 1482 2569 ut
1503 2541 1637 2577 quidquid
1655 2541 1682 2567 in
1699 2547 1781 2566 curas

993 2595 1066 2619 tione
1091 2591 1211 2619 hominis
1237 2590 1292 2618 lzesi
1312 2590 1418 2624 abipso
1431 2589 1487 2620 fiat,
1510 2588 1625 2615 alterius
1646 2586 1784 2613 adventus

992 2638 1034 2665 sui
1058 2641 1180 2672 temporc
1210 2644 1259 2672 pro
1279 2636 1362 2663 studii
1385 2635 1518 2670 dignitate
1539 2633 1662 2667 recipiat.
1677 2630 1779 2663 Quam-

991 2683 1085 2710 ohrcm
1108 2683 1130 2710 is
1144 2683 1189 2718 qui
1206 2682 1348 2717 proximus
1365 2684 1459 2707 noster
1486 2679 1574 2706 factus
1601 2681 1641 2704 cst
1660 2677 1695 2703 ob
1707 2676 1779 2702 hanc

991 2737 1054 2764 erga
1090 2737 1140 2756 nos
1164 2727 1370 2764 benignitatem,
1396 2726 1443 2761 qui
1468 2725 1540 2761 quod
1556 2733 1588 2752 cx
1612 2722 1681 2750 Juda
1699 2722 1782 2753 nubta
