1978 3068
126 135 196 164 1089

642 130 680 162 ἸΝ
701 130 849 162 CANTICA
865 130 1001 159 CANTIC.
1018 130 1163 160 ἸΙΟΜΙΙΔΑ
1183 131 1241 159 XV.

1682 131 1754 161 £090

123 188 255 216 Φίλιππον
268 188 282 215 ὁ
299 186 416 224 Ἰησοῦς,
430 185 576 220 ἀκόλουθος
592 187 782 224 ἐχειροτονήθη
797 186 845 214 τοῦ
861 186 912 214 Λό-

974 185 1043 213 iesus
1071 185 1224 222 Philippu‘m
1253 186 1367 219 invenit,
1381 187 1464 215 etiam
1480 190 1602 214 sectator
1618 188 1691 215 verbi
1710 189 1751 215 fac

123 243 173 270 γου
186 233 234 261 τοῦ
251 234 383 266 εἰπόντος,
397 233 438 260 ὃτι
458 233 624 261 Ἀκολούθει
640 233 692 268 μοι
702 241 707 248 ·
730 233 776 259 καὶ¹
790 232 829 267 τῷ
845 232 914 266 φωτὶ

123 281 163 317 τῷ
186 279 304 316 ἀληθινῷ
328 279 531 313 προσεγγίσας,
546 278 671 314 καθάπερ
695 278 790 314 λύχνος
811 276 929 304 beside»)~

125 326 227 354 ἔσπασε
243 325 311 361 πρὸς
330 325 424 352 ἑαυτὸν
440 324 490 360 τὴν
511 324 558 350 τοῦ
582 324 669 359 φωτὸς
686 324 846 350 κοινωνίαν·
867 322 915 349 καὶ

125 372 295 407 περιλάμπει
309 370 355 398 τὸν
371 369 528 406 Ναθαναὴλ,
544 370 710 406 δᾳὼυχὴσας
727 369 802 404 αὑτῷ
817 369 847 396 τὸ
865 369 915 404 τῆς

125 416 268 448 εὐσεϐείας
297 415 456 451 μυστήριον,
480 414 513 441 δι’
531 411 568 441 ὧν
596 423 678 450 φησιν
698 423 704 430 ⁸
724 416 778 440 ὀν
802 415 915 449 mae-2

125 460 256 494 Μωῢσῆς
270 460 318 487 καί
337 461 364 487 οἱ
380 459 528 494 προφῆται
543 460 712 494 εὑρήκαμεν
728 459 848 494 Ἰησοῦν
862 460 916 487 τὸν

125 507 185 535 ἀπὸ
210 505 341 540 Ινάζαιὲτ
363 505 419 540 τῆς
447 507 621 539 Fuluia/ac.
648 506 701 532 Τοῦ
719 506 746 532 δὲ
768 506 916 542 Ναθαναὴλ

126 553 307 584 ὲπιστατικῶς
324 550 470 588 δεξαμένου
491 552 521 579 τὸ
545 552 724 586 Εὑαγγέλιον,
740 552 784 578 διὰ
800 553 829 578 τὸ
846 553 916 587 μετὰ

126 599 216 634 πάσης
230 598 371 634 ἀκριϐείας
391 597 569 633 κατηχεῖσθαι
590 598 664 633 παρὰ
681 596 730 632 τῆς
747 598 916 634 προφητείας

126 644 208 671 αὑτὸν
223 644 254 670 τὸ
265 644 328 679 περὶ
343 644 388 670 τὸν
400 643 501 679 Κύριον
515 643 674 679 μυστήριον,
687 643 734 670 καὶ
751 644 848 670 εἰδέναι
867 644 916 679 μὲν

126 692 168 719 ὃτι
182 693 213 719 ὲκ
236 691 359 727 Βηθλεὲμ
379 693 396 726 ἡ
413 690 509 727 πρώτη
524 690 568 717 διὰ
583 690 683 726 σαρκὸς
697 691 840 725 γενήσεται
856 690 917 716 θεο-

127 737 234 772 φάνεια,
245 736 289 763 διὰ
302 736 390 771 δὲτὴν
405 737 433 762 ὲν
443 735 578 771 Ναζάροις
592 735 728 770 διαγωγὴν
738 755 746 767 ,
763 735 917 771 Νιιζαραῖος

127 782 311 818 κληθήσεται·
331 782 400 817 πρὸς
424 781 567 817 ἀμφότερα
592 781 680 807 τοίνυν
697 781 917 814 ἀποσκοποῦντος

121 830 176 856 -καὶ
199 828 385 863 λογιζομένου,
401 830 441 856 ὃτι
454 829 483 855 ὲν
500 828 548 863 μὲν
565 828 598 861 τῇ
620 827 667 853 τοῦ
683 826 765 853 Δαὸὶδ
783 826 916 863 Βηθλεὲμ,

127 874 171 901 διὰ
183 875 233 910 τὴν
246 874 400 907 οιχονομίαν
413 873 463 908 τῆς
471 872 540 905 κατὰ
555 872 644 908 σάρκα
657 872 820 907 γεννήσεως,
834 872 918 906 ἀναγ-

128 922 205 947 καὶον
218 918 252 955 ἦν
263 919 388 954 γενέσθαι
403 918 433 946 τὸ
447 918 518 946 κατὰ
529 918 559 945 τὸ
576 917 708 953 σπήλαιον
724 918 770 944 καὶ
782 918 815 944 τὰ
828 918 918 953 σπαρ-

128 975 199 1001 γανα
228 966 276 993 καὶ
305 966 353 1001 τὴν
376 966 480 1002 φάτνην
508 964 656 1000 μυστήριον
673 973 680 980 ’
700 965 761 999 ἠδὲ
788 964 918 991 Γαλιλαία

126 1012 214 1039 ἐθνῶν
229 1012 310 1044 τόπος
332 1010 583 1046 ὲπονομασθήσεταί
598 1019 662 1036 ποτε
684 1009 722 1045 τῷ
743 1011 798 1042 τοῖς
814 1010 919 1036 ἔθνεσιν

129 1058 382 1093 ἐμφιλοχωρήσαντι
391 1056 480 1090 Λόγῳ·
492 1057 539 1082 καὶ
555 1055 599 1083 διὰ
611 1056 690 1082 τοῦτο
702 1056 865 1091 συνθεμένου
880 1056 920 1091 τῷ

128 1103 160 1129 τὸ
184 1103 241 1137 φῶς
261 1102 334 1136 αὑτῷ
355 1102 405 1136 τῆς
422 1100 546 1134 γνώσεως
570 1101 695 1135 φάναντι,
713 1100 761 1127 καὶ
777 1100 919 1133 εἰπόντος·

129 1149 170 1175 ὕει
197 1149 244 1175 Ἐκ
260 1148 387 1182 Νιιζὶιρὲτ
414 1147 540 1174 δύναταί
553 1155 580 1173 τι
603 1147 715 1182 ἀγαθὸν
737 1145 831 1178 sirm;
853 1147 920 1174 Τότε

129 1193 226 1228 ὸδηγὺς
250 1193 318 1228 πρὸς
345 1191 394 1227 τὴν
413 1191 494 1227 χάριν
505 1192 519 1218 ὁ
535 1191 668 1222 Φίλιππος
686 1191 808 1225 γίνεται,
824 1191 920 1226 λέγων,

130 1239 240 1272 Ἔρχου
266 1238 315 1264 καί
341 1237 396 1264 ἴδε.
411 1238 450 1263 Δι’
465 1233 502 1264 ὦν
520 1236 677 1264 καταλιπὼν
691 1237 705 1263 ό
716 1237 860 1273 Ναθαναὴλ
873 1238 922 1274 τὴν

130 1283 177 1310 τοῦ
197 1284 279 1319 νόμου
295 1285 390 1319 συκῆν,
406 1281 440 1319 ἧς
460 1284 476 1318 ἡ
489 1283 553 1310 σκιὰ
567 1283 635 1318 πρὸς
653 1283 703 1318 τὴν
717 1283 861 1318 μετουσίαν
874 1284 922 1310 τοῦ

131 1330 220 1364 φωτὸς
248 1329 388 1361 διεκώλυε,
412 1329 615 1364 καταλαμϐάνει
637 1329 683 1356 τὸν
708 1330 741 1356 τὰ
767 1329 854 1364 φύλλα
871 1330 922 1365 τῆς

132 1374 218 1408 συκῆς
232 1374 276 1401 διὰ
289 1374 337 1409 τὴν
350 1373 404 1400 τῶν
415 1373 524 1408 ἀγαθῶν
539 1373 678 1408 ἀκαρπίαν
693 1374 920 1409 ἀποξηραίνοντα.

131 1419 177 1445 Διό
197 1420 243 1446 καὶ
271 1420 449 1454 μαρτυρεῖται
464 1418 538 1454 παρὰ
554 1418 601 1444 τοῦ
615 1419 704 1452 Λόγου
727 1420 836 1454 γνήσιος
853 1417 922 1446 εἶναι

132 1465 192 1500 οὐχὶ
208 1464 284 1496 νόθος
302 1463 481 1499 Ὶσραηλίτης,
493 1465 522 1491 ὲν
532 1463 570 1498 τῷ
581 1463 665 1498 ἀδόλῳ
673 1463 722 1497 τῆς
737 1465 922 1500 προαιρέσεως

965 236 1026 259 ctus
1044 237 1096 264 est,
1117 234 1164 268 qui
1179 233 1213 260 ad
1230 241 1292 260 eum
1309 233 1387 265 dixit,
1402 232 1516 268 Sequere
1533 242 1572 260 me
1586 233 1628 260 “:
1645 240 1753 268 postea-

964 286 1047 313 quam
1060 279 1123 306 item
1151 286 1245 306 verum
1261 278 1294 306 ad
1308 278 1398 306 lumen
1412 279 1530 311 delatus,
1547 278 1609 306 inde
1621 284 1752 315 tanquam

964 324 1082 360 lychnus
1096 325 1129 352 ad
1154 333 1185 352 se
1204 325 1441 360 participationem
1463 325 1533 352 lucis
1554 325 1665 352 attraxit
1680 334 1686 352 :
1699 324 1755 352 Na-

965 370 1121 397 thanaelum
1149 377 1260 405 quoque
1282 370 1342 398 luce
1371 374 1420 398 sila
1445 369 1654 403 circumfundit,
1674 370 1754 406 quasi

967 417 1077 451 praelata
1108 416 1159 451 ipsi
1181 415 1251 449 face,
1282 416 1356 451 quod
1382 417 1492 451 pietatis
1514 420 1557 443 est
1576 416 1752 451 mysterium.

967 462 1037 490 Sunt
1046 462 1118 490 enim
1131 462 1188 489 haec
1205 462 1292 497 ipsius
1303 463 1384 490 verba
1395 471 1401 488 :
1412 462 1562 489 Invenimus
1576 461 1668 490 letum
1679 462 1756 489 illum

965 515 979 534 ι
996 505 1134 533 Nazarelh
1150 506 1279 538 Galilwte,
1294 506 1326 533 de
1333 515 1384 540 quo
1395 511 1418 533 et
1438 506 1524 533 More:
1540 507 1565 532 in
1581 506 1645 541 lege,
1657 511 1681 533 ει
1693 514 1757 540 pro-

966 552 1049 587 phetw
1077 552 1283 586 scripserunt“.
1321 550 1490 578 Nathanaelo
1523 555 1614 578 autem
1645 551 1756 586 sapien-

967 601 1009 625 ter
1025 597 1116 625 lzetum
1131 598 1202 624 hunc
1217 597 1342 624 nuntium
1358 597 1521 631 accipiente.
1535 596 1607 632 quod
1625 604 1758 632 perat-cu-

967 647 1027 670 ratc
1057 651 1089 670 ex
1112 643 1189 671 libris
1217 644 1410 670 vaticiniornm
1433 643 1467 670 de
1491 642 1597 669 Domini
1624 642 1758 678 mysterio

967 689 1082 717 edoctus
1101 693 1185 720 esset,
1211 697 1244 716 ac
1267 689 1351 717 sciret
1366 690 1392 716 in
1416 689 1553 716 Bethleem
1571 688 1681 724 quidem
1701 687 1759 723 pri-

967 743 1039 762 mam
1057 734 1103 762 Dei
1126 734 1338 770 patefactionem
1361 735 1389 762 in
1410 742 1495 762 carne
1515 734 1648 767 futuram,
1661 741 1757 762 verum

968 781 1094 808 eumdem
1121 780 1255 808 Nazareth
1272 781 1415 816 degentem
1431 781 1551 808 Νησιιωί
1572 788 1672 808 nomen
1695 787 1760 808 con-

969 831 1128 855 secuturum
1144 837 1151 854 :
1168 827 1202 854 ad
1216 827 1273 854 hac
1293 827 1375 862 igitur
1392 831 1509 863 utraque
1526 827 1691 862 reSpiciente
1702 825 1758 853 Na-

969 873 1089 905 thanael,
1106 881 1255 908 secumque
1267 873 1463 908 perpendente,
1477 874 1504 900 in
1521 873 1629 901 Davidis
1648 872 1758 907 quidem

968 919 1068 955 oppido
1086 917 1224 954 Bethleem
1246 919 1434 946 necessarium
1459 926 1521 946 esse
1540 919 1645 946 ratione
1660 917 1760 945 nativi-

968 965 1033 992 tatis
1049 964 1180 996 carnalis,
1197 964 1280 995 antri,
1298 963 1459 995 fasciarum,
1473 968 1499 990 et
1513 963 1642 998 praesepis
1661 966 1760 998 myste

969 1010 1038 1036 rium
1056 1009 1165 1037 evenire
1182 1017 1188 1034 ε
1202 1009 1249 1036 sed
1266 1009 1447 1037 nihilominus
1459 1009 1599 1036 Galilzeaau
1613 1009 1670 1044 (qui
1684 1009 1761 1036 locus

969 1056 1142 1083 ethnicorum
1158 1055 1299 1082 hominum
1313 1054 1392 1082 sedes
1405 1055 1475 1089 erat)
1491 1062 1589 1081 nomen
1609 1053 1760 1088 aliquando

969 1105 1179 1128 consecuturam
1195 1101 1229 1128 ab
1243 1109 1276 1128 eo
1285 1100 1387 1133 Verbo,
1403 1100 1476 1136 quod
1492 1101 1607 1128 libenter
1621 1099 1655 1127 a'd
1668 1105 1763 1135 gentes

969 1148 1214 1183 commigraturum
1240 1153 1314 1175 esset
1328 1157 1335 1175 :
1352 1152 1435 1182 atque
1452 1147 1524 1174 hanc
1537 1147 1572 1174 ob
1588 1154 1700 1174 causam
1716 1154 1763 1175 ac-

970 1193 1084 1223 cedente
1112 1192 1230 1227 denique
1256 1191 1406 1220 Nathanael
1431 1192 1506 1219 illius
1533 1192 1560 1219 in
1583 1191 1762 1223 sententiam.

970 1238 1016 1272 qui
1030 1238 1120 1265 lumen
1136 1239 1188 1266 hoc
1197 1238 1364 1274 cognitionis
1374 1238 1398 1265 ei
1407 1241 1666 1269 commonstrasset,
1680 1237 1762 1271 idque

971 1284 1061 1312 verbis
1086 1283 1128 1311 his
1155 1284 1313 1312 declarante
1328 1292 1336 1311 :
1356 1283 1444 1310 Potest
1458 1291 1471 1310 ε
1484 1282 1621 1310 ΝαιαηιΙι
1636 1282 1697 1309 boui
1708 1283 1762 1309 ali-

973 1329 1034 1365 quid
1058 1330 1206 1358 exsistere?
1239 1336 1295 1357 tum
1322 1320 1388 1357 vero
1417 1329 1528 1356 tandem
1557 1329 1698 1363 Philippus
1727 1328 1761 1355 ad

972 1375 1043 1402 hanc
1060 1375 1175 1410 gratiam
1192 1373 1233 1402 illi
1251 1383 1280 1402 se
1295 1375 1392 1402 ducem
1409 1375 1521 1411 praebet,
1539 1382 1601 1402 cum
1617 1375 1655 1402 ait
1673 1383 1680 1402 :
1699 1373 1764 1401 Veni

972 1430 1005 1448 ac
1013 1422 1079 1449 vide.
1096 1421 1155 1455 Quo
1168 1421 1282 1454 factum.
1293 1426 1322 1450 ut
1338 1421 1488 1450 Nathanael
1506 1422 1602 1450 relicta
1619 1422 1685 1457 legis
1698 1422 1763 1454 ﬁcu,

972 1467 1051 1502 cujus
1065 1468 1162 1494 umhra
1177 1468 1373 1503 impedimento
1390 1473 1449 1496 erat
1459 1468 1495 1499 ei.
1513 1475 1568 1504 quo
1584 1467 1677 1496 minus
1692 1468 1764 1496 lucis

132 1510 250 1546 καθαρὸν
263 1510 304 1545 ἐφ’
321 1509 418 1536 ἑαυτοῦ
435 1509 541 1540 δεικνὺς
564 1508 609 1535 τὸν
625 1509 785 1544 χαρακτῆρα
798 1509 844 1536 τοῦ
865 1519 920 1536 πα-

974 1513 1111 1548 particeps
1138 1513 1213 1541 lieret
1230 1523 1237 1542 ε
1252 1515 1287 1541 ad
1308 1522 1371 1542 eum
1393 1515 1556 1550 perveniret,
1575 1514 1621 1550 qui
1636 1514 1679 1542 liei
1696 1514 1762 1542 folia

132 1556 272 1592 τριάρχου.
286 1556 343 1583 Ἴδε
357 1555 520 1591 γὰρνφησὶν,
541 1555 732 1589 Ἰσραηλίτης
746 1556 781 1582 ἐν
793 1552 816 1589 ᾧ
830 1556 920 1591 δόλος

974 1562 1085 1593 propter
1101 1559 1274 1587 sterilitatem
1293 1559 1320 1586 in
1347 1558 1520 1594 proferendis
1535 1559 1615 1588 bonis
1640 1559 1766 1586 exsicca-

132 1601 188 1628 οὐκ
200 1601 276 1627 ἐστι.

974 1604 1023 1632 vit.
1039 1604 1130 1639 anue
1143 1604 1176 1632 de
1188 1612 1272 1632 causa
1288 1605 1476 1633 testimonium
1487 1605 1512 1632 ei
1526 1604 1645 1632 \‘erbum
1657 1605 1764 1636 tribuit.

133 1648 205 1682 quod
215 1655 360 1683 germanus
373 1646 507 1679 Israelita,
520 1653 573 1673 non
585 1645 696 1680 spurius
710 1650 802 1674 esset:
822 1647 922 1683 quippe
943 1650 990 1684 qui
1006 1651 1118 1677 minime
1148 1650 1324 1678 fraudulento
1341 1650 1425 1677 animi
1455 1651 1579 1678 instituto
1611 1658 1709 1686 purum
1738 1651 1765 1678 in

133 1701 194 1722 sese
225 1693 387 1728 patriarcha:
418 1693 492 1720 illius
527 1694 714 1720 characterem
755 1692 920 1722 ostenderet.
941 1697 991 1730 En,
1005 1696 1103 1731 inquit,
1117 1704 1174 1723 vere
1188 1695 1325 1728 Israelita,
1340 1696 1368 1722 in
1379 1704 1430 1730 quo
1446 1696 1523 1722 dolus
1536 1704 1588 1723 non
1607 1700 1658 1723 est.

170 1738 239 1774 Πρὸς
251 1739 264 1766 ὃ
275 1747 302 1765 τι
316 1738 344 1765 δὲ
361 1738 454 1773 βλέπει
477 1738 507 1765 τὸ
528 1739 557 1765 ὲν
573 1738 612 1773 τῷ
632 1737 766 1774 προοιμίῳ
787 1738 926 1774 διήγημα,

135 1787 253 1822 φανερόν
270 1787 326 1812 ἐστι
345 1786 453 1817 πάντως
469 1787 525 1817 τοῖς
552 1785 762 1820 εὐμαθεστέροις
778 1786 927 1821 ἀκροαταῖς

134 1833 167 1859 ὲκ
180 1832 232 1867 τῆς
249 1830 426 1866 προτεθείσης
440 1830 508 1857 κατὰ
520 1830 550 1856 τὺ
561 1829 706 1856 ἀκόλουθον
719 1830 785 1864 ἡμῖν
802 1830 926 1864 ἀναγνώ-

134 1886 204 1908 σεως
218 1876 266 1912 τῆς
286 1877 317 1902 ὲκ
331 1875 378 1902 τοῦ
397 1876 536 1911 ’ᾼσματος
552 1876 606 1902 τῶν
621 1876 760 1911 ᾀσμάτων.
783 1877 826 1908 Ὠς
845 1877 899 1913 γὰρ
911 1879 925 1904 ὸ

136 1923 185 1959 μὲν
205 1921 330 1958 Ἀνδρέας
340 1922 373 1957 τῇ
390 1924 464 1958 φωνῇ
484 1921 531 1948 τοῦ
557 1922 680 1949 Ἰωάννου
696 1922 764 1958 πρὸς
777 1923 823 1949 τὸν
840 1923 925 1958 ἀμνὸν

135 1967 263 2003 ὼδηγήθη
277 1977 284 1983 ·
302 1968 316 1994 ὁ
332 1967 360 1994 δὲ
385 1967 533 2003 Ναθαναὴλ
550 1967 763 2003 φωταγωγηθεὶς
781 1969 858 2004 παρὰ
877 1969 924 1996 τοῦ

135 2013 287 2046 Φιλίππου,
311 2013 358 2039 καὶ
387 2013 437 2048 τῆς
463 2012 642 2048 περιεχούσης
666 2012 746 2039 αὐτὸν
772 2013 819 2039 τοῦ
843 2013 924 2048 νόμου

138 2062 217 2093 σκιᾶς
236 2060 288 2093 ἔξω
307 2061 458 2095 γενόμενος,
476 2060 504 2086 ὲν
518 2059 557 2095 τῷ
575 2060 644 2094 φωτὶ
665 2059 703 2096 τῷ
721 2060 840 2096 ἀληθινῷ
858 2060 926 2094 γὶνε-

136 2116 181 2134 ται
193 2116 200 2123 ·
215 2106 285 2133 οὕτω
298 2106 345 2132 καὶ
360 2107 387 2132 αἱ
402 2105 519 2137 νεάνιδες
538 2105 606 2141 πρὸς
620 2104 667 2140 τὴν
690 2104 797 2141 εὕρεσιν
810 2105 856 2131 τοῦ
874 2114 928 2141 μη-

136 2152 262 2184 νυθέντος
288 2152 383 2183 αὐταῖς
400 2149 503 2185 ἀγαθοῦ
520 2150 687 2186 καθηγεμόνι
708 2150 827 2186 χρῶνται
840 2152 873 2186 τῇ
888 2159 928 2177 τεο
944 2147 964 2175 D

137 2198 279 2233 λετωθείσῃ
296 2197 340 2235 δια
353 2196 400 2223 τοῦ
421 2196 536 2228 κάλλους
548 2196 620 2232 ψυχῇ
637 2203 644 2210 ”
660 2196 786 2230 λέγουσαι
798 2195 866 2231 πρὸς
878 2197 926 2222 αὺ-

137 2243 274 2280 τῄψΠοῦ
299 2242 436 2277 ἀπῆλθεν
451 2243 466 2269 ό
488 2241 649 2276 ἀδελφιδός
671 2249 740 2273 σου,
758 2241 775 2275 ἡ
796 2241 874 2275 καλὴ
894 2242 927 2268 ἐν

138 2290 258 2325 γυναιξί
271 2297 280 2321 ;
295 2289 356 2316 Ποῦ
381 2288 551 2322 ἀπέϐλεψεν
572 2290 587 2314 ό
605 2287 765 2322 ἀδελφιδός
788 2295 846 2314 σου
856 2308 862 2319 .
877 2288 927 2316 καὶ

139 2334 411 2369 ζητήσομεναὺτὸν
431 2335 505 2368 μετὰ
521 2333 598 2365 σοῦ;
621 2333 785 2364 ’Δκολούθως
801 2333 829 2360 δὲ
848 2341 929 2369 προσ-

139 2382 235 2415 άγουσι
249 2382 283 2416 τῇ
297 2380 448 2415 διδασκάλῳ
463 2379 511 2415 τὴν
529 2379 624 2406 πεῦσιν
644 2379 671 2405 αἱ
688 2379 815 2415 παρθένοι
833 2379 926 2414 ψυχαί.

140 2427 250 2461 Πρῶτον
273 2426 328 2461 γὰρ
344 2426 407 2461 περὶ
430 2425 476 2452 τοῦ
493 2425 519 2451 τί
543 2427 615 2452 ἐστιν
637 2424 767 2460 ἐποίησαν
783 2424 828 2451 τὸν
840 2424 927 2459 λόγον,

140 2474 168 2498 ἐν
183 2473 221 2508 τῷ
236 2472 289 2508 πρὸ
307 2472 407 2508 ταύτης
423 2472 472 2507 τῆς
487 2472 592 2507 ρήσεως
609 2472 766 2507 ἐρωτήματι
780 2471 906 2506 λέγουσαι
919 2478 926 2485 ·

142 2519 172 2545 Ti
197 2518 357 2553 ddslgtb‘dq
380 2526 455 2549 σου,
474 2519 493 2551 ἡ
519 2517 597 2551 καλὴ
615 2517 650 2544 ἐν
665 2517 821 2552 γυναιξίν;
841 2517 928 2552 Ὅπερ

141 2567 305 2602 διδαχθεῖσαι
319 2565 362 2592 διὰ
388 2565 439 2592 τῶν
456 2565 608 2601 εἰρημένων
630 2565 761 2600 σημείων,
773 2566 814 2592 ὅτι
834 2564 929 2596 λευκὸς

141 2613 186 2639 καὶ
204 2613 317 2648 πυρρὸς,
328 2612 374 2638 καὶ
391 2611 424 2637 τὰ
439 2610 519 2637 λοιπὰ
539 2610 572 2637 δι’
589 2607 626 2638 ὧν
646 2611 798 2646 ὑπογράφει
812 2611 842 2638 τὸ
861 2609 928 2641 εἶδος

143 2658 186 2684 τοῦ
201 2657 378 2692 ζητουμένου,
397 2657 461 2692 περὶ
482 2656 529 2683 τοῦ
545 2657 611 2683 ὅπου
626 2657 812 2684 πυνθάνονται.
825 2657 872 2683 Διὸ
887 2656 929 2683 λέ-

146 2711 229 2737 ίουσι,
246 2703 308 2729 Ποῦ
317 2703 453 2736 ἀπῆλθεν
468 2703 484 2730 ό
496 2702 658 2736 demetam;
673 2711 742 2735 σου,
758 2703 774 2739 ἢ
788 2703 846 2730 ποῦ
859 2703 930 2730 ἁπέ-

142 2749 273 2782 σ.ιεψεν;
284 2747 344 2774 Ἴνα
356 2748 464 2779 πάντως
477 2748 544 2774 ὅπου
560 2747 609 2782 μέν
622 2748 678 2774 ἐστι
694 2748 838 2783 μαθοῦσαι,
847 2757 929 2784 προσ-

179 2839 202 2855 ⁸¹
214 2838 296 2868 loau.
313 2847 332 2872 ι,
347 2838 390 2871 45.
428 2826 530 2866 “ibid.
546 2836 576 2864 Ill
595 2844 656 2872 sqq.

1015 1741 1172 1774 Quoautem
1193 1741 1251 1769 haec
1269 1741 1296 1768 in
1306 1741 1419 1768 exordio
1438 1745 1543 1776 spectet
1561 1741 1695 1774 narratio,
1709 1748 1765 1768 om-

978 1788 1044 1815 nino
1062 1786 1237 1814 nialiifestuni
1264 1792 1304 1814 est
1322 1787 1497 1814 auditoribus
1515 1795 1570 1814 non
1586 1787 1665 1822 plane
1681 1787 1766 1822 impe-

976 1833 1037 1861 ritis
1048 1840 1082 1860 ex
1096 1832 1222 1865 lectione,
1241 1839 1323 1866 quam
1338 1831 1436 1858 ordine
1449 1831 1489 1858 sic
1505 1835 1635 1866 poscente
1647 1830 1682 1858 de
1698 1830 1766 1858 Can-

976 1878 1029 1906 tico
1040 1878 1210 1906 canticorum
1222 1877 1426 1912 proposuimus.
1443 1875 1676 1909 Quemadmodum
1692 1876 1765 1903 enim

976 1924 1101 1951 Andreas
1115 1922 1224 1959 quidem
1250 1930 1299 1958 per
1317 1929 1412 1950 vocem
1427 1921 1542 1950 Joannis
1565 1920 1599 1948 ad
1616 1928 1715 1956 agnum
1733 1920 1764 1947 il-

977 1970 1034 1997 lum
1045 1969 1179 1997 deductus
1190 1973 1252 2003 est;
1270 1968 1423 1996 Nathanael
1443 1971 1534 1995 autem
1559 1975 1575 1994 a
1594 1967 1719 2002 Philippo
1732 1966 1766 1994 ad

977 2016 1066 2044 lucem
1077 2015 1188 2047 ductus,
1202 2020 1230 2043 et
1245 2023 1260 2042 a
1279 2015 1469 2043 circumdante
1483 2014 1572 2048 ipsum
1587 2013 1655 2048 legis
1669 2012 1766 2040 umbra

978 2061 1130 2098 digressus.
1158 2069 1252 2089 verum
1274 2062 1307 2088 ad
1339 2061 1429 2088 lumen
1450 2059 1598 2095 pervenit:
1619 2060 1661 2087 sic
1685 2059 1766 2086 etiam

979 2107 1020 2134 hae
1031 2107 1186 2142 jurenculae
1210 2107 1244 2134 ad
1270 2107 1456 2134 inventiOnem
1487 2105 1599 2132 indicati
1625 2105 1664 2132 eis
1691 2104 1766 2136 boni,

980 2153 1069 2180 anima
1103 2152 1318 2189 pulchritudinis
1350 2151 1545 2187 perfectionem
1577 2150 1675 2185 adepta
1698 2150 1767 2177 duce

981 2204 1105 2231 utuntur,
1121 2206 1235 2233 eamque
1255 2198 1296 2225 sic
1310 2198 1492 2232 compellant;
1507 2197 1565 2229 Quo
1584 2196 1650 2222 abiit
1671 2197 1767 2230 adgna-

982 2250 1023 2272 ιιισ
1037 2250 1110 2277 tuus,
1122 2253 1136 2272 ο
1149 2245 1259 2279 pulchra
1272 2245 1340 2271 inter
1358 2244 1478 2270 muliere:
1488 2244 1501 2270 ?
1518 2250 1568 2277 quo
1589 2243 1701 2276 respexit
1720 2249 1767 2268 co-

981 2296 1088 2326 gnulul,
1099 2295 1123 2317 et
1135 2298 1282 2325 queremus
1292 2297 1351 2317 eum
1362 2294 1446 2316 tecum
1457 2290 1469 2316 ἵ
1490 2288 1573 2315 Recte
1584 2292 1673 2315 autem
1686 2291 1767 2322 atque

977 2336 1074 2364 ordine
1103 2337 1222 2371 virgines
1249 2335 1300 2367 lue,
1318 2335 1446 2362 nimirum
1463 2334 1572 2365 auium,
1600 2341 1674 2360 nunc
1703 2334 1768 2360 illud

979 2383 1161 2418 interrogant.
1191 2381 1312 2409 Primum
1344 2381 1417 2408 enim
1451 2380 1548 2408 locuta:
1576 2383 1642 2407 sunt
1661 2380 1696 2407 de
1723 2387 1768 2409 eo,

979 2428 1113 2464 quidnam
1142 2432 1224 2460 esset,
1259 2435 1321 2455 cum
1352 2426 1523 2462 pnecedente
1554 2425 1768 2460 interrogatione

979 2477 1106 2508 qumrunt
1123 2483 1129 2500 :
1151 2473 1221 2506 Quid
1232 2477 1359 2507 cognatus
1381 2476 1452 2503 tuus,
1475 2479 1489 2498 ο
1505 2471 1614 2505 pulchra
1626 2470 1695 2497 inter
1711 2479 1764 2497 ntu-

983 2521 1082 2548 lieres?
1112 2520 1145 2547 de
1172 2527 1227 2555 quo
1241 2520 1345 2547 edoctae
1365 2527 1414 2554 per
1429 2519 1553 2553 exposita
1569 2518 1681 2550 indicia,
1697 2517 1769 2553 quod

982 2566 1127 2597 candidus,
1147 2570 1174 2593 et
1189 2566 1372 2598 rubicundus,
1385 2569 1412 2591 et
1439 2568 1547 2596 caetera,
1561 2564 1663 2599 quibus
1682 2563 1769 2590 forma

982 2612 1089 2647 quaesiti
1105 2612 1242 2647 descripta
1264 2615 1326 2639 est:
1343 2619 1416 2638 nunc
1430 2611 1464 2639 de
1481 2611 1540 2638 loco
1555 2610 1602 2637 ubi
1620 2610 1666 2642 sit,
1684 2609 1768 2636 inter-

982 2662 1090 2694 rogant.
1112 2657 1170 2686 Non
1196 2662 1338 2693 propterea
1355 2657 1461 2688 dicunt,
1486 2656 1544 2690 Quo
1555 2656 1620 2682 abiit
1641 2658 1768 2689 cognatus

983 2710 1055 2736 tuus,
1069 2704 1110 2731 vel
1124 2712 1175 2738 quo
1201 2703 1335 2738 respexit?
1351 2708 1378 2730 nt
1399 2702 1509 2737 cognito
1529 2708 1641 2736 prorsus
1657 2699 1702 2727 ubi
1720 2699 1769 2732 sit,

984 2750 1096 2777 adorent
1113 2750 1139 2777 in
1165 2749 1212 2776 illo
1227 2749 1298 2781 loco,
1315 2757 1370 2779 two
1391 2748 1474 2784 pedes
1490 2747 1562 2774 illius
1577 2746 1724 2774 steterint:
1740 2749 1766 2773 et
