1978 3068
214 140 280 169 1091

824 141 857 168 S.
877 141 1042 170 GREGORII
1062 139 1208 171 NYSSENl

1773 143 1843 176 l0)!

212 207 268 233 quo
296 198 424 232 respicnat
452 195 567 230 edoctae,
584 199 624 224 sic
646 202 732 225 semet
746 199 927 232 constituant,
941 208 990 235 quc

1048 202 1201 237 κυνήσωσιν
1216 202 1256 234 είς
1272 202 1316 229 τὸν
1333 203 1414 229 τόπον
1430 198 1460 229 οὗ
1474 202 1590 238 ἔστησαν
1610 204 1634 230 οι
1648 203 1727 236 πόδες
1743 205 1839 237 αὑτοῦ,

211 248 238 271 et
255 244 290 270 ah
304 243 372 278 ipsis
383 243 442 278 ejus
453 243 540 278 gloria
561 243 756 278 conspiciatur,
766 245 845 280 cujus
864 246 1000 281 apparitio

211 290 326 316 salutem
340 288 415 316 aﬂ‘ert
451 289 664 325 aspectantibus,
687 291 915 325 quemadmodum
932 291 1000 319 Pro-

211 335 292 368 pheta
320 334 365 361 ille
382 335 504 370 loquitur
523 345 528 362 :
542 334 657 362 Ostende
674 336 748 363 nobis
766 336 862 370 faciem
880 342 962 369 tuam,
975 341 1001 364 et

210 379 277 406 calvi
296 380 394 407 erimus
421 380 453 406 δ’.
472 380 601 415 Magistra
627 389 692 408 vero
721 381 780 409 hate
796 382 828 408 ad
844 382 998 417 exemplum

210 423 328 459 Philippi
350 425 479 457 dicentis,
517 425 580 453 Veni
607 434 638 453 ac
659 426 727 459 vide,
742 427 845 461 praebet
858 434 888 455 se
900 427 998 454 ducem

209 471 373 506 virginibus.
401 475 431 498 ut
459 480 540 506 quem
567 473 727 506 quaerebant
747 479 930 507 assequamur
948 483 955 501 :
972 477 999 501 et

209 523 259 551 pro
272 524 305 544 eo
323 517 394 551 quod
423 518 532 549 ait‘ille,
555 517 640 544 Vide:
660 518 749 545 locum
773 518 886 550 indicat,
901 519 928 545 in
943 526 999 554 quo

208 561 245 588 sit
259 562 283 589 is
299 570 378 596 quem
394 566 530 596 qumrunt,
547 562 696 598 itidemque
718 570 773 598 quo
788 564 927 598 respiciat.
951 564 998 591 Sic

206 608 280 634 enim
295 608 331 634 ait
345 618 352 635 -.
368 608 500 643 Cognatas
523 617 595 635 metu
611 609 743 636 descendit
762 609 788 636 in
799 609 904 636 [tortum
920 617 997 637 suum

207 653 242 678 ad
255 652 360 687 phialas
375 655 517 680 aromatis.
542 652 681 680 Hactenus
701 653 868 686 ostenditur,
883 654 928 681 ubi
948 655 996 681 sit.

207 699 342 734 Deinceps
362 708 436 731 vero,
458 700 523 735 quid
546 703 662 734 spectet,
679 704 706 727 et
719 707 774 735 quo
798 701 939 735 respiciat,
953 702 996 730 his

207 745 298 772 verbis
324 747 452 779 magistra
476 750 630 772 monstrat:
652 745 684 773 Ut
707 750 798 778 pascat
814 747 840 773 in
862 747 956 777 hortis.
971 751 997 774 et

206 790 314 824 colligat
342 790 411 816 lilia.
430 789 519 824 Atque
535 790 592 817 haec
608 791 686 824 quasi
711 791 835 826 quaedam
864 798 996 826 corporea

204 841 232 862 et
256 839 370 862 externa
396 839 437 862 est
464 842 515 869 pro
535 835 691 870 jnvencnlis
709 837 899 868 manuductio,
923 838 996 865 unde

205 881 361 917 intelligunt
377 882 429 909 illa:
446 889 501 909 tam
516 882 563 909 ubi
576 883 622 914 sit,
633 889 716 917 quam
731 890 786 918 quo
801 882 942 918 respiciat.

239 1031 358 1059 Omnino
375 1040 440 1060 vero
457 1032 539 1060 etiam
557 1032 662 1060 utilitas
679 1033 770 1068 aliqua
788 1034 822 1061 de
839 1034 883 1062 his
901 1035 994 1062 verbis

202 1084 218 1104 a
243 1082 341 1105 sancto
367 1077 472 1113 Spiritu
500 1078 632 1113 profectis
651 1079 824 1114 percipienda
839 1081 917 1107 nobis
933 1085 991 1113 est,

203 1123 286 1156 idque
307 1130 354 1157 per
372 1123 633 1157 c0utemplationcm
653 1123 833 1158 spiritualem.
855 1125 922 1151 Cum
943 1125 994 1158 igi-

202 1171 247 1194 tur
264 1168 391 1194 audimus
413 1168 471 1194 lnec
488 1168 588 1194 verba:
606 1166 742 1202 Cognatus
763 1176 836 1196 mens
857 1169 993 1196 descendit

202 1214 229 1239 in
244 1213 350 1239 hortum
364 1221 442 1239 suum
454 1221 462 1239 :
478 1217 565 1239 totum
579 1211 719 1248 Evangelii
734 1214 894 1249 mysterium
907 1214 993 1242 disci-

201 1265 279 1291 mus,
296 1259 419 1292 quolibet
436 1265 467 1285 ex
483 1258 526 1285 his
542 1259 676 1286 vocabulo
692 1267 751 1286 rem
766 1267 895 1287 arcanam
912 1261 992 1289 nobis

200 1304 369 1332 declaraute.
389 1305 524 1332 Nimirum
541 1307 612 1341 quod
631 1307 655 1336 is
672 1306 744 1333 Deus
756 1326 762 1338 ,
777 1306 824 1340 qui
840 1306 867 1332 in
883 1314 915 1334 eo
932 1307 991 1341 ipso

201 1349 354 1382 patefactus
367 1353 409 1376 est
426 1350 452 1376 in
469 1358 567 1383 carne,
584 1351 648 1385 quia
662 1351 695 1378 de
710 1349 780 1378 Juda
793 1355 871 1378 ortus
887 1355 948 1383 est,
964 1356 992 1379 et

200 1386 329 1428 gentibus
346 1395 374 1422 in
390 1395 508 1430 caligine
524 1400 605 1431 atque
619 1397 717 1423 umbra
739 1397 836 1424 mortis
867 1396 990 1424 sedenti-

203 1443 253 1470 bus
291 1441 401 1473 illuxit,
419 1446 493 1469 recte
507 1445 533 1468 et
550 1447 611 1477 apta
627 1442 734 1470 ratione
748 1443 859 1477 cognati
878 1442 989 1469 nomine

199 1493 216 1513 a
231 1488 399 1520 desponsata
418 1487 469 1514 sibi
485 1487 518 1514 ad
533 1491 664 1514 aeternam
690 1488 915 1522 conjunctionem
941 1495 989 1523 ap-

1053 247 1120 274 ὃπου
1136 247 1165 274 δὲ
1178 247 1326 275 ἀποϐλέπει
1342 248 1518 284 διδαχθεῖσαι,
1530 248 1601 275 οὕτω
1619 250 1755 284 στήσωσιν
1776 251 1840 277 ἑαυ-

1053 293 1117 324 τάς·
1131 293 1201 319 ὥστε
1225 294 1272 320 καὶ
1291 294 1386 326 αὑταῖς
1403 294 1553 329 ὲποφθῆναι
1568 294 1617 330 τὴν
1635 294 1713 327 δόξαν
1736 295 1818 321 αὐτοῦ
1830 303 1836 310 ·

1052 335 1083 364 οὗ
1097 339 1113 373 ἠ
1128 339 1274 372 ἐπιφάνεια
1297 340 1418 375 σωτηρία
1433 340 1487 367 τῶν
1501 340 1704 367 ἐποπτευόντων
1722 341 1837 374 γίνεται,

1052 384 1143 416 καθώς
1157 393 1239 420 φησιν
1254 386 1268 412 ὁ
1283 386 1440 421 Προφήτης,
1457 387 1498 413 ὅτι
1519 387 1683 421 Ἐπιςρανον
1696 386 1729 412 τὸ
1745 387 1837 420 rrde-

1051 432 1133 456 ωπόν
1145 438 1214 463 σου,
1227 430 1275 458 καὶ
1288 432 1495 465 σωθησόμεθα.
1509 432 1563 458 Καὶ
1575 433 1591 466 ὴ
1607 431 1763 462 διδάσκαλος
1775 429 1836 457 καθ’

1051 478 1195 513 ὁμοιότητα
1213 477 1345 504 Φιλίππου
1366 478 1413 505 τοῦ
1433 479 1555 510 εἰπόντος
1567 487 1575 494 ·
1592 479 1700 512 Ἔρχου
1714 478 1762 505 καὶ
1779 477 1835 510 Ιδε,

1051 523 1210 558 καθηγεῖται
1236 523 1289 550 τῶν
1314 524 1423 551 πάντων
1448 524 1516 560 πρὸς
1538 523 1587 559 τὴν
1601 523 1647 549 τοῦ
1669 523 1834 558 ζητουμένου

1051 569 1211 604 κατάληψιν,
1229 570 1289 596 ἀντὶ
1303 568 1350 595 τοῦ
1369 570 1466 602 εἰπεῖν,
1483 569 1513 595 τὺ
1531 569 1597 601 Ἴδε,
1610 569 1655 596 τὸν
1669 569 1750 595 τόπον
1767 569 1834 595 ὑπο-

1049 614 1208 641 δεικνύουσα
1227 615 1255 641 ὲν
1275 611 1297 648 ᾧ
1313 615 1387 641 ἐστιν
1399 616 1413 641 ό
1432 614 1596 650 ζητούμενος
1606 615 1675 652 ,an‘t
1690 615 1757 641 ὅπου
1773 613 1835 649 βλέ-

1050 667 1105 687 πει.
1129 661 1197 695 Φησὶ
1221 661 1275 696 γάρ
1291 666 1297 676 ⁵
1311 661 1351 686 ὅτι
1385 659 1558 694 Ἀδελριδός
1577 670 1636 695 μου
1660 660 1767 693 κατέϐη
1791 660 1835 692 εἰς

1049 705 1149 740 κῆπον
1169 708 1212 740 εὶς
1237 707 1346 741 φιάλας
1368 707 1421 734 τοῦ
1447 707 1609 742 ἀρώματος.
1636 707 1705 738 Ἕως
1726 705 1833 737 τούτου.

1049 752 1078 778 ὲν
1090 747 1112 786 ᾧ
1124 753 1197 778 ἐστιν
1209 752 1260 779 ὑπὸ
1276 753 1322 779 τοῦ
1334 753 1412 787 λόγου
1430 754 1598 788 σημαίνεται.
1616 753 1652 779 Τὸ
1662 752 1690 778 δὲ
1704 752 1756 778 ἀπὸ
1777 751 1835 778 τού-

1048 807 1106 831 του,
1119 799 1145 825 τί
1156 799 1217 833 ὁρᾷ,
1233 800 1280 825 καὶ
1293 800 1359 826 ὅπου
1375 799 1466 834 βλέπει
1481 798 1518 835 τῷ
1535 799 1606 833 λόγῳ
1621 799 1781 832 δείκνυσινή
1794 797 1834 823 δι-

1048 844 1194 876 δάσκαλος,
1221 842 1350 878 λέγουσα·
1368 845 1408 872 ὅτι
1427 846 1597 880 Ποιμαίνειν
1611 845 1646 871 ἐν
1665 843 1772 876 κήποις
1784 841 1834 870 καὶ

1048 889 1193 925 συνάγειν
1208 891 1305 925 κρίνα.
1322 887 1397 925 Αὕτη
1416 891 1464 926 μὲν
1480 892 1496 926 ὴ
1518 890 1670 926 σημαντικὴ
1687 889 1733 929 τοῦ
1754 889 1833 923 λόγου

1047 937 1114 971 πρὸς
1132 936 1181 968 τὰς
1196 933 1318 968 νεάνιδας
1337 937 1410 963 ἐστιν
1433 934 1527 972 ὁδηγία
1556 936 1589 963 δι’
1608 933 1644 963 ὧν
1669 936 1832 970 μανθάνουσι

1046 982 1093 1008 καὶ
1106 982 1173 1008 ὅπου
1187 983 1255 1015 ἐστὶ,
1270 982 1318 1009 καὶ
1330 983 1396 1009 ὅπου
1411 982 1512 1017 βλέπει.

1080 1028 1139 1063 Χρὴ
1152 1028 1180 1054 δὲ
1201 1028 1309 1060 πάντως
1325 1029 1371 1056 καὶ
1392 1029 1422 1055 τδ
1434 1029 1570 1063 ὠφέλιμον
1586 1029 1636 1064 τῆς
1653 1027 1831 1055 θεοπνεύστου

1044 1073 1145 1108 ταύτης
1159 1073 1305 1107 ἐπιγνῶναι
1318 1075 1428 1110 Γραφῆς
1442 1074 1485 1101 διὰ
1497 1074 1545 1108 τῆς
1560 1075 1746 1109 πνευματικῆς
1765 1074 1831 1100 θεω-

1045 1119 1114 1153 ρίας.
1136 1118 1241 1145 Οὐκοῦν
1255 1119 1319 1146 ’ὁταν
1331 1118 1492 1154 ἀκούσωμεν
1510 1118 1550 1145 ὄτι
1573 1116 1743 1153 Ἄδελφιδῶς
1763 1126 1832 1145 κατέ

1043 1164 1095 1198 έϐη
1104 1166 1148 1197 εὶς
1158 1159 1257 1199 κῆπον
1266 1166 1370 1197 αὑτοῦ,
1378 1165 1408 1191 τὸ
1433 1165 1615 1199 Εὑαγγελικὺν
1630 1166 1776 1201 μυστήριον
1786 1165 1831 1192 διὰ

1042 1211 1097 1238 τῶν
1108 1211 1260 1247 εἰρημένων
1282 1211 1470 1246 μανθάνομεν,
1493 1212 1607 1238 ἑκάστου
1626 1211 1680 1237 τῶν
1691 1211 1832 1246 ὀνομάτων
1862 1222 1869 1226 -

1042 1256 1136 1283 τοῦτον
1150 1256 1196 1283 τδν
1211 1257 1339 1291 μυστικδν
1354 1257 1433 1291 λόγον
1457 1258 1522 1292 ἡμῖν
1539 1257 1748 1292 σαφηνίζοντος’
1771 1257 1785 1282 ὁ
1801 1258 1830 1283 ἐν

1044 1303 1126 1338 σαρκὶ
1138 1303 1302 1338 φανερωοεὶς
1319 1303 1397 1335 Θεὸς,
1411 1303 1454 1330 διὰ
1467 1304 1496 1330 τὸ
1513 1301 1543 1335 ἐξ
1560 1303 1644 1330 Ἰούδα
1660 1303 1709 1338 μὲν
1724 1304 1830 1330 ἀνατεῖ-

1042 1349 1095 1380 λαι,
1121 1349 1227 1384 λάμψαι
1243 1349 1270 1375 δὲ
1290 1351 1346 1381 τοῖς
1362 1349 1450 1376 ἔθνεσι
1465 1351 1520 1381 τοῖς
1541 1351 1570 1376 ἐν
1594 1351 1682 1377 σκότει
1699 1351 1744 1376 καὶ
1765 1351 1829 1384 σκιᾷ

1041 1395 1155 1421 θανάτου
1168 1395 1340 1430 καθημένοις.
1348 1396 1437 1427 καλῶς
1451 1392 1498 1422 καὶ
1509 1396 1654 1431 προσφυῶς
1667 1396 1705 1430 τῷ
1716 1395 1829 1431 ὀνόματι

1040 1440 1087 1466 τοῦ
1103 1440 1243 1473 ἀδελφιδοῦ
1263 1439 1339 1475 παρὰ
1359 1440 1408 1474 τῆς
1432 1440 1644 1475 μνηστευθείσης
1663 1440 1736 1474 αὑτῷ
1761 1440 1829 1476 πρὸς

1040 1485 1123 1511 ἀΐδιον
1141 1484 1268 1518 συζυγίαν
1289 1484 1518 1520 κατονομάζεται,
1544 1485 1659 1520 ἀδελφῆς
1676 1485 1758 1521 οὔσης
1780 1485 1828 1512 τοῦ

200 1531 329 1566 pelletur,
347 1532 423 1566 quod
440 1540 472 1559 ca
488 1533 582 1567 populi
598 1541 632 1560 ex
648 1532 719 1560 Juda
736 1533 790 1560 orti
808 1541 888 1562 soror
904 1540 986 1561 esset.

1048 1531 1131 1557 Ἰούδα
1151 1531 1226 1557 λαοῦ.
1254 1530 1291 1557 Τὸ
1306 1529 1335 1557 δὲ
1344 1531 1466 1566 Κατέὸη,
1488 1529 1571 1566 δηλοῖ,
1588 1531 1629 1558 ὅτι
1649 1530 1693 1558 διὰ
1713 1531 1758 1557 τὸν
1774 1531 1828 1558 ἀπὸ

201 1575 319 1604 Verbum
344 1581 454 1609 autem,
477 1577 644 1610 Descendit,
666 1577 803 1613 signiﬁcat
824 1583 935 1614 propter
955 1579 989 1605 il-

200 1623 256 1650 lum
268 1643 275 1654 ,
289 1623 336 1658 qui
350 1621 531 1658 Jerosolymis
544 1622 655 1650 Iericho
670 1623 816 1651 descendit
826 1644 834 1656 ,
851 1624 935 1659 inque
951 1624 991 1651 la-

199 1671 295 1694 trones
321 1667 420 1694 incidit
433 1667 456 1683 ⁶⁶
471 1675 478 1694 :
496 1671 608 1702 propter
633 1667 706 1695 hunc
733 1668 817 1703 igitur
841 1668 868 1695 in
895 1668 990 1697 hostes

199 1714 304 1748 lapsum
316 1733 323 1746 ,
336 1713 418 1740 etiam
432 1713 522 1748 ipsum
534 1713 712 1741 descendisse
726 1723 733 1740 :
747 1722 801 1749 quo
817 1714 990 1749 significatur

199 1758 270 1785 facta
283 1765 316 1785 ex
333 1758 464 1785 ineﬂabili
481 1759 624 1793 majestate
637 1759 669 1786 ad
685 1759 868 1787 humilitatem
883 1765 989 1788 natura:

198 1809 300 1832 nostrae
312 1804 456 1832 demissio.
474 1803 513 1831 Ex
530 1804 603 1832 horti
621 1806 767 1840 aenigmate
782 1805 925 1839 discimus,
939 1814 987 1834 ve-

198 1857 258 1878 rum
276 1850 351 1877 illum
368 1850 515 1885 agricolam
533 1850 566 1877 de
583 1851 690 1885 integro
704 1858 799 1878 arvum
818 1859 898 1878 suum
912 1853 984 1887 plan-

197 1900 256 1924 tare
269 1916 276 1928 ,
296 1897 426 1923 nimirum
443 1903 494 1923 nos
515 1896 650 1924 homines.
680 1896 787 1924 Etenim
811 1905 863 1925 nos
889 1905 985 1925 arvum-

197 1943 284 1977 tpsius
306 1950 421 1974 smnus,
439 1943 671 1977 quemadmodum
693 1943 795 1971 Paulus
818 1943 939 1979 loquitur
953 1946 985 1973 ⁸⁷.

198 1988 292 2022 Itaque
307 1995 369 2015 cum
388 1989 448 2023 ipse
465 1989 501 2015 sit
516 1989 554 2021 is,
570 1989 616 2023 qui
635 1997 727 2016 rerum
746 1989 825 2016 initio
840 1990 987 2024 plantatio-

198 2042 258 2061 nem
276 2034 402 2061 humanae
419 2038 525 2062 natura:
540 2036 676 2063 consitam
692 2043 707 2062 a
724 2035 804 2063 Patre
818 2037 924 2064 caelesti
943 2046 987 2064 ex-

197 2079 283 2106 coluit
296 2079 323 2105 in
340 2079 468 2114 paradiso
482 2089 488 2107 :
504 2087 568 2115 aper
581 2084 672 2108 autem
688 2081 836 2116 singularis
850 2086 876 2109 et
890 2083 986 2109 imma-

197 2126 239 2153 nis
255 2126 366 2152 hortum
384 2125 479 2158 illum,
504 2127 633 2153 nimirum
653 2134 719 2159 nos,
739 2127 912 2161 depraedatus
933 2128 985 2161 sit,

196 2179 347 2207 arvumque
369 2172 494 2199 divinum
519 2173 654 2200 vastarit:
675 2173 748 2200 hanc
762 2174 849 2208 ipsam
866 2174 902 2201 ob
919 2181 985 2202 cau-

196 2224 253 2244 sam
278 2217 436 2250 descendit,
461 2223 492 2245 ut
516 2218 635 2246 ediceret
660 2226 714 2254 quo
737 2218 834 2246 hortus
858 2219 983 2248 desertus

196 2270 304 2290 rursum
321 2271 371 2298 per
386 2264 517 2291 virtutum
534 2266 718 2293 consitionem
734 2270 898 2299 ornaretur;
915 2274 984 2301 puro

195 2316 227 2336 ac
243 2309 336 2336 divino
350 2309 484 2337 doctrinae
500 2310 576 2338 fonte
593 2311 626 2338 ad
641 2311 751 2345 plantas
766 2311 925 2346 h'ujusmodi
942 2311 983 2339 fo-

196 2353 312 2385 vendas,
330 2361 379 2388 per
392 2355 527 2389 quosdam
543 2356 622 2390 quasi
641 2356 715 2383 rivos
737 2356 874 2383 sermonis
897 2356 984 2384 dedu-

195 2404 248 2427 cto.
265 2399 367 2427 Phiala:
383 2405 472 2427 autem
488 2402 619 2428 aromatis
635 2402 769 2429 hactenus
782 2402 986 2438 in'descriptio-

196 2454 230 2474 ne
244 2446 459 2481 pulchritudinis
477 2448 571 2481 sponsi
588 2449 620 2474 ml
639 2448 812 2475 maxillarum
828 2451 984 2477 encomiutu

196 2493 308 2520 fuerunt
323 2493 555 2524 accommodate,
572 2493 675 2528 quibus
691 2495 747 2521 cibi
769 2494 929 2529 spirituales
951 2495 985 2522 ad

160 2546 163 2547 '
196 2547 277 2567 usum
292 2539 495 2574 pascendorum
518 2540 766 2568 comminuuntur:
786 2540 832 2568 hie
847 2549 912 2568 vero
934 2549 985 2575 pro

195 2585 256 2612 loco
271 2587 430 2615 sumuntur,
454 2592 509 2619 quo
539 2592 658 2619 sponsus
683 2585 784 2619 degat:
810 2585 985 2613 discentibus

193 2638 227 2658 ex
241 2638 276 2658 eo
290 2630 389 2662 nobis,
415 2638 471 2657 non
495 2632 602 2658 versari
628 2639 762 2666 sponsum
780 2639 810 2659 ca
825 2632 852 2658 in
873 2633 964 2658 anima
975 2652 983 2664 ,

194 2677 241 2704 ubi
254 2677 389 2704 virtutum
403 2677 527 2711 quaedam
541 2677 577 2705 sit
589 2678 712 2705 solitudo
725 2686 733 2711 ;
747 2678 793 2705 sed
809 2686 870 2710 qua:
885 2685 985 2704 secun-

194 2722 260 2749 dum
274 2723 409 2750 hactenus
423 2722 543 2750 indicata
555 2743 562 2756 ,
577 2720 707 2752 aromatis
720 2727 761 2751 est
773 2723 864 2758 phiala
875 2744 881 2755 ,
894 2726 921 2750 et
934 2729 985 2749 un-

193 2773 294 2803 guenta
316 2767 433 2803 profert.
457 2769 508 2802 Qui
535 2770 599 2797 talis
621 2773 680 2803 est,
697 2769 721 2798 is
736 2769 880 2804 sapientia:
893 2773 985 2797 crater

1047 1576 1222 1611 Ἰερουσαλὴμ
1241 1577 1269 1608 ὲς
1289 1573 1392 1612 Ἰεριχὼ
1413 1577 1579 1608 καταϐάντα,
1597 1578 1643 1604 καὶ
1668 1577 1697 1603 ἐν
1712 1578 1767 1609 τοῖς
1780 1577 1827 1614 λῃ-

1042 1623 1118 1654 σταῖς
1132 1622 1292 1657 γενόμενον·
1306 1622 1351 1649 διὰ
1367 1622 1445 1649 τοῦτο
1457 1623 1504 1649 καὶ
1516 1623 1597 1654 αὐτὸς
1611 1625 1644 1659 τῇ
1659 1623 1764 1659 καθόδῳ
1779 1620 1827 1651 τοῦ

1040 1667 1205 1702 ἐμπεσόντος
1219 1669 1275 1699 τοῖς
1287 1667 1424 1703 πολεμίοις
1441 1669 1667 1704 συγκατέρχεται⁵
1676 1669 1708 1695 δι’
1722 1666 1759 1696 ὧν
1779 1677 1827 1704 ση-

1042 1715 1130 1750 μαίνει
1147 1714 1195 1750 τὴν
1218 1714 1250 1741 ὲκ
1270 1714 1320 1749 τῆς
1334 1715 1472 1750 ἀφράστου
1492 1714 1698 1750 μεγαλειότητος
1712 1716 1826 1751 γενομέδ

1040 1769 1088 1796 νην
1101 1761 1147 1787 ἐπὶ
1156 1761 1186 1786 τὸ
1195 1760 1320 1787 ταπεινὸν
1332 1761 1380 1795 τῆς
1395 1761 1501 1795 φύσεως
1516 1762 1593 1796 ἡμῶν
1609 1762 1808 1795 συγκατάϐασιν
1817 1770 1824 1777 ·

1039 1807 1083 1834 διὰ
1100 1807 1129 1833 δὲ
1145 1806 1192 1833 τοῦ
1203 1806 1273 1833 κατὰ
1284 1807 1330 1833 τὸν
1347 1807 1433 1842 κῆπον
1448 1805 1607 1842 αἰνίγματος
1624 1807 1704 1834 τοῦτο
1722 1807 1826 1842 μανθά-

1039 1861 1131 1889 νομεν,
1147 1854 1187 1880 ὃτι
1199 1853 1362 1888 ἀναφυτεύει
1377 1853 1407 1879 τὺ
1421 1853 1517 1879 ἑαυτοῦ
1530 1853 1662 1888 γεώργιον
1675 1854 1689 1880 ὸ
1700 1853 1826 1888 ἀληθινὸς

1037 1899 1159 1933 γεωργὸς
1176 1899 1249 1934 ἡμᾶς
1264 1899 1327 1930 τοὺς
1348 1898 1516 1934 ἀνθρώπους.
1548 1899 1642 1934 Ἡμεῖς
1667 1900 1720 1934 γάρ
1742 1901 1826 1935 ἐσμεν

1037 1945 1119 1971 αὐτοῦ
1137 1944 1268 1980 γεώργιον
1283 1944 1352 1971 κατὰ
1372 1944 1421 1979 τὴν
1439 1944 1545 1972 Παύλου
1566 1946 1667 1980 φωνήν.
1689 1946 1765 1973 Ἐπεὶ
1778 1943 1825 1973 οὖν

1037 1992 1139 2023 ἐκεῖνός
1155 1992 1238 2022 ἐστιν,
1261 1992 1275 2017 ὁ
1292 1991 1431 2026 καταρχὰς
1451 1992 1480 2017 ὲν
1495 1991 1649 2026 παραδείσῳ
1663 1992 1824 2026 γεωργήσας

1036 2036 1086 2071 τὴν
1095 2035 1269 2071 ἀνθρωπίνην
1283 2036 1371 2070 φύσιν,
1381 2036 1413 2070 ἢν
1424 2035 1572 2070 ἐφύτευσεν
1584 2035 1598 2061 ὁ
1610 2036 1704 2071 Πατὴρ
1716 2037 1730 2062 ὁ
1743 2036 1824 2071 οὖρά-

1036 2090 1106 2113 νιος·
1125 2082 1169 2108 διὰ
1183 2081 1262 2109 τοῦτο
1272 2082 1318 2108 τοῦ
1338 2081 1428 2117 μονιοῦ
1444 2081 1491 2109 τοῦ
1505 2081 1600 2117 ἀγρίου
1621 2082 1824 2117 κατανεμηθέν-

1036 2135 1081 2159 τος
1097 2128 1175 2162 ἡμῶν
1189 2127 1233 2154 τὸν
1242 2128 1329 2163 κῆπον
1339 2128 1386 2155 καὶ
1400 2128 1595 2164 λυμαινομένου
1606 2127 1636 2154 τὸ
1651 2128 1720 2154 θεῖον
1734 2128 1822 2163 γεώρ-

1036 2181 1105 2207 γιον,
1125 2173 1225 2209 κατέϐη
1249 2174 1297 2200 τοῦ
1317 2174 1396 2200 πάλιν
1419 2173 1529 2209 ποιῆσαι
1552 2174 1639 2209 κῆπον
1658 2174 1706 2209 τὴν
1721 2174 1822 2210 ἔρημον

999 2213 1021 2240 Ι)
1035 2219 1068 2254 τῇ
1088 2218 1141 2246 τῶν
1158 2219 1263 2254 ἀρετῶν
1280 2219 1376 2254 φυτεία
1394 2219 1628 2255 καλλωπιζόμενον
1641 2227 1649 2235 ’
1673 2220 1721 2255 τὴν
1737 2220 1823 2246 καθα-

1038 2265 1088 2301 ρὰν
1102 2265 1150 2291 καὶ
1169 2264 1244 2291 θείαν
1264 2265 1312 2299 τῆς
1329 2265 1499 2296 διδασκαλίας
1516 2265 1617 2300 πηγὴν.
1638 2266 1683 2291 ἐπὶ
1703 2265 1750 2300 τὴν
1770 2265 1822 2291 τῶν

1037 2310 1163 2338 τοιούτων
1181 2310 1271 2344 φυτῶν
1291 2310 1450 2345 ἐπιμέλειαν
1473 2311 1606 2346 ὸχετήσας
1625 2310 1664 2345 τῷ
1683 2310 1753 2346 λόγῳ
1765 2319 1771 2326 ’
1793 2309 1822 2338 αἱ

1037 2357 1065 2383 δὲ
1075 2356 1121 2383 τοῦ
1134 2356 1278 2392 manus;
1295 2356 1388 2391 φιάλαι
1404 2357 1432 2382 ὲν
1453 2352 1502 2391 μὲν
1515 2357 1548 2391 τῇ
1565 2355 1611 2382 τοῦ
1629 2355 1742 2387 κάλλους
1754 2357 1820 2382 ὑπο-

1036 2405 1140 2438 γραφῇ,
1157 2403 1225 2438 πρὸς
1238 2403 1267 2429 τὺ
1279 2402 1333 2428 τῶν
1346 2402 1476 2436 σιαγόνων
1493 2401 1629 2436 ἐγκώμιον
1644 2400 1821 2437 παρελήφθὴ-

1037 2457 1096 2480 σαν,
1114 2449 1146 2475 δι’
1161 2445 1198 2475 ὧν
1220 2447 1421 2475 καταλεαίνεται
1440 2448 1473 2474 τὰ
1491 2448 1663 2483 πνευματικὰ
1679 2448 1751 2474 σιτία
1765 2449 1821 2480 τοῖς

1034 2494 1210 2530 τρεφομένοις
1223 2503 1230 2509 ·
1245 2493 1359 2520 ἐνταῦθα
1370 2493 1396 2519 δὲ
1408 2493 1488 2525 τόπος
1503 2491 1571 2519 εἶναι
1585 2493 1631 2519 τοῦ
1643 2493 1758 2527 νυμφίου
1775 2491 1821 2519 καὶ

1036 2540 1195 2574 ἐνδιαίτημα
1211 2540 1285 2575 παρὰ
1298 2539 1344 2566 τοῦ
1359 2539 1437 2572 λόγου
1456 2539 1585 2574 μηνύεται
1597 2544 1604 2553 ⁶
1627 2539 1703 2565 τοῦτο
1719 2540 1821 2574 μανοα-

1034 2585 1133 2611 νόντων
1151 2584 1240 2619 ἡμῶν,
1265 2585 1305 2610 ὅτι
1321 2583 1382 2610 οὔτε
1405 2585 1432 2610 ἐν
1450 2585 1546 2620 ἐρήμῳ
1564 2584 1618 2611 τῶν
1631 2584 1734 2618 ἀρετῶν
1748 2584 1818 2619 ψυχῇ

1033 2631 1148 2666 νυμφίος
1169 2629 1317 2661 αὐλίζεται,
1339 2630 1365 2656 et
1386 2639 1429 2661 τις
1450 2630 1520 2656 κατὰ
1541 2628 1585 2656 τὸν
1603 2629 1819 2664 προαποδοθέντα

1032 2675 1111 2710 λόγον
1136 2676 1217 2711 φιάλη
1243 2675 1387 2710 ἀρωματος
1410 2676 1514 2710 γένοιτο
1536 2674 1638 2709 φύουσα
1668 2675 1815 2710 μυρεψική.

1039 2723 1068 2748 ὐ
1080 2721 1198 2754 τοιοῦτος
1212 2721 1317 2757 κρατὴρ
1332 2722 1381 2756 τῆς
1395 2722 1490 2755 σοφίας
1507 2720 1658 2756 γενόμενος.
1671 2721 1777 2755 δέχεται
1791 2722 1819 2746 ὲν

1033 2766 1121 2802 ἑαυτῷ
1135 2765 1181 2793 τὸν
1193 2766 1262 2793 θεῖον
1275 2767 1321 2793 καὶ
1334 2767 1470 2802 ἀκήρατον
1481 2765 1561 2799 οἶνον,
1576 2766 1608 2792 δι’
1620 2764 1650 2792 οὗ
1662 2767 1766 2800 γίνεται
1780 2765 1818 2800 τῷ

227 2856 250 2873 ⁸³
267 2855 342 2885 Psal.
357 2865 450 2892 uxtx,
465 2859 492 2886 4.
531 2859 553 2875 ⁸⁸
571 2858 638 2887 Luc.
661 2867 689 2890 χ,
703 2858 739 2886 50
754 2865 815 2893 sqq.
853 2858 875 2874 "
894 2857 979 2898 lCor.

1054 2857 1070 2884 6
1087 2863 1138 2892 sqq
