1978 3068
130 106 197 134 1093

622 106 659 134 ΙΝ
681 104 828 135 CANTICA
849 104 983 134 CANTIC.
1005 105 1146 135 llOMILIA
1166 105 1224 134 XV.

1684 108 1751 139 1094

127 167 266 202 δεξαμένῳ
279 167 296 203 ἡ
310 163 474 202 εὐφροσύνη.
505 166 533 193 '0
550 164 578 193 δὲ
591 167 690 202 ἑφεξῆς
705 167 782 202 λόγος
798 167 916 194 διδάσκει

972 165 1059 192 factus
1069 185 1076 196 ,
1092 165 1216 192 divinum
1231 167 1258 192 et
1274 164 1463 201 incorruptum
1479 173 1572 195 vtnum
1589 167 1616 194 in
1631 175 1692 195 sese
1707 176 1751 195 rc-

129 213 202 248 ἡμᾶς
217 213 306 244 ποίαις
327 213 422 247 νομαῖς
438 212 473 238 τὰ
497 212 610 248 ποίμνια
627 213 673 240 τοῦ
692 213 774 240 καλοῦ
789 212 917 248 ποιμένος

129 258 273 285 πιαίνεται.
299 258 336 285 οὐ
355 259 409 294 γὰρ
428 259 466 290 εἱς
482 259 600 294 ἐρήμους
611 259 687 291 τινὰς
706 260 752 287 καὶ
768 259 917 294 άκανθοφό-

129 313 193 341 ρους
207 305 305 336 τόπους
315 304 452 338 ἐξελαύνει
463 305 497 331 τὰ
511 305 643 340 πρόϐατα,
652 305 722 333 ὥστε
735 306 784 342 τὴν
796 305 916 342 χορτώδη

127 349 277 386 δρέψασθαι
292 350 374 376 πόαν·
393 350 462 376 ἀλλὰ
480 350 567 387 τροφὴ
578 351 719 386 πρόκειται
729 351 819 383 αὐτοῖς
832 352 866 379 τὰ
884 352 917 378 ὲκ

127 395 182 422 τῶν
195 395 292 431 κήπων
311 396 458 431 άρὼματα⁸
469 397 530 423 ἀντὶ
540 397 568 423 δὲ
581 397 686 433 χόρτου,
698 398 728 424 τὸ
741 398 833 434 κρίνον
845 399 914 433 γίνε-

127 450 182 473 ται,
197 442 265 477 ὅπερ
281 442 348 476 φησὶ
362 442 436 477 παρὰ
452 442 498 469 τοῦ
513 443 640 478 ποιμένος
650 444 691 476 είς
705 444 851 480 διατροφὴν
862 445 916 473 τῶν

125 487 272 522 προϐάτων
296 487 481 522 συλλέγεσθαι.
514 489 606 516 Ταῦτα
625 489 830 524 φιλοσοφοῦντος
851 491 917 526 ἡμῖν

121 533 173 559 ’διὰ
190 533 292 560 τούτων
312 533 359 560 τοῦ
379 534 469 569 λόγου,
486 535 527 561 ὅτι
549 537 565 572 ἡ
584 537 745 572 περιεκτικὴ
764 537 818 564 τῶν
833 538 916 565 ὄντων

131 578 210 611 φύσις
234 579 281 605 καὶ
297 578 426 613 δύναμις,
451 580 540 607 πάντα
556 573 585 606 ἓν
601 580 683 616 ἑαυτῇ
710 582 914 618 περιείργουσα,

128 623 210 650 τόπον
232 624 331 659 ἑαυτῆς
346 625 392 651 καὶ
414 625 530 661 χώρημα
550 629 666 653 ποιεῖται
693 627 748 654 τῶν
766 628 917 663 δεχομένων

129 668 178 704 τὴν
198 669 379 705 καθαρότητα,
397 671 425 696 ὲν
441 667 482 702 οἷς
499 672 513 698 ὁ
531 671 674 705 πολυειδῶς
686 673 730 700 διὰ
742 674 795 701 τῶν
811 675 917 710 ἀρετῶν

128 715 336 750 γεωργούμενος
351 716 448 751 κῆπος,
467 717 538 752 κομᾷ
553 717 601 752 μὲν
615 720 669 750 τοῖς
683 720 736 746 τῶν
752 722 851 757 κρίνων
868 722 916 750 ἇν-

132 761 199 792 θεσι,
217 760 292 796 βρύει
306 761 334 787 δὲ
349 763 380 796 τῇ
394 761 447 788 τῶν
461 763 614 798 ἀρωμάτων
622 767 799 801 καρπογονίᾳ.
811 766 850 794 Τὰ
868 769 916 803 μὲν

134 806 183 841 γὰρ
203 806 284 842 κρίνα
302 806 348 833 τοῦ
368 807 495 842 λαμπροῦ
519 809 565 836 καὶ
587 810 707 846 καθαροῦ
732 812 780 847 τῆς
799 812 916 846 διανοίας

124 850 243 887 *αἴνιγμα
260 851 383 886 γίνεται·
409 854 426 888 ή
449 853 476 880 δὲ
497 853 551 880 τῶν
570 855 723 890 ἀρωμάτων
743 857 865 890 εῧπνοια,
887 860 917 886 τὸ

133 897 220 933 πάσης
236 898 376 934 ἁμαρτιῶν
385 898 513 931 δυσωδίας
527 900 672 938 ἀλλοτρίως
685 903 767 937 ἔχειν.
781 904 918 937 Τοιούτοις

130 940 176 969 οὖν
190 951 256 977 φησι
269 944 313 970 τὸν
328 944 382 970 τῶν
397 945 512 979 λογικῶν
524 947 671 983 ἐπιστάτην
683 950 816 984 ποιμνίων
828 951 919 978 ἐναναν-

124 989 310 1024 ιστρέφεσοαι.
338 991 366 1016 ὲν
383 991 432 1024 μὲν
449 992 504 1023 τοῖς
525 993 624 1028 κήποις
644 993 808 1028 νομεῦοντα,
839 996 872 1022 τά
891 997 919 1023 δὲ

132 1034 210 1070 κρίνα
227 1035 294 1070 πρὸς
306 1035 354 1071 τὴν
367 1036 420 1062 τῶν
433 1038 576 1072 προϐάτων
588 1040 734 1076 διατροφὴν
749 1042 875 1077 κείροντά
889 1052 919 1070 τε

133 1081 177 1107 καὶ
197 1081 375 1115 συλλέγοντα·
401 1082 472 1118 άπερ
487 1083 530 1109 διὰ
544 1085 590 1111 τοῦ
610 1087 727 1121 μεγάλου
745 1088 849 1114 Παύλου
864 1092 920 1121 τοῖς

127 1126 277 1161 ’προὸάτοις
293 1127 436 1162 προτίθησι
451 1128 498 1154 τοῦ
512 1130 543 1155 ὲκ
553 1130 600 1165 τῆς
613 1131 687 1163 οείας
700 1133 841 1168 ἀποθήκης
851 1143 914 1170 προ-

133 1171 274 1204 animo;
291 1172 356 1207 ἡμῖν
377 1173 427 1208 τὴν
443 1174 474 1200 ἐκ
488 1175 541 1200 τῶν
560 1177 660 1211 κρίνων
674 1177 836 1214 διατροφήν·
862 1179 920 1206 ἔστι

133 1216 158 1242 δὲ
172 1216 272 1249 ταῦτα,
294 1218 343 1245 ὅσα
366 1219 470 1255 ἀληθῆ,
495 1220 546 1247 ὅσα
561 1221 662 1257 σεμνά,
685 1223 734 1250 ὅσα
749 1224 855 1256 δίκαια,
871 1225 921 1252 ὅσα

134 1262 283 1298 προσφιλῆ,
299 1264 348 1290 ὅσα
365 1264 440 1299 ἆγια,
451 1267 501 1293 ὅσα
527 1266 651 1303 εὗφημα·
668 1268 695 1294 εί
708 1277 749 1300 τις
766 1270 862 1306 ἀρετὴ,
874 1272 922 1298 καὶ

134 1308 158 1334 εί
168 1316 210 1340 τις
224 1308 343 1341 ἔπαινος.
366 1311 459 1338 Ταῦτά
479 1314 546 1345 ἐστι,
560 1314 630 1341 κατά
645 1323 676 1349 γε
689 1315 734 1351 τὸν
746 1316 812 1350 ἐμὸν
831 1317 919 1351 λόγον,

134 1353 167 1380 τὰ
183 1354 263 1390 κρίνα
286 1353 326 1388 οἷς
344 1356 517 1394 διατρέφεται
534 1359 610 1394 παρὰ
627 1360 672 1387 τοῦ
692 1361 775 1388 καλοῦ
794 1363 922 1398 ποιμένος

132 1407 162 1426 τε
179 1401 228 1427 καὶ
243 1400 401 1429 διδασκάλου
416 1404 446 1430 τὸ
459 1405 593 1440 ποίμνιον.

968 211 1053 246 cipit,
1075 211 1148 246 quod
1169 211 1216 246 qui
1239 212 1359 246 recepit,
1379 212 1561 240 exbilaratur.
1585 213 1650 246 Qum
1671 222 1754 249 porro

968 261 1137 292 sequuntur,
1149 256 1271 284 indicant
1279 257 1435 292 cujusmodi
1450 259 1560 293 pascuis
1575 266 1671 294 greges
1685 268 1756 295 pra:-

968 303 1034 330 clari
1052 303 1124 330 illius
1142 303 1259 338 pastoris
1278 303 1469 339 pinguescant.
1483 304 1542 332 Non
1557 305 1631 332 enim
1647 306 1694 333 ille
1707 310 1755 333 αθ

968 353 1042 376 serta
1060 349 1185 384 quaedam
1211 349 1245 376 ad
1267 349 1326 377 loca
1350 350 1516 385 spinosaque
1530 350 1614 386 abigit
1629 359 1710 384 oves,
1726 356 1756 379 ut

968 402 1081 429 gramen
1108 394 1276 430 decerpant;
1302 395 1351 422 sed
1379 396 1434 423 cibi
1457 396 1518 423 loco
1544 397 1584 424 eis
1612 397 1756 424 hortorum

968 444 1090 467 aromata
1116 441 1262 476 proponit,
1287 445 1315 467 et
1336 448 1386 476 pro
1409 441 1534 475 gramine
1555 441 1659 474 lilium,
1683 443 1757 476 quod

967 486 1076 521 quidem
1093 486 1182 521 ipsum
1199 487 1238 514 ait
1252 494 1267 514 a
1285 492 1394 522 pastore
1417 487 1449 513 ad
1475 487 1588 516 alendus
1610 496 1675 516 oves
1697 489 1757 516 eol-

968 532 1028 566 ligi.
1045 531 1150 564 Quibus
1168 532 1258 560 verbis
1282 532 1456 567 significatur
1469 541 1536 561 sane
1549 541 1631 569 quam
1646 535 1757 569 sapien-

967 582 1019 611 ter,
1035 582 1161 606 naturam
1185 578 1259 606 illam
1284 586 1317 606 ac
1341 583 1520 614 potestatem,
1545 588 1606 615 qua:
1628 580 1758 608 universa

968 625 1160 660 complectitur
1183 630 1210 653 et
1234 625 1376 658 continet,
1405 627 1499 653 locum
1521 631 1546 653 et
1566 627 1684 661 spatium
1705 626 1758 653 sibi

968 671 1139 699 constituere
1161 671 1269 698 illorum
1293 672 1319 698 in
1344 672 1483 706 puritate,
1500 673 1546 707 qui
1571 673 1660 707 ipsum
1685 673 1758 700 reci-

970 717 1066 752 piunt,
1081 723 1108 744 et
1123 717 1150 744 in
1173 717 1273 752 quibus
1296 718 1487 752 multipliciter
1503 718 1651 746 virtutibus
1663 719 1759 746 excul-

969 768 1014 791 tus
1037 764 1135 791 hortus
1160 763 1279 791 liliorutn
1301 763 1415 791 floribus
1438 764 1528 799 viget,
1550 769 1759 799 aromatumque

969 808 1075 836 fructus
1088 809 1216 843 copiosos
1231 808 1330 836 futtdit.
1349 808 1414 835 Nam
1431 809 1487 836 lilia
1504 809 1614 844 quidem
1630 810 1759 844 splendo-

969 855 1008 882 ris
1025 859 1051 883 et
1066 855 1195 890 puritatis
1220 855 1247 882 in
1271 858 1363 881 mente
1379 854 1517 889 quoddam
1533 855 1649 890 aenigma
1671 860 1736 882 sunt
1750 864 1758 886 ς

969 905 1125 929 aromatum
1142 909 1206 928 vero
1232 901 1382 935 fragrantia
1403 901 1539 935 signiﬁcat
1557 901 1728 928 aﬂ'ectionem
1744 908 1759 928 a

971 947 1068 975 faetore
1080 952 1256 982 peccatorum
1268 947 1471 974 abhorrentem.
1482 947 1512 974 In
1523 947 1564 974 his
1577 955 1643 982 ergo
1658 948 1760 975 versari

969 993 1037 1021 dicit
1050 1001 1112 1020 eum
1124 1012 1131 1024 ,
1144 993 1190 1027 qui
1213 993 1320 1020 ratione
1342 993 1467 1028 prteditis
1489 994 1619 1029 gregibus
1642 998 1760 1028 praeest:

971 1043 1130 1073 pascentem
1147 1039 1174 1065 in
1194 1039 1303 1072 hortis,
1326 1044 1351 1066 et
1373 1039 1430 1066 lilia
1450 1039 1658 1074 decerpentent,
1683 1040 1762 1067 colli-

971 1089 1135 1118 getttetttque
1149 1084 1176 1110 in
1194 1084 1288 1111 cibnttt
1302 1085 1394 1111 oviutn
1408 1095 1415 1111 :
1431 1093 1492 1119 quae
1507 1085 1616 1120 quidem
1631 1086 1688 1120 ipsa
1704 1086 1762 1112 ovi-

971 1129 1022 1156 bus
1049 1129 1139 1164 magni
1162 1129 1240 1156 Pauli
1267 1137 1350 1164 opera
1376 1131 1523 1165 proponit.
1540 1130 1587 1164 qui
1609 1131 1643 1157 de
1668 1131 1762 1158 divino

972 1182 1044 1210 pettu
1059 1174 1151 1202 cibum
1170 1175 1243 1202 hunc
1258 1183 1290 1202 ex
1307 1175 1373 1202 liliis
1387 1179 1549 1210 Congestnm
1563 1176 1642 1204 nobis
1656 1177 1762 1211 objicit.

972 1220 1040 1247 Nam
1067 1221 1124 1248 lilia
1149 1221 1238 1256 putari
1263 1221 1379 1253 debent,
1403 1229 1577 1257 quaecunque
1605 1231 1668 1250 vera
1681 1228 1762 1256 sunt,

972 1274 1143 1302 quaecunque
1155 1267 1268 1294 honesta
1278 1287 1285 1300 ,
1299 1275 1472 1302 quaecunque
1482 1267 1556 1302 justa
1568 1288 1575 1300 ,
1590 1276 1764 1304 quzecunquc

973 1320 1057 1348 pura,
1071 1320 1243 1347 quaecunque
1256 1313 1394 1344 amabilia.
1408 1321 1581 1349 quaecunque
1597 1315 1660 1342 boni
1675 1316 1765 1342 nomi-

972 1360 1037 1387 nis:
1052 1360 1075 1387 si
1089 1367 1142 1394 qtta
1158 1360 1263 1390 virtus,
1282 1365 1308 1386 et
1322 1359 1412 1394 siqua
1429 1360 1489 1387 laus
1506 1361 1538 1387 ⁸³.
1556 1360 1618 1388 Haec
1631 1365 1697 1389 sunt
1713 1361 1763 1396 (ut

972 1405 1098 1441 equidem
1115 1405 1254 1439 arbitror)
1277 1405 1352 1436 lilia,
1376 1405 1477 1440 quibus
1499 1407 1534 1433 ah
1559 1406 1607 1434 illo
1631 1408 1765 1442 praelato

974 1455 1085 1486 pastore
1098 1458 1131 1478 ac
1145 1450 1277 1486 magistro
1292 1451 1452 1478 nutriuntur
1465 1459 1572 1488 greges.

175 1489 204 1516 '0
217 1490 246 1516 δὲ
260 1491 360 1527 ἑφεξῆς
377 1493 467 1528 λόγος,
488 1495 517 1522 ὃν
533 1496 550 1531 ἡ
575 1497 683 1532 καθαρὰ
698 1499 745 1526 καὶ
758 1499 919 1534 άκηλίδωτος

1010 1497 1077 1529 Quze
1093 1501 1184 1524 autetn
1202 1502 1358 1532 sequuntur
1374 1498 1476 1529 verba,
1494 1499 1600 1533 prolata
1618 1506 1633 1526 a
1651 1507 1719 1534 pura
1737 1505 1765 1527 et

130 1533 225 1571 νύμφη
242 1537 387 1571 πεποίηται
403 1538 519 1573 λέγουσα
531 1549 538 1556 ·
556 1541 625 1577 Ἐγὼ
634 1542 673 1576 τῷ
686 1533 836 1579 ἀδελφιδῷ
849 1554 920 1580 μου,

130 1581 183 1607 «καὶ
207 1582 401 1618 desuetam
416 1594 476 1620 μου
495 1586 576 1620 ἐμοί’
609 1589 699 1616 κανὼν
727 1590 774 1617 καὶ
791 1591 852 1626 ὄρος
873 1592 923 1626 τῆς

92 1628 95 1630 ’
134 1627 195 1674 κατ’
208 1628 308 1664 ἀρετήν
325 1631 384 1657 ἐστι
403 1631 578 1668 τελειότητος.
607 1635 787 1671 Μανθάνομεν
808 1638 862 1674 γὰρ
878 1638 923 1666 διὰ

131 1671 247 1705 τούτων,
267 1674 298 1700 τὸ
317 1675 353 1711 μὴ
377 1676 431 1702 δεῖν
447 1677 516 1713 πλὴν
533 1678 578 1705 τοῦ
590 1679 657 1706 Θεοῦ
678 1681 759 1717 μηδὲν
784 1682 813 1709 ὲν
834 1671 922 1719 ἑαυτῷ

130 1716 217 1764 ἔχειν,
233 1719 298 1754 μηδὲ
313 1721 380 1755 πρὸς
393 1720 457 1748 ἄλλο
472 1731 498 1749 τι
517 1723 625 1757 βλέπειν
649 1726 699 1761 τὴν
714 1716 923 1764 κεκαθαρμένην

132 1762 224 1798 ψυχήν
236 1772 243 1778 ·
269 1765 326 1792 ἀλλ’
338 1765 425 1798 οὕτως
439 1768 536 1804 ἑαυτὴν
553 1770 703 1806 ὲκκαϐάραι
714 1762 922 1805 παντὸςγὺλικοῦ

136 1808 297 1855 πράγματός
311 1819 340 1836 τε
360 1811 407 1838 καὶ
422 1813 566 1848 νοήματος,
581 1815 618 1847 ὡς
633 1816 697 1852 ὃλην
714 1817 748 1845 δι’
763 1818 824 1846 ὃλου
839 1814 922 1855 μετα-

135 1853 258 1903 τεθεῖσαν
357 1857 500 1903 τδλνοητὸν
515 1868 544 1886 τε
561 1862 607 1888 καὶ
620 1863 708 1892 άῡλον.
722 1853 922 1903 ἐναργεστάτην

134 1898 227 1946 εἰκόνα
239 1899 286 1926 τοῦ
301 1901 454 1936 ἀρχετύπου
465 1904 579 1938 κάλλους
590 1907 687 1944 ἑαυτὴν
702 1898 920 1946 ἀπεργάσασθαι.

132 1944 191 1994 ita!
205 1944 299 1994 ςῦσπερ
318 1947 332 1973 ὁ
347 1947 392 1974 ἐπὶ
413 1949 460 1975 τοῦ
484 1951 597 1984 πίνακος
619 1953 679 1980 ἰδὼν
700 1944 875 1994 τὴν-γραφὴν
889 1959 922 1986 δι’

134 1990 278 2039 ἀκριϐείας
292 1992 360 2039 πρὸς
380 1993 430 2039 τὴν
452 1995 498 2022 τοῦ
513 1997 667 2033 ἀρχετύπου
690 1990 920 2039 μεμορφωμένην.

134 2035 203 2083 μίαν
216 2037 376 2083 άμφοτέρων
391 2037 516 2076 εἶναιτὴν
532 2045 638 2080 μορφὴν
647 2035 922 2083 ἀποφαίνεταιᾷαὶτδ

135 2082 183 2128 ἐπι
200 2082 249 2117 τῆς
263 2083 364 2116 εἰκόνος
377 2085 473 2118 κάλλος
485 2087 532 2114 τοῦ
544 2090 722 2124 πρωτοτύπου
737 2093 824 2128 λέγων
841 2093 921 2128 εἶναι,

135 2127 182 2177 καὶ
200 2127 230 2154 τὸ
247 2128 400 2177 άρχέτυπον
417 2133 539 2177 ἐναργῶς
555 2135 584 2162 ἐν
598 2136 637 2171 τῷ
654 2139 790 2173 μιμήματι
807 2127 923 2177 καθορᾶέ

136 2171 216 2220 rte-ar
239 2172 285 2199 τὸν
310 2174 390 2201 αὑτὸν
408 2176 508 2211 τρόπον
526 2180 543 2214 ή
568 2171 697 2214 εἰποῦσα,
719 2171 766 2210 ’δτι
791 2183 861 2220 Ἐγὼ
875 2171 925 2220 ’τῷ
941 2180 962 2208 D

133 2217 378 2268 doslspuztﬁ‘you,
393 2221 442 2248 καὶ
460 2224 477 2268 ό
489 2224 652 2259 ἀδενῑριδός
663 2236 724 2261 μου
743 2229 809 2263 ἐμοί
817 2217 829 2245 ’-
854 2217 920 2268 cup:-

136 2263 333 2299 μεμορφῶσθαι
350 2265 424 2300 λέγει
439 2266 479 2302 τῷ
489 2268 607 2304 Χριστῷ,
622 2270 652 2297 τὺ
666 2271 730 2298 ἴδιον
745 2274 841 2306 κάλλος
856 2263 925 2302 ἁπο-

134 2307 268 2356 λασοῦσα,
279 2309 327 2346 τὴν
337 2310 448 2347 πρώτην
458 2313 506 2348 τῆς
519 2313 625 2348 φύσεως
637 2317 653 2351 ἡ
657 2316 713 2351 μῶν
723 2320 924 2356 μακαριότητα,

135 2355 195 2381 κατ’
212 2355 304 2382 εἰκόνα
326 2356 374 2383 καὶ
396 2358 524 2392 ὁμοίωσιν
543 2360 588 2387 τοῦ
607 2361 714 2398 πρώτου
738 2365 852 2398 κάλλους
875 2367 922 2394 τοῦ

135 2400 262 2435 ἀληθινοῦ
281 2402 327 2429 καὶ
352 2403 432 2438 μόνου
453 2404 628 2440 ὠραῖσθεῖσα.
657 2409 712 2436 Καὶ
731 2408 787 2438 οἷον
809 2413 855 2439 ἐπὶ
876 2414 923 2440 τοῦ

137 2447 289 2494 κατόπτρου
302 2448 415 2482 γίνεται,
428 2450 491 2478 ὃταν
501 2453 631 2488 τεχνικῶς
646 2463 676 2482 τε
690 2457 737 2484 καὶ
750 2458 924 2494 καταλλήλως

182 2493 267 2541 χρεία
274 2497 526 2541 κατεσκευασμένον
535 2497 562 2535 ᾖ,
572 2500 601 2526 ὲν
612 2501 720 2538 καθαρᾷ
731 2503 763 2539 τῇ
777 2492 924 2541 ἐπιφανείᾳ

137 2537 170 2586 δι’
184 2539 326 2574 ἀκριϐείας
340 2543 368 2568 ἐν
382 2542 470 2578 ἑαυτῷ
483 2544 564 2579 δείξει
583 2546 629 2573 τοῦ
654 2537 924 2586 ἐπιφανέντοςπροση

82 2605 86 2609 ,
137 2583 212 2633 tit—13w
218 2586 264 2633 τδν
271 2589 442 2624 χαρακτῆρα·
450 2589 536 2623 οὕτως
546 2593 642 2629 ἑαυτὴν
654 2594 672 2629 ἡ
684 2583 755 2631 ψυχὴ
764 2583 926 2633 προσφόρως

137 2631 171 2680 τῇ
188 2631 268 2680 χρείᾳ
281 2635 519 2680 κατασκευάσασα,
535 2639 582 2664 καὶ
598 2640 686 2667 πᾶσαν
703 2631 798 2677 ὑλικὴν
809 2631 924 2680 ἀπορρι-

137 2676 247 2711 ψαμένη
268 2678 373 2713 κηλῖδα,
399 2681 518 2718 καθαρὸν
534 2684 580 2711 τοῦ
599 2685 739 2722 ἀκηράτου
763 2676 925 2721 κάλλουςψὲν

138 2722 221 2758 ἑαυτῇ
240 2723 271 2750 τὸ
293 2723 362 2755 είδος
376 2727 577 2757 ἀνετυπώσατο.
606 2731 685 2764 Λέγει
703 2730 749 2760 οὖν
768 2734 817 2769 τὴν
834 2735 925 2772 φωνὴν

174 2810 197 2826 ⁸³
221 2810 338 2847 Philipp.
353 2821 390 2846 tv,
404 2813 431 2842 8.

977 1542 1047 1570 labis
1064 1542 1154 1570 otnnis
1179 1549 1290 1577 experte
1305 1550 1423 1578 sponsa,
1437 1551 1501 1570 cum
1516 1545 1569 1572 ait:
1586 1544 1642 1580 Ego
1654 1551 1765 1580 cognato

976 1597 1044 1618 meo.
1058 1593 1082 1615 et
1095 1594 1222 1623 cognatus
1235 1597 1307 1616 mem
1322 1589 1387 1616 nti/ti
1401 1598 1407 1615 :
1420 1589 1477 1617 haec
1495 1590 1577 1625 igitur
1591 1599 1686 1619 norma
1702 1597 1766 1620 sunt

976 1642 1009 1661 ne
1032 1634 1120 1661 finitio
1137 1634 1262 1668 quaadatn
1286 1635 1376 1662 Omnis
1400 1635 1429 1661 in
1453 1637 1554 1663 virtute
1575 1637 1763 1672 perfectionis.

975 1680 1044 1708 Nam
1070 1687 1103 1708 ex
1133 1680 1177 1708 his
1200 1680 1353 1713 discimus.
1382 1681 1450 1708 nihil
1476 1682 1556 1710 nobis
1580 1690 1641 1710 esse
1668 1688 1767 1718 plmler

977 1725 1061 1754 Deum
1079 1726 1196 1758 debere,
1223 1734 1312 1761 neque
1333 1728 1433 1754 animae
1456 1728 1607 1762 puriﬁcatzc
1627 1729 1709 1756 ullam
1730 1729 1765 1757 ad

978 1780 1035 1800 rem
1050 1772 1133 1799 aliam
1151 1771 1353 1806 respiciendum
1369 1780 1450 1806 esse;
1465 1773 1511 1800 sed
1527 1773 1627 1801 debere
1641 1775 1710 1802 hanc
1728 1776 1764 1802 ita

976 1826 1007 1846 se
1021 1819 1055 1845 ab
1069 1818 1197 1846 omnibus
1213 1818 1316 1845 crassis
1332 1823 1386 1845 tattt
1404 1818 1503 1851 rebus,
1519 1826 1601 1854 quant
1617 1820 1765 1854 cogitatio-

976 1863 1059 1891 nibus
1071 1870 1224 1898 expurgare
1235 1882 1243 1894 ,
1261 1867 1289 1889 ut
1304 1866 1362 1889 tota
1380 1863 1513 1890 translata
1529 1871 1645 1898 prorsus
1661 1865 1696 1892 ad
1713 1870 1765 1893 sta-

976 1915 1033 1937 tum
1048 1930 1056 1942 ,
1071 1917 1152 1944 quem
1165 1909 1266 1936 mentis
1280 1908 1460 1944 intelligentia
1477 1910 1663 1945 percipimus,
1676 1916 1702 1939 et
1717 1919 1764 1946 qtn

976 1956 1099 1983 omnium
1119 1962 1276 1983 crassatum
1299 1963 1392 1983 reruttt
1411 1963 1511 1991 expers
1529 1960 1590 1990 est,
1610 1957 1765 1985 illustrissi-

977 2010 1051 2030 munt
1077 2009 1108 2029 ex
1131 2009 1161 2028 se
1176 2001 1337 2036 primigena:
1357 2002 1572 2036 pulchritudinis
1587 2004 1766 2033 simulacrum

975 2049 1084 2076 emciat.
1097 2048 1184 2083 thue
1197 2048 1231 2080 is,
1245 2048 1291 2083 qui
1306 2048 1333 2075 in
1348 2048 1439 2076 tabula
1452 2049 1587 2084 picturam
1605 2051 1675 2079 videt
1687 2060 1767 2084 accu-

977 2099 1036 2122 rate
1047 2094 1249 2122 conformatatu
1264 2093 1299 2121 ad
1314 2094 1492 2130 archetypum
1503 2114 1511 2127 ,
1524 2103 1607 2123 unam
1622 2098 1766 2133 utriusque

978 2140 1093 2168 fortnam
1110 2147 1172 2167 csse
1190 2139 1347 2174 pronuntiat
1360 2160 1368 2171 .
1385 2141 1514 2174 imaginis
1531 2143 1764 2176 pulchritudinem

977 2188 1062 2222 ipsam
1091 2194 1153 2213 esse
1181 2186 1323 2221 archetypi
1346 2186 1577 2221 pulchritudinem
1604 2189 1710 2222 dicens,
1738 2195 1765 2218 et

977 2234 1157 2270 archetypum
1183 2234 1210 2260 in
1238 2233 1388 2261 simulacro
1406 2234 1480 2262 clare
1506 2236 1628 2271 conspici
1646 2247 1652 2264 :
1669 2238 1764 2266 eodem

977 2281 1058 2308 modo
1078 2280 1161 2308 etiam
1179 2279 1247 2312 haec,
1261 2287 1322 2315 qua:
1337 2281 1385 2312 ait,
1407 2280 1463 2316 Ego
1478 2287 1588 2316 cognato
1602 2292 1668 2316 meo,
1685 2290 1709 2312 et
1720 2294 1766 2312 co-

965 2348 970 2353 .
976 2331 1072 2361 gnatus
1087 2334 1160 2352 meus
1173 2325 1237 2352 milii
1247 2334 1256 2353 :
1268 2326 1499 2360 pulchritudinem
1517 2336 1595 2355 suam
1611 2332 1767 2359 conforma-

977 2376 1032 2398 tam
1050 2371 1083 2398 ad
1097 2371 1199 2398 Christi
1213 2372 1355 2407 exemplar
1373 2373 1450 2405 dicit,
1466 2378 1644 2410 posteaquam
1661 2382 1767 2406 natura:

979 2422 1080 2445 nostra:
1097 2418 1212 2452 pritttam
1236 2418 1432 2446 beatitudinem
1449 2422 1630 2456 recuperarit,
1650 2430 1710 2458 qua:
1731 2424 1766 2451 ad

977 2463 1123 2498 imaginem
1147 2463 1412 2499 similitudinemque
1429 2465 1561 2500 prittcipis
1577 2470 1605 2493 et
1619 2469 1705 2495 unica:
1720 2476 1768 2495 vc-

978 2517 1069 2545 raeque
1084 2509 1297 2545 pulchritudinis
1316 2515 1412 2537 ornata
1426 2515 1495 2538 erat.
1517 2512 1556 2539 Ac
1567 2513 1651 2540 veluti
1667 2520 1767 2548 specu‘

977 2555 1034 2583 lum
1059 2555 1208 2583 artiﬁciose
1228 2559 1255 2581 et
1281 2555 1313 2582 ad
1341 2563 1420 2582 nsunt
1449 2556 1547 2584 idonee
1567 2562 1765 2593 comparatum,

977 2608 1046 2636 pura
1074 2601 1102 2627 in
1129 2601 1275 2635 superticie
1305 2601 1452 2628 incidentis
1480 2601 1558 2629 faciei
1580 2602 1766 2629 characterem

977 2649 1107 2672 accurate
1131 2645 1215 2672 refert
1237 2654 1244 2672 :
1263 2645 1302 2672 sic
1326 2649 1504 2680 posteaquam
1528 2646 1618 2673 anima
1647 2646 1765 2680 seipsam

977 2691 1076 2719 idonee
1100 2691 1281 2726 comparavit.
1305 2699 1470 2727 omnemque
1491 2693 1554 2719 vita
1574 2692 1656 2726 hujus
1677 2692 1766 2719 labem

977 2736 1079 2772 abjccit
1093 2747 1100 2765 :
1117 2745 1214 2778 put-am
1238 2738 1406 2780 incorrupta:
1420 2736 1632 2777 pulchritudinis
1645 2736 1767 2773 speciem
