1978 3068
203 131 214 158 Ι
221 131 273 160 095

816 129 847 159 S.
867 128 1030 159 GREGORII
1047 127 1193 160 NYSSENI

1755 127 1825 160 ιησε

203 187 364 223 sibimetipsi
382 187 525 223 imprimit.
543 186 633 220 Quare
651 188 763 215 verbum
780 187 832 215 hoc
845 195 859 215 a
878 188 985 223 specula

1041 188 1153 223 ταύτην,
1165 189 1195 214 τδ
1209 187 1398 223 προαιρετικάν
1414 195 1444 214 τε
1464 187 1511 214 καὶ
1530 183 1649 223 ἔμψυχον
1663 187 1825 224 κάτοπτρον,

203 235 250 261 illo
283 234 430 260 voluntatis
458 233 593 261 electione
617 233 729 268 pra-dita
761 237 842 268 atque
867 234 987 260 animato

203 281 360 316 profertur:
377 279 557 314 Posteaquam
581 283 638 306 toto
654 279 720 306 orbe
738 286 798 306 meo
820 279 928 314 cognati
947 278 987 306 fa—

202 327 272 354 ciem
298 326 416 356 intueor.
439 333 488 361 per
516 326 567 352 hoc
589 325 678 360 ipsum
704 328 759 352 tota
784 324 877 352 formae
899 325 987 360 ipsius

202 377 334 401 venustas
350 373 377 399 in
393 379 436 399 me
448 372 629 406 conspicitur.
651 371 738 405 Atque
754 371 803 398 bas
821 378 902 398 voces
916 369 984 397 Pau-

203 420 248 446 lus
272 419 396 446 imitatur
416 418 579 449 clarissime,
602 424 664 443 cum
680 417 718 444 ait
735 424 764 444 se
786 416 842 444 Deo
859 416 985 449 vivendo,

202 469 340 492 mortuum
358 463 459 490 mundo
475 463 575 489 factum
590 470 653 490 esse
670 471 676 490 :
692 463 835 496 solumque
847 461 986 489 Christum

202 512 230 538 in
249 518 278 538 se
292 511 382 537 vivere
395 510 427 538 “.
442 508 510 536 Nam
526 516 587 536 cum
600 509 678 540 dicit,
691 507 758 534 Milli
769 508 853 535 vivere
866 507 987 535 Christus

201 560 240 582 est
255 555 278 570 ’°
296 564 302 581 :
317 558 423 581 tantum
451 561 505 581 non
528 554 630 580 clamat
653 553 686 580 iis
710 553 812 585 verbis,
840 553 942 580 nullam
960 554 987 580 in

202 602 262 635 ipso
276 599 449 627 atl‘cctionem
462 599 610 626 humanam
628 606 805 634 crassumque
817 600 918 632 vivere,
934 607 987 627 non

201 646 381 681 voluptatem,
397 653 451 672 non
471 645 604 676 dolorem.
628 653 682 672 non
704 645 783 677 iram,
801 653 856 672 non
874 649 987 678 metum,

202 700 257 719 non
274 691 460 724 timiditatem,
480 698 535 718 non
558 691 779 725 trepidationem,
804 699 858 718 non
875 690 987 722 fastum,

202 745 256 764 non
284 735 439 769 audaciam,
470 729 524 762 non
547 736 711 769 injuriarum
738 741 859 763 tenacem
886 743 989 763 memo-

202 784 282 816 riam,
300 791 354 810 non
372 781 512 816 invidiam,
527 789 581 810 non
594 782 763 809 affectionem
778 783 861 809 animi
877 782 911 809 ad
927 783 987 810 vin-

201 829 314 860 dictam,
336 836 391 855 non
413 827 569 859 avaritiam,
597 835 649 854 non
672 827 794 859 honoris,
820 835 874 854 non
895 828 988 862 gloria:

202 874 354 906 libidinem,
387 881 442 901 non
465 873 614 908 quidquam
642 881 748 906 eorum,
778 881 839 908 quae
864 873 986 900 animum

201 919 318 954 quadam
339 926 403 954 erga
420 926 449 946 se
464 918 608 946 affectione
622 919 757 953 polluunt,
773 919 820 946 sed
842 919 917 947 solus
934 918 988 954 (ἰη-

202 966 271 1001 quit)
304 965 349 992 ille
377 965 443 992 mihi
470 968 613 1000 superest,
641 965 686 1000 qui
713 965 782 992 nihil
808 970 850 993 est
877 965 984 992 borum.

201 1012 308 1038 Etenim
344 1011 453 1039 abrasis
481 1011 558 1045 quasi
589 1011 716 1046 poliendo
745 1011 898 1043 universis,
926 1017 987 1045 quae

202 1058 288 1093 ipsius
304 1058 331 1084 in
349 1061 475 1084 naturam
494 1065 549 1083 non
565 1057 680 1087 cadunt,
702 1057 768 1084 nilnil
782 1057 809 1083 in
825 1064 868 1083 me
888 1057 985 1088 habeo,

201 1103 274 1138 quod
291 1111 345 1130 non
362 1103 389 1130 in
407 1103 468 1138 ipso
482 1104 518 1130 sit
538 1112 545 1129 :
561 1110 647 1138 eaque
663 1102 697 1130 de
711 1110 794 1130 causa
813 1103 878 1129 mihi
895 1103 987 1130 vivere

200 1149 328 1176 Christus
335 1153 387 1181 est,
395 1149 448 1182 vel,
457 1153 485 1176 ut
491 1155 591 1184 sponsa
598 1148 729 1183 loquitur,
739 1147 794 1183 Ego
801 1152 910 1183 cognato
918 1155 984 1180 meo,

200 1199 225 1222 et
241 1199 369 1230 cognatus
385 1203 458 1221 meus
472 1194 548 1227 mihi,
565 1194 611 1229 qui
627 1198 669 1221 est
688 1193 881 1227 sanctiﬁcatio,
893 1197 919 1221 et
934 1201 986 1228 pu-

200 1241 279 1274 ritus,
296 1246 324 1268 et
344 1241 549 1272 immortalitas,
569 1244 597 1267 ct
613 1240 747 1272 lumen,et
760 1240 872 1273 veritas,
893 1244 921 1267 et
937 1239 986 1266 hu-

199 1287 318 1323 jusmodi
341 1287 403 1319 alia,
420 1294 589 1322 quaecunque
606 1287 724 1313 animam
748 1293 833 1314 meam
856 1290 983 1320 pascunt,

200 1340 256 1361 non
272 1333 299 1360 in
324 1333 448 1368 gramine
461 1332 503 1360 vel
524 1331 660 1367 virgultis,
675 1331 722 1358 sed
741 1331 768 1358 in
793 1331 985 1366 splendoribus

201 1383 371 1407 sanctorutn.
385 1378 515 1405 Liliorum
527 1378 598 1406 enim
610 1382 706 1411 natura
715 1385 776 1404 cum
788 1377 880 1405 colore
893 1378 985 1413 splen-

201 1424 265 1452 dido
289 1426 324 1452 sit
348 1429 454 1457 ornata,
471 1424 628 1460 hujusmodi
652 1424 797 1459 quamdam
820 1425 984 1452 sententiam

200 1471 298 1498 horum
314 1470 458 1498 verborum
483 1478 546 1498 esse
561 1470 706 1505 signiﬁcat.
731 1471 824 1505 Itaque
841 1474 983 1505 propterea

200 1525 308 1551 gregem
328 1524 408 1543 suum
423 1517 449 1543 in
468 1521 544 1551 prata
560 1516 678 1543 Iiliorum
694 1516 779 1548 ducit,
792 1517 837 1551 qui
851 1517 938 1552 pascit
955 1516 983 1544 in

201 1563 276 1594 liliis,
292 1566 320 1588 ut
335 1563 370 1589 sit
381 1561 505 1595 splendor
517 1561 624 1589 Domini
639 1561 688 1589 Dei
703 1562 787 1589 nostri
801 1570 879 1597 super
892 1571 940 1590 nor
950 1563 984 1590 ⁷⁸.

200 1607 267 1634 Nam
288 1608 359 1643 quod
383 1608 476 1639 alitur,
495 1607 607 1634 omnino
623 1607 656 1634 ad
670 1607 729 1642 ejus
745 1607 862 1642 speciem
875 1615 986 1643 compa-

201 1659 288 1685 ratur,
309 1662 364 1689 quo
380 1654 512 1682 vescitur.
533 1653 567 1681 Ut
587 1654 651 1689 quis
667 1654 753 1689 (lubet
773 1654 846 1682 enim
869 1654 921 1681 hoc
941 1662 987 1682 su-

200 1700 285 1732 mere)
301 1707 349 1727 vas
365 1699 503 1734 quoddam
520 1707 671 1727 concavum
693 1707 709 1727 e
728 1699 799 1727 vitro
815 1699 916 1726 factum
935 1699 985 1726 ba-

202 1746 274 1777 beat,
300 1747 328 1773 in
355 1746 428 1782 quo'd
451 1746 474 1773 si
498 1746 565 1781 quid
589 1745 739 1780 injiciatur,
764 1745 928 1780 pellucidum
950 1745 986 1773 sit

200 1791 344 1828 [quidquid
373 1792 484 1819 tandem
509 1791 602 1823 fuerit,
627 1785 686 1819 sive
708 1790 831 1831 ί¹ιιΙίιςο],ρ
841 1791 899 1819 sive
921 1791 985 1826 quid

199 1845 298 1872 purum
313 1841 341 1865 et
362 1837 545 1872 splendidum.
563 1837 656 1872 itaque
668 1837 715 1872 qui
729 1838 846 1864 filiorum
860 1837 987 1872 splendo-

200 1891 256 1912 rem
286 1884 386 1911 animis
416 1883 496 1915 indit,
526 1883 607 1911 etiam
639 1883 745 1910 animas
775 1883 849 1917 ipsas
879 1891 928 1918 per
954 1891 986 1910 ea

199 1929 357 1966 splendidas
374 1925 464 1957 reddit
482 1929 588 1956 :indita
609 1929 654 1956 illa
669 1929 760 1964 specie
782 1929 933 1963 pellucente
952 1929 986 1956 ad

198 1975 346 2002 exteriora.
362 1974 397 2001 Ut
415 1978 506 2002 autem
523 1974 657 2001 illustrior
668 1974 757 2000 adlme
774 1974 810 2000 sit
822 1981 931 2005 sensus,
945 1975 987 2001 di-

199 2021 288 2048 cimus
314 2028 362 2055 per
389 2021 506 2047 virtutes
531 2020 652 2047 animum
678 2020 763 2054 pasci,
787 2020 842 2048 lilia
869 2028 934 2047 vero
959 2021 985 2048 in

199 2068 344 2102 aenigmate
360 2067 477 2094 virtutes
501 2065 632 2102 appellari
649 2075 656 2093 :
671 2066 772 2100 quibus
788 2067 834 2102 qui
858 2073 931 2094 recta
947 2068 986 2094 vi-

198 2112 279 2139 vendi
302 2111 409 2139 ratione
427 2111 544 2139 satiatus
559 2115 612 2144 est,
630 2111 654 2138 is
668 2112 721 2137 vita
740 2119 789 2139 sua
806 2112 985 2147 conspicumn

198 2166 229 2186 se
258 2157 357 2191 reddit,
379 2158 443 2186 dum
471 2157 596 2185 moribus
623 2158 681 2185 suis
707 2157 854 2192 cujuslibet
876 2158 986 2185 virtutis

1038 233 1193 270 ὃτιἙπειδὴ
1202 234 1240 269 τῷ
1251 233 1342 269 κύκλῳ
1356 233 1411 268 ἐγὼ
1421 233 1473 268 ὅλῳ
1486 233 1516 260 τδ
1529 233 1575 260 τοῦ
1590 234 1730 269 ἀδελφιδοῦ
1741 235 1826 270 πρόσι

1038 287 1111 305 ωπον
1128 279 1234 313 βλέπω·
1257 278 1301 306 διὰ
1315 278 1393 306 τοῦτο
1408 279 1467 305 ὅλον
1484 279 1533 314 τῆς
1551 279 1655 305 ἐκείνου
1674 280 1779 315 μορφῆς
1795 280 1826 307 τὸ

1038 325 1133 356 κάλλος
1146 326 1174 351 ἐν
1189 325 1250 360 ἐμοὶ
1263 324 1422 360 καθορᾶται.
1436 324 1543 356 Ταύτας
1554 324 1683 360 ἄντικρυς
1702 327 1824 360 μιμεῖται

1037 369 1086 401 τὰς
1102 371 1192 404 φωνὰς
1201 371 1215 396 ὁ
1227 369 1341 402 Παῦλος,
1358 370 1443 403 λέγων
1455 369 1493 404 τῷ
1505 369 1564 404 Θεῷ
1577 369 1636 405 ζῇν,
1648 370 1662 395 ὁ
1676 370 1770 405 νεκρὸς
1787 370 1826 405 τῷ

1038 416 1132 451 κόσμῳ
1146 416 1298 451 γενόμενος,
1314 416 1360 442 καὶ
1376 416 1418 442 ὅτι
1435 417 1463 442 ὲν
1476 413 1551 449 αὐτῷ
1561 415 1593 450 ζῇ
1611 417 1625 442 ὁ
1640 416 1755 450 Χριστὸς
1776 416 1826 451 μό-

1038 469 1091 492 νος.
1112 461 1141 487 ’0
1153 461 1207 496 γὰρ
1219 460 1311 494 εἰπὼν,
1326 461 1366 487 ὅτι
1384 460 1466 495 Ἐμοὶ
1475 461 1508 487 τὸ
1520 461 1574 495 ζῇν
1587 462 1715 495 Χριστός
1724 470 1730 476 ·
1747 462 1826 489 τοῦτο

1038 507 1082 533 δτὰ
1095 507 1142 533 τοῦ
1157 507 1234 540 λόγου
1249 507 1308 542 βοᾷ,
1323 507 1362 533 ὅτι
1381 507 1455 533 οὐδὲν
1470 507 1522 533 τῶν
1541 507 1718 543 ἀνθρωπίνων
1735 517 1764 535 τε
1778 509 1826 535 καὶ

1039 553 1140 580 ὑλικὼν
1155 553 1324 588 ’παθημάτων
1336 553 1364 579 ἐν
1376 553 1450 589 αὐτῷ
1463 552 1507 589 ζῇ,
1521 553 1582 579 οὔτε
1597 554 1689 589 ἡδονὴ,
1702 553 1764 581 οὗτε
1779 554 1825 581 λύ-

1039 612 1087 638 πη,
1104 602 1166 630 οὔτε
1181 601 1275 638 θυμὸς,
1290 602 1351 628 οὔτε
1368 601 1459 636 φόϐος,
1479 601 1540 628 οὗτε
1552 601 1646 632 δειλία.
1658 601 1719 628 οὔτε
1739 601 1825 637 πτόη-

1040 658 1090 682 σις,
1106 648 1168 676 οὔτε
1183 644 1345 684 τύφος,οὖτε
1358 648 1467 684 θράσος,
1478 647 1509 674 οὺ
1524 647 1701 683 μνησικακία,
1717 648 1747 674 οὐ
1764 647 1826 682 φθό-

1038 704 1093 728 νος,
1105 695 1154 721 ούκ
1167 694 1304 729 ἀμυντική
1319 702 1359 725 τις
1370 693 1497 724 διάθεσις,
1512 693 1541 719 οὐ
1555 692 1764 728 φιλοχρηματία,
1775 692 1825 718 οὐκ

1038 741 1102 769 ἄλλο
1121 749 1147 767 τι
1162 741 1216 767 τῶν
1236 740 1285 775 τὴν
1298 740 1386 775 ψμχὴν
1400 739 1444 765 διά
1463 747 1534 770 τινος
1548 739 1666 774 σχέσεως
1686 738 1825 774 κηλιδούν-

1037 793 1105 812 των·
1126 785 1183 812 ἀλλ’
1204 785 1306 817 ἐκεῖνός
1322 793 1366 820 μοι
1387 785 1467 820 μόνος
1485 785 1569 816 ἐστὶν,
1589 784 1617 815 ὃς
1635 783 1711 810 οὐδὲν
1723 783 1825 809 τούτων

1039 831 1106 858 ἐστί.
1123 833 1179 858 Πᾶν
1198 831 1253 867 γὰρ
1264 832 1294 858 τὸ
1306 831 1358 863 ἔξω
1372 832 1420 866 τῆς
1431 831 1534 857 ἐκείνου
1548 830 1654 864 φύσεως
1669 829 1825 865 θεωρούμε-

1040 885 1084 904 νον
1100 877 1318 913 ἀποξυσάμενος,
1342 877 1417 904 οὐδὲν
1436 877 1489 912 ἔχω
1511 876 1539 902 ὲν
1561 875 1671 911 ἐμαυτῷ
1696 874 1824 907 τοιοῦτον,

1039 921 1094 950 οἷον
1107 924 1136 950 ἐν
1152 924 1247 959 ἐκείνῳ
1256 923 1306 951 οὐκ
1319 923 1392 950 ἔστιν
1404 930 1411 938 δ
1432 920 1462 949 οὗ
1474 922 1563 958 χάριν,
1579 923 1640 957 ἐμοὶ
1650 921 1679 947 τὸ
1694 922 1743 956 ζῇν
1758 919 1825 956 Χρι-

1041 969 1102 1001 στός
1113 977 1121 985 ⁸
1140 970 1156 1005 ἢ
1173 969 1262 1000 καθὼς
1285 971 1301 1004 ὴ
1320 970 1413 1004 νύμφη
1425 977 1431 983 ⁸
1455 968 1525 1003 Ἐγὼ
1541 967 1580 999 τῷ
1592 966 1741 1001 ἀδελφιδῷ
1753 975 1824 1000 μου,

1040 1015 1090 1043 καὶ
1106 1017 1122 1043 ό
1138 1015 1299 1050 ἀδελφιδός
1318 1025 1377 1050 μου
1393 1015 1458 1050 ἐμοι
1471 1023 1478 1030 ο
1501 1015 1514 1041 ὃ
1527 1015 1601 1041 ἐστιν
1617 1013 1762 1048 ἁγιασμὸς.
1778 1013 1826 1040 καὶ

1040 1061 1204 1097 καθαρότης,
1216 1062 1262 1088 καὶ
1273 1061 1421 1096 ἁφθαρσία,
1439 1061 1486 1088 καὶ
1500 1061 1567 1096 φῶς,
1583 1060 1629 1086 καὶ
1643 1059 1766 1094 ἀλήθεια,
1779 1058 1826 1084 καὶ

1038 1107 1074 1133 τὰ
1096 1107 1227 1140 τοιαῦτα,
1251 1109 1300 1135 ὅσα
1327 1107 1464 1142 ποιμαίνει
1491 1108 1541 1142 τὴν
1564 1106 1632 1141 ἐμὴν
1655 1105 1752 1140 ψυχὴν,
1775 1103 1826 1130 οὐκ

1040 1153 1069 1180 ὲν
1083 1153 1188 1188 χόρτοις
1209 1153 1279 1180 τισὶν
1293 1153 1309 1188 ἢ
1332 1153 1479 1189 φρυγάνοις
1491 1172 1497 1184 ,
1514 1151 1572 1179 ἀλλ’
1585 1153 1614 1178 ὲν
1629 1152 1688 1182 ταῖς
1700 1150 1822 1185 λαμπρό-

1038 1206 1102 1234 τησι
1114 1198 1168 1225 τῶν
1180 1199 1265 1232 ἁγίων
1277 1206 1283 1213 ·
1299 1199 1315 1233 ἡ
1329 1198 1382 1234 γὰρ
1396 1198 1449 1224 τῶν
1463 1198 1562 1232 κρίνων
1578 1197 1657 1231 φύσις
1669 1197 1698 1223 ἐν
1707 1196 1744 1230 τῷ
1756 1196 1826 1231 λαμ-

1039 1244 1101 1280 πρῷ
1115 1244 1165 1279 τῆς
1177 1244 1302 1280 εὑχροίας
1313 1243 1414 1279 ταύτην
1429 1244 1616 1270 ὑπαινίσσεται
1627 1243 1692 1278 ἡμῖν
1708 1242 1757 1278 τὴν
1767 1241 1826 1268 διά-

1039 1298 1122 1316 νοιαν.
1133 1289 1236 1316 Οὐκοῦν
1246 1289 1289 1315 διὰ
1299 1288 1377 1315 τοῦτο
1388 1289 1432 1315 ἐπὶ
1446 1289 1508 1320 τοὺς
1518 1288 1651 1323 λειμῶνας
1661 1287 1714 1314 τῶν
1727 1287 1827 1322 κρίνων

1039 1335 1099 1369 ἄγει
1109 1335 1139 1361 τὸ
1149 1334 1383 1369 ἐαυτοῡ.ποίμνιον
1412 1335 1426 1360 ὁ
1437 1335 1464 1360 ἐν
1474 1336 1529 1365 τοῖς
1541 1334 1643 1369 κρίνοις
1655 1333 1806 1368 ποιμαίνων
1817 1340 1824 1347 ·

1039 1382 1088 1408 ἵνα
1096 1381 1215 1416 γένηται
1222 1381 1241 1415 ἡ
1250 1381 1423 1416 λαμπρότης
1434 1382 1542 1414 Κυρίου
1549 1381 1601 1406 τοῦ
1610 1379 1683 1407 Θεοῦ
1690 1379 1774 1414 ἡμῶν
1780 1377 1827 1414 ἐφ’

1039 1427 1126 1462 ἡμᾶς.
1148 1428 1193 1463 Τῷ
1204 1428 1257 1463 γὰρ
1272 1428 1337 1454 εῖδει
1351 1427 1399 1462 τῆς
1413 1426 1529 1463 τροφῆς,
1550 1425 1743 1452 συνδιατίθεται
1759 1425 1827 1452 πᾶνα

1038 1482 1092 1505 τως
1112 1474 1158 1501 καὶ
1171 1474 1201 1501 τὸ
1215 1474 1390 1509 τρεφόμενον.
1423 1471 1485 1499 Οἷόν
1501 1477 1527 1499 τι
1541 1472 1626 1507 λέγω·
1656 1473 1746 1499 Ἔστω
1764 1470 1827 1500 καθ’

1038 1519 1166 1547 ὑπόθεσιν
1182 1520 1270 1546 κοῖλόν
1288 1529 1314 1546 τι
1328 1519 1423 1551 σκεῦος
1436 1519 1465 1551 ὲξ
1478 1518 1566 1550 ὑέλου,
1578 1520 1607 1546 ὲν
1622 1515 1644 1552 ᾧ
1658 1520 1711 1545 πᾶν
1725 1519 1754 1546 τὸ
1763 1518 1828 1554 βαλὺ

1037 1566 1149 1601 λόμενον
1166 1565 1296 1600 εἴη’,εἵτε
1317 1574 1343 1592 τι
1359 1565 1413 1592 τῶν
1430 1565 1557 1600 καθαρῶν
1573 1574 1602 1591 τε
1619 1566 1667 1591 καὶ
1681 1565 1825 1600 λαμπρῶν.

1037 1610 1141 1637 Οὐκοῦν
1150 1610 1200 1646 τὴν
1217 1609 1396 1645 λαμπρότητα
1411 1608 1466 1634 τῶν
1485 1608 1585 1644 κρίνων
1600 1609 1659 1639 ταῖς
1671 1607 1770 1642 ψυχαῖς
1782 1609 1825 1634 ἐν·

1037 1655 1131 1688 τιθεὶς,
1152 1654 1280 1690 λαμπρὰς
1296 1654 1328 1681 δι’
1351 1653 1441 1680 αὐτῶν
1459 1654 1509 1685 τὰς
1523 1653 1612 1689 ψυχὰς
1629 1652 1826 1688 ἀπεργάζεται.

1036 1701 1244 1737 διαφαινομένου
1260 1701 1306 1728 τοῦ
1325 1701 1483 1736 ἐγκειμένου
1507 1699 1594 1732 εἴδους
1608 1700 1654 1726 ἐπὶ
1666 1699 1696 1726 τὸ
1716 1699 1826 1732 ἔξωθεν.

1043 1746 1086 1777 Ὠς
1101 1746 1130 1773 δὲ
1141 1746 1174 1773 ἂν
1182 1746 1250 1782 πρὸς
1260 1747 1290 1774 τὺ
1303 1746 1468 1783 σαφέστερον
1481 1747 1545 1782 ἡμῖν
1559 1746 1707 1782 προαχθείη
1723 1746 1754 1772 τὸ
1765 1745 1829 1780 v61]-

1040 1800 1079 1827 μα
1095 1792 1184 1830 τοῦτο,
1200 1792 1299 1828 φαμὲν,
1324 1792 1365 1818 ὃτι
1380 1792 1510 1828 τρέφεται
1529 1791 1605 1827 μὲνὴ
1623 1791 1697 1827 ψυχὴ
1712 1791 1755 1817 διὰ
1770 1790 1827 1817 τῶν

1036 1839 1153 1874 ἀρετῶν,
1162 1839 1242 1874 κρίνα
1255 1839 1283 1865 δὲ
1295 1838 1475 1874 κατονομάζει
1485 1838 1533 1870 τὰς
1546 1837 1647 1873 ἀρετὰς
1661 1838 1694 1864 δι’
1704 1837 1828 1872 αἰνίγμα-

1036 1893 1095 1916 τος·
1107 1881 1144 1911 ὧν
1154 1884 1168 1910 ὁ
1182 1884 1225 1911 διὰ
1241 1885 1290 1919 τῆς
1305 1884 1410 1919 ἀγαθῆς
1424 1884 1562 1916 πολιτείας
1578 1883 1752 1919 ἐμφορηθεὶς,
1764 1881 1826 1909 ἐπί-

1036 1930 1114 1965 δηλον
1134 1930 1229 1956 ἑαυτὸν
1246 1931 1328 1959 ποιεῖ.
1344 1929 1388 1956 διὰ
1404 1930 1451 1956 τοῦ
1472 1929 1530 1964 βίου
1551 1929 1669 1964 ἑκάστης
1682 1928 1782 1964 ἀρετῆς
1795 1927 1828 1954 τὸ

1037 1974 1107 2007 εἶδος
1125 1975 1170 2002 διὰ
1179 1975 1225 2001 τοῦ
1241 1975 1323 2010 ἤθους
1336 1974 1565 2010 ἐπιδεικνύμενος.
1582 1974 1671 2001 Ἔστω
1682 1974 1723 2000 σοὶ
1735 1973 1826 2009 κρίνον

1036 2021 1156 2056 καθαρὸν
1170 2021 1187 2057 ἠ
1201 2021 1361 2056 σωφροσύνη
1374 2029 1404 2047 τε
1421 2021 1467 2047 καὶ
1478 2019 1642 2055 δικαιοσύνη,
1659 2020 1705 2046 καὶ
1720 2018 1825 2055 ἀνδρία,

1036 2067 1084 2094 καὶ
1101 2067 1241 2102 φρόνησις,
1258 2066 1305 2093 καὶ
1321 2066 1371 2093 ὅσα
1388 2067 1470 2101 φησὶν
1490 2066 1648 2097 Ἀπόστολος
1663 2065 1762 2100 ἀληθῆ.
1776 2065 1826 2091 ὅσα

1037 2113 1133 2148 σεμνὰ,
1148 2113 1198 2139 ὅσα
1215 2112 1362 2148 προσφιλῆ,
1379 2113 1429 2139 ὅσα
1449 2112 1550 2144 δίκαια,
1566 2111 1615 2138 ὅσα
1630 2111 1706 2145 ἆγια,
1720 2111 1770 2137 ὅσα
1784 2106 1827 2135 εὕ-

1036 2166 1115 2194 φημα
1125 2166 1131 2172 ·
1149 2159 1176 2185 εἰ
1190 2167 1232 2190 τις
1246 2157 1342 2193 ἁρετὴ,
1357 2158 1403 2184 καὶ
1420 2158 1446 2185 εἴ
1460 2165 1502 2189 τις
1519 2157 1638 2189 ἔπαινος.
1667 2154 1759 2183 Ταῦτα
1771 2155 1826 2191 γὰρ

198 2204 316 2238 speciem
336 2203 475 2238 exprimit.
501 2202 663 2231 Existimato
689 2210 786 2238 purum
811 2211 872 2231 esse
898 2203 982 2231 lilium

1038 2203 1123 2230 πάντα
1137 2202 1211 2235 ὲντδς
1231 2202 1281 2237 τῆς
1297 2202 1386 2238 ψυχῆς
1402 2203 1533 2239 γενόμενα
1547 2202 1584 2238 τῷ
1600 2202 1712 2238 καθαρῷ
1730 2201 1826 2228 διαδεί-

197 2249 370 2281 modestiam,
383 2253 410 2277 et
418 2249 566 2284 justitiam,
575 2253 603 2277 et
617 2249 816 2281 fortitudinem,
827 2255 854 2276 et
865 2249 983 2284 pruden-

197 2294 275 2328 tiam,
297 2300 324 2322 et
346 2303 515 2330 quzecunque
538 2302 601 2322 vera
619 2298 695 2327 sunt,
717 2300 746 2322 ut
767 2295 805 2322 ait
822 2295 984 2329 Apostolus.

196 2347 367 2375 quaecunque
396 2340 522 2371 honesta,
546 2347 717 2374 quaecunque
745 2339 883 2372 amabilia,
910 2347 985 2375 quae-

196 2394 305 2421 cunque
328 2387 412 2421 jnsta,
439 2394 608 2421 quaecunque
633 2387 697 2414 boni
717 2386 865 2414 nominis:
887 2386 909 2414 si
930 2394 984 2421 qua

197 2433 295 2464 virtus,
312 2433 335 2460 si
358 2441 411 2468 qua
432 2433 491 2460 laus
502 2433 536 2459 ".
564 2432 631 2459 Nam
650 2432 706 2459 haec
728 2432 820 2459 omnia
837 2437 982 2467 postquam

196 2479 225 2506 in
248 2478 368 2505 animum
384 2481 574 2513 penetrarunt,
600 2484 648 2512 per
662 2477 743 2504 vitam
760 2485 854 2512 puram
871 2472 982 2505 demon-

1036 2257 1132 2275 κνυται
1152 2248 1216 2284 βίῳ,
1242 2248 1446 2281 καλλωπίζοντα
1462 2257 1492 2275 τε
1513 2248 1558 2276 τὸν
1575 2245 1755 2283 περιέχοντα,
1777 2247 1826 2273 καὶ

1036 2294 1104 2321 αὐτὰ
1126 2294 1169 2321 διὰ
1185 2294 1231 2321 τοῦ
1256 2294 1444 2330 είσδεξαμένου
1460 2293 1694 2329 καλλωπιζόμενα.
1719 2294 1750 2320 Ἦ
1770 2293 1826 2320 τοί-

1020 2359 1025 2365 .
1037 2349 1084 2367 νυν
1098 2339 1228 2367 ἀναθεῖσα
1239 2340 1339 2375 ἑαυτὴν
1351 2340 1389 2376 τῷ
1405 2340 1549 2375 ἀδελφιδῷ,
1567 2340 1614 2367 καὶ
1627 2339 1762 2374 δεξαμένη
1776 2338 1824 2365 τοῦ

1036 2385 1224 2421 ἀγαπηθέντος
1235 2385 1266 2412 τὸ
1275 2386 1373 2417 κάλλος
1387 2387 1415 2413 ὲν
1428 2388 1461 2422 τῇ
1474 2386 1528 2422 ὶδιᾳ
1538 2387 1628 2422 μορφῇ
1640 2394 1647 2401 ο
1664 2385 1728 2412 οἴων
1735 2384 1826 2418 ἀξιοῦο

1039 2439 1085 2458 ται
1101 2431 1177 2466 παρὰ
1194 2431 1240 2458 τοῦ
1254 2431 1316 2462 τοὺς
1327 2431 1507 2466 ’δοξάζοντοςι
1527 2431 1688 2467 ἀκούσωμεν
1709 2431 1753 2458 διὰ
1773 2430 1825 2466 τῆς

1037 2477 1219 2513 προκειμένης
1235 2479 1292 2508 τοῖς
1309 2478 1428 2514 ῥήμασιν
1439 2478 1608 2510 ἀκολουθίας.

197 2530 344 2554 strantur:
373 2526 509 2561 simulque
534 2529 634 2553 ornant
663 2524 750 2556 illum,
771 2524 816 2559 qui
843 2532 873 2551 ea
893 2525 1027 2557 continet,
1044 2529 1071 2552 et
1091 2524 1149 2560 ipsa
1174 2523 1241 2559 quid
1273 2525 1425 2552 ornamenti
1454 2531 1469 2552 a
1496 2525 1652 2553 continente
1675 2525 1823 2560 accipiunt.

196 2571 379 2604 Quamobrem
421 2579 472 2603 ea,
500 2579 560 2606 quae
581 2575 666 2598 totam
692 2577 722 2597 se
746 2574 862 2604 cognato
883 2569 1013 2601 tradidit,
1031 2569 1114 2604 inque
1149 2568 1235 2596 forma
1262 2575 1313 2596 sua
1334 2569 1425 2597 dilecti
1450 2568 1681 2605 pulchritudinem
1699 2570 1823 2605 recrpit;

195 2619 286 2654 qualia
309 2623 495 2653 consequatur
520 2618 555 2645 ab
581 2617 645 2648 illo,
676 2615 723 2650 qui
752 2615 937 2651 glorificantes
961 2622 991 2643 se
1010 2615 1153 2650 glorificat,
1174 2615 1318 2642 audiamus
1345 2615 1372 2643 in
1394 2616 1438 2649 iis,
1461 2624 1522 2652 quae
1544 2617 1676 2645 hactenus
1695 2617 1824 2645 indicatis

195 2665 292 2693 ordine
306 2664 429 2700 proxima
449 2669 523 2691 sunt.

231 2710 322 2745 lnquit
337 2710 409 2738 enim
437 2710 469 2737 ad
489 2717 618 2744 sponsam
639 2707 780 2736 Verbum:
799 2706 916 2734 Pulchra
940 2714 979 2739 ea,

195 2756 318 2791 proxima
337 2763 405 2788 mea,
423 2756 490 2782 sicut
504 2756 560 2789 ipsa
574 2754 750 2781 benevolentia
759 2761 768 2784 ;
783 2753 901 2788 formosa
912 2753 981 2780 sicut

1068 2694 1137 2742 Φηοὶ
1151 2705 1206 2741 γὰρ
1222 2707 1290 2742 πρὸς
1303 2708 1352 2743 τὴν
1368 2708 1478 2744 νύμφην
1492 2708 1505 2735 6
1521 2709 1606 2744 Λόγος
1617 2718 1623 2725 ·
1646 2709 1731 2743 Καλὴ
1750 2706 1787 2740 εἴ,
1803 2709 1822 2740 ἡ

1034 2751 1168 2786 πλησίον
1184 2760 1256 2786 μου,
1278 2752 1319 2786 ὡς
1338 2753 1477 2781 εὐδοκία·
1501 2755 1593 2788 ὡραία
1619 2755 1660 2788 ὡς
1679 2755 1824 2789 Ἰερουσαο

231 2844 254 2860 ⁸³
268 2843 356 2872 Galat.
373 2853 400 2874 ν.
425 2844 469 2876 19,
485 2844 530 2872 ‘20.
569 2844 593 2859 "
616 2842 736 2878 Philipp.
764 2852 783 2877 ι,
806 2843 849 2871 2L
889 2844 909 2860 "
924 2843 997 2872 Psal.
1014 2851 1125 2879 Lxxxtx,
1150 2844 1193 2871 t7.
1231 2844 1254 2861 "
1270 2843 1386 2880 Philipp.
1405 2844 1485 2880 rv,_8.
