  <div class='ocr_page' id='page_1' title='image "/cluster/home/n/w/nwhite01/storage/ocr_20150623/44/njp.32101009003169/554.png"; bbox 0 0 1978 3068; ppageno 0'>
   <div class='ocr_carea' id='block_1_1' title="bbox 97 94 155 122">
    <p class='ocr_par' dir='ltr' id='par_1_1' title="bbox 97 94 155 122">
     <span class='ocr_line' id='line_1_1' title="bbox 97 94 155 122; baseline 0 0"><span class='ocrx_word' id='word_1_1' title='bbox 97 94 155 122; x_wconf 68' lang='grc'><strong>1097</strong></span> 
     </span>
    </p>
   </div>
   <div class='ocr_carea' id='block_1_2' title="bbox 95 147 541 184">
    <p class='ocr_par' dir='ltr' id='par_1_2' title="bbox 95 147 541 184">
     <span class='ocr_line' id='line_1_2' title="bbox 95 147 541 184; baseline -0.004 -8"><span class='ocrx_word' id='word_1_2' title='bbox 95 149 163 183; x_wconf 69' lang='grc' dir='ltr'><strong>λήμ·</strong></span> <span class='ocrx_word' id='word_1_3' title='bbox 184 149 293 184; x_wconf 77' lang='grc' dir='ltr'>θάμϐος</span> <span class='ocrx_word' id='word_1_4' title='bbox 305 150 344 181; x_wconf 81' lang='grc' dir='ltr'>ὡς</span> <span class='ocrx_word' id='word_1_5' title='bbox 358 147 541 183; x_wconf 64' lang='grc' dir='ltr'>τετιημέναι,</span> 
     </span>
    </p>
   </div>
   <div class='ocr_carea' id='block_1_3' title="bbox 96 193 873 231">
    <p class='ocr_par' dir='ltr' id='par_1_3' title="bbox 96 193 873 231">
     <span class='ocr_line' id='line_1_3' title="bbox 96 193 873 231; baseline -0.004 -9"><span class='ocrx_word' id='word_1_6' title='bbox 96 196 163 231; x_wconf 64' lang='grc' dir='ltr'>παρὰ</span> <span class='ocrx_word' id='word_1_7' title='bbox 188 196 235 231; x_wconf 84' lang='grc' dir='ltr'><strong>τῆς</strong></span> <span class='ocrx_word' id='word_1_8' title='bbox 260 195 385 230; x_wconf 76' lang='grc' dir='ltr'><strong>οὐρανίου</strong></span> <span class='ocrx_word' id='word_1_9' title='bbox 407 195 536 229; x_wconf 76' lang='grc' dir='ltr'>στρατιᾶς</span> <span class='ocrx_word' id='word_1_10' title='bbox 565 195 755 229; x_wconf 69' lang='grc' dir='ltr'><strong>ἀναπέμπεται</strong></span> <span class='ocrx_word' id='word_1_11' title='bbox 780 193 819 228; x_wconf 81' lang='grc' dir='ltr'>τῷ</span> <span class='ocrx_word' id='word_1_12' title='bbox 844 193 873 219; x_wconf 72' lang='grc' dir='ltr'>ἐν</span> 
     </span>
    </p>
   </div>
   <div class='ocr_carea' id='block_1_4' title="bbox 97 239 875 276">
    <p class='ocr_par' dir='ltr' id='par_1_4' title="bbox 97 239 875 276">
     <span class='ocr_line' id='line_1_4' title="bbox 97 239 875 276; baseline -0.005 -8"><span class='ocrx_word' id='word_1_13' title='bbox 97 241 209 276; x_wconf 73' lang='grc' dir='ltr'><strong>ὑψίστοις</strong></span> <span class='ocrx_word' id='word_1_14' title='bbox 219 240 277 275; x_wconf 84' lang='grc' dir='ltr'><strong>Θεῷ</strong></span> <span class='ocrx_word' id='word_1_15' title='bbox 287 241 356 275; x_wconf 80' lang='grc' dir='ltr'>ὑπὲρ</span> <span class='ocrx_word' id='word_1_16' title='bbox 367 241 416 275; x_wconf 81' lang='grc' dir='ltr'>τῆς</span> <span class='ocrx_word' id='word_1_17' title='bbox 430 241 459 266; x_wconf 84' lang='grc' dir='ltr'>ὲν</span> <span class='ocrx_word' id='word_1_18' title='bbox 472 239 626 276; x_wconf 82' lang='grc' dir='ltr'>ἀνθρώποις</span> <span class='ocrx_word' id='word_1_19' title='bbox 637 240 758 271; x_wconf 75' lang='grc' dir='ltr'><strong>εὐδοκίας</strong></span> <span class='ocrx_word' id='word_1_20' title='bbox 773 240 802 266; x_wconf 84' lang='grc' dir='ltr'>ὲν</span> <span class='ocrx_word' id='word_1_21' title='bbox 814 239 875 270; x_wconf 80' lang='grc' dir='ltr'>ταῖς</span> 
     </span>
    </p>
   </div>
   <div class='ocr_carea' id='block_1_5' title="bbox 96 283 875 321">
    <p class='ocr_par' dir='ltr' id='par_1_5' title="bbox 96 283 875 321">
     <span class='ocr_line' id='line_1_5' title="bbox 96 283 875 321; baseline -0.003 -8"><span class='ocrx_word' id='word_1_22' title='bbox 96 288 183 318; x_wconf 78' lang='grc' dir='ltr'><strong>ἀκοαῖς</strong></span> <span class='ocrx_word' id='word_1_23' title='bbox 199 286 253 313; x_wconf 86' lang='grc' dir='ltr'>τῶν</span> <span class='ocrx_word' id='word_1_24' title='bbox 270 286 417 321; x_wconf 77' lang='grc' dir='ltr'><strong>ποιμένων,</strong></span> <span class='ocrx_word' id='word_1_25' title='bbox 443 286 487 312; x_wconf 76' lang='grc' dir='ltr'>ὅτε</span> <span class='ocrx_word' id='word_1_26' title='bbox 502 283 571 312; x_wconf 82' lang='grc' dir='ltr'>εἶδον</span> <span class='ocrx_word' id='word_1_27' title='bbox 585 285 745 321; x_wconf 78' lang='grc' dir='ltr'>γενηθεῖσαν</span> <span class='ocrx_word' id='word_1_28' title='bbox 760 286 807 312; x_wconf 74' lang='grc' dir='ltr'><strong>ἐπὶ</strong></span> <span class='ocrx_word' id='word_1_29' title='bbox 823 285 875 320; x_wconf 77' lang='grc' dir='ltr'><strong>γῆς</strong></span> 
     </span>
    </p>
   </div>
   <div class='ocr_carea' id='block_1_6' title="bbox 96 331 875 367">
    <p class='ocr_par' dir='ltr' id='par_1_6' title="bbox 96 331 875 367">
     <span class='ocr_line' id='line_1_6' title="bbox 96 331 875 367; baseline 0 -9"><span class='ocrx_word' id='word_1_30' title='bbox 96 332 139 367; x_wconf 79' lang='grc' dir='ltr'>τὴν</span> <span class='ocrx_word' id='word_1_31' title='bbox 162 333 289 367; x_wconf 75' lang='grc' dir='ltr'><strong>εἰρήνην·</strong></span> <span class='ocrx_word' id='word_1_32' title='bbox 315 332 362 358; x_wconf 74' lang='grc' dir='ltr'>καὶ</span> <span class='ocrx_word' id='word_1_33' title='bbox 383 332 424 358; x_wconf 80' lang='grc' dir='ltr'>ὅτι</span> <span class='ocrx_word' id='word_1_34' title='bbox 441 331 517 362; x_wconf 77' lang='grc' dir='ltr'>πόλις</span> <span class='ocrx_word' id='word_1_35' title='bbox 535 331 582 357; x_wconf 80' lang='grc' dir='ltr'>τοῦ</span> <span class='ocrx_word' id='word_1_36' title='bbox 605 332 722 366; x_wconf 76' lang='grc' dir='ltr'><strong>μεγάλου</strong></span> <span class='ocrx_word' id='word_1_37' title='bbox 744 331 875 366; x_wconf 82' lang='grc' dir='ltr'>βασιλέως</span> 
     </span>
    </p>
   </div>
   <div class='ocr_carea' id='block_1_7' title="bbox 102 376 875 413">
    <p class='ocr_par' dir='ltr' id='par_1_7' title="bbox 102 376 875 413">
     <span class='ocr_line' id='line_1_7' title="bbox 102 376 875 413; baseline -0.001 -9"><span class='ocrx_word' id='word_1_38' title='bbox 102 377 271 413; x_wconf 79' lang='grc' dir='ltr'>Ἰερουσαλὴμ</span> <span class='ocrx_word' id='word_1_39' title='bbox 286 377 360 412; x_wconf 81' lang='grc' dir='ltr'>παρὰ</span> <span class='ocrx_word' id='word_1_40' title='bbox 371 376 418 403; x_wconf 77' lang='grc' dir='ltr'>τοῦ</span> <span class='ocrx_word' id='word_1_41' title='bbox 434 377 568 403; x_wconf 75' lang='grc' dir='ltr'>Δεςπὰτου</span> <span class='ocrx_word' id='word_1_42' title='bbox 588 377 677 412; x_wconf 78' lang='grc' dir='ltr'>πάσης</span> <span class='ocrx_word' id='word_1_43' title='bbox 692 377 806 409; x_wconf 76' lang='grc' dir='ltr'><strong>κτίσεως</strong></span> <span class='ocrx_word' id='word_1_44' title='bbox 815 378 875 403; x_wconf 77' lang='grc' dir='ltr'>ὀνο-</span> 
     </span>
    </p>
   </div>
   <div class='ocr_carea' id='block_1_8' title="bbox 99 423 875 459">
    <p class='ocr_par' dir='ltr' id='par_1_8' title="bbox 99 423 875 459">
     <span class='ocr_line' id='line_1_8' title="bbox 99 423 875 459; baseline 0 -10"><span class='ocrx_word' id='word_1_45' title='bbox 99 424 217 459; x_wconf 78' lang='grc' dir='ltr'>μάζεται,</span> <span class='ocrx_word' id='word_1_46' title='bbox 241 425 322 450; x_wconf 79' lang='grc' dir='ltr'>παντὶ</span> <span class='ocrx_word' id='word_1_47' title='bbox 342 423 420 458; x_wconf 84' lang='grc' dir='ltr'>δῆλον</span> <span class='ocrx_word' id='word_1_48' title='bbox 437 423 470 450; x_wconf 78' lang='grc' dir='ltr'>ἂν</span> <span class='ocrx_word' id='word_1_49' title='bbox 494 424 536 458; x_wconf 87' lang='grc' dir='ltr'><strong>εἴη</strong></span> <span class='ocrx_word' id='word_1_50' title='bbox 557 423 596 458; x_wconf 81' lang='grc' dir='ltr'>τῷ</span> <span class='ocrx_word' id='word_1_51' title='bbox 618 425 673 455; x_wconf 84' lang='grc' dir='ltr'>τοῖς</span> <span class='ocrx_word' id='word_1_52' title='bbox 691 423 875 457; x_wconf 70' lang='grc' dir='ltr'>εὐαγγελικοῖς</span> 
     </span>
    </p>
   </div>
   <div class='ocr_carea' id='block_1_9' title="bbox 98 469 875 505">
    <p class='ocr_par' dir='ltr' id='par_1_9' title="bbox 98 469 875 505">
     <span class='ocr_line' id='line_1_9' title="bbox 98 469 875 505; baseline -0.003 -8"><span class='ocrx_word' id='word_1_53' title='bbox 98 469 303 505; x_wconf 79' lang='grc' dir='ltr'>καθομιλήσαντι</span> <span class='ocrx_word' id='word_1_54' title='bbox 321 469 426 504; x_wconf 82' lang='grc' dir='ltr'>λόγοις·</span> <span class='ocrx_word' id='word_1_55' title='bbox 450 471 487 502; x_wconf 82' lang='grc' dir='ltr'>ὡς</span> <span class='ocrx_word' id='word_1_56' title='bbox 507 470 550 496; x_wconf 77' lang='grc' dir='ltr'><strong>διὰ</strong></span> <span class='ocrx_word' id='word_1_57' title='bbox 566 469 667 496; x_wconf 82' lang='grc' dir='ltr'>τούτων</span> <span class='ocrx_word' id='word_1_58' title='bbox 691 470 727 505; x_wconf 83' lang='grc' dir='ltr'>μὴ</span> <span class='ocrx_word' id='word_1_59' title='bbox 744 470 875 505; x_wconf 81' lang='grc' dir='ltr'><strong>ἀγνοῆσαι</strong></span> 
     </span>
    </p>
   </div>
   <div class='ocr_carea' id='block_1_10' title="bbox 98 515 876 550">
    <p class='ocr_par' dir='ltr' id='par_1_10' title="bbox 98 515 876 550">
     <span class='ocr_line' id='line_1_10' title="bbox 98 515 876 550; baseline -0.003 -8"><span class='ocrx_word' id='word_1_60' title='bbox 98 517 166 542; x_wconf 87' lang='grc' dir='ltr'>ποῖον</span> <span class='ocrx_word' id='word_1_61' title='bbox 190 516 325 550; x_wconf 82' lang='grc' dir='ltr'>μαρτυρεῖ</span> <span class='ocrx_word' id='word_1_62' title='bbox 347 517 380 550; x_wconf 84' lang='grc' dir='ltr'><strong>τῇ</strong></span> <span class='ocrx_word' id='word_1_63' title='bbox 396 515 487 550; x_wconf 73' lang='grc' dir='ltr'><strong>νύμφῃ</strong></span> <span class='ocrx_word' id='word_1_64' title='bbox 508 517 521 542; x_wconf 85' lang='grc' dir='ltr'><strong>ὁ</strong></span> <span class='ocrx_word' id='word_1_65' title='bbox 534 516 618 549; x_wconf 81' lang='grc' dir='ltr'><strong>Λόγος</strong></span> <span class='ocrx_word' id='word_1_66' title='bbox 642 515 738 547; x_wconf 80' lang='grc' dir='ltr'>κάλλος</span> <span class='ocrx_word' id='word_1_67' title='bbox 762 515 805 541; x_wconf 80' lang='grc' dir='ltr'>διὰ</span> <span class='ocrx_word' id='word_1_68' title='bbox 827 515 876 550; x_wconf 78' lang='grc' dir='ltr'>τῆς</span> 
     </span>
    </p>
   </div>
   <div class='ocr_carea' id='block_1_11' title="bbox 98 560 877 596">
    <p class='ocr_par' dir='ltr' id='par_1_11' title="bbox 98 560 877 596">
     <span class='ocr_line' id='line_1_11' title="bbox 98 560 877 596; baseline 0 -9"><span class='ocrx_word' id='word_1_69' title='bbox 98 562 159 596; x_wconf 73' lang='grc' dir='ltr'>πρὸς</span> <span class='ocrx_word' id='word_1_70' title='bbox 174 561 222 596; x_wconf 73' lang='grc' dir='ltr'>τὴν</span> <span class='ocrx_word' id='word_1_71' title='bbox 247 561 425 596; x_wconf 74' lang='grc' dir='ltr'>Ἰερουσαλὴμ</span> <span class='ocrx_word' id='word_1_72' title='bbox 445 561 491 588; x_wconf 76' lang='grc' dir='ltr'>καὶ</span> <span class='ocrx_word' id='word_1_73' title='bbox 512 561 579 596; x_wconf 79' lang='grc' dir='ltr'>πρὸς</span> <span class='ocrx_word' id='word_1_74' title='bbox 601 560 650 596; x_wconf 85' lang='grc' dir='ltr'>τὴν</span> <span class='ocrx_word' id='word_1_75' title='bbox 673 561 795 587; x_wconf 68' lang='grc' dir='ltr'>εὐδοκίαν</span> <span class='ocrx_word' id='word_1_76' title='bbox 812 569 877 594; x_wconf 88' lang='grc' dir='ltr'>συγ-</span> 
     </span>
    </p>
   </div>
   <div class='ocr_carea' id='block_1_12' title="bbox 96 606 878 642">
    <p class='ocr_par' dir='ltr' id='par_1_12' title="bbox 96 606 878 642">
     <span class='ocr_line' id='line_1_12' title="bbox 96 606 878 642; baseline 0 -9"><span class='ocrx_word' id='word_1_77' title='bbox 96 606 217 642; x_wconf 73' lang='grc' dir='ltr'>κρίσεως.</span> <span class='ocrx_word' id='word_1_78' title='bbox 250 607 332 640; x_wconf 79' lang='grc' dir='ltr'>Δῆλον</span> <span class='ocrx_word' id='word_1_79' title='bbox 353 608 406 641; x_wconf 75' lang='grc' dir='ltr'><strong>γὰρ</strong></span> <span class='ocrx_word' id='word_1_80' title='bbox 427 607 466 633; x_wconf 79' lang='grc' dir='ltr'>ὅτι</span> <span class='ocrx_word' id='word_1_81' title='bbox 482 606 560 632; x_wconf 78' lang='grc' dir='ltr'>τοῦτο</span> <span class='ocrx_word' id='word_1_82' title='bbox 575 607 639 642; x_wconf 74' lang='grc' dir='ltr'>περὶ</span> <span class='ocrx_word' id='word_1_83' title='bbox 663 607 747 641; x_wconf 68' lang='grc' dir='ltr'>αὐτῆς</span> <span class='ocrx_word' id='word_1_84' title='bbox 763 608 777 633; x_wconf 77' lang='grc' dir='ltr'><strong>ὁ</strong></span> <span class='ocrx_word' id='word_1_85' title='bbox 792 606 878 641; x_wconf 81' lang='grc' dir='ltr'>Λόγος</span> 
     </span>
    </p>
   </div>
   <div class='ocr_carea' id='block_1_13' title="bbox 98 651 878 688">
    <p class='ocr_par' dir='ltr' id='par_1_13' title="bbox 98 651 878 688">
     <span class='ocr_line' id='line_1_13' title="bbox 98 651 878 688; baseline 0.001 -11"><span class='ocrx_word' id='word_1_86' title='bbox 98 652 267 684; x_wconf 78' lang='grc' dir='ltr'>ἐνδείκνυται,</span> <span class='ocrx_word' id='word_1_87' title='bbox 287 651 330 678; x_wconf 72' lang='grc' dir='ltr'>διὰ</span> <span class='ocrx_word' id='word_1_88' title='bbox 351 652 399 686; x_wconf 79' lang='grc' dir='ltr'><strong>τῆς</strong></span> <span class='ocrx_word' id='word_1_89' title='bbox 420 652 638 688; x_wconf 80' lang='grc' dir='ltr'>κατορθουμένης</span> <span class='ocrx_word' id='word_1_90' title='bbox 659 652 762 683; x_wconf 78' lang='grc' dir='ltr'>ἀνόδου,</span> <span class='ocrx_word' id='word_1_91' title='bbox 782 652 878 687; x_wconf 77' lang='grc' dir='ltr'><strong>μέχρις</strong></span> 
     </span>
    </p>
   </div>
   <div class='ocr_carea' id='block_1_14' title="bbox 97 697 879 733">
    <p class='ocr_par' dir='ltr' id='par_1_14' title="bbox 97 697 879 733">
     <span class='ocr_line' id='line_1_14' title="bbox 97 697 879 733; baseline 0 -9"><span class='ocrx_word' id='word_1_92' title='bbox 97 698 196 725; x_wconf 81' lang='grc' dir='ltr'>ἐκείνου</span> <span class='ocrx_word' id='word_1_93' title='bbox 209 698 257 732; x_wconf 83' lang='grc' dir='ltr'>τὴν</span> <span class='ocrx_word' id='word_1_94' title='bbox 270 697 359 733; x_wconf 61' lang='grc' dir='ltr'>ψυχὴν</span> <span class='ocrx_word' id='word_1_95' title='bbox 374 698 523 733; x_wconf 74' lang='grc' dir='ltr'><strong>ὑψωθῆναι,</strong></span> <span class='ocrx_word' id='word_1_96' title='bbox 538 699 574 730; x_wconf 83' lang='grc' dir='ltr'>ὡς</span> <span class='ocrx_word' id='word_1_97' title='bbox 590 698 657 733; x_wconf 78' lang='grc' dir='ltr'>πρὸς</span> <span class='ocrx_word' id='word_1_98' title='bbox 671 698 705 725; x_wconf 77' lang='grc' dir='ltr'><strong>τὰ</strong></span> <span class='ocrx_word' id='word_1_99' title='bbox 717 699 763 725; x_wconf 81' lang='grc' dir='ltr'>τοῦ</span> <span class='ocrx_word' id='word_1_100' title='bbox 780 699 879 725; x_wconf 76' lang='grc' dir='ltr'>Δεσπὸ-</span> 
     </span>
    </p>
   </div>
   <div class='ocr_carea' id='block_1_15' title="bbox 95 742 878 780">
    <p class='ocr_par' dir='ltr' id='par_1_15' title="bbox 95 742 878 780">
     <span class='ocr_line' id='line_1_15' title="bbox 95 742 878 780; baseline 0 -10"><span class='ocrx_word' id='word_1_101' title='bbox 95 750 139 770; x_wconf 81' lang='grc' dir='ltr'>’του</span> <span class='ocrx_word' id='word_1_102' title='bbox 155 742 282 778; x_wconf 82' lang='grc' dir='ltr'>θαύματα</span> <span class='ocrx_word' id='word_1_103' title='bbox 309 744 407 778; x_wconf 64' lang='grc' dir='ltr'>ἑαυτὴν</span> <span class='ocrx_word' id='word_1_104' title='bbox 428 745 591 771; x_wconf 78' lang='grc' dir='ltr'>ἐπεκτεῖναι.</span> <span class='ocrx_word' id='word_1_105' title='bbox 619 745 650 770; x_wconf 84' lang='lat' dir='ltr'><strong>El</strong></span> <span class='ocrx_word' id='word_1_106' title='bbox 665 744 719 780; x_wconf 75' lang='grc' dir='ltr'><strong>γὰρ</strong></span> <span class='ocrx_word' id='word_1_107' title='bbox 743 746 757 771; x_wconf 79' lang='grc' dir='ltr'>ὁ</span> <span class='ocrx_word' id='word_1_108' title='bbox 772 746 799 771; x_wconf 81' lang='grc' dir='ltr'>ἐν</span> <span class='ocrx_word' id='word_1_109' title='bbox 818 743 878 779; x_wconf 68' lang='grc' dir='ltr'>ὑψί-</span> 
     </span>
    </p>
   </div>
   <div class='ocr_carea' id='block_1_16' title="bbox 99 789 880 824">
    <p class='ocr_par' dir='ltr' id='par_1_16' title="bbox 99 789 880 824">
     <span class='ocr_line' id='line_1_16' title="bbox 99 789 880 824; baseline -0.001 -8"><span class='ocrx_word' id='word_1_110' title='bbox 99 799 166 822; x_wconf 71' lang='grc' dir='ltr'>στοις</span> <span class='ocrx_word' id='word_1_111' title='bbox 179 789 254 822; x_wconf 80' lang='grc' dir='ltr'>Θεὸς,</span> <span class='ocrx_word' id='word_1_112' title='bbox 268 790 304 816; x_wconf 84' lang='grc' dir='ltr'>ὢν</span> <span class='ocrx_word' id='word_1_113' title='bbox 320 792 348 817; x_wconf 73' lang='grc' dir='ltr'>ἐν</span> <span class='ocrx_word' id='word_1_114' title='bbox 360 791 415 822; x_wconf 81' lang='grc' dir='ltr'>τοῖς</span> <span class='ocrx_word' id='word_1_115' title='bbox 431 789 540 822; x_wconf 79' lang='grc' dir='ltr'><strong>κόλποις</strong></span> <span class='ocrx_word' id='word_1_116' title='bbox 553 789 600 816; x_wconf 75' lang='grc' dir='ltr'>τοῦ</span> <span class='ocrx_word' id='word_1_117' title='bbox 615 790 730 823; x_wconf 61' lang='grc' dir='ltr'>Πεῖρος,</span> <span class='ocrx_word' id='word_1_118' title='bbox 746 789 815 824; x_wconf 77' lang='grc' dir='ltr'>ὑπὲρ</span> <span class='ocrx_word' id='word_1_119' title='bbox 830 790 880 824; x_wconf 83' lang='grc' dir='ltr'>τῆς</span> 
     </span>
    </p>
   </div>
   <div class='ocr_carea' id='block_1_17' title="bbox 97 820 918 871">
    <p class='ocr_par' dir='ltr' id='par_1_17' title="bbox 97 820 918 871">
     <span class='ocr_line' id='line_1_17' title="bbox 97 820 918 871; baseline 0 -9"><span class='ocrx_word' id='word_1_120' title='bbox 97 835 213 867; x_wconf 80' lang='grc' dir='ltr'><strong>εὐδοκίας</strong></span> <span class='ocrx_word' id='word_1_121' title='bbox 225 837 253 862; x_wconf 77' lang='grc' dir='ltr'>ὲν</span> <span class='ocrx_word' id='word_1_122' title='bbox 269 835 421 871; x_wconf 80' lang='grc' dir='ltr'>ἀνθρώποις</span> <span class='ocrx_word' id='word_1_123' title='bbox 439 836 534 871; x_wconf 76' lang='grc' dir='ltr'>αἵματι</span> <span class='ocrx_word' id='word_1_124' title='bbox 551 836 595 862; x_wconf 82' lang='grc' dir='ltr'>καὶ</span> <span class='ocrx_word' id='word_1_125' title='bbox 617 837 698 871; x_wconf 77' lang='grc' dir='ltr'>σαρκὶ</span> <span class='ocrx_word' id='word_1_126' title='bbox 711 836 877 870; x_wconf 75' lang='grc' dir='ltr'>κατακιρνᾶ-</span> <span class='ocrx_word' id='word_1_127' title='bbox 896 820 918 849; x_wconf 72' lang='grc' dir='ltr'><strong>Β</strong></span> 
     </span>
    </p>
   </div>
   <div class='ocr_carea' id='block_1_18' title="bbox 95 881 873 917">
    <p class='ocr_par' dir='ltr' id='par_1_18' title="bbox 95 881 873 917">
     <span class='ocr_line' id='line_1_18' title="bbox 95 881 873 917; baseline 0 -10"><span class='ocrx_word' id='word_1_128' title='bbox 95 889 147 908; x_wconf 86' lang='grc' dir='ltr'>ται.</span> <span class='ocrx_word' id='word_1_129' title='bbox 163 881 204 907; x_wconf 79' lang='grc' dir='ltr'>ἵνα</span> <span class='ocrx_word' id='word_1_130' title='bbox 220 881 320 916; x_wconf 78' lang='grc' dir='ltr'>γενηθῇ</span> <span class='ocrx_word' id='word_1_131' title='bbox 336 882 381 908; x_wconf 70' lang='grc' dir='ltr'><strong>ἐπὶ</strong></span> <span class='ocrx_word' id='word_1_132' title='bbox 394 882 443 916; x_wconf 75' lang='grc' dir='ltr'>τῆς</span> <span class='ocrx_word' id='word_1_133' title='bbox 457 882 510 917; x_wconf 74' lang='grc' dir='ltr'><strong>γῆς</strong></span> <span class='ocrx_word' id='word_1_134' title='bbox 524 882 620 916; x_wconf 75' lang='grc' dir='ltr'>εἰρήνη</span> <span class='ocrx_word' id='word_1_135' title='bbox 633 890 639 895; x_wconf 92' lang='grc'><strong>·</strong></span> <span class='ocrx_word' id='word_1_136' title='bbox 658 881 734 916; x_wconf 81' lang='grc' dir='ltr'>δῆλον</span> <span class='ocrx_word' id='word_1_137' title='bbox 748 882 787 907; x_wconf 81' lang='grc' dir='ltr'>ὅτι</span> <span class='ocrx_word' id='word_1_138' title='bbox 806 881 873 915; x_wconf 71' lang='grc' dir='ltr'>πρὸς</span> 
     </span>
    </p>
   </div>
   <div class='ocr_carea' id='block_1_19' title="bbox 97 925 896 962">
    <p class='ocr_par' dir='ltr' id='par_1_19' title="bbox 97 925 896 962">
     <span class='ocr_line' id='line_1_19' title="bbox 97 925 896 962; baseline 0.001 -10"><span class='ocrx_word' id='word_1_139' title='bbox 97 925 194 961; x_wconf 74' lang='grc' dir='ltr'>ταύτην</span> <span class='ocrx_word' id='word_1_140' title='bbox 206 926 254 961; x_wconf 75' lang='grc' dir='ltr'>τὴν</span> <span class='ocrx_word' id='word_1_141' title='bbox 273 927 404 958; x_wconf 76' lang='grc' dir='ltr'>εὐδοκίαν,</span> <span class='ocrx_word' id='word_1_142' title='bbox 426 927 456 953; x_wconf 78' lang='grc' dir='ltr'>τὸ</span> <span class='ocrx_word' id='word_1_143' title='bbox 480 927 578 962; x_wconf 74' lang='grc' dir='ltr'>ἑαυτῆς</span> <span class='ocrx_word' id='word_1_144' title='bbox 597 927 752 961; x_wconf 71' lang='grc' dir='ltr'>ὁμοιώσασα</span> <span class='ocrx_word' id='word_1_145' title='bbox 771 927 896 960; x_wconf 77' lang='grc' dir='ltr'>κάλλος,’</span> 
     </span>
    </p>
   </div>
   <div class='ocr_carea' id='block_1_20' title="bbox 96 970 880 1007">
    <p class='ocr_par' dir='ltr' id='par_1_20' title="bbox 96 970 880 1007">
     <span class='ocr_line' id='line_1_20' title="bbox 96 970 880 1007; baseline 0.001 -10"><span class='ocrx_word' id='word_1_146' title='bbox 96 970 139 998; x_wconf 78' lang='grc' dir='ltr'>τὸν</span> <span class='ocrx_word' id='word_1_147' title='bbox 152 972 268 1007; x_wconf 76' lang='grc' dir='ltr'>Χριστὸν</span> <span class='ocrx_word' id='word_1_148' title='bbox 281 974 403 1007; x_wconf 80' lang='grc' dir='ltr'><strong>μιμεῖται</strong></span> <span class='ocrx_word' id='word_1_149' title='bbox 415 974 469 1004; x_wconf 87' lang='grc' dir='ltr'>τοῖς</span> <span class='ocrx_word' id='word_1_150' title='bbox 483 972 690 1007; x_wconf 75' lang='grc' dir='ltr'><strong>κατορθώμασιν</strong></span> <span class='ocrx_word' id='word_1_151' title='bbox 702 981 709 987; x_wconf 91' lang='grc'><strong>·</strong></span> <span class='ocrx_word' id='word_1_152' title='bbox 737 974 824 999; x_wconf 84' lang='grc' dir='ltr'>ἐκεῖνο</span> <span class='ocrx_word' id='word_1_153' title='bbox 837 982 880 1006; x_wconf 86' lang='grc' dir='ltr'><strong>γι-</strong></span> 
     </span>
    </p>
   </div>
   <div class='ocr_carea' id='block_1_21' title="bbox 97 1016 881 1052">
    <p class='ocr_par' dir='ltr' id='par_1_21' title="bbox 97 1016 881 1052">
     <span class='ocr_line' id='line_1_21' title="bbox 97 1016 881 1052; baseline 0.004 -10"><span class='ocrx_word' id='word_1_154' title='bbox 97 1016 193 1051; x_wconf 82' lang='grc' dir='ltr'>νομένη</span> <span class='ocrx_word' id='word_1_155' title='bbox 208 1018 263 1049; x_wconf 84' lang='grc' dir='ltr'>τοῖς</span> <span class='ocrx_word' id='word_1_156' title='bbox 279 1017 378 1048; x_wconf 83' lang='grc' dir='ltr'>ἄλλοις,</span> <span class='ocrx_word' id='word_1_157' title='bbox 392 1017 460 1052; x_wconf 77' lang='grc' dir='ltr'>ὅπερ</span> <span class='ocrx_word' id='word_1_158' title='bbox 474 1019 490 1043; x_wconf 76' lang='grc' dir='ltr'>ὀ</span> <span class='ocrx_word' id='word_1_159' title='bbox 503 1017 619 1052; x_wconf 82' lang='grc' dir='ltr'>Χριστὸς</span> <span class='ocrx_word' id='word_1_160' title='bbox 632 1019 665 1052; x_wconf 85' lang='grc' dir='ltr'>τῇ</span> <span class='ocrx_word' id='word_1_161' title='bbox 680 1018 758 1052; x_wconf 74' lang='grc' dir='ltr'>φύσει</span> <span class='ocrx_word' id='word_1_162' title='bbox 769 1018 824 1045; x_wconf 85' lang='grc' dir='ltr'>τῶν</span> <span class='ocrx_word' id='word_1_163' title='bbox 837 1019 881 1045; x_wconf 73' lang='grc' dir='ltr'><strong>ἁν-</strong></span> 
     </span>
    </p>
   </div>
   <div class='ocr_carea' id='block_1_22' title="bbox 96 1062 880 1098">
    <p class='ocr_par' dir='ltr' id='par_1_22' title="bbox 96 1062 880 1098">
     <span class='ocr_line' id='line_1_22' title="bbox 96 1062 880 1098; baseline 0 -8"><span class='ocrx_word' id='word_1_164' title='bbox 96 1063 210 1098; x_wconf 83' lang='grc' dir='ltr'>θρὼπων</span> <span class='ocrx_word' id='word_1_165' title='bbox 223 1063 329 1097; x_wconf 77' lang='grc' dir='ltr'>ἐγένετο</span> <span class='ocrx_word' id='word_1_166' title='bbox 341 1071 347 1078; x_wconf 92' lang='grc'>·</span> <span class='ocrx_word' id='word_1_167' title='bbox 360 1062 484 1098; x_wconf 79' lang='grc' dir='ltr'>καθάπερ</span> <span class='ocrx_word' id='word_1_168' title='bbox 496 1063 541 1089; x_wconf 80' lang='grc' dir='ltr'>καὶ</span> <span class='ocrx_word' id='word_1_169' title='bbox 552 1063 565 1088; x_wconf 85' lang='grc' dir='ltr'>ὁ</span> <span class='ocrx_word' id='word_1_170' title='bbox 575 1063 696 1098; x_wconf 78' lang='grc' dir='ltr'>μιμητὴς</span> <span class='ocrx_word' id='word_1_171' title='bbox 709 1063 755 1089; x_wconf 81' lang='grc' dir='ltr'>τοῦ</span> <span class='ocrx_word' id='word_1_172' title='bbox 762 1064 783 1090; x_wconf 83' lang='grc' dir='ltr'><strong>Χ</strong></span> <span class='ocrx_word' id='word_1_173' title='bbox 788 1064 880 1098; x_wconf 77' lang='grc' dir='ltr'>ριστυῦ</span> 
     </span>
    </p>
   </div>
   <div class='ocr_carea' id='block_1_23' title="bbox 97 1107 881 1144">
    <p class='ocr_par' dir='ltr' id='par_1_23' title="bbox 97 1107 881 1144">
     <span class='ocr_line' id='line_1_23' title="bbox 97 1107 881 1144; baseline 0.001 -10"><span class='ocrx_word' id='word_1_174' title='bbox 97 1109 201 1140; x_wconf 79' lang='grc' dir='ltr'>Παῦλος</span> <span class='ocrx_word' id='word_1_175' title='bbox 223 1109 318 1140; x_wconf 77' lang='grc' dir='ltr'><strong>ἐποίει,</strong></span> <span class='ocrx_word' id='word_1_176' title='bbox 339 1109 433 1135; x_wconf 81' lang='grc' dir='ltr'>ἑαυτὸν</span> <span class='ocrx_word' id='word_1_177' title='bbox 452 1109 502 1144; x_wconf 84' lang='grc' dir='ltr'>τῆς</span> <span class='ocrx_word' id='word_1_178' title='bbox 522 1107 594 1143; x_wconf 82' lang='grc' dir='ltr'><strong>ζωῆς</strong></span> <span class='ocrx_word' id='word_1_179' title='bbox 616 1108 761 1144; x_wconf 72' lang='grc' dir='ltr'>ἀφορίζων,</span> <span class='ocrx_word' id='word_1_180' title='bbox 786 1109 828 1136; x_wconf 81' lang='grc' dir='ltr'>ἵνα</span> <span class='ocrx_word' id='word_1_181' title='bbox 843 1110 881 1144; x_wconf 86' lang='grc' dir='ltr'><strong>τῷ</strong></span> 
     </span>
    </p>
   </div>
   <div class='ocr_carea' id='block_1_24' title="bbox 99 1153 880 1190">
    <p class='ocr_par' dir='ltr' id='par_1_24' title="bbox 99 1153 880 1190">
     <span class='ocr_line' id='line_1_24' title="bbox 99 1153 880 1190; baseline 0.003 -11"><span class='ocrx_word' id='word_1_182' title='bbox 99 1154 154 1188; x_wconf 82' lang='grc' dir='ltr'>ἰδίῳ</span> <span class='ocrx_word' id='word_1_183' title='bbox 174 1153 253 1180; x_wconf 80' lang='grc' dir='ltr'>πάθει</span> <span class='ocrx_word' id='word_1_184' title='bbox 266 1153 314 1189; x_wconf 70' lang='grc' dir='ltr'><strong>τὴν</strong></span> <span class='ocrx_word' id='word_1_185' title='bbox 330 1153 465 1189; x_wconf 75' lang='grc' dir='ltr'><strong>σωτηρίαν</strong></span> <span class='ocrx_word' id='word_1_186' title='bbox 488 1154 535 1180; x_wconf 80' lang='grc' dir='ltr'>τοῦ</span> <span class='ocrx_word' id='word_1_187' title='bbox 555 1154 660 1189; x_wconf 85' lang='grc' dir='ltr'>Ἰσραὴλ</span> <span class='ocrx_word' id='word_1_188' title='bbox 675 1154 880 1190; x_wconf 76' lang='grc' dir='ltr'>ἁνταλλάξηται,</span> 
     </span>
    </p>
   </div>
   <div class='ocr_carea' id='block_1_25' title="bbox 98 1197 881 1234">
    <p class='ocr_par' dir='ltr' id='par_1_25' title="bbox 98 1197 881 1234">
     <span class='ocr_line' id='line_1_25' title="bbox 98 1197 881 1234; baseline 0.003 -9"><span class='ocrx_word' id='word_1_189' title='bbox 98 1199 181 1233; x_wconf 81' lang='grc' dir='ltr'>λέγων</span> <span class='ocrx_word' id='word_1_190' title='bbox 193 1207 200 1214; x_wconf 73' lang='grc' dir='ltr'><strong><em>ο</em></strong></span> <span class='ocrx_word' id='word_1_191' title='bbox 213 1200 355 1233; x_wconf 79' lang='grc' dir='ltr'><strong>Εὺχόμην</strong></span> <span class='ocrx_word' id='word_1_192' title='bbox 371 1199 502 1232; x_wconf 75' lang='grc' dir='ltr'><strong>ἀνάθεμα</strong></span> <span class='ocrx_word' id='word_1_193' title='bbox 517 1197 592 1226; x_wconf 75' lang='grc' dir='ltr'>εἶναι</span> <span class='ocrx_word' id='word_1_194' title='bbox 605 1199 664 1226; x_wconf 76' lang='grc' dir='ltr'><strong>ἀπὸ</strong></span> <span class='ocrx_word' id='word_1_195' title='bbox 675 1199 727 1226; x_wconf 83' lang='grc' dir='ltr'>τοῦ</span> <span class='ocrx_word' id='word_1_196' title='bbox 741 1200 881 1234; x_wconf 82' lang='grc' dir='ltr'>Χριστοῦ.</span> 
     </span>
    </p>
   </div>
   <div class='ocr_carea' id='block_1_26' title="bbox 97 1244 884 1281">
    <p class='ocr_par' dir='ltr' id='par_1_26' title="bbox 97 1244 884 1281">
     <span class='ocr_line' id='line_1_26' title="bbox 97 1244 884 1281; baseline 0.003 -9"><span class='ocrx_word' id='word_1_197' title='bbox 97 1245 172 1279; x_wconf 75' lang='grc' dir='ltr'>ὑπὲρ</span> <span class='ocrx_word' id='word_1_198' title='bbox 188 1244 247 1271; x_wconf 83' lang='grc' dir='ltr'><strong>τῶν</strong></span> <span class='ocrx_word' id='word_1_199' title='bbox 260 1245 400 1280; x_wconf 55' lang='grc' dir='ltr'>ἀδελφῶν</span> <span class='ocrx_word' id='word_1_200' title='bbox 407 1255 476 1280; x_wconf 82' lang='grc' dir='ltr'>μου,</span> <span class='ocrx_word' id='word_1_201' title='bbox 495 1245 554 1272; x_wconf 84' lang='grc' dir='ltr'><strong>τῶν</strong></span> <span class='ocrx_word' id='word_1_202' title='bbox 567 1246 724 1280; x_wconf 73' lang='grc' dir='ltr'>συγγενῶν</span> <span class='ocrx_word' id='word_1_203' title='bbox 732 1255 792 1281; x_wconf 82' lang='grc' dir='ltr'><strong>μου</strong></span> <span class='ocrx_word' id='word_1_204' title='bbox 808 1247 884 1274; x_wconf 82' lang='grc' dir='ltr'>κατὰ</span> 
     </span>
    </p>
   </div>
   <div class='ocr_carea' id='block_1_27' title="bbox 98 1288 884 1327">
    <p class='ocr_par' dir='ltr' id='par_1_27' title="bbox 98 1288 884 1327">
     <span class='ocr_line' id='line_1_27' title="bbox 98 1288 884 1327; baseline 0.003 -11"><span class='ocrx_word' id='word_1_205' title='bbox 98 1288 204 1323; x_wconf 80' lang='grc' dir='ltr'><em>σάρκα.</em></span> <span class='ocrx_word' id='word_1_206' title='bbox 225 1290 296 1326; x_wconf 82' lang='grc' dir='ltr'>Πρὸς</span> <span class='ocrx_word' id='word_1_207' title='bbox 315 1290 344 1316; x_wconf 72' lang='grc' dir='ltr'>ὃν</span> <span class='ocrx_word' id='word_1_208' title='bbox 363 1290 474 1321; x_wconf 77' lang='grc' dir='ltr'><strong>εἰκότως</strong></span> <span class='ocrx_word' id='word_1_209' title='bbox 487 1291 601 1325; x_wconf 79' lang='grc' dir='ltr'><strong>ἁρμόζει</strong></span> <span class='ocrx_word' id='word_1_210' title='bbox 612 1292 645 1326; x_wconf 82' lang='grc' dir='ltr'><strong>τῇ</strong></span> <span class='ocrx_word' id='word_1_211' title='bbox 662 1291 753 1326; x_wconf 83' lang='grc' dir='ltr'>νύμφῃ</span> <span class='ocrx_word' id='word_1_212' title='bbox 764 1292 794 1318; x_wconf 78' lang='grc' dir='ltr'>τὸ</span> <span class='ocrx_word' id='word_1_213' title='bbox 809 1293 884 1327; x_wconf 81' lang='grc' dir='ltr'>εἰρη-</span> 
     </span>
    </p>
   </div>
   <div class='ocr_carea' id='block_1_28' title="bbox 99 1333 890 1372">
    <p class='ocr_par' dir='ltr' id='par_1_28' title="bbox 99 1333 890 1372">
     <span class='ocr_line' id='line_1_28' title="bbox 99 1333 890 1372; baseline 0.006 -12"><span class='ocrx_word' id='word_1_214' title='bbox 99 1335 178 1370; x_wconf 78' lang='grc' dir='ltr'>μένον</span> <span class='ocrx_word' id='word_1_215' title='bbox 201 1336 296 1366; x_wconf 80' lang='grc' dir='ltr'>εἰπεῖν,</span> <span class='ocrx_word' id='word_1_216' title='bbox 320 1335 361 1361; x_wconf 80' lang='grc' dir='ltr'>ὃτι</span> <span class='ocrx_word' id='word_1_217' title='bbox 376 1333 503 1362; x_wconf 81' lang='grc' dir='ltr'>Τοιοῦτόν</span> <span class='ocrx_word' id='word_1_218' title='bbox 525 1337 583 1362; x_wconf 78' lang='grc' dir='ltr'>ἐστι</span> <span class='ocrx_word' id='word_1_219' title='bbox 609 1337 659 1371; x_wconf 79' lang='grc' dir='ltr'>τῆς</span> <span class='ocrx_word' id='word_1_220' title='bbox 682 1336 772 1372; x_wconf 77' lang='grc' dir='ltr'>ψυχῆς</span> <span class='ocrx_word' id='word_1_221' title='bbox 793 1346 839 1364; x_wconf 85' lang='grc' dir='ltr'><strong>σον</strong></span> <span class='ocrx_word' id='word_1_222' title='bbox 854 1340 890 1366; x_wconf 73' lang='grc' dir='ltr'>το</span> 
     </span>
    </p>
   </div>
   <div class='ocr_carea' id='block_1_29' title="bbox 97 1379 884 1417">
    <p class='ocr_par' dir='ltr' id='par_1_29' title="bbox 97 1379 884 1417">
     <span class='ocr_line' id='line_1_29' title="bbox 97 1379 884 1417; baseline 0 -9"><span class='ocrx_word' id='word_1_223' title='bbox 97 1379 203 1412; x_wconf 76' lang='grc' dir='ltr'>κάλλος,</span> <span class='ocrx_word' id='word_1_224' title='bbox 225 1380 268 1406; x_wconf 77' lang='grc' dir='ltr'>οἵα</span> <span class='ocrx_word' id='word_1_225' title='bbox 284 1381 300 1415; x_wconf 89' lang='grc' dir='ltr'><strong>ἠ</strong></span> <span class='ocrx_word' id='word_1_226' title='bbox 319 1379 365 1406; x_wconf 75' lang='grc' dir='ltr'>τοῦ</span> <span class='ocrx_word' id='word_1_227' title='bbox 380 1379 514 1406; x_wconf 79' lang='grc' dir='ltr'>Δεσπότου</span> <span class='ocrx_word' id='word_1_228' title='bbox 529 1381 641 1415; x_wconf 82' lang='grc' dir='ltr'>γέγονεν</span> <span class='ocrx_word' id='word_1_229' title='bbox 666 1381 736 1416; x_wconf 82' lang='grc' dir='ltr'>ὑπὲρ</span> <span class='ocrx_word' id='word_1_230' title='bbox 749 1381 826 1417; x_wconf 82' lang='grc' dir='ltr'><strong>ἡμῶν</strong></span> <span class='ocrx_word' id='word_1_231' title='bbox 841 1382 884 1408; x_wconf 86' lang='grc' dir='ltr'><strong>εὐ-</strong></span> 
     </span>
    </p>
   </div>
   <div class='ocr_carea' id='block_1_30' title="bbox 96 1425 884 1461">
    <p class='ocr_par' dir='ltr' id='par_1_30' title="bbox 96 1425 884 1461">
     <span class='ocr_line' id='line_1_30' title="bbox 96 1425 884 1461; baseline 0.003 -9"><span class='ocrx_word' id='word_1_232' title='bbox 96 1426 186 1458; x_wconf 84' lang='grc' dir='ltr'>δοκία,</span> <span class='ocrx_word' id='word_1_233' title='bbox 198 1425 226 1457; x_wconf 75' lang='grc' dir='ltr'><strong>ὃς</strong></span> <span class='ocrx_word' id='word_1_234' title='bbox 244 1425 338 1452; x_wconf 78' lang='grc' dir='ltr'>ἑαυτὸν</span> <span class='ocrx_word' id='word_1_235' title='bbox 352 1425 469 1452; x_wconf 79' lang='grc' dir='ltr'>ἐκένωσε</span> <span class='ocrx_word' id='word_1_236' title='bbox 493 1426 599 1461; x_wconf 76' lang='grc' dir='ltr'>μορφὴν</span> <span class='ocrx_word' id='word_1_237' title='bbox 615 1425 707 1452; x_wconf 85' lang='grc' dir='ltr'>δούλου</span> <span class='ocrx_word' id='word_1_238' title='bbox 723 1426 823 1458; x_wconf 78' lang='grc' dir='ltr'>λαϐὼν,</span> <span class='ocrx_word' id='word_1_239' title='bbox 837 1427 884 1454; x_wconf 76' lang='grc' dir='ltr'>καὶ</span> 
     </span>
    </p>
   </div>
   <div class='ocr_carea' id='block_1_31' title="bbox 98 1472 884 1508">
    <p class='ocr_par' dir='ltr' id='par_1_31' title="bbox 98 1472 884 1508">
     <span class='ocr_line' id='line_1_31' title="bbox 98 1472 884 1508; baseline 0.001 -10"><span class='ocrx_word' id='word_1_240' title='bbox 98 1472 197 1498; x_wconf 72' lang='grc' dir='ltr'>ἔδωκεν</span> <span class='ocrx_word' id='word_1_241' title='bbox 207 1472 301 1498; x_wconf 73' lang='grc' dir='ltr'>ἑαυτὸν</span> <span class='ocrx_word' id='word_1_242' title='bbox 309 1472 484 1507; x_wconf 69' lang='grc' dir='ltr'><strong>ἀντάλλαγμα</strong></span> <span class='ocrx_word' id='word_1_243' title='bbox 491 1472 561 1508; x_wconf 77' lang='grc' dir='ltr'>ὑπὲρ</span> <span class='ocrx_word' id='word_1_244' title='bbox 570 1472 619 1507; x_wconf 81' lang='grc' dir='ltr'>τῆς</span> <span class='ocrx_word' id='word_1_245' title='bbox 630 1472 676 1499; x_wconf 80' lang='grc' dir='ltr'>τοῦ</span> <span class='ocrx_word' id='word_1_246' title='bbox 688 1473 789 1508; x_wconf 84' lang='grc' dir='ltr'>κόσμου</span> <span class='ocrx_word' id='word_1_247' title='bbox 801 1473 884 1508; x_wconf 84' lang='grc' dir='ltr'>ζωῆς,</span> 
     </span>
    </p>
   </div>
   <div class='ocr_carea' id='block_1_32' title="bbox 99 1517 887 1554">
    <p class='ocr_par' dir='ltr' id='par_1_32' title="bbox 99 1517 887 1554">
     <span class='ocr_line' id='line_1_32' title="bbox 99 1517 887 1554; baseline 0.003 -10"><span class='ocrx_word' id='word_1_248' title='bbox 99 1518 146 1544; x_wconf 78' lang='grc' dir='ltr'>καὶ</span> <span class='ocrx_word' id='word_1_249' title='bbox 156 1518 188 1544; x_wconf 83' lang='grc' dir='ltr'><strong>δι’</strong></span> <span class='ocrx_word' id='word_1_250' title='bbox 203 1518 277 1553; x_wconf 79' lang='grc' dir='ltr'>ἡμᾶς</span> <span class='ocrx_word' id='word_1_251' title='bbox 302 1517 457 1553; x_wconf 74' lang='grc' dir='ltr'>ἑπτώχευσε</span> <span class='ocrx_word' id='word_1_252' title='bbox 473 1517 599 1549; x_wconf 82' lang='grc' dir='ltr'>πλούσιος</span> <span class='ocrx_word' id='word_1_253' title='bbox 620 1518 668 1551; x_wconf 83' lang='grc' dir='ltr'>ὣν,</span> <span class='ocrx_word' id='word_1_254' title='bbox 693 1519 736 1545; x_wconf 81' lang='grc' dir='ltr'>ἵνα</span> <span class='ocrx_word' id='word_1_255' title='bbox 757 1520 838 1554; x_wconf 82' lang='grc' dir='ltr'>ἡμεῖς</span> <span class='ocrx_word' id='word_1_256' title='bbox 858 1521 887 1546; x_wconf 82' lang='grc' dir='ltr'>ὲν</span> 
     </span>
    </p>
   </div>
   <div class='ocr_carea' id='block_1_33' title="bbox 99 1564 888 1600">
    <p class='ocr_par' dir='ltr' id='par_1_33' title="bbox 99 1564 888 1600">
     <span class='ocr_line' id='line_1_33' title="bbox 99 1564 888 1600; baseline 0.003 -10"><span class='ocrx_word' id='word_1_257' title='bbox 99 1564 138 1599; x_wconf 83' lang='grc' dir='ltr'>τῷ</span> <span class='ocrx_word' id='word_1_258' title='bbox 150 1564 255 1600; x_wconf 77' lang='grc' dir='ltr'>θανάτῳ</span> <span class='ocrx_word' id='word_1_259' title='bbox 271 1564 353 1591; x_wconf 75' lang='grc' dir='ltr'>αὐτοῦ</span> <span class='ocrx_word' id='word_1_260' title='bbox 368 1565 503 1600; x_wconf 75' lang='grc' dir='ltr'>ζήσωμεν,</span> <span class='ocrx_word' id='word_1_261' title='bbox 519 1565 565 1592; x_wconf 74' lang='grc' dir='ltr'>καὶ</span> <span class='ocrx_word' id='word_1_262' title='bbox 578 1566 606 1591; x_wconf 83' lang='grc' dir='ltr'>ὲν</span> <span class='ocrx_word' id='word_1_263' title='bbox 626 1566 658 1600; x_wconf 84' lang='grc' dir='ltr'>τῇ</span> <span class='ocrx_word' id='word_1_264' title='bbox 671 1566 791 1600; x_wconf 72' lang='grc' dir='ltr'>πτωχείᾳ</span> <span class='ocrx_word' id='word_1_265' title='bbox 806 1565 888 1592; x_wconf 86' lang='grc' dir='ltr'>πλου-</span> 
     </span>
    </p>
   </div>
   <div class='ocr_carea' id='block_1_34' title="bbox 98 1610 888 1647">
    <p class='ocr_par' dir='ltr' id='par_1_34' title="bbox 98 1610 888 1647">
     <span class='ocr_line' id='line_1_34' title="bbox 98 1610 888 1647; baseline 0.003 -12"><span class='ocrx_word' id='word_1_266' title='bbox 98 1611 237 1645; x_wconf 81' lang='grc' dir='ltr'>τήσωμεν,</span> <span class='ocrx_word' id='word_1_267' title='bbox 256 1611 302 1637; x_wconf 86' lang='grc' dir='ltr'>καὶ</span> <span class='ocrx_word' id='word_1_268' title='bbox 316 1611 346 1637; x_wconf 83' lang='grc' dir='ltr'>ἐν</span> <span class='ocrx_word' id='word_1_269' title='bbox 363 1612 395 1646; x_wconf 78' lang='grc' dir='ltr'><strong>τῇ</strong></span> <span class='ocrx_word' id='word_1_270' title='bbox 409 1611 457 1646; x_wconf 85' lang='grc' dir='ltr'><strong>τῆς</strong></span> <span class='ocrx_word' id='word_1_271' title='bbox 472 1610 590 1642; x_wconf 82' lang='grc' dir='ltr'>δουλείας</span> <span class='ocrx_word' id='word_1_272' title='bbox 607 1610 689 1638; x_wconf 80' lang='grc' dir='ltr'>αὑτοῦ</span> <span class='ocrx_word' id='word_1_273' title='bbox 708 1612 799 1647; x_wconf 74' lang='grc' dir='ltr'>μορφῇ</span> <span class='ocrx_word' id='word_1_274' title='bbox 814 1611 888 1646; x_wconf 80' lang='grc' dir='ltr'>βασι-</span> 
     </span>
    </p>
   </div>
   <div class='ocr_carea' id='block_1_35' title="bbox 99 1655 889 1691">
    <p class='ocr_par' dir='ltr' id='par_1_35' title="bbox 99 1655 889 1691">
     <span class='ocr_line' id='line_1_35' title="bbox 99 1655 889 1691; baseline 0.003 -10"><span class='ocrx_word' id='word_1_275' title='bbox 99 1655 248 1691; x_wconf 76' lang='grc' dir='ltr'>λεύσωμεν.</span> <span class='ocrx_word' id='word_1_276' title='bbox 265 1656 301 1682; x_wconf 67' lang='grc' dir='ltr'>Τὸ</span> <span class='ocrx_word' id='word_1_277' title='bbox 310 1656 337 1682; x_wconf 79' lang='grc' dir='ltr'><strong>δὲ</strong></span> <span class='ocrx_word' id='word_1_278' title='bbox 350 1657 433 1691; x_wconf 81' lang='grc' dir='ltr'>αὐτῆς</span> <span class='ocrx_word' id='word_1_279' title='bbox 447 1656 571 1691; x_wconf 82' lang='grc' dir='ltr'>μέγεθος,</span> <span class='ocrx_word' id='word_1_280' title='bbox 596 1656 642 1682; x_wconf 74' lang='grc' dir='ltr'><strong>καὶ</strong></span> <span class='ocrx_word' id='word_1_281' title='bbox 654 1658 670 1691; x_wconf 83' lang='grc' dir='ltr'>ὴ</span> <span class='ocrx_word' id='word_1_282' title='bbox 687 1657 737 1691; x_wconf 82' lang='grc' dir='ltr'>τῆς</span> <span class='ocrx_word' id='word_1_283' title='bbox 756 1657 889 1691; x_wconf 79' lang='grc' dir='ltr'>Ἰερουσα-</span> 
     </span>
    </p>
   </div>
   <div class='ocr_carea' id='block_1_36' title="bbox 100 1701 888 1738">
    <p class='ocr_par' dir='ltr' id='par_1_36' title="bbox 100 1701 888 1738">
     <span class='ocr_line' id='line_1_36' title="bbox 100 1701 888 1738; baseline 0.001 -10"><span class='ocrx_word' id='word_1_284' title='bbox 100 1701 157 1737; x_wconf 87' lang='grc' dir='ltr'><strong>λὴμ</strong></span> <span class='ocrx_word' id='word_1_285' title='bbox 174 1701 308 1737; x_wconf 82' lang='grc' dir='ltr'>ὡραιότης</span> <span class='ocrx_word' id='word_1_286' title='bbox 331 1702 431 1737; x_wconf 83' lang='grc' dir='ltr'>ὁμοίως</span> <span class='ocrx_word' id='word_1_287' title='bbox 453 1702 632 1732; x_wconf 81' lang='grc' dir='ltr'>ἐνδείκνυται..</span> <span class='ocrx_word' id='word_1_288' title='bbox 652 1703 700 1737; x_wconf 83' lang='grc' dir='ltr'>τὴν</span> <span class='ocrx_word' id='word_1_289' title='bbox 720 1703 775 1729; x_wconf 77' lang='grc' dir='ltr'>ἄνω</span> <span class='ocrx_word' id='word_1_290' title='bbox 788 1703 888 1738; x_wconf 86' lang='grc' dir='ltr'>δηλαδὴ</span> 
     </span>
    </p>
   </div>
   <div class='ocr_carea' id='block_1_37' title="bbox 106 1747 891 1784">
    <p class='ocr_par' dir='ltr' id='par_1_37' title="bbox 106 1747 891 1784">
     <span class='ocr_line' id='line_1_37' title="bbox 106 1747 891 1784; baseline 0 -10"><span class='ocrx_word' id='word_1_291' title='bbox 106 1747 295 1784; x_wconf 76' lang='grc' dir='ltr'>Ἰερουσαλὴμ,</span> <span class='ocrx_word' id='word_1_292' title='bbox 309 1748 357 1782; x_wconf 84' lang='grc' dir='ltr'>τὴν</span> <span class='ocrx_word' id='word_1_293' title='bbox 372 1748 527 1782; x_wconf 77' lang='grc' dir='ltr'>ἐλευθέραν,</span> <span class='ocrx_word' id='word_1_294' title='bbox 545 1748 594 1782; x_wconf 79' lang='grc' dir='ltr'>τὴν</span> <span class='ocrx_word' id='word_1_295' title='bbox 610 1747 663 1774; x_wconf 83' lang='grc' dir='ltr'>τῶν</span> <span class='ocrx_word' id='word_1_296' title='bbox 676 1747 824 1783; x_wconf 66' lang='grc' dir='ltr'>ἐλευθέρων</span> <span class='ocrx_word' id='word_1_297' title='bbox 843 1756 891 1783; x_wconf 86' lang='grc' dir='ltr'><strong>μη-</strong></span> 
     </span>
    </p>
   </div>
   <div class='ocr_carea' id='block_1_38' title="bbox 99 1793 890 1830">
    <p class='ocr_par' dir='ltr' id='par_1_38' title="bbox 99 1793 890 1830">
     <span class='ocr_line' id='line_1_38' title="bbox 99 1793 890 1830; baseline 0 -10"><span class='ocrx_word' id='word_1_298' title='bbox 99 1794 179 1830; x_wconf 78' lang='grc' dir='ltr'>τέρα,</span> <span class='ocrx_word' id='word_1_299' title='bbox 193 1794 227 1829; x_wconf 82' lang='grc' dir='ltr'>ἢν</span> <span class='ocrx_word' id='word_1_300' title='bbox 242 1794 318 1821; x_wconf 78' lang='grc' dir='ltr'>πόλιν</span> <span class='ocrx_word' id='word_1_301' title='bbox 332 1794 379 1820; x_wconf 77' lang='grc' dir='ltr'>τοῦ</span> <span class='ocrx_word' id='word_1_302' title='bbox 391 1794 508 1829; x_wconf 80' lang='grc' dir='ltr'><strong>μεγάλου</strong></span> <span class='ocrx_word' id='word_1_303' title='bbox 522 1793 653 1828; x_wconf 82' lang='grc' dir='ltr'>βασιλέως</span> <span class='ocrx_word' id='word_1_304' title='bbox 666 1793 734 1820; x_wconf 80' lang='grc' dir='ltr'>εἶναι</span> <span class='ocrx_word' id='word_1_305' title='bbox 752 1794 827 1829; x_wconf 81' lang='grc' dir='ltr'>παρὰ</span> <span class='ocrx_word' id='word_1_306' title='bbox 841 1794 890 1828; x_wconf 80' lang='grc' dir='ltr'>τῆς</span> 
     </span>
    </p>
   </div>
   <div class='ocr_carea' id='block_1_39' title="bbox 100 1838 891 1875">
    <p class='ocr_par' dir='ltr' id='par_1_39' title="bbox 100 1838 891 1875">
     <span class='ocr_line' id='line_1_39' title="bbox 100 1838 891 1875; baseline -0.001 -9"><span class='ocrx_word' id='word_1_307' title='bbox 100 1840 236 1866; x_wconf 84' lang='grc' dir='ltr'>Δεσπότου</span> <span class='ocrx_word' id='word_1_308' title='bbox 251 1839 342 1875; x_wconf 73' lang='grc' dir='ltr'>φωνῆς</span> <span class='ocrx_word' id='word_1_309' title='bbox 358 1838 565 1874; x_wconf 75' lang='grc' dir='ltr'>μεμαθήκαμεν.</span> <span class='ocrx_word' id='word_1_310' title='bbox 585 1838 616 1864; x_wconf 90' lang='lat' dir='ltr'><strong>&#39;H</strong></span> <span class='ocrx_word' id='word_1_311' title='bbox 633 1838 687 1873; x_wconf 84' lang='grc' dir='ltr'><strong>γὰρ</strong></span> <span class='ocrx_word' id='word_1_312' title='bbox 699 1840 845 1875; x_wconf 76' lang='grc' dir='ltr'>χωρήσασα</span> <span class='ocrx_word' id='word_1_313' title='bbox 862 1840 891 1865; x_wconf 78' lang='grc' dir='ltr'>ἐν</span> 
     </span>
    </p>
   </div>
   <div class='ocr_carea' id='block_1_40' title="bbox 101 1884 892 1922">
    <p class='ocr_par' dir='ltr' id='par_1_40' title="bbox 101 1884 892 1922">
     <span class='ocr_line' id='line_1_40' title="bbox 101 1884 892 1922; baseline -0.005 -8"><span class='ocrx_word' id='word_1_314' title='bbox 101 1886 171 1922; x_wconf 76' lang='grc' dir='ltr'>αὐτῇ</span> <span class='ocrx_word' id='word_1_315' title='bbox 193 1886 238 1913; x_wconf 78' lang='grc' dir='ltr'>τὸν</span> <span class='ocrx_word' id='word_1_316' title='bbox 252 1885 403 1920; x_wconf 80' lang='grc' dir='ltr'>ἁχώρητον,</span> <span class='ocrx_word' id='word_1_317' title='bbox 418 1884 488 1911; x_wconf 77' lang='grc' dir='ltr'>ὥστε</span> <span class='ocrx_word' id='word_1_318' title='bbox 504 1886 616 1911; x_wconf 74' lang='grc' dir='ltr'>ἐνοικεῖν</span> <span class='ocrx_word' id='word_1_319' title='bbox 630 1885 698 1919; x_wconf 77' lang='grc' dir='ltr'>αὐτῇ</span> <span class='ocrx_word' id='word_1_320' title='bbox 716 1885 763 1911; x_wconf 78' lang='grc' dir='ltr'>καὶ</span> <span class='ocrx_word' id='word_1_321' title='bbox 777 1885 892 1920; x_wconf 70' lang='grc' dir='ltr'>ἐμπερι-</span> 
     </span>
    </p>
   </div>
   <div class='ocr_carea' id='block_1_41' title="bbox 103 1930 892 1966">
    <p class='ocr_par' dir='ltr' id='par_1_41' title="bbox 103 1930 892 1966">
     <span class='ocr_line' id='line_1_41' title="bbox 103 1930 892 1966; baseline -0.003 -7"><span class='ocrx_word' id='word_1_322' title='bbox 103 1933 200 1960; x_wconf 79' lang='grc' dir='ltr'>πατεῖν</span> <span class='ocrx_word' id='word_1_323' title='bbox 221 1931 265 1958; x_wconf 78' lang='grc' dir='ltr'><strong>τὸν</strong></span> <span class='ocrx_word' id='word_1_324' title='bbox 285 1931 366 1964; x_wconf 77' lang='grc' dir='ltr'>Θεὸν,</span> <span class='ocrx_word' id='word_1_325' title='bbox 386 1932 419 1966; x_wconf 79' lang='grc' dir='ltr'><strong>τῇ</strong></span> <span class='ocrx_word' id='word_1_326' title='bbox 435 1930 582 1966; x_wconf 82' lang='grc' dir='ltr'>ὼραιὸτητι</span> <span class='ocrx_word' id='word_1_327' title='bbox 604 1931 652 1957; x_wconf 80' lang='grc' dir='ltr'>τοῦ</span> <span class='ocrx_word' id='word_1_328' title='bbox 669 1931 697 1957; x_wconf 80' lang='grc' dir='ltr'>ὲν</span> <span class='ocrx_word' id='word_1_329' title='bbox 717 1931 784 1966; x_wconf 74' lang='grc' dir='ltr'>αὐτῇ</span> <span class='ocrx_word' id='word_1_330' title='bbox 802 1939 892 1957; x_wconf 82' lang='grc' dir='ltr'>κατοι-</span> 
     </span>
    </p>
   </div>
   <div class='ocr_carea' id='block_1_42' title="bbox 103 1977 893 2013">
    <p class='ocr_par' dir='ltr' id='par_1_42' title="bbox 103 1977 893 2013">
     <span class='ocr_line' id='line_1_42' title="bbox 103 1977 893 2013; baseline -0.003 -8"><span class='ocrx_word' id='word_1_331' title='bbox 103 1979 216 2009; x_wconf 82' lang='grc' dir='ltr'>κοῦντος</span> <span class='ocrx_word' id='word_1_332' title='bbox 229 1977 458 2008; x_wconf 82' lang='grc' dir='ltr'>καλλωπισθεῖσα,</span> <span class='ocrx_word' id='word_1_333' title='bbox 479 1977 656 2013; x_wconf 81' lang='grc' dir='ltr'>Ἰερουσαλὴμ</span> <span class='ocrx_word' id='word_1_334' title='bbox 674 1977 834 2013; x_wconf 79' lang='grc' dir='ltr'>ἐπουράνιος</span> <span class='ocrx_word' id='word_1_335' title='bbox 850 1977 893 2010; x_wconf 85' lang='grc' dir='ltr'>γί-</span> 
     </span>
    </p>
   </div>
   <div class='ocr_carea' id='block_1_43' title="bbox 103 2022 892 2058">
    <p class='ocr_par' dir='ltr' id='par_1_43' title="bbox 103 2022 892 2058">
     <span class='ocr_line' id='line_1_43' title="bbox 103 2022 892 2058; baseline -0.004 -7"><span class='ocrx_word' id='word_1_336' title='bbox 103 2033 191 2055; x_wconf 82' lang='grc' dir='ltr'>νεται,</span> <span class='ocrx_word' id='word_1_337' title='bbox 205 2023 235 2049; x_wconf 76' lang='grc' dir='ltr'>τὸ</span> <span class='ocrx_word' id='word_1_338' title='bbox 247 2023 355 2057; x_wconf 69' lang='grc' dir='ltr'>ἐκείνης</span> <span class='ocrx_word' id='word_1_339' title='bbox 369 2023 465 2055; x_wconf 72' lang='grc' dir='ltr'>κάλλος</span> <span class='ocrx_word' id='word_1_340' title='bbox 479 2024 520 2057; x_wconf 72' lang='grc' dir='ltr'><strong>ἐφ’</strong></span> <span class='ocrx_word' id='word_1_341' title='bbox 536 2023 633 2058; x_wconf 74' lang='grc' dir='ltr'>ἑαυτῆς</span> <span class='ocrx_word' id='word_1_342' title='bbox 645 2022 892 2058; x_wconf 68' lang='grc' dir='ltr'>δεξαμένηυκάλλος</span> 
     </span>
    </p>
   </div>
   <div class='ocr_carea' id='block_1_44' title="bbox 102 2068 893 2103">
    <p class='ocr_par' dir='ltr' id='par_1_44' title="bbox 102 2068 893 2103">
     <span class='ocr_line' id='line_1_44' title="bbox 102 2068 893 2103; baseline -0.001 -7"><span class='ocrx_word' id='word_1_343' title='bbox 102 2069 134 2096; x_wconf 82' lang='grc' dir='ltr'><strong>δὲ</strong></span> <span class='ocrx_word' id='word_1_344' title='bbox 153 2068 202 2103; x_wconf 84' lang='grc' dir='ltr'><strong>τῆς</strong></span> <span class='ocrx_word' id='word_1_345' title='bbox 218 2068 320 2100; x_wconf 85' lang='grc' dir='ltr'>πόλεως</span> <span class='ocrx_word' id='word_1_346' title='bbox 341 2068 388 2095; x_wconf 82' lang='grc' dir='ltr'>τοῦ</span> <span class='ocrx_word' id='word_1_347' title='bbox 409 2068 540 2103; x_wconf 82' lang='grc' dir='ltr'>βασιλέως</span> <span class='ocrx_word' id='word_1_348' title='bbox 556 2069 602 2095; x_wconf 81' lang='grc' dir='ltr'>καὶ</span> <span class='ocrx_word' id='word_1_349' title='bbox 620 2069 637 2103; x_wconf 88' lang='grc' dir='ltr'>ἡ</span> <span class='ocrx_word' id='word_1_350' title='bbox 655 2068 800 2103; x_wconf 83' lang='grc' dir='ltr'>ὡραιότης,</span> <span class='ocrx_word' id='word_1_351' title='bbox 828 2069 893 2095; x_wconf 78' lang='grc' dir='ltr'>αὐτὸ</span> 
     </span>
    </p>
   </div>
   <div class='ocr_carea' id='block_1_45' title="bbox 104 2113 892 2149">
    <p class='ocr_par' dir='ltr' id='par_1_45' title="bbox 104 2113 892 2149">
     <span class='ocr_line' id='line_1_45' title="bbox 104 2113 892 2149; baseline 0 -8"><span class='ocrx_word' id='word_1_352' title='bbox 104 2115 216 2145; x_wconf 82' lang='grc' dir='ltr'>πάντως</span> <span class='ocrx_word' id='word_1_353' title='bbox 232 2114 289 2140; x_wconf 75' lang='grc' dir='ltr'>ἐστὶ</span> <span class='ocrx_word' id='word_1_354' title='bbox 304 2113 350 2140; x_wconf 82' lang='grc' dir='ltr'>τοῦ</span> <span class='ocrx_word' id='word_1_355' title='bbox 367 2113 499 2148; x_wconf 76' lang='grc' dir='ltr'>βασιλέως</span> <span class='ocrx_word' id='word_1_356' title='bbox 521 2113 551 2140; x_wconf 75' lang='grc' dir='ltr'>τὸ</span> <span class='ocrx_word' id='word_1_357' title='bbox 569 2113 677 2145; x_wconf 75' lang='grc' dir='ltr'>κάλλος.</span> <span class='ocrx_word' id='word_1_358' title='bbox 710 2114 826 2145; x_wconf 85' lang='grc' dir='ltr'>Ἐκεῖνος</span> <span class='ocrx_word' id='word_1_359' title='bbox 839 2114 892 2149; x_wconf 85' lang='grc' dir='ltr'><strong>γάρ</strong></span> 
     </span>
    </p>
   </div>
   <div class='ocr_carea' id='block_1_46' title="bbox 596 86 1184 118">
    <p class='ocr_par' dir='ltr' id='par_1_46' title="bbox 596 86 1184 118">
     <span class='ocr_line' id='line_1_46' title="bbox 596 86 1184 118; baseline -0.003 0"><span class='ocrx_word' id='word_1_360' title='bbox 596 88 631 118; x_wconf 79' lang='lat' dir='ltr'><strong>1N</strong></span> <span class='ocrx_word' id='word_1_361' title='bbox 641 89 790 118; x_wconf 78' lang='lat' dir='ltr'><strong>CANTICA</strong></span> <span class='ocrx_word' id='word_1_362' title='bbox 806 86 945 116; x_wconf 75' lang='lat' dir='ltr'><strong>CANTIC.</strong></span> <span class='ocrx_word' id='word_1_363' title='bbox 966 88 1108 116; x_wconf 71' lang='lat' dir='ltr'><strong>IlOllllLlA</strong></span> <span class='ocrx_word' id='word_1_364' title='bbox 1128 87 1184 116; x_wconf 75' lang='lat' dir='ltr'><strong>XV.</strong></span> 
     </span>
    </p>
   </div>
   <div class='ocr_carea' id='block_1_47' title="bbox 581 145 885 183">
    <p class='ocr_par' dir='ltr' id='par_1_47' title="bbox 581 145 875 183">
     <span class='ocr_line' id='line_1_47' title="bbox 581 145 875 183; baseline -0.01 -8"><span class='ocrx_word' id='word_1_365' title='bbox 581 149 643 175; x_wconf 74' lang='grc' dir='ltr'><strong>Ὀτι</strong></span> <span class='ocrx_word' id='word_1_366' title='bbox 657 148 706 183; x_wconf 74' lang='grc' dir='ltr'><strong>μὲν</strong></span> <span class='ocrx_word' id='word_1_367' title='bbox 718 145 764 174; x_wconf 78' lang='grc' dir='ltr'>οὖν</span> <span class='ocrx_word' id='word_1_368' title='bbox 781 149 798 182; x_wconf 85' lang='grc' dir='ltr'>ἡ</span> <span class='ocrx_word' id='word_1_369' title='bbox 811 146 875 179; x_wconf 84' lang='grc' dir='ltr'><strong>δόξα</strong></span> 
     </span>
    </p>
   </div>
   <div class='ocr_carea' id='block_1_48' title="bbox 939 145 1707 183">
    <p class='ocr_par' dir='ltr' id='par_1_48' title="bbox 939 145 1707 180">
     <span class='ocr_line' id='line_1_48' title="bbox 939 145 1707 180; baseline 0.001 -8"><span class='ocrx_word' id='word_1_370' title='bbox 939 145 1086 179; x_wconf 79' lang='lat' dir='ltr'><strong>’erusalem,</strong></span> <span class='ocrx_word' id='word_1_371' title='bbox 1098 151 1189 180; x_wconf 76' lang='lat' dir='ltr'><strong>stupor</strong></span> <span class='ocrx_word' id='word_1_372' title='bbox 1201 150 1326 180; x_wconf 82' lang='lat' dir='ltr'><strong>tanquam</strong></span> <span class='ocrx_word' id='word_1_373' title='bbox 1338 146 1474 172; x_wconf 74' lang='lat' dir='ltr'><strong>instructa:</strong></span> <span class='ocrx_word' id='word_1_374' title='bbox 1492 145 1571 172; x_wconf 70' lang='lat' dir='ltr'><strong>acies.</strong></span> <span class='ocrx_word' id='word_1_375' title='bbox 1587 145 1707 174; x_wconf 86' lang='lat' dir='ltr'><strong>Gloriam</strong></span> 
     </span>
    </p>
   </div>
   <div class='ocr_carea' id='block_1_49' title="bbox 1639 92 1708 120">
    <p class='ocr_par' dir='ltr' id='par_1_49' title="bbox 1639 92 1708 120">
     <span class='ocr_line' id='line_1_49' title="bbox 1639 92 1708 120; baseline 0.029 -2"><span class='ocrx_word' id='word_1_376' title='bbox 1639 92 1708 120; x_wconf 78' lang='grc'><strong>1098</strong></span> 
     </span>
    </p>
   </div>
   <div class='ocr_carea' id='block_1_50' title="bbox 926 191 1710 228">
    <p class='ocr_par' dir='ltr' id='par_1_50' title="bbox 926 191 1710 228">
     <span class='ocr_line' id='line_1_50' title="bbox 926 191 1710 228; baseline 0.004 -10"><span class='ocrx_word' id='word_1_377' title='bbox 926 192 960 218; x_wconf 89' lang='lat' dir='ltr'><strong>ab</strong></span> <span class='ocrx_word' id='word_1_378' title='bbox 981 192 1101 219; x_wconf 82' lang='lat' dir='ltr'><strong>exercitu</strong></span> <span class='ocrx_word' id='word_1_379' title='bbox 1125 191 1230 219; x_wconf 65' lang='lat' dir='ltr'><strong>caelesti</strong></span> <span class='ocrx_word' id='word_1_380' title='bbox 1252 191 1306 218; x_wconf 87' lang='lat' dir='ltr'><strong>Deo</strong></span> <span class='ocrx_word' id='word_1_381' title='bbox 1330 191 1358 218; x_wconf 92' lang='lat' dir='ltr'><strong>in</strong></span> <span class='ocrx_word' id='word_1_382' title='bbox 1380 191 1521 219; x_wconf 73' lang='lat' dir='ltr'><strong>altissimis</strong></span> <span class='ocrx_word' id='word_1_383' title='bbox 1548 192 1630 219; x_wconf 86' lang='lat' dir='ltr'><strong>tribui</strong></span> <span class='ocrx_word' id='word_1_384' title='bbox 1658 201 1710 228; x_wconf 87' lang='lat' dir='ltr'><strong>pro</strong></span> 
     </span>
    </p>
   </div>
   <div class='ocr_carea' id='block_1_51' title="bbox 925 237 1711 272">
    <p class='ocr_par' dir='ltr' id='par_1_51' title="bbox 925 237 1711 272">
     <span class='ocr_line' id='line_1_51' title="bbox 925 237 1711 272; baseline 0.004 -10"><span class='ocrx_word' id='word_1_385' title='bbox 925 237 1063 265; x_wconf 81' lang='lat' dir='ltr'><strong>declarata</strong></span> <span class='ocrx_word' id='word_1_386' title='bbox 1084 238 1112 264; x_wconf 93' lang='lat' dir='ltr'><strong>in</strong></span> <span class='ocrx_word' id='word_1_387' title='bbox 1134 237 1259 264; x_wconf 89' lang='lat' dir='ltr'><strong>homines</strong></span> <span class='ocrx_word' id='word_1_388' title='bbox 1273 237 1471 268; x_wconf 67' lang='lat' dir='ltr'><strong>beneVolentia,</strong></span> <span class='ocrx_word' id='word_1_389' title='bbox 1494 237 1575 272; x_wconf 81' lang='lat' dir='ltr'><strong>idque</strong></span> <span class='ocrx_word' id='word_1_390' title='bbox 1591 239 1711 272; x_wconf 79' lang='lat' dir='ltr'><strong>pastori-</strong></span> 
     </span>
    </p>
   </div>
   <div class='ocr_carea' id='block_1_52' title="bbox 926 282 1710 317">
    <p class='ocr_par' dir='ltr' id='par_1_52' title="bbox 926 282 1710 317">
     <span class='ocr_line' id='line_1_52' title="bbox 926 282 1710 317; baseline 0 -7"><span class='ocrx_word' id='word_1_391' title='bbox 926 283 978 310; x_wconf 92' lang='lat' dir='ltr'><strong>bus</strong></span> <span class='ocrx_word' id='word_1_392' title='bbox 1002 282 1188 315; x_wconf 76' lang='lat' dir='ltr'><strong>audientibus,</strong></span> <span class='ocrx_word' id='word_1_393' title='bbox 1207 290 1263 317; x_wconf 91' lang='lat' dir='ltr'><strong>quo</strong></span> <span class='ocrx_word' id='word_1_394' title='bbox 1279 287 1400 316; x_wconf 88' lang='lat' dir='ltr'><strong>tempore</strong></span> <span class='ocrx_word' id='word_1_395' title='bbox 1416 282 1455 309; x_wconf 86' lang='lat' dir='ltr'><strong>illi</strong></span> <span class='ocrx_word' id='word_1_396' title='bbox 1470 286 1562 309; x_wconf 86' lang='lat' dir='ltr'><strong>natam</strong></span> <span class='ocrx_word' id='word_1_397' title='bbox 1587 283 1616 310; x_wconf 89' lang='lat' dir='ltr'><strong>in</strong></span> <span class='ocrx_word' id='word_1_398' title='bbox 1636 287 1710 310; x_wconf 81' lang='lat' dir='ltr'><strong>terra</strong></span> 
     </span>
    </p>
   </div>
   <div class='ocr_carea' id='block_1_53' title="bbox 927 327 1710 364">
    <p class='ocr_par' dir='ltr' id='par_1_53' title="bbox 927 327 1710 364">
     <span class='ocr_line' id='line_1_53' title="bbox 927 327 1710 364; baseline -0.003 -8"><span class='ocrx_word' id='word_1_399' title='bbox 927 336 1021 364; x_wconf 80' lang='lat' dir='ltr'><strong>pacem</strong></span> <span class='ocrx_word' id='word_1_400' title='bbox 1043 328 1167 356; x_wconf 78' lang='lat' dir='ltr'><strong>viderant</strong></span> <span class='ocrx_word' id='word_1_401' title='bbox 1178 329 1201 344; x_wconf 79' lang='grc'>⁷³</span> <span class='ocrx_word' id='word_1_402' title='bbox 1214 337 1221 362; x_wconf 89' lang='grc'>;</span> <span class='ocrx_word' id='word_1_403' title='bbox 1237 328 1356 363; x_wconf 85' lang='lat' dir='ltr'><strong>itemque</strong></span> <span class='ocrx_word' id='word_1_404' title='bbox 1371 327 1461 362; x_wconf 82' lang='lat' dir='ltr'><strong>magni</strong></span> <span class='ocrx_word' id='word_1_405' title='bbox 1478 328 1552 363; x_wconf 81' lang='lat' dir='ltr'><strong>regis</strong></span> <span class='ocrx_word' id='word_1_406' title='bbox 1572 329 1710 356; x_wconf 87' lang='lat' dir='ltr'><strong>civitatem</strong></span> 
     </span>
    </p>
   </div>
   <div class='ocr_carea' id='block_1_54' title="bbox 927 374 1710 410">
    <p class='ocr_par' dir='ltr' id='par_1_54' title="bbox 927 374 1710 410">
     <span class='ocr_line' id='line_1_54' title="bbox 927 374 1710 410; baseline 0.001 -9"><span class='ocrx_word' id='word_1_407' title='bbox 927 375 1057 410; x_wconf 84' lang='lat' dir='ltr'><strong>appellari</strong></span> <span class='ocrx_word' id='word_1_408' title='bbox 1080 374 1277 410; x_wconf 74' lang='lat' dir='ltr'><strong>Jerosolymam</strong></span> <span class='ocrx_word' id='word_1_409' title='bbox 1301 382 1315 401; x_wconf 87' lang='lat' dir='ltr'><strong>a</strong></span> <span class='ocrx_word' id='word_1_410' title='bbox 1337 378 1469 402; x_wconf 72' lang='lat' dir='ltr'><strong>creatura:</strong></span> <span class='ocrx_word' id='word_1_411' title='bbox 1485 375 1570 402; x_wconf 86' lang='lat' dir='ltr'><strong>totius</strong></span> <span class='ocrx_word' id='word_1_412' title='bbox 1585 375 1710 407; x_wconf 92' lang='lat' dir='ltr'><strong>Domino,</strong></span> 
     </span>
    </p>
   </div>
   <div class='ocr_carea' id='block_1_55' title="bbox 927 421 1712 456">
    <p class='ocr_par' dir='ltr' id='par_1_55' title="bbox 927 421 1712 456">
     <span class='ocr_line' id='line_1_55' title="bbox 927 421 1712 456; baseline 0.001 -8"><span class='ocrx_word' id='word_1_413' title='bbox 927 422 1030 449; x_wconf 85' lang='lat' dir='ltr'><strong>nemini</strong></span> <span class='ocrx_word' id='word_1_414' title='bbox 1053 429 1115 450; x_wconf 84' lang='lat' dir='ltr'><strong>esse</strong></span> <span class='ocrx_word' id='word_1_415' title='bbox 1131 421 1279 448; x_wconf 90' lang='lat' dir='ltr'><strong>obscurum</strong></span> <span class='ocrx_word' id='word_1_416' title='bbox 1301 424 1407 455; x_wconf 87' lang='lat' dir='ltr'><strong>potest,</strong></span> <span class='ocrx_word' id='word_1_417' title='bbox 1427 421 1474 455; x_wconf 86' lang='lat' dir='ltr'><strong>qui</strong></span> <span class='ocrx_word' id='word_1_418' title='bbox 1496 422 1660 456; x_wconf 67' lang='lat' dir='ltr'><strong>evangelicis</strong></span> <span class='ocrx_word' id='word_1_419' title='bbox 1683 423 1712 449; x_wconf 87' lang='lat' dir='ltr'><strong>in</strong></span> 
     </span>
    </p>
   </div>
   <div class='ocr_carea' id='block_1_56' title="bbox 928 467 1735 503">
    <p class='ocr_par' dir='ltr' id='par_1_56' title="bbox 928 467 1735 503">
     <span class='ocr_line' id='line_1_56' title="bbox 928 467 1735 503; baseline 0.001 -10"><span class='ocrx_word' id='word_1_420' title='bbox 928 467 1006 495; x_wconf 83' lang='lat' dir='ltr'><strong>libris</strong></span> <span class='ocrx_word' id='word_1_421' title='bbox 1022 471 1147 495; x_wconf 84' lang='lat' dir='ltr'><strong>versatus</strong></span> <span class='ocrx_word' id='word_1_422' title='bbox 1162 473 1215 496; x_wconf 88' lang='lat' dir='ltr'><strong>est.</strong></span> <span class='ocrx_word' id='word_1_423' title='bbox 1238 469 1367 503; x_wconf 86' lang='lat' dir='ltr'><strong>Adeoque</strong></span> <span class='ocrx_word' id='word_1_424' title='bbox 1382 468 1446 496; x_wconf 89' lang='lat' dir='ltr'><strong>sciri</strong></span> <span class='ocrx_word' id='word_1_425' title='bbox 1462 467 1495 494; x_wconf 91' lang='lat' dir='ltr'><strong>de</strong></span> <span class='ocrx_word' id='word_1_426' title='bbox 1510 468 1561 494; x_wconf 89' lang='lat' dir='ltr'><strong>hoc</strong></span> <span class='ocrx_word' id='word_1_427' title='bbox 1583 468 1642 501; x_wconf 90' lang='lat' dir='ltr'><strong>ipso</strong></span> <span class='ocrx_word' id='word_1_428' title='bbox 1663 475 1712 502; x_wconf 81' lang='grc' dir='ltr'>ρο-</span> <span class='ocrx_word' id='word_1_429' title='bbox 1732 485 1735 487; x_wconf 66' lang='grc'><strong><em>«</em></strong></span> 
     </span>
    </p>
   </div>
   <div class='ocr_carea' id='block_1_57' title="bbox 928 513 1714 550">
    <p class='ocr_par' dir='ltr' id='par_1_57' title="bbox 928 513 1714 550">
     <span class='ocr_line' id='line_1_57' title="bbox 928 513 1714 550; baseline -0.001 -9"><span class='ocrx_word' id='word_1_430' title='bbox 928 518 992 547; x_wconf 83' lang='lat' dir='ltr'><strong>test,</strong></span> <span class='ocrx_word' id='word_1_431' title='bbox 1016 518 1146 549; x_wconf 88' lang='lat' dir='ltr'><strong>quantam</strong></span> <span class='ocrx_word' id='word_1_432' title='bbox 1163 522 1271 550; x_wconf 80' lang='lat' dir='ltr'><strong>sponsa:</strong></span> <span class='ocrx_word' id='word_1_433' title='bbox 1285 514 1516 549; x_wconf 86' lang='lat' dir='ltr'><strong>pulchritudinem</strong></span> <span class='ocrx_word' id='word_1_434' title='bbox 1533 513 1651 541; x_wconf 81' lang='lat' dir='ltr'><strong>Verbum</strong></span> <span class='ocrx_word' id='word_1_435' title='bbox 1666 514 1714 541; x_wconf 87' lang='lat' dir='ltr'><strong>tri-</strong></span> 
     </span>
    </p>
   </div>
   <div class='ocr_carea' id='block_1_58' title="bbox 929 560 1714 595">
    <p class='ocr_par' dir='ltr' id='par_1_58' title="bbox 929 560 1714 595">
     <span class='ocr_line' id='line_1_58' title="bbox 929 560 1714 595; baseline 0 -9"><span class='ocrx_word' id='word_1_436' title='bbox 929 561 1004 593; x_wconf 82' lang='lat' dir='ltr'><strong>buat,</strong></span> <span class='ocrx_word' id='word_1_437' title='bbox 1022 567 1083 587; x_wconf 85' lang='lat' dir='ltr'><strong>cum</strong></span> <span class='ocrx_word' id='word_1_438' title='bbox 1106 561 1178 587; x_wconf 83' lang='lat' dir='ltr'><strong>illam</strong></span> <span class='ocrx_word' id='word_1_439' title='bbox 1192 567 1218 587; x_wconf 86' lang='lat' dir='ltr'><strong>et</strong></span> <span class='ocrx_word' id='word_1_440' title='bbox 1239 568 1300 587; x_wconf 88' lang='lat' dir='ltr'><strong>cum</strong></span> <span class='ocrx_word' id='word_1_441' title='bbox 1313 560 1491 595; x_wconf 80' lang='lat' dir='ltr'><strong>Jerosolyma,</strong></span> <span class='ocrx_word' id='word_1_442' title='bbox 1509 564 1535 587; x_wconf 91' lang='lat' dir='ltr'><strong>el</strong></span> <span class='ocrx_word' id='word_1_443' title='bbox 1551 567 1613 586; x_wconf 88' lang='lat' dir='ltr'><strong>cum</strong></span> <span class='ocrx_word' id='word_1_444' title='bbox 1630 560 1714 587; x_wconf 80' lang='lat' dir='ltr'><strong>bene-</strong></span> 
     </span>
    </p>
   </div>
   <div class='ocr_carea' id='block_1_59' title="bbox 929 605 1714 640">
    <p class='ocr_par' dir='ltr' id='par_1_59' title="bbox 929 605 1714 640">
     <span class='ocr_line' id='line_1_59' title="bbox 929 605 1714 640; baseline 0 -8"><span class='ocrx_word' id='word_1_445' title='bbox 929 606 1048 632; x_wconf 77' lang='lat' dir='ltr'><strong>volentia</strong></span> <span class='ocrx_word' id='word_1_446' title='bbox 1065 610 1219 640; x_wconf 78' lang='lat' dir='ltr'><strong>comparat.</strong></span> <span class='ocrx_word' id='word_1_447' title='bbox 1233 606 1306 633; x_wconf 86' lang='lat' dir='ltr'><strong>Satis</strong></span> <span class='ocrx_word' id='word_1_448' title='bbox 1320 606 1393 633; x_wconf 74' lang='lat' dir='ltr'><strong>enim</strong></span> <span class='ocrx_word' id='word_1_449' title='bbox 1407 606 1579 640; x_wconf 87' lang='lat' dir='ltr'><strong>perspicuum</strong></span> <span class='ocrx_word' id='word_1_450' title='bbox 1595 609 1647 636; x_wconf 75' lang='lat' dir='ltr'><strong>est,</strong></span> <span class='ocrx_word' id='word_1_451' title='bbox 1662 605 1714 632; x_wconf 88' lang='lat' dir='ltr'><strong>hoc</strong></span> 
     </span>
    </p>
   </div>
   <div class='ocr_carea' id='block_1_60' title="bbox 930 650 1714 686">
    <p class='ocr_par' dir='ltr' id='par_1_60' title="bbox 930 650 1714 686">
     <span class='ocr_line' id='line_1_60' title="bbox 930 650 1714 686; baseline 0 -8"><span class='ocrx_word' id='word_1_452' title='bbox 930 651 998 678; x_wconf 83' lang='lat' dir='ltr'><strong>velle</strong></span> <span class='ocrx_word' id='word_1_453' title='bbox 1015 650 1133 678; x_wconf 79' lang='lat' dir='ltr'><strong>Verbum</strong></span> <span class='ocrx_word' id='word_1_454' title='bbox 1153 651 1253 683; x_wconf 84' lang='lat' dir='ltr'><strong>dicere,</strong></span> <span class='ocrx_word' id='word_1_455' title='bbox 1276 659 1362 686; x_wconf 88' lang='lat' dir='ltr'><strong>usque</strong></span> <span class='ocrx_word' id='word_1_456' title='bbox 1384 652 1451 679; x_wconf 85' lang='lat' dir='ltr'><strong>adeo</strong></span> <span class='ocrx_word' id='word_1_457' title='bbox 1474 651 1591 678; x_wconf 85' lang='lat' dir='ltr'><strong>animam</strong></span> <span class='ocrx_word' id='word_1_458' title='bbox 1604 651 1630 677; x_wconf 93' lang='lat' dir='ltr'><strong>in</strong></span> <span class='ocrx_word' id='word_1_459' title='bbox 1648 651 1714 678; x_wconf 88' lang='lat' dir='ltr'><strong>sub-</strong></span> 
     </span>
    </p>
   </div>
   <div class='ocr_carea' id='block_1_61' title="bbox 930 697 1715 733">
    <p class='ocr_par' dir='ltr' id='par_1_61' title="bbox 930 697 1715 733">
     <span class='ocr_line' id='line_1_61' title="bbox 930 697 1715 733; baseline 0.001 -10"><span class='ocrx_word' id='word_1_460' title='bbox 930 697 993 724; x_wconf 86' lang='lat' dir='ltr'><strong>lime</strong></span> <span class='ocrx_word' id='word_1_461' title='bbox 1018 703 1138 725; x_wconf 86' lang='lat' dir='ltr'><strong>cvectam</strong></span> <span class='ocrx_word' id='word_1_462' title='bbox 1167 706 1228 725; x_wconf 88' lang='lat' dir='ltr'><strong>esse</strong></span> <span class='ocrx_word' id='word_1_463' title='bbox 1267 698 1397 733; x_wconf 68' lang='lat' dir='ltr'><strong>praeclaro</strong></span> <span class='ocrx_word' id='word_1_464' title='bbox 1439 697 1640 725; x_wconf 82' lang='lat' dir='ltr'><strong>conscendendi</strong></span> <span class='ocrx_word' id='word_1_465' title='bbox 1669 705 1715 725; x_wconf 91' lang='lat' dir='ltr'><strong>co-</strong></span> 
     </span>
    </p>
   </div>
   <div class='ocr_carea' id='block_1_62' title="bbox 931 743 1714 778">
    <p class='ocr_par' dir='ltr' id='par_1_62' title="bbox 931 743 1714 778">
     <span class='ocr_line' id='line_1_62' title="bbox 931 743 1714 778; baseline 0 -9"><span class='ocrx_word' id='word_1_466' title='bbox 931 747 1007 776; x_wconf 88' lang='lat' dir='ltr'><strong>natu,</strong></span> <span class='ocrx_word' id='word_1_467' title='bbox 1026 749 1054 770; x_wconf 90' lang='lat' dir='ltr'><strong>ut</strong></span> <span class='ocrx_word' id='word_1_468' title='bbox 1076 743 1132 778; x_wconf 85' lang='lat' dir='ltr'><strong>jam</strong></span> <span class='ocrx_word' id='word_1_469' title='bbox 1157 743 1190 770; x_wconf 89' lang='lat' dir='ltr'><strong>ad</strong></span> <span class='ocrx_word' id='word_1_470' title='bbox 1217 744 1276 778; x_wconf 90' lang='lat' dir='ltr'><strong>ipsa</strong></span> <span class='ocrx_word' id='word_1_471' title='bbox 1304 743 1413 770; x_wconf 88' lang='lat' dir='ltr'><strong>Domini</strong></span> <span class='ocrx_word' id='word_1_472' title='bbox 1433 743 1565 770; x_wconf 87' lang='lat' dir='ltr'><strong>miracula</strong></span> <span class='ocrx_word' id='word_1_473' title='bbox 1585 743 1714 770; x_wconf 88' lang='lat' dir='ltr'><strong>enitatur.</strong></span> 
     </span>
    </p>
   </div>
   <div class='ocr_carea' id='block_1_63' title="bbox 932 788 1717 824">
    <p class='ocr_par' dir='ltr' id='par_1_63' title="bbox 932 788 1717 824">
     <span class='ocr_line' id='line_1_63' title="bbox 932 788 1717 824; baseline 0.001 -9"><span class='ocrx_word' id='word_1_474' title='bbox 932 788 999 816; x_wconf 81' lang='lat' dir='ltr'><strong>Nam</strong></span> <span class='ocrx_word' id='word_1_475' title='bbox 1016 791 1039 816; x_wconf 91' lang='lat' dir='ltr'><strong>si</strong></span> <span class='ocrx_word' id='word_1_476' title='bbox 1054 789 1123 817; x_wconf 88' lang='lat' dir='ltr'><strong>Deus</strong></span> <span class='ocrx_word' id='word_1_477' title='bbox 1141 790 1186 817; x_wconf 91' lang='lat' dir='ltr'><strong>ille</strong></span> <span class='ocrx_word' id='word_1_478' title='bbox 1202 791 1229 816; x_wconf 93' lang='lat' dir='ltr'><strong>in</strong></span> <span class='ocrx_word' id='word_1_479' title='bbox 1244 790 1396 821; x_wconf 76' lang='lat' dir='ltr'><strong>altissimis,</strong></span> <span class='ocrx_word' id='word_1_480' title='bbox 1413 789 1460 824; x_wconf 86' lang='lat' dir='ltr'><strong>qui</strong></span> <span class='ocrx_word' id='word_1_481' title='bbox 1480 794 1521 817; x_wconf 87' lang='lat' dir='ltr'><strong>est.</strong></span> <span class='ocrx_word' id='word_1_482' title='bbox 1538 789 1565 815; x_wconf 89' lang='lat' dir='ltr'><strong>in</strong></span> <span class='ocrx_word' id='word_1_483' title='bbox 1589 790 1651 816; x_wconf 87' lang='lat' dir='ltr'><strong>sinu</strong></span> <span class='ocrx_word' id='word_1_484' title='bbox 1665 788 1717 815; x_wconf 85' lang='lat' dir='ltr'><strong>Pa-</strong></span> 
     </span>
    </p>
   </div>
   <div class='ocr_carea' id='block_1_64' title="bbox 933 835 1718 866">
    <p class='ocr_par' dir='ltr' id='par_1_64' title="bbox 933 835 1718 866">
     <span class='ocr_line' id='line_1_64' title="bbox 933 835 1718 866; baseline 0.001 -5"><span class='ocrx_word' id='word_1_485' title='bbox 933 835 994 866; x_wconf 78' lang='lat' dir='ltr'><strong>tris,</strong></span> <span class='ocrx_word' id='word_1_486' title='bbox 1016 835 1188 862; x_wconf 54' lang='lat' dir='ltr'><strong>declaranda</strong></span> <span class='ocrx_word' id='word_1_487' title='bbox 1214 836 1241 862; x_wconf 90' lang='lat' dir='ltr'><strong>in</strong></span> <span class='ocrx_word' id='word_1_488' title='bbox 1270 835 1393 863; x_wconf 87' lang='lat' dir='ltr'><strong>homines</strong></span> <span class='ocrx_word' id='word_1_489' title='bbox 1417 835 1611 862; x_wconf 63' lang='lat' dir='ltr'><strong>benevolentiae</strong></span> <span class='ocrx_word' id='word_1_490' title='bbox 1635 842 1718 862; x_wconf 83' lang='lat' dir='ltr'><strong>causa</strong></span> 
     </span>
    </p>
   </div>
   <div class='ocr_carea' id='block_1_65' title="bbox 933 881 1719 915">
    <p class='ocr_par' dir='ltr' id='par_1_65' title="bbox 933 881 1719 915">
     <span class='ocr_line' id='line_1_65' title="bbox 933 881 1719 915; baseline 0 -9"><span class='ocrx_word' id='word_1_491' title='bbox 933 881 1060 915; x_wconf 79' lang='lat' dir='ltr'><strong>sanguini</strong></span> <span class='ocrx_word' id='word_1_492' title='bbox 1077 885 1104 908; x_wconf 88' lang='lat' dir='ltr'><strong>et</strong></span> <span class='ocrx_word' id='word_1_493' title='bbox 1129 881 1206 908; x_wconf 86' lang='lat' dir='ltr'><strong>carui</strong></span> <span class='ocrx_word' id='word_1_494' title='bbox 1229 881 1372 912; x_wconf 85' lang='lat' dir='ltr'><strong>miscetur,</strong></span> <span class='ocrx_word' id='word_1_495' title='bbox 1395 885 1426 907; x_wconf 82' lang='lat' dir='ltr'><strong>ut.</strong></span> <span class='ocrx_word' id='word_1_496' title='bbox 1441 881 1469 907; x_wconf 90' lang='lat' dir='ltr'><strong>in</strong></span> <span class='ocrx_word' id='word_1_497' title='bbox 1486 885 1557 908; x_wconf 84' lang='lat' dir='ltr'><strong>terra</strong></span> <span class='ocrx_word' id='word_1_498' title='bbox 1577 889 1631 914; x_wconf 77' lang='lat' dir='ltr'><strong>pax</strong></span> <span class='ocrx_word' id='word_1_499' title='bbox 1645 881 1719 907; x_wconf 86' lang='lat' dir='ltr'><strong>oria-</strong></span> 
     </span>
    </p>
   </div>
   <div class='ocr_carea' id='block_1_66' title="bbox 934 926 1720 962">
    <p class='ocr_par' dir='ltr' id='par_1_66' title="bbox 934 926 1720 962">
     <span class='ocr_line' id='line_1_66' title="bbox 934 926 1720 962; baseline -0.001 -8"><span class='ocrx_word' id='word_1_500' title='bbox 934 932 977 954; x_wconf 87' lang='lat' dir='ltr'><strong>tur</strong></span> <span class='ocrx_word' id='word_1_501' title='bbox 994 937 999 954; x_wconf 92' lang='lat'>:</span> <span class='ocrx_word' id='word_1_502' title='bbox 1015 927 1125 962; x_wconf 89' lang='lat' dir='ltr'><strong>planum</strong></span> <span class='ocrx_word' id='word_1_503' title='bbox 1154 932 1196 955; x_wconf 89' lang='lat' dir='ltr'><strong>est</strong></span> <span class='ocrx_word' id='word_1_504' title='bbox 1222 927 1306 960; x_wconf 86' lang='lat' dir='ltr'><strong>illam,</strong></span> <span class='ocrx_word' id='word_1_505' title='bbox 1325 935 1385 962; x_wconf 70' lang='lat' dir='ltr'><strong>qua:</strong></span> <span class='ocrx_word' id='word_1_506' title='bbox 1411 926 1446 953; x_wconf 86' lang='lat' dir='ltr'><strong>ad</strong></span> <span class='ocrx_word' id='word_1_507' title='bbox 1467 927 1539 954; x_wconf 90' lang='lat' dir='ltr'><strong>hanc</strong></span> <span class='ocrx_word' id='word_1_508' title='bbox 1559 926 1720 954; x_wconf 87' lang='lat' dir='ltr'><strong>benevolen-</strong></span> 
     </span>
    </p>
   </div>
   <div class='ocr_carea' id='block_1_67' title="bbox 935 973 1720 1008">
    <p class='ocr_par' dir='ltr' id='par_1_67' title="bbox 935 973 1720 1008">
     <span class='ocr_line' id='line_1_67' title="bbox 935 973 1720 1008; baseline -0.001 -8"><span class='ocrx_word' id='word_1_509' title='bbox 935 973 999 1000; x_wconf 90' lang='lat' dir='ltr'><strong>tiam</strong></span> <span class='ocrx_word' id='word_1_510' title='bbox 1016 973 1197 1000; x_wconf 79' lang='lat' dir='ltr'><strong>conformavit</strong></span> <span class='ocrx_word' id='word_1_511' title='bbox 1219 981 1296 1000; x_wconf 89' lang='lat' dir='ltr'><strong>suam</strong></span> <span class='ocrx_word' id='word_1_512' title='bbox 1313 973 1554 1008; x_wconf 85' lang='lat' dir='ltr'><strong>pulchritudinem,</strong></span> <span class='ocrx_word' id='word_1_513' title='bbox 1582 973 1720 1008; x_wconf 64' lang='lat' dir='ltr'><strong>praeclaris</strong></span> 
     </span>
    </p>
   </div>
   <div class='ocr_carea' id='block_1_68' title="bbox 935 1019 1721 1053">
    <p class='ocr_par' dir='ltr' id='par_1_68' title="bbox 935 1019 1721 1053">
     <span class='ocr_line' id='line_1_68' title="bbox 935 1019 1721 1053; baseline 0 -8"><span class='ocrx_word' id='word_1_514' title='bbox 935 1019 1063 1053; x_wconf 86' lang='lat' dir='ltr'><strong>operibus</strong></span> <span class='ocrx_word' id='word_1_515' title='bbox 1085 1019 1144 1046; x_wconf 84' lang='lat' dir='ltr'><strong>suis</strong></span> <span class='ocrx_word' id='word_1_516' title='bbox 1160 1019 1300 1046; x_wconf 86' lang='lat' dir='ltr'><strong>Christum</strong></span> <span class='ocrx_word' id='word_1_517' title='bbox 1325 1019 1426 1045; x_wconf 81' lang='lat' dir='ltr'><strong>imitari</strong></span> <span class='ocrx_word' id='word_1_518' title='bbox 1441 1029 1447 1045; x_wconf 90' lang='lat'><strong>:</strong></span> <span class='ocrx_word' id='word_1_519' title='bbox 1461 1019 1560 1053; x_wconf 85' lang='lat' dir='ltr'><strong>quippe</strong></span> <span class='ocrx_word' id='word_1_520' title='bbox 1579 1026 1639 1053; x_wconf 72' lang='lat' dir='ltr'><strong>qua:</strong></span> <span class='ocrx_word' id='word_1_521' title='bbox 1658 1019 1721 1046; x_wconf 87' lang='lat' dir='ltr'><strong>aliis</strong></span> 
     </span>
    </p>
   </div>
   <div class='ocr_carea' id='block_1_69' title="bbox 937 1063 1722 1098">
    <p class='ocr_par' dir='ltr' id='par_1_69' title="bbox 937 1063 1722 1098">
     <span class='ocr_line' id='line_1_69' title="bbox 937 1063 1722 1098; baseline 0 -8"><span class='ocrx_word' id='word_1_522' title='bbox 937 1064 989 1090; x_wconf 90' lang='lat' dir='ltr'><strong>hoc</strong></span> <span class='ocrx_word' id='word_1_523' title='bbox 1009 1064 1053 1096; x_wconf 85' lang='lat' dir='ltr'><strong>sit,</strong></span> <span class='ocrx_word' id='word_1_524' title='bbox 1072 1064 1144 1097; x_wconf 89' lang='lat' dir='ltr'><strong>quod</strong></span> <span class='ocrx_word' id='word_1_525' title='bbox 1159 1063 1285 1090; x_wconf 80' lang='lat' dir='ltr'><strong>Christus</strong></span> <span class='ocrx_word' id='word_1_526' title='bbox 1294 1064 1414 1090; x_wconf 84' lang='lat' dir='ltr'><strong>humano</strong></span> <span class='ocrx_word' id='word_1_527' title='bbox 1426 1064 1518 1098; x_wconf 78' lang='lat' dir='ltr'><strong>generi</strong></span> <span class='ocrx_word' id='word_1_528' title='bbox 1536 1063 1586 1090; x_wconf 84' lang='lat' dir='ltr'><strong>fuit</strong></span> <span class='ocrx_word' id='word_1_529' title='bbox 1602 1073 1609 1090; x_wconf 89' lang='lat'><strong>:</strong></span> <span class='ocrx_word' id='word_1_530' title='bbox 1625 1071 1722 1098; x_wconf 90' lang='lat' dir='ltr'><strong>quem-</strong></span> 
     </span>
    </p>
   </div>
   <div class='ocr_carea' id='block_1_70' title="bbox 936 1108 1721 1140">
    <p class='ocr_par' dir='ltr' id='par_1_70' title="bbox 936 1108 1721 1140">
     <span class='ocr_line' id='line_1_70' title="bbox 936 1108 1721 1140; baseline -0.001 -4"><span class='ocrx_word' id='word_1_531' title='bbox 936 1109 1081 1136; x_wconf 78' lang='lat' dir='ltr'><strong>admodum</strong></span> <span class='ocrx_word' id='word_1_532' title='bbox 1103 1112 1130 1136; x_wconf 88' lang='lat' dir='ltr'><strong>et</strong></span> <span class='ocrx_word' id='word_1_533' title='bbox 1147 1109 1246 1136; x_wconf 83' lang='lat' dir='ltr'><strong>Paulus</strong></span> <span class='ocrx_word' id='word_1_534' title='bbox 1266 1109 1388 1135; x_wconf 81' lang='lat' dir='ltr'><strong>imitator</strong></span> <span class='ocrx_word' id='word_1_535' title='bbox 1412 1109 1457 1136; x_wconf 87' lang='lat' dir='ltr'><strong>ille</strong></span> <span class='ocrx_word' id='word_1_536' title='bbox 1472 1108 1574 1137; x_wconf 80' lang='lat' dir='ltr'><strong>Christi</strong></span> <span class='ocrx_word' id='word_1_537' title='bbox 1594 1108 1721 1140; x_wconf 74' lang='lat' dir='ltr'><strong>iaciebat.</strong></span> 
     </span>
    </p>
   </div>
   <div class='ocr_carea' id='block_1_71' title="bbox 937 1154 1722 1190">
    <p class='ocr_par' dir='ltr' id='par_1_71' title="bbox 937 1154 1722 1190">
     <span class='ocr_line' id='line_1_71' title="bbox 937 1154 1722 1190; baseline -0.003 -8"><span class='ocrx_word' id='word_1_538' title='bbox 937 1156 1058 1190; x_wconf 79' lang='lat' dir='ltr'><strong>seipsum</strong></span> <span class='ocrx_word' id='word_1_539' title='bbox 1080 1163 1095 1182; x_wconf 89' lang='lat' dir='ltr'><strong>a</strong></span> <span class='ocrx_word' id='word_1_540' title='bbox 1111 1155 1166 1182; x_wconf 88' lang='lat' dir='ltr'><strong>vita</strong></span> <span class='ocrx_word' id='word_1_541' title='bbox 1182 1155 1255 1182; x_wconf 91' lang='lat' dir='ltr'><strong>velut</strong></span> <span class='ocrx_word' id='word_1_542' title='bbox 1269 1155 1465 1186; x_wconf 81' lang='lat' dir='ltr'><strong>exterminans,</strong></span> <span class='ocrx_word' id='word_1_543' title='bbox 1484 1159 1514 1181; x_wconf 89' lang='lat' dir='ltr'><strong>ut</strong></span> <span class='ocrx_word' id='word_1_544' title='bbox 1528 1161 1590 1181; x_wconf 85' lang='lat' dir='ltr'><strong>cum</strong></span> <span class='ocrx_word' id='word_1_545' title='bbox 1610 1154 1722 1181; x_wconf 86' lang='lat' dir='ltr'><strong>calami-</strong></span> 
     </span>
    </p>
   </div>
   <div class='ocr_carea' id='block_1_72' title="bbox 937 1199 1722 1228">
    <p class='ocr_par' dir='ltr' id='par_1_72' title="bbox 937 1199 1722 1228">
     <span class='ocr_line' id='line_1_72' title="bbox 937 1199 1722 1228; baseline -0.003 0"><span class='ocrx_word' id='word_1_546' title='bbox 937 1205 993 1228; x_wconf 87' lang='lat' dir='ltr'><strong>tate</strong></span> <span class='ocrx_word' id='word_1_547' title='bbox 1017 1208 1067 1228; x_wconf 88' lang='lat' dir='ltr'><strong>sua</strong></span> <span class='ocrx_word' id='word_1_548' title='bbox 1091 1202 1205 1228; x_wconf 85' lang='lat' dir='ltr'><strong>salutem</strong></span> <span class='ocrx_word' id='word_1_549' title='bbox 1227 1199 1336 1228; x_wconf 89' lang='lat' dir='ltr'><strong>lsraelis</strong></span> <span class='ocrx_word' id='word_1_550' title='bbox 1362 1204 1552 1228; x_wconf 87' lang='lat' dir='ltr'><strong>commutaret.</strong></span> <span class='ocrx_word' id='word_1_551' title='bbox 1578 1199 1624 1227; x_wconf 85' lang='lat' dir='ltr'><strong>Sic</strong></span> <span class='ocrx_word' id='word_1_552' title='bbox 1647 1200 1722 1227; x_wconf 90' lang='lat' dir='ltr'><strong>enim</strong></span> 
     </span>
    </p>
   </div>
   <div class='ocr_carea' id='block_1_73' title="bbox 937 1246 1723 1280">
    <p class='ocr_par' dir='ltr' id='par_1_73' title="bbox 937 1246 1723 1280">
     <span class='ocr_line' id='line_1_73' title="bbox 937 1246 1723 1280; baseline -0.001 -7"><span class='ocrx_word' id='word_1_553' title='bbox 937 1248 994 1274; x_wconf 86' lang='lat' dir='ltr'><strong>ait:</strong></span> <span class='ocrx_word' id='word_1_554' title='bbox 1012 1246 1131 1280; x_wconf 82' lang='lat' dir='ltr'><strong>Optarim</strong></span> <span class='ocrx_word' id='word_1_555' title='bbox 1153 1247 1290 1273; x_wconf 76' lang='lat' dir='ltr'><strong>anathema</strong></span> <span class='ocrx_word' id='word_1_556' title='bbox 1304 1255 1358 1274; x_wconf 78' lang='lat' dir='ltr'><strong>esse</strong></span> <span class='ocrx_word' id='word_1_557' title='bbox 1374 1255 1389 1273; x_wconf 85' lang='lat' dir='ltr'><strong>a</strong></span> <span class='ocrx_word' id='word_1_558' title='bbox 1402 1246 1518 1278; x_wconf 80' lang='lat' dir='ltr'><strong>Christo,</strong></span> <span class='ocrx_word' id='word_1_559' title='bbox 1535 1255 1582 1280; x_wconf 83' lang='lat' dir='ltr'><strong>pro</strong></span> <span class='ocrx_word' id='word_1_560' title='bbox 1594 1246 1723 1280; x_wconf 74' lang='lat' dir='ltr'><strong>fratribus</strong></span> 
     </span>
    </p>
   </div>
   <div class='ocr_carea' id='block_1_74' title="bbox 938 1290 1724 1327">
    <p class='ocr_par' dir='ltr' id='par_1_74' title="bbox 938 1290 1724 1327">
     <span class='ocr_line' id='line_1_74' title="bbox 938 1290 1724 1327; baseline -0.003 -7"><span class='ocrx_word' id='word_1_561' title='bbox 938 1294 1014 1326; x_wconf 77' lang='lat' dir='ltr'><strong>meis,</strong></span> <span class='ocrx_word' id='word_1_562' title='bbox 1032 1294 1150 1327; x_wconf 74' lang='lat' dir='ltr'><strong>cognatis</strong></span> <span class='ocrx_word' id='word_1_563' title='bbox 1164 1293 1227 1320; x_wconf 78' lang='lat' dir='ltr'><strong>meis</strong></span> <span class='ocrx_word' id='word_1_564' title='bbox 1245 1294 1387 1320; x_wconf 74' lang='lat' dir='ltr'><strong>secundant</strong></span> <span class='ocrx_word' id='word_1_565' title='bbox 1407 1300 1512 1319; x_wconf 77' lang='lat' dir='ltr'><strong>carnem</strong></span> <span class='ocrx_word' id='word_1_566' title='bbox 1523 1290 1556 1319; x_wconf 73' lang='grc'><strong>⁷⁸.</strong></span> <span class='ocrx_word' id='word_1_567' title='bbox 1581 1291 1673 1326; x_wconf 88' lang='lat' dir='ltr'><strong>anue</strong></span> <span class='ocrx_word' id='word_1_568' title='bbox 1689 1292 1724 1319; x_wconf 81' lang='lat' dir='ltr'><strong>de</strong></span> 
     </span>
    </p>
   </div>
   <div class='ocr_carea' id='block_1_75' title="bbox 938 1338 1724 1374">
    <p class='ocr_par' dir='ltr' id='par_1_75' title="bbox 938 1338 1724 1374">
     <span class='ocr_line' id='line_1_75' title="bbox 938 1338 1724 1374; baseline -0.003 -8"><span class='ocrx_word' id='word_1_569' title='bbox 938 1347 1020 1366; x_wconf 88' lang='lat' dir='ltr'><strong>causa</strong></span> <span class='ocrx_word' id='word_1_570' title='bbox 1033 1339 1087 1366; x_wconf 93' lang='lat' dir='ltr'><strong>dici</strong></span> <span class='ocrx_word' id='word_1_571' title='bbox 1104 1339 1138 1366; x_wconf 90' lang='lat' dir='ltr'><strong>ad</strong></span> <span class='ocrx_word' id='word_1_572' title='bbox 1151 1346 1213 1366; x_wconf 89' lang='lat' dir='ltr'><strong>eum</strong></span> <span class='ocrx_word' id='word_1_573' title='bbox 1229 1347 1282 1366; x_wconf 86' lang='lat' dir='ltr'><strong>uon</strong></span> <span class='ocrx_word' id='word_1_574' title='bbox 1306 1340 1397 1373; x_wconf 90' lang='lat' dir='ltr'><strong>inepte</strong></span> <span class='ocrx_word' id='word_1_575' title='bbox 1413 1343 1517 1374; x_wconf 84' lang='lat' dir='ltr'><strong>posset,</strong></span> <span class='ocrx_word' id='word_1_576' title='bbox 1533 1338 1605 1372; x_wconf 90' lang='lat' dir='ltr'><strong>quod</strong></span> <span class='ocrx_word' id='word_1_577' title='bbox 1625 1338 1670 1364; x_wconf 91' lang='lat' dir='ltr'><strong>hic</strong></span> <span class='ocrx_word' id='word_1_578' title='bbox 1689 1338 1724 1364; x_wconf 83' lang='lat' dir='ltr'><strong>ad</strong></span> 
     </span>
    </p>
   </div>
   <div class='ocr_carea' id='block_1_76' title="bbox 939 1383 1723 1420">
    <p class='ocr_par' dir='ltr' id='par_1_76' title="bbox 939 1383 1723 1420">
     <span class='ocr_line' id='line_1_76' title="bbox 939 1383 1723 1420; baseline -0.003 -9"><span class='ocrx_word' id='word_1_579' title='bbox 939 1392 1072 1420; x_wconf 87' lang='lat' dir='ltr'><strong>sponsum</strong></span> <span class='ocrx_word' id='word_1_580' title='bbox 1101 1384 1201 1412; x_wconf 88' lang='lat' dir='ltr'><strong>dicitur</strong></span> <span class='ocrx_word' id='word_1_581' title='bbox 1219 1396 1224 1413; x_wconf 90' lang='lat'>:</span> <span class='ocrx_word' id='word_1_582' title='bbox 1242 1385 1317 1411; x_wconf 81' lang='lat' dir='ltr'><strong>Talis</strong></span> <span class='ocrx_word' id='word_1_583' title='bbox 1342 1389 1384 1412; x_wconf 89' lang='lat' dir='ltr'><strong>est</strong></span> <span class='ocrx_word' id='word_1_584' title='bbox 1416 1384 1501 1411; x_wconf 86' lang='lat' dir='ltr'><strong>animi</strong></span> <span class='ocrx_word' id='word_1_585' title='bbox 1531 1383 1723 1418; x_wconf 79' lang='lat' dir='ltr'><strong>pulchritudo.</strong></span> 
     </span>
    </p>
   </div>
   <div class='ocr_carea' id='block_1_77' title="bbox 939 1429 1724 1466">
    <p class='ocr_par' dir='ltr' id='par_1_77' title="bbox 939 1429 1724 1466">
     <span class='ocr_line' id='line_1_77' title="bbox 939 1429 1724 1466; baseline -0.005 -8"><span class='ocrx_word' id='word_1_586' title='bbox 939 1431 1029 1466; x_wconf 89' lang='lat' dir='ltr'><strong>qualis</strong></span> <span class='ocrx_word' id='word_1_587' title='bbox 1055 1430 1104 1458; x_wconf 83' lang='lat' dir='ltr'><strong>fuit</strong></span> <span class='ocrx_word' id='word_1_588' title='bbox 1132 1430 1238 1457; x_wconf 89' lang='lat' dir='ltr'><strong>Domini</strong></span> <span class='ocrx_word' id='word_1_589' title='bbox 1272 1437 1336 1465; x_wconf 83' lang='lat' dir='ltr'><strong>erga</strong></span> <span class='ocrx_word' id='word_1_590' title='bbox 1372 1437 1421 1456; x_wconf 75' lang='lat' dir='ltr'><strong>nos</strong></span> <span class='ocrx_word' id='word_1_591' title='bbox 1450 1429 1724 1464; x_wconf 78' lang='lat' dir='ltr'><strong>benevolentiazqui</strong></span> 
     </span>
    </p>
   </div>
   <div class='ocr_carea' id='block_1_78' title="bbox 938 1475 1723 1512">
    <p class='ocr_par' dir='ltr' id='par_1_78' title="bbox 938 1475 1723 1512">
     <span class='ocr_line' id='line_1_78' title="bbox 938 1475 1723 1512; baseline -0.005 -7"><span class='ocrx_word' id='word_1_592' title='bbox 938 1478 1059 1512; x_wconf 87' lang='lat' dir='ltr'><strong>seipsum</strong></span> <span class='ocrx_word' id='word_1_593' title='bbox 1080 1477 1229 1504; x_wconf 65' lang='lat' dir='ltr'><strong>euinanivit</strong></span> <span class='ocrx_word' id='word_1_594' title='bbox 1249 1481 1356 1510; x_wconf 83' lang='lat' dir='ltr'><strong>sumpta</strong></span> <span class='ocrx_word' id='word_1_595' title='bbox 1374 1476 1446 1503; x_wconf 84' lang='lat' dir='ltr'><strong>servi</strong></span> <span class='ocrx_word' id='word_1_596' title='bbox 1469 1475 1555 1502; x_wconf 82' lang='lat' dir='ltr'><strong>forma</strong></span> <span class='ocrx_word' id='word_1_597' title='bbox 1569 1475 1604 1508; x_wconf 73' lang='lat'><strong>7&#39;;</strong></span> <span class='ocrx_word' id='word_1_598' title='bbox 1627 1479 1654 1502; x_wconf 83' lang='lat' dir='ltr'><strong>et</strong></span> <span class='ocrx_word' id='word_1_599' title='bbox 1678 1482 1723 1502; x_wconf 85' lang='lat' dir='ltr'><strong>se-</strong></span> 
     </span>
    </p>
   </div>
   <div class='ocr_carea' id='block_1_79' title="bbox 938 1521 1726 1558">
    <p class='ocr_par' dir='ltr' id='par_1_79' title="bbox 938 1521 1726 1558">
     <span class='ocr_line' id='line_1_79' title="bbox 938 1521 1726 1558; baseline -0.005 -8"><span class='ocrx_word' id='word_1_600' title='bbox 938 1523 1027 1557; x_wconf 90' lang='lat' dir='ltr'><strong>ipsum</strong></span> <span class='ocrx_word' id='word_1_601' title='bbox 1050 1523 1125 1550; x_wconf 84' lang='lat' dir='ltr'><strong>dedit</strong></span> <span class='ocrx_word' id='word_1_602' title='bbox 1146 1522 1263 1558; x_wconf 91' lang='lat' dir='ltr'><strong>pretium</strong></span> <span class='ocrx_word' id='word_1_603' title='bbox 1281 1530 1330 1557; x_wconf 91' lang='lat' dir='ltr'><strong>pro</strong></span> <span class='ocrx_word' id='word_1_604' title='bbox 1355 1521 1449 1548; x_wconf 89' lang='lat' dir='ltr'><strong>mundi</strong></span> <span class='ocrx_word' id='word_1_605' title='bbox 1471 1521 1536 1552; x_wconf 85' lang='lat' dir='ltr'><strong>vita,</strong></span> <span class='ocrx_word' id='word_1_606' title='bbox 1556 1524 1583 1547; x_wconf 87' lang='lat' dir='ltr'><strong>et</strong></span> <span class='ocrx_word' id='word_1_607' title='bbox 1614 1525 1726 1556; x_wconf 82' lang='lat' dir='ltr'><strong>propter</strong></span> 
     </span>
    </p>
   </div>
   <div class='ocr_carea' id='block_1_80' title="bbox 939 1566 1726 1603">
    <p class='ocr_par' dir='ltr' id='par_1_80' title="bbox 939 1566 1726 1603">
     <span class='ocr_line' id='line_1_80' title="bbox 939 1566 1726 1603; baseline -0.005 -7"><span class='ocrx_word' id='word_1_608' title='bbox 939 1577 990 1596; x_wconf 89' lang='lat' dir='ltr'><strong>nos</strong></span> <span class='ocrx_word' id='word_1_609' title='bbox 1012 1568 1091 1603; x_wconf 88' lang='lat' dir='ltr'><strong>inops</strong></span> <span class='ocrx_word' id='word_1_610' title='bbox 1113 1567 1202 1595; x_wconf 81' lang='lat' dir='ltr'><strong>factus</strong></span> <span class='ocrx_word' id='word_1_611' title='bbox 1217 1572 1270 1600; x_wconf 85' lang='lat' dir='ltr'><strong>est,</strong></span> <span class='ocrx_word' id='word_1_612' title='bbox 1295 1575 1357 1594; x_wconf 90' lang='lat' dir='ltr'><strong>cum</strong></span> <span class='ocrx_word' id='word_1_613' title='bbox 1377 1567 1452 1594; x_wconf 89' lang='lat' dir='ltr'><strong>dives</strong></span> <span class='ocrx_word' id='word_1_614' title='bbox 1470 1570 1551 1598; x_wconf 80' lang='lat' dir='ltr'><strong>esset,</strong></span> <span class='ocrx_word' id='word_1_615' title='bbox 1577 1567 1614 1593; x_wconf 76' lang='lat' dir='ltr'><strong>ut&#39;</strong></span> <span class='ocrx_word' id='word_1_616' title='bbox 1628 1574 1678 1593; x_wconf 84' lang='lat' dir='ltr'><strong>nos</strong></span> <span class='ocrx_word' id='word_1_617' title='bbox 1697 1566 1726 1593; x_wconf 90' lang='lat' dir='ltr'><strong>in</strong></span> 
     </span>
    </p>
   </div>
   <div class='ocr_carea' id='block_1_81' title="bbox 940 1611 1727 1649">
    <p class='ocr_par' dir='ltr' id='par_1_81' title="bbox 940 1611 1727 1649">
     <span class='ocr_line' id='line_1_81' title="bbox 940 1611 1727 1649; baseline -0.003 -8"><span class='ocrx_word' id='word_1_618' title='bbox 940 1615 1027 1649; x_wconf 88' lang='lat' dir='ltr'><strong>ipsius</strong></span> <span class='ocrx_word' id='word_1_619' title='bbox 1048 1618 1135 1641; x_wconf 91' lang='lat' dir='ltr'><strong>morte</strong></span> <span class='ocrx_word' id='word_1_620' title='bbox 1150 1615 1314 1643; x_wconf 86' lang='lat' dir='ltr'><strong>viveremus,</strong></span> <span class='ocrx_word' id='word_1_621' title='bbox 1338 1618 1365 1640; x_wconf 89' lang='lat' dir='ltr'><strong>et</strong></span> <span class='ocrx_word' id='word_1_622' title='bbox 1389 1613 1417 1639; x_wconf 93' lang='lat' dir='ltr'><strong>in</strong></span> <span class='ocrx_word' id='word_1_623' title='bbox 1435 1611 1727 1647; x_wconf 70' lang='lat' dir='ltr'><strong>ipsius-inopia&#39;divi-</strong></span> 
     </span>
    </p>
   </div>
   <div class='ocr_carea' id='block_1_82' title="bbox 940 1653 1725 1694">
    <p class='ocr_par' dir='ltr' id='par_1_82' title="bbox 940 1653 1725 1694">
     <span class='ocr_line' id='line_1_82' title="bbox 940 1653 1725 1694; baseline -0.004 -7"><span class='ocrx_word' id='word_1_624' title='bbox 940 1661 993 1687; x_wconf 88' lang='lat' dir='ltr'><strong>tias</strong></span> <span class='ocrx_word' id='word_1_625' title='bbox 1014 1667 1254 1694; x_wconf 87' lang='lat' dir='ltr'><strong>consequeremur,</strong></span> <span class='ocrx_word' id='word_1_626' title='bbox 1277 1663 1305 1685; x_wconf 84' lang='lat' dir='ltr'><strong>et</strong></span> <span class='ocrx_word' id='word_1_627' title='bbox 1326 1659 1355 1685; x_wconf 91' lang='lat' dir='ltr'><strong>in</strong></span> <span class='ocrx_word' id='word_1_628' title='bbox 1372 1657 1458 1685; x_wconf 84' lang='lat' dir='ltr'><strong>forma</strong></span> <span class='ocrx_word' id='word_1_629' title='bbox 1477 1659 1619 1685; x_wconf 87' lang='lat' dir='ltr'><strong>servitutis</strong></span> <span class='ocrx_word' id='word_1_630' title='bbox 1638 1653 1725 1692; x_wconf 84' lang='lat' dir='ltr'><strong>ipsius</strong></span> 
     </span>
    </p>
   </div>
   <div class='ocr_carea' id='block_1_83' title="bbox 940 1703 1729 1740">
    <p class='ocr_par' dir='ltr' id='par_1_83' title="bbox 940 1703 1729 1740">
     <span class='ocr_line' id='line_1_83' title="bbox 940 1703 1729 1740; baseline -0.004 -8"><span class='ocrx_word' id='word_1_631' title='bbox 940 1705 1163 1740; x_wconf 77' lang='lat' dir='ltr'><strong>regnarcmus&quot;.</strong></span> <span class='ocrx_word' id='word_1_632' title='bbox 1181 1704 1281 1731; x_wconf 87' lang='lat' dir='ltr'><strong>Eadem</strong></span> <span class='ocrx_word' id='word_1_633' title='bbox 1303 1711 1410 1737; x_wconf 72' lang='lat' dir='ltr'><strong>sponsae</strong></span> <span class='ocrx_word' id='word_1_634' title='bbox 1427 1703 1556 1737; x_wconf 72' lang='lat' dir='ltr'><strong>majestas</strong></span> <span class='ocrx_word' id='word_1_635' title='bbox 1579 1704 1660 1730; x_wconf 82' lang='lat' dir='ltr'><strong>etiam</strong></span> <span class='ocrx_word' id='word_1_636' title='bbox 1679 1711 1729 1738; x_wconf 88' lang='lat' dir='ltr'><strong>per</strong></span> 
     </span>
    </p>
   </div>
   <div class='ocr_carea' id='block_1_84' title="bbox 941 1748 1727 1786">
    <p class='ocr_par' dir='ltr' id='par_1_84' title="bbox 941 1748 1727 1786">
     <span class='ocr_line' id='line_1_84' title="bbox 941 1748 1727 1786; baseline -0.005 -8"><span class='ocrx_word' id='word_1_637' title='bbox 941 1751 1102 1786; x_wconf 75' lang='lat' dir='ltr'><strong>elegantiam</strong></span> <span class='ocrx_word' id='word_1_638' title='bbox 1115 1749 1292 1784; x_wconf 68' lang='lat' dir='ltr'><strong>Jerosolyman</strong></span> <span class='ocrx_word' id='word_1_639' title='bbox 1305 1748 1474 1783; x_wconf 75' lang='lat' dir='ltr'><strong>signiﬁcatur</strong></span> <span class='ocrx_word' id='word_1_640' title='bbox 1490 1757 1496 1774; x_wconf 84' lang='lat'><strong>:</strong></span> <span class='ocrx_word' id='word_1_641' title='bbox 1511 1755 1636 1782; x_wconf 67' lang='lat' dir='ltr'><strong>superna:</strong></span> <span class='ocrx_word' id='word_1_642' title='bbox 1649 1748 1727 1774; x_wconf 32' lang='lat' dir='ltr'><strong>vider-</strong></span> 
     </span>
    </p>
   </div>
   <div class='ocr_carea' id='block_1_85' title="bbox 942 1793 1726 1830">
    <p class='ocr_par' dir='ltr' id='par_1_85' title="bbox 942 1793 1726 1830">
     <span class='ocr_line' id='line_1_85' title="bbox 942 1793 1726 1830; baseline -0.006 -6"><span class='ocrx_word' id='word_1_643' title='bbox 942 1798 1006 1825; x_wconf 90' lang='lat' dir='ltr'><strong>licet</strong></span> <span class='ocrx_word' id='word_1_644' title='bbox 1024 1796 1098 1823; x_wconf 89' lang='lat' dir='ltr'><strong>illius</strong></span> <span class='ocrx_word' id='word_1_645' title='bbox 1119 1795 1305 1830; x_wconf 77' lang='lat' dir='ltr'><strong>Jerosolynue,</strong></span> <span class='ocrx_word' id='word_1_646' title='bbox 1324 1794 1424 1824; x_wconf 69' lang='lat' dir='ltr'><strong>liberm,</strong></span> <span class='ocrx_word' id='word_1_647' title='bbox 1445 1793 1592 1820; x_wconf 90' lang='lat' dir='ltr'><strong>liberorum</strong></span> <span class='ocrx_word' id='word_1_648' title='bbox 1618 1793 1726 1824; x_wconf 81' lang='lat' dir='ltr'><strong>matris,</strong></span> 
     </span>
    </p>
   </div>
   <div class='ocr_carea' id='block_1_86' title="bbox 942 1838 1728 1878">
    <p class='ocr_par' dir='ltr' id='par_1_86' title="bbox 942 1838 1728 1878">
     <span class='ocr_line' id='line_1_86' title="bbox 942 1838 1728 1878; baseline -0.006 -8"><span class='ocrx_word' id='word_1_649' title='bbox 942 1850 1024 1878; x_wconf 83' lang='lat' dir='ltr'><strong>quam</strong></span> <span class='ocrx_word' id='word_1_650' title='bbox 1039 1843 1130 1877; x_wconf 68' lang='lat' dir='ltr'><strong>magni</strong></span> <span class='ocrx_word' id='word_1_651' title='bbox 1148 1841 1219 1876; x_wconf 77' lang='lat' dir='ltr'><strong>regis</strong></span> <span class='ocrx_word' id='word_1_652' title='bbox 1234 1840 1373 1867; x_wconf 84' lang='lat' dir='ltr'><strong>civitatem</strong></span> <span class='ocrx_word' id='word_1_653' title='bbox 1388 1846 1449 1866; x_wconf 85' lang='lat' dir='ltr'><strong>esse</strong></span> <span class='ocrx_word' id='word_1_654' title='bbox 1473 1838 1507 1866; x_wconf 87' lang='lat' dir='ltr'><strong>de</strong></span> <span class='ocrx_word' id='word_1_655' title='bbox 1522 1838 1629 1866; x_wconf 90' lang='lat' dir='ltr'><strong>Domini</strong></span> <span class='ocrx_word' id='word_1_656' title='bbox 1654 1839 1728 1866; x_wconf 87' lang='lat' dir='ltr'><strong>dicto</strong></span> 
     </span>
    </p>
   </div>
   <div class='ocr_carea' id='block_1_87' title="bbox 943 1884 1728 1920">
    <p class='ocr_par' dir='ltr' id='par_1_87' title="bbox 943 1884 1728 1920">
     <span class='ocr_line' id='line_1_87' title="bbox 943 1884 1728 1920; baseline -0.008 -4"><span class='ocrx_word' id='word_1_657' title='bbox 943 1887 1131 1916; x_wconf 77' lang='lat' dir='ltr'><strong>intelleximus</strong></span> <span class='ocrx_word' id='word_1_658' title='bbox 1143 1887 1176 1913; x_wconf 86' lang='grc'><strong>⁷⁷.</strong></span> <span class='ocrx_word' id='word_1_659' title='bbox 1194 1886 1300 1913; x_wconf 81' lang='lat' dir='ltr'><strong>Etenim</strong></span> <span class='ocrx_word' id='word_1_660' title='bbox 1316 1892 1377 1920; x_wconf 63' lang='lat' dir='ltr'><strong>qua!</strong></span> <span class='ocrx_word' id='word_1_661' title='bbox 1392 1884 1599 1918; x_wconf 87' lang='lat' dir='ltr'><strong>comprehcndit</strong></span> <span class='ocrx_word' id='word_1_662' title='bbox 1611 1884 1681 1911; x_wconf 74' lang='lat' dir='ltr'><strong>intra</strong></span> <span class='ocrx_word' id='word_1_663' title='bbox 1697 1892 1728 1911; x_wconf 84' lang='lat' dir='ltr'><strong>se</strong></span> 
     </span>
    </p>
   </div>
   <div class='ocr_carea' id='block_1_88' title="bbox 943 1930 1727 1968">
    <p class='ocr_par' dir='ltr' id='par_1_88' title="bbox 943 1930 1727 1968">
     <span class='ocr_line' id='line_1_88' title="bbox 943 1930 1727 1968; baseline -0.008 -6"><span class='ocrx_word' id='word_1_664' title='bbox 943 1943 998 1962; x_wconf 93' lang='lat' dir='ltr'><strong>non</strong></span> <span class='ocrx_word' id='word_1_665' title='bbox 1016 1932 1303 1968; x_wconf 86' lang='lat' dir='ltr'><strong>comprehensibilem,</strong></span> <span class='ocrx_word' id='word_1_666' title='bbox 1318 1931 1353 1958; x_wconf 89' lang='lat' dir='ltr'><strong>ita</strong></span> <span class='ocrx_word' id='word_1_667' title='bbox 1371 1936 1399 1958; x_wconf 91' lang='lat' dir='ltr'><strong>ut</strong></span> <span class='ocrx_word' id='word_1_668' title='bbox 1412 1930 1515 1958; x_wconf 85' lang='lat' dir='ltr'><strong>habitet</strong></span> <span class='ocrx_word' id='word_1_669' title='bbox 1526 1935 1552 1957; x_wconf 88' lang='lat' dir='ltr'><strong>et</strong></span> <span class='ocrx_word' id='word_1_670' title='bbox 1565 1930 1685 1957; x_wconf 84' lang='lat' dir='ltr'><strong>ambulet</strong></span> <span class='ocrx_word' id='word_1_671' title='bbox 1699 1930 1727 1956; x_wconf 63' lang='lat' dir='ltr'><strong>in</strong></span> 
     </span>
    </p>
   </div>
   <div class='ocr_carea' id='block_1_89' title="bbox 944 1975 1729 2013">
    <p class='ocr_par' dir='ltr' id='par_1_89' title="bbox 944 1975 1729 2013">
     <span class='ocr_line' id='line_1_89' title="bbox 944 1975 1729 2013; baseline -0.008 -5"><span class='ocrx_word' id='word_1_672' title='bbox 944 1989 976 2009; x_wconf 89' lang='lat' dir='ltr'><strong>ea</strong></span> <span class='ocrx_word' id='word_1_673' title='bbox 997 1980 1080 2011; x_wconf 82' lang='lat' dir='ltr'><strong>Deus.</strong></span> <span class='ocrx_word' id='word_1_674' title='bbox 1095 1979 1153 2006; x_wconf 70' lang='lat' dir='ltr'><strong>haec</strong></span> <span class='ocrx_word' id='word_1_675' title='bbox 1168 1986 1216 2013; x_wconf 82' lang='lat' dir='ltr'><strong>per</strong></span> <span class='ocrx_word' id='word_1_676' title='bbox 1232 1977 1381 2005; x_wconf 87' lang='lat' dir='ltr'><strong>habitantis</strong></span> <span class='ocrx_word' id='word_1_677' title='bbox 1406 1977 1434 2004; x_wconf 88' lang='lat' dir='ltr'><strong>in</strong></span> <span class='ocrx_word' id='word_1_678' title='bbox 1450 1984 1481 2004; x_wconf 86' lang='lat' dir='ltr'><strong>ea</strong></span> <span class='ocrx_word' id='word_1_679' title='bbox 1499 1975 1729 2011; x_wconf 78' lang='lat' dir='ltr'><strong>pulchritudinem</strong></span> 
     </span>
    </p>
   </div>
   <div class='ocr_carea' id='block_1_90' title="bbox 944 2021 1729 2059">
    <p class='ocr_par' dir='ltr' id='par_1_90' title="bbox 944 2021 1729 2059">
     <span class='ocr_line' id='line_1_90' title="bbox 944 2021 1729 2059; baseline -0.008 -6"><span class='ocrx_word' id='word_1_680' title='bbox 944 2030 1052 2058; x_wconf 88' lang='lat' dir='ltr'><strong>ornata,</strong></span> <span class='ocrx_word' id='word_1_681' title='bbox 1083 2024 1204 2052; x_wconf 76' lang='lat' dir='ltr'><strong>cmlestis</strong></span> <span class='ocrx_word' id='word_1_682' title='bbox 1223 2023 1390 2059; x_wconf 83' lang='lat' dir='ltr'><strong>Jerosolyma</strong></span> <span class='ocrx_word' id='word_1_683' title='bbox 1416 2022 1455 2050; x_wconf 85' lang='lat' dir='ltr'><strong>ﬁt.</strong></span> <span class='ocrx_word' id='word_1_684' title='bbox 1477 2021 1655 2048; x_wconf 83' lang='lat' dir='ltr'><strong>Pulchritudo</strong></span> <span class='ocrx_word' id='word_1_685' title='bbox 1680 2029 1729 2048; x_wconf 88' lang='lat' dir='ltr'><strong>au-</strong></span> 
     </span>
    </p>
   </div>
   <div class='ocr_carea' id='block_1_91' title="bbox 945 2067 1731 2105">
    <p class='ocr_par' dir='ltr' id='par_1_91' title="bbox 945 2067 1731 2105">
     <span class='ocr_line' id='line_1_91' title="bbox 945 2067 1731 2105; baseline -0.008 -6"><span class='ocrx_word' id='word_1_686' title='bbox 945 2077 999 2101; x_wconf 88' lang='lat' dir='ltr'><strong>tem</strong></span> <span class='ocrx_word' id='word_1_687' title='bbox 1012 2071 1132 2099; x_wconf 83' lang='lat' dir='ltr'><strong>civitatis</strong></span> <span class='ocrx_word' id='word_1_688' title='bbox 1149 2070 1230 2105; x_wconf 80' lang='lat' dir='ltr'><strong>regis,</strong></span> <span class='ocrx_word' id='word_1_689' title='bbox 1254 2074 1280 2096; x_wconf 87' lang='lat' dir='ltr'><strong>et</strong></span> <span class='ocrx_word' id='word_1_690' title='bbox 1298 2069 1442 2103; x_wconf 74' lang='lat' dir='ltr'><strong>elegantia,</strong></span> <span class='ocrx_word' id='word_1_691' title='bbox 1461 2068 1546 2102; x_wconf 85' lang='lat' dir='ltr'><strong>ipsius</strong></span> <span class='ocrx_word' id='word_1_692' title='bbox 1563 2067 1635 2094; x_wconf 90' lang='lat' dir='ltr'><strong>haud</strong></span> <span class='ocrx_word' id='word_1_693' title='bbox 1650 2067 1731 2094; x_wconf 88' lang='lat' dir='ltr'><strong>dubio</strong></span> 
     </span>
    </p>
   </div>
   <div class='ocr_carea' id='block_1_92' title="bbox 946 2113 1731 2153">
    <p class='ocr_par' dir='ltr' id='par_1_92' title="bbox 946 2113 1731 2153">
     <span class='ocr_line' id='line_1_92' title="bbox 946 2113 1731 2153; baseline -0.009 -8"><span class='ocrx_word' id='word_1_694' title='bbox 946 2118 1019 2153; x_wconf 80' lang='lat' dir='ltr'><strong>regis</strong></span> <span class='ocrx_word' id='word_1_695' title='bbox 1037 2121 1078 2144; x_wconf 86' lang='lat' dir='ltr'><strong>est</strong></span> <span class='ocrx_word' id='word_1_696' title='bbox 1099 2116 1284 2151; x_wconf 82' lang='lat' dir='ltr'><strong>pulchritudo.</strong></span> <span class='ocrx_word' id='word_1_697' title='bbox 1299 2114 1365 2141; x_wconf 86' lang='lat' dir='ltr'><strong>Nam</strong></span> <span class='ocrx_word' id='word_1_698' title='bbox 1389 2114 1412 2141; x_wconf 91' lang='lat' dir='ltr'><strong>is</strong></span> <span class='ocrx_word' id='word_1_699' title='bbox 1433 2118 1475 2141; x_wconf 88' lang='lat' dir='ltr'><strong>est</strong></span> <span class='ocrx_word' id='word_1_700' title='bbox 1491 2113 1731 2147; x_wconf 85' lang='lat' dir='ltr'><strong>(quemadmodum</strong></span> 
     </span>
    </p>
   </div>
   <div class='ocr_carea' id='block_1_93' title="bbox 105 2158 885 2195">
    <p class='ocr_par' dir='ltr' id='par_1_93' title="bbox 105 2159 885 2195">
     <span class='ocr_line' id='line_1_93' title="bbox 105 2159 885 2195; baseline 0.001 -9"><span class='ocrx_word' id='word_1_701' title='bbox 105 2162 166 2186; x_wconf 80' lang='grc' dir='ltr'>ἐστι</span> <span class='ocrx_word' id='word_1_702' title='bbox 186 2159 256 2186; x_wconf 62' lang='grc' dir='ltr'>κατὰ</span> <span class='ocrx_word' id='word_1_703' title='bbox 275 2160 320 2187; x_wconf 73' lang='grc' dir='ltr'><strong>τὸν</strong></span> <span class='ocrx_word' id='word_1_704' title='bbox 334 2160 410 2193; x_wconf 83' lang='grc' dir='ltr'>λόγον</span> <span class='ocrx_word' id='word_1_705' title='bbox 425 2160 475 2194; x_wconf 80' lang='grc' dir='ltr'><strong>τῆς</strong></span> <span class='ocrx_word' id='word_1_706' title='bbox 489 2159 647 2195; x_wconf 75' lang='grc' dir='ltr'>ψαλμῳδίας</span> <span class='ocrx_word' id='word_1_707' title='bbox 662 2161 678 2194; x_wconf 84' lang='grc' dir='ltr'>ἡ</span> <span class='ocrx_word' id='word_1_708' title='bbox 693 2160 827 2195; x_wconf 84' lang='grc' dir='ltr'>ὡραιότης</span> <span class='ocrx_word' id='word_1_709' title='bbox 846 2161 885 2187; x_wconf 76' lang='grc' dir='ltr'>κα·</span> 
     </span>
    </p>
   </div>
   <div class='ocr_carea' id='block_1_94' title="bbox 939 2158 1731 2195">
    <p class='ocr_par' dir='ltr' id='par_1_94' title="bbox 947 2158 1731 2193">
     <span class='ocr_line' id='line_1_94' title="bbox 947 2158 1731 2193; baseline -0.009 -3"><span class='ocrx_word' id='word_1_710' title='bbox 947 2164 975 2190; x_wconf 94' lang='lat' dir='ltr'><strong>in</strong></span> <span class='ocrx_word' id='word_1_711' title='bbox 992 2163 1162 2190; x_wconf 85' lang='lat' dir='ltr'><strong>Psalmorum</strong></span> <span class='ocrx_word' id='word_1_712' title='bbox 1179 2161 1248 2187; x_wconf 90' lang='lat' dir='ltr'><strong>libro</strong></span> <span class='ocrx_word' id='word_1_713' title='bbox 1269 2159 1380 2193; x_wconf 89' lang='lat' dir='ltr'><strong>dicitur)</strong></span> <span class='ocrx_word' id='word_1_714' title='bbox 1393 2159 1451 2193; x_wconf 84' lang='lat' dir='ltr'><strong>ipsa</strong></span> <span class='ocrx_word' id='word_1_715' title='bbox 1473 2158 1606 2192; x_wconf 82' lang='lat' dir='ltr'><strong>elegantia</strong></span> <span class='ocrx_word' id='word_1_716' title='bbox 1623 2162 1650 2184; x_wconf 86' lang='lat' dir='ltr'><strong>et</strong></span> <span class='ocrx_word' id='word_1_717' title='bbox 1671 2158 1731 2192; x_wconf 87' lang='lat' dir='ltr'><strong>pul-</strong></span> 
     </span>
    </p>
   </div>
   <div class='ocr_carea' id='block_1_95' title="bbox 105 2205 894 2241">
    <p class='ocr_par' dir='ltr' id='par_1_95' title="bbox 105 2205 894 2241">
     <span class='ocr_line' id='line_1_95' title="bbox 105 2205 894 2241; baseline 0.001 -9"><span class='ocrx_word' id='word_1_718' title='bbox 105 2206 139 2232; x_wconf 77' lang='grc' dir='ltr'>τὸ</span> <span class='ocrx_word' id='word_1_719' title='bbox 153 2205 259 2238; x_wconf 78' lang='grc' dir='ltr'>κάλλος,</span> <span class='ocrx_word' id='word_1_720' title='bbox 277 2206 345 2241; x_wconf 83' lang='grc' dir='ltr'>πρὸς</span> <span class='ocrx_word' id='word_1_721' title='bbox 364 2206 393 2232; x_wconf 79' lang='grc' dir='ltr'>ὃν</span> <span class='ocrx_word' id='word_1_722' title='bbox 409 2207 425 2241; x_wconf 82' lang='grc' dir='ltr'><strong>ἡ</strong></span> <span class='ocrx_word' id='word_1_723' title='bbox 443 2206 595 2240; x_wconf 81' lang='grc' dir='ltr'>προφητεία</span> <span class='ocrx_word' id='word_1_724' title='bbox 615 2206 681 2240; x_wconf 78' lang='grc' dir='ltr'>φησι</span> <span class='ocrx_word' id='word_1_725' title='bbox 694 2214 701 2221; x_wconf 90' lang='grc'><strong>·</strong></span> <span class='ocrx_word' id='word_1_726' title='bbox 735 2205 774 2239; x_wconf 77' lang='grc' dir='ltr'><em>Τῇ</em></span> <span class='ocrx_word' id='word_1_727' title='bbox 792 2206 894 2239; x_wconf 80' lang='grc' dir='ltr'>ὡραιό-</span> 
     </span>
    </p>
   </div>
   <div class='ocr_carea' id='block_1_96' title="bbox 107 2250 895 2284">
    <p class='ocr_par' dir='ltr' id='par_1_96' title="bbox 107 2250 895 2284">
     <span class='ocr_line' id='line_1_96' title="bbox 107 2250 895 2284; baseline 0.003 -8"><span class='ocrx_word' id='word_1_728' title='bbox 107 2251 175 2283; x_wconf 73' lang='grc' dir='ltr'>τητί</span> <span class='ocrx_word' id='word_1_729' title='bbox 192 2258 249 2277; x_wconf 80' lang='grc' dir='ltr'>σοι)</span> <span class='ocrx_word' id='word_1_730' title='bbox 269 2251 318 2277; x_wconf 79' lang='grc' dir='ltr'>καὶ</span> <span class='ocrx_word' id='word_1_731' title='bbox 342 2250 381 2283; x_wconf 84' lang='grc' dir='ltr'>τῷ</span> <span class='ocrx_word' id='word_1_732' title='bbox 397 2250 502 2278; x_wconf 78' lang='grc' dir='ltr'>κάλλει</span> <span class='ocrx_word' id='word_1_733' title='bbox 521 2258 597 2284; x_wconf 86' lang='grc' dir='ltr'>σου,</span> <span class='ocrx_word' id='word_1_734' title='bbox 621 2251 671 2277; x_wconf 80' lang='grc' dir='ltr'>καὶ</span> <span class='ocrx_word' id='word_1_735' title='bbox 695 2250 824 2278; x_wconf 80' lang='grc' dir='ltr'><strong>εὔθυνον</strong></span> <span class='ocrx_word' id='word_1_736' title='bbox 846 2251 895 2278; x_wconf 71' lang='grc' dir='ltr'>καὶ</span> 
     </span>
    </p>
   </div>
   <div class='ocr_carea' id='block_1_97' title="bbox 108 2295 895 2331">
    <p class='ocr_par' dir='ltr' id='par_1_97' title="bbox 108 2295 895 2331">
     <span class='ocr_line' id='line_1_97' title="bbox 108 2295 895 2331; baseline 0 -7"><span class='ocrx_word' id='word_1_737' title='bbox 108 2295 273 2324; x_wconf 70' lang='grc' dir='ltr'>και-δυοδοῦ</span> <span class='ocrx_word' id='word_1_738' title='bbox 286 2316 294 2328; x_wconf 85' lang='grc'><strong>,</strong></span> <span class='ocrx_word' id='word_1_739' title='bbox 327 2296 375 2323; x_wconf 80' lang='grc' dir='ltr'>καὶ</span> <span class='ocrx_word' id='word_1_740' title='bbox 402 2296 570 2330; x_wconf 73' lang='grc' dir='ltr'>βασίλευε,</span> <span class='ocrx_word' id='word_1_741' title='bbox 603 2297 707 2324; x_wconf 74' lang='grc' dir='ltr'>ἕνεκεν</span> <span class='ocrx_word' id='word_1_742' title='bbox 732 2298 874 2331; x_wconf 73' lang='grc' dir='ltr'>ἀληθείας</span> <span class='ocrx_word' id='word_1_743' title='bbox 887 2318 895 2329; x_wconf 88' lang='grc'><strong>,</strong></span> 
     </span>
    </p>
   </div>
   <div class='ocr_carea' id='block_1_98' title="bbox 108 2335 897 2378">
    <p class='ocr_par' dir='ltr' id='par_1_98' title="bbox 108 2335 897 2378">
     <span class='ocr_line' id='line_1_98' title="bbox 108 2335 897 2378; baseline 0.001 -10"><span class='ocrx_word' id='word_1_744' title='bbox 108 2335 173 2371; x_wconf 61' lang='grc' dir='ltr'><strong>καί</strong></span> <span class='ocrx_word' id='word_1_745' title='bbox 180 2342 354 2376; x_wconf 79' lang='grc' dir='ltr'>πραότητος,</span> <span class='ocrx_word' id='word_1_746' title='bbox 370 2342 421 2369; x_wconf 69' lang='grc' dir='ltr'>καὶ</span> <span class='ocrx_word' id='word_1_747' title='bbox 442 2342 646 2376; x_wconf 74' lang='grc' dir='ltr'>δικαιοσύνης.</span> <span class='ocrx_word' id='word_1_748' title='bbox 672 2342 782 2374; x_wconf 84' lang='grc' dir='ltr'>Τούτοις</span> <span class='ocrx_word' id='word_1_749' title='bbox 798 2343 852 2378; x_wconf 85' lang='grc' dir='ltr'>γὰρ</span> <span class='ocrx_word' id='word_1_750' title='bbox 866 2343 897 2369; x_wconf 82' lang='grc' dir='ltr'>τὸ</span> 
     </span>
    </p>
   </div>
   <div class='ocr_carea' id='block_1_99' title="bbox 104 2384 896 2425">
    <p class='ocr_par' dir='ltr' id='par_1_99' title="bbox 104 2384 896 2425">
     <span class='ocr_line' id='line_1_99' title="bbox 104 2384 896 2425; baseline 0.003 -11"><span class='ocrx_word' id='word_1_751' title='bbox 104 2389 187 2417; x_wconf 65' lang='lat' dir='ltr'><strong>eam</strong></span> <span class='ocrx_word' id='word_1_752' title='bbox 207 2388 453 2423; x_wconf 79' lang='grc' dir='ltr'>χαρακτηρίζεται,</span> <span class='ocrx_word' id='word_1_753' title='bbox 468 2384 627 2424; x_wconf 66' lang='grc' dir='ltr'>τῇαληθείᾳ</span> <span class='ocrx_word' id='word_1_754' title='bbox 649 2388 720 2423; x_wconf 83' lang='grc' dir='ltr'>λέγω</span> <span class='ocrx_word' id='word_1_755' title='bbox 737 2389 783 2416; x_wconf 78' lang='grc' dir='ltr'>καὶ</span> <span class='ocrx_word' id='word_1_756' title='bbox 803 2391 835 2425; x_wconf 83' lang='grc' dir='ltr'><strong>τῇ</strong></span> <span class='ocrx_word' id='word_1_757' title='bbox 856 2390 896 2416; x_wconf 89' lang='grc' dir='ltr'><strong>δι-</strong></span> 
     </span>
    </p>
   </div>
   <div class='ocr_carea' id='block_1_100' title="bbox 108 2431 893 2468">
    <p class='ocr_par' dir='ltr' id='par_1_100' title="bbox 108 2431 893 2468">
     <span class='ocr_line' id='line_1_100' title="bbox 108 2431 893 2468; baseline 0.004 -10"><span class='ocrx_word' id='word_1_758' title='bbox 108 2431 252 2468; x_wconf 81' lang='grc' dir='ltr'>καιοσύνῃ,</span> <span class='ocrx_word' id='word_1_759' title='bbox 270 2432 317 2459; x_wconf 70' lang='grc' dir='ltr'>καὶ</span> <span class='ocrx_word' id='word_1_760' title='bbox 330 2434 363 2467; x_wconf 84' lang='grc' dir='ltr'><strong>τῇ</strong></span> <span class='ocrx_word' id='word_1_761' title='bbox 377 2433 519 2468; x_wconf 81' lang='grc' dir='ltr'>πραότητι.</span> <span class='ocrx_word' id='word_1_762' title='bbox 543 2433 575 2460; x_wconf 85' lang='grc' dir='ltr'><strong>Ἦ</strong></span> <span class='ocrx_word' id='word_1_763' title='bbox 589 2433 677 2460; x_wconf 85' lang='grc' dir='ltr'>τοίνυν</span> <span class='ocrx_word' id='word_1_764' title='bbox 696 2435 725 2461; x_wconf 81' lang='grc' dir='ltr'>ὲν</span> <span class='ocrx_word' id='word_1_765' title='bbox 739 2436 794 2465; x_wconf 82' lang='grc' dir='ltr'>τοῖς</span> <span class='ocrx_word' id='word_1_766' title='bbox 807 2434 893 2461; x_wconf 78' lang='grc' dir='ltr'>τοιού-</span> 
     </span>
    </p>
   </div>
   <div class='ocr_carea' id='block_1_101' title="bbox 108 2477 898 2515">
    <p class='ocr_par' dir='ltr' id='par_1_101' title="bbox 108 2477 898 2515">
     <span class='ocr_line' id='line_1_101' title="bbox 108 2477 898 2515; baseline 0.004 -12"><span class='ocrx_word' id='word_1_767' title='bbox 108 2485 169 2509; x_wconf 82' lang='grc' dir='ltr'>τοις</span> <span class='ocrx_word' id='word_1_768' title='bbox 192 2477 300 2504; x_wconf 83' lang='grc' dir='ltr'>κάλλεσι</span> <span class='ocrx_word' id='word_1_769' title='bbox 326 2477 498 2513; x_wconf 68' lang='grc' dir='ltr'>μορφωθεῐσα</span> <span class='ocrx_word' id='word_1_770' title='bbox 515 2478 604 2514; x_wconf 80' lang='grc' dir='ltr'>ψυχὴ,</span> <span class='ocrx_word' id='word_1_771' title='bbox 633 2480 722 2515; x_wconf 83' lang='grc' dir='ltr'>ὡραία</span> <span class='ocrx_word' id='word_1_772' title='bbox 743 2480 846 2514; x_wconf 83' lang='grc' dir='ltr'>γίνεται</span> <span class='ocrx_word' id='word_1_773' title='bbox 860 2480 898 2512; x_wconf 83' lang='grc' dir='ltr'>ὡς</span> 
     </span>
    </p>
   </div>
   <div class='ocr_carea' id='block_1_102' title="bbox 117 2523 898 2561">
    <p class='ocr_par' dir='ltr' id='par_1_102' title="bbox 117 2523 898 2561">
     <span class='ocr_line' id='line_1_102' title="bbox 117 2523 898 2561; baseline 0.004 -12"><span class='ocrx_word' id='word_1_774' title='bbox 117 2523 306 2558; x_wconf 79' lang='grc' dir='ltr'>Ἰερουσαλὴμ,</span> <span class='ocrx_word' id='word_1_775' title='bbox 323 2525 357 2558; x_wconf 83' lang='grc' dir='ltr'><strong>τῇ</strong></span> <span class='ocrx_word' id='word_1_776' title='bbox 381 2523 428 2549; x_wconf 82' lang='grc' dir='ltr'>τοῦ</span> <span class='ocrx_word' id='word_1_777' title='bbox 450 2523 581 2558; x_wconf 80' lang='grc' dir='ltr'>βασιλέως</span> <span class='ocrx_word' id='word_1_778' title='bbox 597 2524 657 2561; x_wconf 79' lang='grc' dir='ltr'><strong>ὥρᾳ</strong></span> <span class='ocrx_word' id='word_1_779' title='bbox 671 2525 898 2561; x_wconf 82' lang='grc' dir='ltr'>καλλωπισθεῖσα.</span> 
     </span>
    </p>
   </div>
   <div class='ocr_carea' id='block_1_103' title="bbox 119 2566 902 2608">
    <p class='ocr_par' dir='ltr' id='par_1_103' title="bbox 119 2566 902 2608">
     <span class='ocr_line' id='line_1_103' title="bbox 119 2566 902 2608; baseline 0.005 -14"><span class='ocrx_word' id='word_1_780' title='bbox 119 2568 202 2595; x_wconf 79' lang='grc' dir='ltr'>Ἀλλὰ</span> <span class='ocrx_word' id='word_1_781' title='bbox 215 2568 300 2595; x_wconf 77' lang='grc' dir='ltr'>ταῦτα</span> <span class='ocrx_word' id='word_1_782' title='bbox 315 2569 364 2604; x_wconf 83' lang='grc' dir='ltr'><strong>μὲν</strong></span> <span class='ocrx_word' id='word_1_783' title='bbox 376 2569 506 2604; x_wconf 84' lang='grc' dir='ltr'>πρόδηλον</span> <span class='ocrx_word' id='word_1_784' title='bbox 522 2570 578 2605; x_wconf 82' lang='grc' dir='ltr'>ἔχει</span> <span class='ocrx_word' id='word_1_785' title='bbox 592 2571 638 2597; x_wconf 81' lang='grc' dir='ltr'>τοῦ</span> <span class='ocrx_word' id='word_1_786' title='bbox 653 2572 702 2607; x_wconf 83' lang='grc' dir='ltr'>τῆς</span> <span class='ocrx_word' id='word_1_787' title='bbox 717 2566 825 2608; x_wconf 76' lang='grc' dir='ltr'>νύμφής</span> <span class='ocrx_word' id='word_1_788' title='bbox 837 2573 902 2600; x_wconf 78' lang='grc' dir='ltr'>κάλ-</span> 
     </span>
    </p>
   </div>
   <div class='ocr_carea' id='block_1_104' title="bbox 112 2612 901 2650">
    <p class='ocr_par' dir='ltr' id='par_1_104' title="bbox 112 2612 901 2650">
     <span class='ocr_line' id='line_1_104' title="bbox 112 2612 901 2650; baseline 0.006 -12"><span class='ocrx_word' id='word_1_789' title='bbox 112 2612 177 2644; x_wconf 69' lang='grc' dir='ltr'>λους</span> <span class='ocrx_word' id='word_1_790' title='bbox 192 2613 237 2639; x_wconf 76' lang='grc' dir='ltr'>τὸν</span> <span class='ocrx_word' id='word_1_791' title='bbox 252 2613 370 2645; x_wconf 74' lang='grc' dir='ltr'>ἔπαινον,</span> <span class='ocrx_word' id='word_1_792' title='bbox 386 2614 419 2648; x_wconf 85' lang='grc' dir='ltr'><strong>τῇ</strong></span> <span class='ocrx_word' id='word_1_793' title='bbox 440 2613 507 2649; x_wconf 79' lang='grc' dir='ltr'>πρὸς</span> <span class='ocrx_word' id='word_1_794' title='bbox 524 2614 572 2649; x_wconf 87' lang='grc' dir='ltr'>τὴν</span> <span class='ocrx_word' id='word_1_795' title='bbox 587 2615 710 2642; x_wconf 84' lang='grc' dir='ltr'>εὐδοκίαν</span> <span class='ocrx_word' id='word_1_796' title='bbox 731 2625 762 2643; x_wconf 80' lang='grc' dir='ltr'><strong>τε</strong></span> <span class='ocrx_word' id='word_1_797' title='bbox 785 2617 831 2643; x_wconf 80' lang='grc' dir='ltr'>καὶ</span> <span class='ocrx_word' id='word_1_798' title='bbox 850 2617 901 2650; x_wconf 81' lang='grc' dir='ltr'>τὴν</span> 
     </span>
    </p>
   </div>
   <div class='ocr_carea' id='block_1_105' title="bbox 121 2658 670 2695">
    <p class='ocr_par' dir='ltr' id='par_1_105' title="bbox 121 2658 670 2695">
     <span class='ocr_line' id='line_1_105' title="bbox 121 2658 670 2695; baseline 0.002 -10"><span class='ocrx_word' id='word_1_799' title='bbox 121 2658 300 2694; x_wconf 78' lang='grc' dir='ltr'>Ἰερουσαλὴμ</span> <span class='ocrx_word' id='word_1_800' title='bbox 316 2659 458 2694; x_wconf 75' lang='grc' dir='ltr'>συγκρίσει</span> <span class='ocrx_word' id='word_1_801' title='bbox 475 2659 670 2695; x_wconf 84' lang='grc' dir='ltr'>πληρούμενον.</span> 
     </span>
    </p>
   </div>
   <div class='ocr_carea' id='block_1_106' title="bbox 156 2746 632 2780">
    <p class='ocr_par' dir='ltr' id='par_1_106' title="bbox 156 2746 632 2780">
     <span class='ocr_line' id='line_1_106' title="bbox 156 2746 632 2780; baseline -0.002 -6"><span class='ocrx_word' id='word_1_802' title='bbox 156 2748 180 2764; x_wconf 88' lang='grc'><strong>¹¹³</strong></span> <span class='ocrx_word' id='word_1_803' title='bbox 198 2747 264 2774; x_wconf 76' lang='lat' dir='ltr'><strong>Luc.</strong></span> <span class='ocrx_word' id='word_1_804' title='bbox 279 2755 311 2780; x_wconf 88' lang='grc' dir='ltr'><strong>ιι,</strong></span> <span class='ocrx_word' id='word_1_805' title='bbox 337 2747 380 2774; x_wconf 75' lang='grc'><strong>14.</strong></span> <span class='ocrx_word' id='word_1_806' title='bbox 419 2747 442 2762; x_wconf 72' lang='grc'>’⁵</span> <span class='ocrx_word' id='word_1_807' title='bbox 455 2748 534 2775; x_wconf 81' lang='lat' dir='ltr'><strong>Rom.</strong></span> <span class='ocrx_word' id='word_1_808' title='bbox 550 2755 588 2779; x_wconf 78' lang='lat' dir='ltr'><strong>Ix,</strong></span> <span class='ocrx_word' id='word_1_809' title='bbox 606 2746 632 2774; x_wconf 77' lang='grc'><strong>5.</strong></span> 
     </span>
    </p>
   </div>
   <div class='ocr_carea' id='block_1_107' title="bbox 118 2783 243 2817">
    <p class='ocr_par' dir='ltr' id='par_1_107' title="bbox 118 2783 243 2817">
     <span class='ocr_line' id='line_1_107' title="bbox 118 2783 243 2817; baseline -0.016 -6"><span class='ocrx_word' id='word_1_810' title='bbox 118 2791 194 2817; x_wconf 75' lang='lat' dir='ltr'><strong>un,</strong></span> <span class='ocrx_word' id='word_1_811' title='bbox 216 2783 243 2812; x_wconf 82' lang='lat'><strong>5.</strong></span> 
     </span>
    </p>
   </div>
   <div class='ocr_carea' id='block_1_108' title="bbox 280 2838 616 2869">
    <p class='ocr_par' dir='ltr' id='par_1_108' title="bbox 280 2838 616 2869">
     <span class='ocr_line' id='line_1_108' title="bbox 280 2838 616 2869; baseline -0.003 0"><span class='ocrx_word' id='word_1_812' title='bbox 280 2839 416 2869; x_wconf 77' lang='grc' dir='ltr'>ΡΑτιιοι..</span> <span class='ocrx_word' id='word_1_813' title='bbox 435 2838 493 2868; x_wconf 74' lang='lat' dir='ltr'><strong>Gn.</strong></span> <span class='ocrx_word' id='word_1_814' title='bbox 509 2838 616 2869; x_wconf 83' lang='lat' dir='ltr'><strong>XLIV.</strong></span> 
     </span>
    </p>
   </div>
   <div class='ocr_carea' id='block_1_109' title="bbox 683 2747 929 2784">
    <p class='ocr_par' dir='ltr' id='par_1_109' title="bbox 683 2747 929 2784">
     <span class='ocr_line' id='line_1_109' title="bbox 683 2747 929 2784; baseline 0.008 -10"><span class='ocrx_word' id='word_1_815' title='bbox 683 2747 707 2764; x_wconf 89' lang='lat'>&quot;</span> <span class='ocrx_word' id='word_1_816' title='bbox 722 2747 838 2784; x_wconf 86' lang='lat' dir='ltr'><strong>Philipp.</strong></span> <span class='ocrx_word' id='word_1_817' title='bbox 858 2757 887 2783; x_wconf 85' lang='lat' dir='ltr'><strong>II,</strong></span> <span class='ocrx_word' id='word_1_818' title='bbox 903 2748 929 2776; x_wconf 83' lang='lat'><strong>7.</strong></span> 
     </span>
    </p>
   </div>
   <div class='ocr_carea' id='block_1_110' title="bbox 948 2202 1730 2240">
    <p class='ocr_par' dir='ltr' id='par_1_110' title="bbox 948 2202 1730 2240">
     <span class='ocr_line' id='line_1_110' title="bbox 948 2202 1730 2240; baseline -0.009 -5"><span class='ocrx_word' id='word_1_819' title='bbox 948 2207 1087 2238; x_wconf 84' lang='lat' dir='ltr'><strong>chritudo,</strong></span> <span class='ocrx_word' id='word_1_820' title='bbox 1110 2213 1191 2240; x_wconf 87' lang='lat' dir='ltr'><strong>quem</strong></span> <span class='ocrx_word' id='word_1_821' title='bbox 1211 2209 1238 2232; x_wconf 86' lang='lat' dir='ltr'><strong>et</strong></span> <span class='ocrx_word' id='word_1_822' title='bbox 1254 2204 1389 2239; x_wconf 85' lang='lat' dir='ltr'><strong>Propheta</strong></span> <span class='ocrx_word' id='word_1_823' title='bbox 1413 2204 1463 2230; x_wconf 86' lang='lat' dir='ltr'><strong>hoc</strong></span> <span class='ocrx_word' id='word_1_824' title='bbox 1485 2202 1566 2229; x_wconf 90' lang='lat' dir='ltr'><strong>modo</strong></span> <span class='ocrx_word' id='word_1_825' title='bbox 1589 2203 1705 2237; x_wconf 86' lang='lat' dir='ltr'><strong>appellat</strong></span> <span class='ocrx_word' id='word_1_826' title='bbox 1723 2212 1730 2229; x_wconf 89' lang='lat'>:</span> 
     </span>
    </p>
   </div>
   <div class='ocr_carea' id='block_1_111' title="bbox 950 2247 1732 2287">
    <p class='ocr_par' dir='ltr' id='par_1_111' title="bbox 950 2247 1732 2287">
     <span class='ocr_line' id='line_1_111' title="bbox 950 2247 1732 2287; baseline -0.009 -8"><span class='ocrx_word' id='word_1_827' title='bbox 950 2252 1089 2287; x_wconf 76' lang='lat' dir='ltr'><strong>Elegantia</strong></span> <span class='ocrx_word' id='word_1_828' title='bbox 1109 2256 1155 2277; x_wconf 80' lang='lat' dir='ltr'><strong>tua</strong></span> <span class='ocrx_word' id='word_1_829' title='bbox 1179 2256 1204 2277; x_wconf 75' lang='lat' dir='ltr'><strong>et</strong></span> <span class='ocrx_word' id='word_1_830' title='bbox 1227 2248 1421 2285; x_wconf 75' lang='lat' dir='ltr'><strong>pulchritudine</strong></span> <span class='ocrx_word' id='word_1_831' title='bbox 1440 2252 1487 2273; x_wconf 82' lang='lat' dir='ltr'><strong>tua</strong></span> <span class='ocrx_word' id='word_1_832' title='bbox 1513 2247 1607 2281; x_wconf 80' lang='lat' dir='ltr'><strong>dirige,</strong></span> <span class='ocrx_word' id='word_1_833' title='bbox 1625 2254 1732 2281; x_wconf 75' lang='lat' dir='ltr'><strong>prospe—</strong></span> 
     </span>
    </p>
   </div>
   <div class='ocr_carea' id='block_1_112' title="bbox 949 2292 1731 2332">
    <p class='ocr_par' dir='ltr' id='par_1_112' title="bbox 949 2292 1731 2332">
     <span class='ocr_line' id='line_1_112' title="bbox 949 2292 1731 2332; baseline -0.009 -7"><span class='ocrx_word' id='word_1_834' title='bbox 949 2306 1020 2330; x_wconf 82' lang='lat' dir='ltr'><strong>rare,</strong></span> <span class='ocrx_word' id='word_1_835' title='bbox 1043 2305 1122 2332; x_wconf 83' lang='lat' dir='ltr'><strong>regna</strong></span> <span class='ocrx_word' id='word_1_836' title='bbox 1138 2305 1146 2323; x_wconf 90' lang='lat'><em>:</em></span> <span class='ocrx_word' id='word_1_837' title='bbox 1162 2300 1267 2330; x_wconf 83' lang='lat' dir='ltr'><strong>propter</strong></span> <span class='ocrx_word' id='word_1_838' title='bbox 1288 2294 1432 2324; x_wconf 79' lang='lat' dir='ltr'><strong>ueritatem,</strong></span> <span class='ocrx_word' id='word_1_839' title='bbox 1453 2299 1477 2319; x_wconf 90' lang='lat' dir='ltr'><strong>et</strong></span> <span class='ocrx_word' id='word_1_840' title='bbox 1494 2292 1731 2323; x_wconf 72' lang='lat' dir='ltr'><strong>mansuetudinem,</strong></span> 
     </span>
    </p>
   </div>
   <div class='ocr_carea' id='block_1_113' title="bbox 949 2338 1735 2379">
    <p class='ocr_par' dir='ltr' id='par_1_113' title="bbox 949 2338 1735 2379">
     <span class='ocr_line' id='line_1_113' title="bbox 949 2338 1735 2379; baseline -0.01 -7"><span class='ocrx_word' id='word_1_841' title='bbox 949 2350 975 2372; x_wconf 75' lang='lat' dir='ltr'><strong>et</strong></span> <span class='ocrx_word' id='word_1_842' title='bbox 990 2344 1125 2379; x_wconf 70' lang='lat' dir='ltr'><strong>justitiam</strong></span> <span class='ocrx_word' id='word_1_843' title='bbox 1136 2342 1169 2369; x_wconf 85' lang='grc'><strong>⁷⁸.</strong></span> <span class='ocrx_word' id='word_1_844' title='bbox 1188 2341 1220 2367; x_wconf 80' lang='grc' dir='ltr'><strong>ιιι</strong></span> <span class='ocrx_word' id='word_1_845' title='bbox 1236 2340 1309 2367; x_wconf 88' lang='lat' dir='ltr'><strong>enim</strong></span> <span class='ocrx_word' id='word_1_846' title='bbox 1331 2338 1542 2374; x_wconf 85' lang='lat' dir='ltr'><strong>pulchritudinis</strong></span> <span class='ocrx_word' id='word_1_847' title='bbox 1556 2338 1654 2365; x_wconf 67' lang='lat' dir='ltr'><strong>divinae</strong></span> <span class='ocrx_word' id='word_1_848' title='bbox 1669 2343 1735 2365; x_wconf 85' lang='lat' dir='ltr'><strong>sunt</strong></span> 
     </span>
    </p>
   </div>
   <div class='ocr_carea' id='block_1_114' title="bbox 950 2384 1734 2420">
    <p class='ocr_par' dir='ltr' id='par_1_114' title="bbox 950 2384 1734 2420">
     <span class='ocr_line' id='line_1_114' title="bbox 950 2384 1734 2420; baseline -0.01 -3"><span class='ocrx_word' id='word_1_849' title='bbox 950 2391 1141 2418; x_wconf 80' lang='lat' dir='ltr'><strong>characteres:</strong></span> <span class='ocrx_word' id='word_1_850' title='bbox 1164 2387 1276 2418; x_wconf 79' lang='lat' dir='ltr'><strong>veritas,</strong></span> <span class='ocrx_word' id='word_1_851' title='bbox 1297 2385 1419 2420; x_wconf 83' lang='lat' dir='ltr'><strong>inquam.</strong></span> <span class='ocrx_word' id='word_1_852' title='bbox 1444 2389 1471 2411; x_wconf 85' lang='lat' dir='ltr'><strong>et</strong></span> <span class='ocrx_word' id='word_1_853' title='bbox 1484 2384 1601 2417; x_wconf 87' lang='lat' dir='ltr'><strong>justitia,</strong></span> <span class='ocrx_word' id='word_1_854' title='bbox 1617 2388 1643 2410; x_wconf 87' lang='lat' dir='ltr'><strong>et</strong></span> <span class='ocrx_word' id='word_1_855' title='bbox 1660 2391 1734 2410; x_wconf 83' lang='lat' dir='ltr'><strong>man-</strong></span> 
     </span>
    </p>
   </div>
   <div class='ocr_carea' id='block_1_115' title="bbox 951 2428 1736 2466">
    <p class='ocr_par' dir='ltr' id='par_1_115' title="bbox 951 2428 1736 2466">
     <span class='ocr_line' id='line_1_115' title="bbox 951 2428 1736 2466; baseline -0.011 -3"><span class='ocrx_word' id='word_1_856' title='bbox 951 2435 1078 2464; x_wconf 86' lang='lat' dir='ltr'><strong>suetudo.</strong></span> <span class='ocrx_word' id='word_1_857' title='bbox 1105 2433 1288 2466; x_wconf 84' lang='lat' dir='ltr'><strong>Quamobrem</strong></span> <span class='ocrx_word' id='word_1_858' title='bbox 1316 2430 1405 2458; x_wconf 79' lang='lat' dir='ltr'><strong>anima</strong></span> <span class='ocrx_word' id='word_1_859' title='bbox 1430 2429 1530 2456; x_wconf 89' lang='lat' dir='ltr'><strong>talibus</strong></span> <span class='ocrx_word' id='word_1_860' title='bbox 1553 2432 1650 2455; x_wconf 82' lang='lat' dir='ltr'><strong>ornata</strong></span> <span class='ocrx_word' id='word_1_861' title='bbox 1674 2428 1736 2463; x_wconf 45' lang='lat' dir='ltr'><strong>pul‘</strong></span> 
     </span>
    </p>
   </div>
   <div class='ocr_carea' id='block_1_116' title="bbox 953 2473 1736 2509">
    <p class='ocr_par' dir='ltr' id='par_1_116' title="bbox 953 2473 1736 2509">
     <span class='ocr_line' id='line_1_116' title="bbox 953 2473 1736 2509; baseline -0.013 -1"><span class='ocrx_word' id='word_1_862' title='bbox 953 2479 1163 2509; x_wconf 86' lang='lat' dir='ltr'><strong>chritudinibus,</strong></span> <span class='ocrx_word' id='word_1_863' title='bbox 1177 2478 1206 2504; x_wconf 91' lang='lat' dir='ltr'><strong>lit</strong></span> <span class='ocrx_word' id='word_1_864' title='bbox 1221 2477 1341 2504; x_wconf 81' lang='lat' dir='ltr'><strong>formosa</strong></span> <span class='ocrx_word' id='word_1_865' title='bbox 1366 2480 1494 2508; x_wconf 85' lang='lat' dir='ltr'><strong>tanquam</strong></span> <span class='ocrx_word' id='word_1_866' title='bbox 1507 2473 1670 2503; x_wconf 83' lang='lat' dir='ltr'><strong>Jerusalem.</strong></span> <span class='ocrx_word' id='word_1_867' title='bbox 1688 2480 1736 2499; x_wconf 88' lang='lat' dir='ltr'><strong>ve-</strong></span> 
     </span>
    </p>
   </div>
   <div class='ocr_carea' id='block_1_117' title="bbox 954 2519 1735 2559">
    <p class='ocr_par' dir='ltr' id='par_1_117' title="bbox 954 2519 1735 2559">
     <span class='ocr_line' id='line_1_117' title="bbox 954 2519 1735 2559; baseline -0.012 -6"><span class='ocrx_word' id='word_1_868' title='bbox 954 2528 1062 2553; x_wconf 85' lang='lat' dir='ltr'><strong>nustate</strong></span> <span class='ocrx_word' id='word_1_869' title='bbox 1086 2523 1158 2559; x_wconf 73' lang='lat' dir='ltr'><strong>regis</strong></span> <span class='ocrx_word' id='word_1_870' title='bbox 1181 2522 1370 2550; x_wconf 84' lang='lat' dir='ltr'><strong>cohonestata.</strong></span> <span class='ocrx_word' id='word_1_871' title='bbox 1397 2519 1541 2546; x_wconf 83' lang='lat' dir='ltr'><strong>Enimvero</strong></span> <span class='ocrx_word' id='word_1_872' title='bbox 1559 2519 1735 2546; x_wconf 84' lang='lat' dir='ltr'><strong>manitestum</strong></span> 
     </span>
    </p>
   </div>
   <div class='ocr_carea' id='block_1_118' title="bbox 956 2563 1736 2604">
    <p class='ocr_par' dir='ltr' id='par_1_118' title="bbox 956 2563 1736 2604">
     <span class='ocr_line' id='line_1_118' title="bbox 956 2563 1736 2604; baseline -0.012 -6"><span class='ocrx_word' id='word_1_873' title='bbox 956 2572 1008 2599; x_wconf 83' lang='lat' dir='ltr'><strong>hoc</strong></span> <span class='ocrx_word' id='word_1_874' title='bbox 1022 2577 1128 2604; x_wconf 74' lang='lat' dir='ltr'><strong>sponsa:</strong></span> <span class='ocrx_word' id='word_1_875' title='bbox 1150 2567 1361 2604; x_wconf 89' lang='lat' dir='ltr'><strong>pulchritudinis</strong></span> <span class='ocrx_word' id='word_1_876' title='bbox 1380 2565 1534 2594; x_wconf 88' lang='lat' dir='ltr'><strong>encomlum</strong></span> <span class='ocrx_word' id='word_1_877' title='bbox 1553 2569 1605 2597; x_wconf 86' lang='lat' dir='ltr'><strong>est,</strong></span> <span class='ocrx_word' id='word_1_878' title='bbox 1620 2563 1736 2598; x_wconf 82' lang='lat' dir='ltr'><strong>ampliﬁ-</strong></span> 
     </span>
    </p>
   </div>
   <div class='ocr_carea' id='block_1_119' title="bbox 955 2609 1736 2653">
    <p class='ocr_par' dir='ltr' id='par_1_119' title="bbox 955 2609 1736 2653">
     <span class='ocr_line' id='line_1_119' title="bbox 955 2609 1736 2653; baseline -0.013 -9"><span class='ocrx_word' id='word_1_879' title='bbox 955 2622 1045 2644; x_wconf 86' lang='lat' dir='ltr'><strong>catum</strong></span> <span class='ocrx_word' id='word_1_880' title='bbox 1062 2623 1109 2651; x_wconf 89' lang='lat' dir='ltr'><strong>per</strong></span> <span class='ocrx_word' id='word_1_881' title='bbox 1130 2614 1362 2650; x_wconf 80' lang='lat' dir='ltr'><strong>comparationem</strong></span> <span class='ocrx_word' id='word_1_882' title='bbox 1387 2619 1448 2653; x_wconf 79' lang='lat' dir='ltr'><strong>cum</strong></span> <span class='ocrx_word' id='word_1_883' title='bbox 1469 2611 1528 2645; x_wconf 84' lang='lat' dir='ltr'><strong>ipsa</strong></span> <span class='ocrx_word' id='word_1_884' title='bbox 1550 2609 1736 2637; x_wconf 82' lang='lat' dir='ltr'><strong>benevolentia</strong></span> 
     </span>
    </p>
   </div>
   <div class='ocr_carea' id='block_1_120' title="bbox 954 2661 1173 2696">
    <p class='ocr_par' dir='ltr' id='par_1_120' title="bbox 954 2661 1173 2696">
     <span class='ocr_line' id='line_1_120' title="bbox 954 2661 1173 2696; baseline -0.018 -6"><span class='ocrx_word' id='word_1_885' title='bbox 954 2667 981 2690; x_wconf 87' lang='lat' dir='ltr'><strong>et</strong></span> <span class='ocrx_word' id='word_1_886' title='bbox 994 2661 1173 2696; x_wconf 75' lang='lat' dir='ltr'><strong>Jerosolyma.</strong></span> 
     </span>
    </p>
   </div>
   <div class='ocr_carea' id='block_1_121' title="bbox 981 2739 1737 2782">
    <p class='ocr_par' dir='ltr' id='par_1_121' title="bbox 981 2739 1737 2782">
     <span class='ocr_line' id='line_1_121' title="bbox 981 2739 1737 2782; baseline -0.015 -6"><span class='ocrx_word' id='word_1_887' title='bbox 981 2749 1004 2765; x_wconf 83' lang='grc'>⁷⁸</span> <span class='ocrx_word' id='word_1_888' title='bbox 1017 2748 1038 2776; x_wconf 89' lang='lat' dir='ltr'><strong>ll</strong></span> <span class='ocrx_word' id='word_1_889' title='bbox 1052 2748 1115 2777; x_wconf 90' lang='lat' dir='ltr'><strong>Cor.</strong></span> <span class='ocrx_word' id='word_1_890' title='bbox 1128 2747 1185 2781; x_wconf 82' lang='lat' dir='ltr'><strong>vui,</strong></span> <span class='ocrx_word' id='word_1_891' title='bbox 1199 2747 1216 2774; x_wconf 87' lang='lat'><strong>9</strong></span> <span class='ocrx_word' id='word_1_892' title='bbox 1232 2754 1292 2782; x_wconf 87' lang='lat' dir='ltr'><strong>sqq.</strong></span> <span class='ocrx_word' id='word_1_893' title='bbox 1344 2746 1365 2762; x_wconf 89' lang='lat'>&quot;</span> <span class='ocrx_word' id='word_1_894' title='bbox 1381 2744 1474 2772; x_wconf 80' lang='lat' dir='ltr'><strong>Matth.</strong></span> <span class='ocrx_word' id='word_1_895' title='bbox 1491 2751 1516 2774; x_wconf 86' lang='grc' dir='ltr'><strong>ν,</strong></span> <span class='ocrx_word' id='word_1_896' title='bbox 1536 2742 1580 2769; x_wconf 79' lang='grc'><strong>55.</strong></span> <span class='ocrx_word' id='word_1_897' title='bbox 1628 2740 1649 2757; x_wconf 84' lang='grc'><strong>⁷³</strong></span> <span class='ocrx_word' id='word_1_898' title='bbox 1666 2739 1737 2768; x_wconf 62' lang='lat' dir='ltr'><strong>l‘sal,</strong></span> 
     </span>
    </p>
   </div>
   <div class='ocr_carea' id='block_1_122' title="bbox 1564 2833 1602 2864">
    <p class='ocr_par' dir='ltr' id='par_1_122' title="bbox 1564 2833 1602 2864">
     <span class='ocr_line' id='line_1_122' title="bbox 1564 2833 1602 2864; baseline 0 0"><span class='ocrx_word' id='word_1_899' title='bbox 1564 2833 1602 2864; x_wconf 72' lang='grc'><strong>35</strong></span> 
     </span>
    </p>
   </div>
  </div>
