1978 3068
228 108 296 135 1099

851 107 879 134 S.
909 106 1074 134 GREGORII
1092 107 1238 135 NYSSENI

1786 113 1853 139 “00

261 163 326 196 Quae
337 167 425 189 autem
442 166 605 198 sequuntur,
620 167 645 190 et
661 163 720 198 ipsa
734 170 842 198 sponsae
855 164 1010 190 encomium

1100 165 1150 190 Τὸν
1164 164 1191 190 δὲ
1210 164 1307 199 ἐφεξῆς
1325 164 1402 199 λόγον
1419 164 1555 200 ἐγκώμιον
1573 166 1622 201 μὲν
1638 162 1708 192 εἶναι
1721 167 1769 201 τῆς
1784 167 1853 202 νύμ-

226 216 296 240 csse,
321 215 374 235 non
394 215 444 235 nos
464 207 572 242 quidem
593 207 750 236 dubitamus
766 218 772 236 :
786 217 880 236 rerum
901 214 1011 237 senten-

226 256 290 281 tiam
308 254 464 286 verborum,
486 261 534 288 per
550 261 631 288 quam
649 254 807 289 huiusmodi
830 255 910 282 laude
929 255 1012 282 coho-

225 305 349 327 nestatur
363 307 406 330 ea,
423 308 482 333 qum
497 299 579 334 digna
598 304 727 327 censetur
742 301 792 328 hac
806 301 1010 335 przcdicatione,

226 346 299 372 facili
315 350 342 372 et
359 345 486 380 expedito
501 351 599 373 conatu
614 347 769 381 perspicere
784 354 838 373 non
855 354 1010 381 possumus.

224 390 314 418 Verba
343 391 453 426 quidem
479 391 635 425 huiusmodi
665 397 740 418 sunt.
769 392 869 426 Stupor
888 396 1011 426 tanquam

225 438 361 463 instructa:
388 436 470 464 acies.
487 435 616 464 Fortasse
633 444 698 463 vero
713 437 774 472 quis
795 437 926 464 hactenus
948 445 1012 464 cou-

226 482 353 509 sideratis
377 482 515 509 inhrerens
535 482 649 513 dixerit.
676 490 723 517 per
747 483 816 509 hanc
839 491 901 509 cum
927 483 1012 510 ultra-

226 527 363 553 mundana
385 530 483 553 natura
507 526 751 560 comparationem,
767 527 927 561 ampliﬁcari
944 534 1013 561 [πω-

225 571 342 598 tlirando
369 571 538 605 majestatem
566 579 683 606 sponsm.
711 570 778 598 Nam
803 572 843 598 lue
871 576 934 599 sunt
961 573 1012 599 illa:

225 618 367 644 instruere
383 616 477 650 copiae,
495 616 595 651 quippe
613 617 658 644 ubi
672 617 823 644 Potestatcs
841 625 948 653 semper
963 618 1012 645 do-

226 662 366 688 minantur
383 667 534 696 :perpetuo
558 662 761 691 Dominationes
788 672 878 691 rerum
905 665 1014 700 potiun-

225 711 285 741 tur;
299 708 384 735 solide
400 708 505 735 fundali
519 713 582 735 sunt
594 708 710 742 Tlu'oui;
727 709 899 744 Principatus
911 711 1012 737 nullam

226 755 252 781 in
271 754 432 781 servitutem
458 754 641 789 rediguntur:
662 756 721 782 sine
739 756 943 783 intermissione
959 756 1013 784 Deo

225 800 312 834 copia:
326 799 423 827 faustis
442 800 554 827 vocibus
572 801 735 831 acclamant,
751 801 856 828 volatus
870 801 1010 836 Seraphim

226 853 280 872 non
299 846 425 880 quiescit,
441 850 468 872 et
483 846 565 873 statio
586 854 639 872 non
654 847 844 882 progreditur;
867 847 1013 875 Cherubim

226 892 362 919 sustinere
387 892 532 918 sublimem
560 892 636 919 illum
670 894 858 928 elcvatumque
888 893 1014 920 thronum

228 945 280 964 non
303 941 422 969 cessant,
448 937 566 965 ministri
594 945 664 973 opus
688 938 788 969 facere,
813 944 840 965 et
860 946 1014 966 sermonem

226 983 321 1010 audire
336 990 390 1010 non
413 981 543 1009 desinunt
555 983 588 1008 ⁷⁹.
609 982 655 1010 lla:
670 982 752 1018 igitur
767 986 918 1017 potestates
930 991 944 1010 a
961 982 1017 1010 Deo

229 1037 292 1057 cum
306 1029 440 1056 ordinata:
452 1029 517 1060 sint,
537 1036 654 1064 cumque
667 1029 736 1056 ordo
751 1028 798 1057 ille
813 1029 953 1064 copiarum
975 1029 1017 1056 ul-

227 1074 483 1107 tramundanarum,
500 1083 624 1110 quasque
645 1079 736 1103 mente
758 1079 863 1102 tantum
888 1075 1018 1110 intelligi.

230 1127 300 1151 unus,
316 1123 448 1146 aeternum
466 1127 520 1146 non
537 1119 670 1146 contusus
687 1123 810 1152 maneat,
825 1120 899 1146 nulla
915 1119 1016 1146 malitia

230 1166 361 1193 rationem
385 1166 460 1193 illam
481 1166 584 1201 optime
601 1162 780 1193 constitutam
802 1170 959 1199 evertente;
976 1166 1019 1193 id-

230 1211 303 1238 circo
326 1211 406 1238 etiam
435 1211 537 1242 anima,
556 1218 617 1245 qua:
642 1211 675 1238 ad
703 1211 812 1238 illarum
838 1211 1018 1238 imitationem

231 1258 325 1286 ordine
347 1258 529 1292 deccnterque
545 1257 610 1284 facit
631 1257 734 1289 omnia,
761 1257 843 1284 talem
870 1256 913 1284 sui
933 1257 1020 1284 admi-

231 1305 363 1331 rationem
379 1304 490 1335 excitat,
508 1303 616 1338 qualetn
632 1303 767 1330 ordinata;
785 1302 839 1330 illae
859 1303 944 1337 copia:
964 1310 1021 1330 me-

232 1354 338 1378 rentur.
354 1349 422 1376 Nam
439 1357 490 1376 vox
506 1349 630 1384 stuporis
645 1349 876 1384 signiﬁcationem
895 1352 1019 1376 conster-

232 1396 350 1423 nationis
365 1395 456 1423 habet.
473 1394 525 1422 Per
538 1395 791 1422 consternationem
806 1402 871 1422 vero
890 1395 914 1422 si
934 1394 1021 1422 admi-

233 1442 366 1469 rationem
379 1441 577 1476 intelligamus,
592 1448 607 1468 a
622 1441 739 1469 veritate
750 1449 805 1468 non
821 1441 1021 1468 aberrabimus.

267 1478 401 1516 Caeterum
418 1494 479 1521 qua
494 1486 528 1513 ab
545 1486 588 1513 liis
603 1487 728 1521 proxima
752 1491 907 1522 sequuntur
923 1487 1019 1518 verba.
1037 1506 1058 1535 ο

234 1533 443 1567 ambiguitatem
459 1532 605 1566 quamdam
622 1532 775 1564 continent,
793 1539 912 1567 quanam
931 1540 944 1559 a
958 1541 1021 1567 per-

235 1586 313 1610 sona,
333 1581 360 1604 et
372 1576 405 1603 ad
421 1583 503 1611 quam
516 1576 621 1611 prolata
638 1577 702 1608 sint,
719 1584 780 1604 cum
794 1577 896 1604 dicitur
910 1586 916 1604 :
932 1578 1023 1605 .lt'erte

235 1623 324 1651 oculos
343 1628 401 1649 tuos
419 1631 435 1648 a
448 1630 500 1649 me.
514 1621 586 1648 Nam
610 1622 651 1648 illi
671 1622 728 1649 alas
751 1622 815 1649 mihi
841 1622 1023 1649 reddiderunt.

235 1668 381 1696 Nonnullis
411 1667 539 1701 videtur,
567 1667 625 1694 haec
655 1675 669 1694 a
700 1667 815 1695 Domino
842 1668 876 1695 ad
904 1668 1024 1695 animam

237 1721 333 1750 puram
349 1714 402 1741 diei
417 1722 423 1739 :
441 1721 535 1741 verum
551 1721 601 1748 ego
615 1714 701 1749 magis
727 1714 876 1741 convenire
893 1714 1023 1746 arbitror,

238 1766 267 1788 ut
285 1761 342 1788 haec
358 1759 392 1786 ad
408 1767 536 1794 sponsam
556 1758 721 1786 referantur.
744 1759 852 1786 Etenim
876 1759 941 1787 huic
956 1767 1024 1786 con-

237 1814 336 1841 gruere
361 1806 525 1833 sententiam
539 1813 644 1837 eorum,
665 1813 725 1840 qua:
740 1805 880 1838 dicuntur,
906 1805 1024 1840 reperio.

237 1851 303 1884 Quae
330 1854 421 1878 autetn
449 1850 516 1877 mihi
541 1854 706 1882 occurrunt,
736 1857 870 1885 exponant
896 1850 1024 1878 breviter.

239 1897 432 1931 Saepenumero
460 1896 632 1931 Scripturam
656 1904 671 1923 a
705 1895 759 1923 Deo
786 1897 946 1931 inspiratam
979 1897 1024 1924 Dei

239 1943 344 1969 alarum
372 1941 538 1968 mentionem
558 1941 647 1968 facere
672 1941 764 1969 audio.
791 1941 870 1969 Modo
895 1943 967 1970 enim
989 1944 1027 1970 ait

240 1989 376 2024 Propheta
396 1998 402 2015 :
419 1987 472 2014 Sub
489 1988 599 2023 tegmine
619 1988 723 2014 alarum
741 1993 846 2015 tuarum
861 1997 901 2015 me
913 1993 979 2024 leges
992 1989 1024 2017 ⁸⁸.

243 2034 310 2060 ltcut
331 2040 338 2058 ι
360 2031 412 2058 Sub
442 2032 499 2058 alas
528 2032 585 2066 ejus
611 2032 728 2067 sperabis
739 2032 772 2058 δ’.
789 2032 908 2060 Rursum
939 2033 1027 2061 Moses

242 2078 342 2113 insigni
368 2078 415 2104 illo
445 2077 471 2104 in
502 2077 623 2104 carmine
652 2078 722 2105 idem
752 2078 796 2105 his
822 2078 913 2106 verbis
947 2079 1027 2114 quasi

241 2124 362 2159 depingit
375 2133 382 2150 :
400 2122 520 2150 Didurtis
535 2123 585 2150 alis
596 2124 652 2150 suis
668 2124 762 2157 recepit
776 2132 820 2151 eos
830 2125 864 2152 “‘.
878 2124 934 2152 Nec
959 2125 1024 2152 illud

242 2169 315 2204 quod
330 2177 344 2195 a
362 2168 477 2196 Domino
497 2169 531 2195 ad
545 2168 744 2204 lerosolymam
769 2169 872 2198 dicitur
887 2179 894 2198 :
920 2171 1028 2204 Quoties

243 2216 311 2242 colui
335 2215 457 2250 colligere
477 2215 573 2242 liberos
597 2221 665 2248 (uos,
687 2218 906 2252 quemadmodum
928 2218 1029 2253 gallina

243 2262 329 2297 pullos
358 2262 405 2289 sub
423 2262 480 2289 alus
505 2271 567 2290 suas
593 2263 694 2297 colligit
704 2263 746 2289 “l
764 2263 911 2292 abhorrere
925 2265 960 2292 ab
979 2265 1030 2292 hac

247 2310 386 2337 sententia
402 2309 494 2336 dicere
510 2309 572 2344 quis
589 2309 686 2343 possit,
702 2310 927 2345 consequentiam
944 2311 1029 2345 ipsam

247 2356 366 2382 intuens.
380 2354 471 2387 Quare
488 2355 511 2381 si
526 2354 666 2389 profectus
683 2362 698 2381 a
712 2359 808 2382 sancto
823 2355 927 2390 Spiritu
942 2364 1031 2384 sermo

247 2399 354 2426 ratione
381 2399 499 2433 quadam
529 2398 658 2426 inelTabili
683 2399 774 2426 divina
808 2400 836 2427 in
856 2404 954 2427 natura
971 2408 1033 2429 esse

247 2446 304 2473 alas
318 2445 423 2477 deﬁnit,
436 2449 462 2472 et
477 2444 499 2471 si
516 2444 634 2479 primum
661 2445 726 2472 illud
745 2446 864 2474 hominis
895 2447 1032 2482 opificium

248 2495 375 2522 testatur,
388 2495 514 2517 naturam
531 2495 652 2518 nostram
677 2490 710 2518 ad
735 2492 880 2526 imaginem
902 2493 1033 2520 similitu-

248 2536 395 2570 dinemque
410 2534 459 2562 Dei
474 2535 573 2562 factam
589 2543 651 2563 esse
667 2545 673 2563 :
695 2537 807 2563 omnino
823 2540 905 2571 patet,
932 2537 1033 2564 factum

250 2581 283 2609 ad
300 2581 445 2616 imaginem
460 2581 543 2617 hujus
554 2581 684 2610 habuisse
696 2590 744 2617 per
756 2583 848 2610 omnia
859 2591 922 2610 cum
935 2584 1033 2610 arche-

250 2633 313 2663 typo
329 2635 379 2656 suo
392 2628 612 2655 similitudinem.
629 2628 711 2663 Atqui
727 2628 787 2655 alas
812 2628 929 2656 habebat
944 2638 1033 2657 exent-

251 2676 310 2710 plar
324 2674 462 2709 princeps,
480 2675 513 2702 de
533 2674 667 2702 sententia
689 2681 831 2701 sacrarum
847 2672 1012 2702 Litterarum
1028 2685 1034 2702 :

253 2720 356 2748 idcirco
379 2720 502 2755 sequitur
528 2720 675 2755 humanam
706 2727 815 2754 quoque
845 2725 969 2747 naturam
997 2721 1037 2748 sic

288 2805 311 2820 "
322 2807 393 2837 i’sal.
408 2817 456 2842 cn,
469 2810 514 2837 21.
552 2810 574 2825 ⁸⁰
587 2809 660 2837 Psal.
678 2817 733 2843 xrt,
747 2808 773 2836 8.

813 2809 834 2824 ⁸¹
857 2808 929 2837 Psal.
956 2818 1037 2843 xxxv,
1057 2811 1082 2838 8.
1121 2811 1143 2826 θ’
1160 2809 1239 2838 Deut.
1255 2809 1399 2841 “3",”.

1063 219 1115 245 φης
1131 211 1182 236 οὐκ
1204 210 1423 246 ἀμφιϐάλλομεν·
1445 211 1494 247 τὴν
1516 212 1543 238 δὲ
1563 212 1681 239 διάνοιαν
1693 212 1755 239 καθ’
1769 213 1802 248 ἢν
1814 213 1855 248 τῷ

1062 256 1175 292 τοιούτῳ
1191 257 1294 292 ἐπαίνῳ
1308 257 1477 292 σεμνύνεται,
1495 258 1511 293 ἡ
1526 258 1575 293 τῆς
1597 259 1734 294 εὐφημίας
1752 260 1854 294 ταύτης

1064 303 1220 336 ἀξιωθεῖσα,
1234 303 1284 329 οὐκ
1298 303 1371 329 ἔστιν
1384 303 1415 329 ὲκ
1431 303 1477 330 τοῦ
1496 304 1641 339 προχείρου
1659 304 1763 339 μαθεῖν.
1777 305 1854 340 Ἔχει

1064 349 1117 385 γὰρ
1128 351 1144 384 ἡ
1160 349 1230 381 λέξις
1244 349 1344 380 οὕτως·
1366 348 1481 383 Θάμϐος
1496 350 1536 382 ὡς
1553 349 1695 384 δυνάμεις
1716 350 1855 385 τεταγμέ-

1063 404 1122 422 ναι.
1137 395 1213 430 Τάχα
1226 395 1247 421 δ’
1259 396 1291 422 ἄν
1305 403 1346 426 τις
1361 395 1416 426 τοῖς
1431 394 1661 430 προθεωρηοεῖσιν
1675 395 1807 430 ἑπόμενος
1818 396 1853 422 εἵ-

1064 450 1119 473 ποι,
1135 441 1178 467 διὰ
1188 441 1237 477 τῆς
1250 441 1316 476 πρὸς
1336 440 1383 475 τὴν
1396 441 1579 476 ὑπερκὸσμιον
1595 441 1674 475 φύσιν
1688 441 1856 476 συγκρίσεως

1065 486 1259 521 μεγαλύνεσθαι
1276 486 1328 512 ὑπὸ
1352 485 1399 511 τοῦ
1420 485 1500 519 λόγου
1526 486 1569 513 διὰ
1591 486 1646 512 τῶν
1669 487 1786 513 ἐπαίνων
1806 486 1854 522 τὴν

1064 532 1181 567 νύμφην.
1203 533 1319 559 Ἑκεῐναι
1335 531 1389 566 γάρ
1406 534 1474 558 εἰσιν
1486 533 1519 559 ,αἱ
1535 533 1699 568 τεταγμέναι
1715 532 1855 567 δυνάμεις.

1064 578 1131 604 ὅπου
1149 579 1176 604 αἱ
1193 578 1241 612 μὲν
1253 578 1387 610 Ἐξουσίαι
1402 579 1547 610 διαπαντὸς
1559 579 1587 604 ἐν
1597 578 1635 613 τῷ
1645 578 1781 614 κυριεύειν
1791 578 1854 604 εἰσί·

1064 622 1194 658 κρατοῦσι
1211 623 1237 663 δε
1252 623 1285 650 δι’
1300 624 1360 650 ὃ).ου
1381 625 1408 650 αἱ
1425 624 1602 659 κυριότητες·
1621 623 1751 659 βεϐήκασι
1765 624 1792 650 δὲ
1805 632 1856 650 παν-

1064 667 1130 701 γίως
1142 669 1166 694 οί
1179 668 1282 704 Θρόνοι,
1293 669 1435 695 ἀδούλωτοι
1448 669 1476 696 δὲ
1492 670 1616 704 μένουσιν
1629 670 1656 695 αί
1666 669 1769 705 ’Λρχαί-
1782 669 1858 695 εὐλο-

1064 713 1141 746 γοϋσι
1156 713 1183 739 δὲ
1200 714 1245 739 τὸν
1256 713 1322 740 Θεὸν
1335 714 1513 745 ἀδιαλείπτως
1527 715 1555 740 αἱ
1570 714 1707 749 δυνάμεις,
1718 715 1734 749 ἦ
1744 723 1772 740 τε

1065 766 1107 789 at;
1121 758 1174 784 τῶν
1190 759 1315 794 Σεραφὶμ
1330 759 1379 794 οὐχ
1396 759 1513 791 ἵσταται,
1524 759 1570 786 καὶ
1586 760 1603 795 ἡ
1621 760 1714 790 στάσις
1726 760 1757 786 οὑ
1775 768 1858 794 μετα-

1067 803 1153 830 ϐαίνει
1165 812 1173 820 ·
1190 805 1237 830 καὶ
1250 805 1284 830 τὰ
1299 805 1438 840 Χερουϐὶμ
1455 805 1586 840 ἀνέχοντα
1599 805 1644 831 τὸν
1656 805 1756 840 ὑψηλόν
1770 814 1798 832 τε
1811 805 1859 832 καὶ

1067 850 1220 890 ἐπηρμένον
1246 850 1339 886 θρόνον
1360 852 1408 877 οὐκ
1432 851 1562 887 ἀπολήγει
1575 860 1582 867 ·
1603 851 1630 877 οἵ
1652 860 1682 877 τε
1707 851 1858 886 λειτουργοὶ

1067 896 1206 927 ποιοῦντες
1224 897 1254 922 τὸ
1275 896 1373 931 ἔργον,
1400 897 1446 923 καὶ
1472 897 1615 929 ἀκούοντες
1639 897 1694 924 τῶν
1716 896 1801 931 λόγων
1825 897 1857 923 οὐ

1068 941 1212 969 παύονται.
1249 942 1325 968 Ἐπεὶ
1351 942 1396 969 οὖν
1422 944 1450 969 αἱ
1482 943 1598 975 ἐξουσίαι
1628 940 1707 969 αὗται
1734 942 1785 968 ὑπὸ
1811 941 1858 968 τοῦ

1069 986 1138 1013 Θεοῦ
1149 987 1313 1022 τεταγμέναι
1329 988 1392 1021 εἰσὶ,
1418 989 1464 1015 καὶ
1487 989 1504 1023 ἡ
1525 988 1601 1021 τάξις
1622 988 1676 1015 τῶν
1689 988 1791 1023 νοητῶν
1810 987 1859 1014 καὶ

1063 1033 1262 1069 ,ὑπερκοσμίων
1276 1034 1426 1070 δυνάμεων,
1450 1035 1601 1070 ἀσύγχυτος
1624 1035 1663 1066 είς
1686 1034 1717 1060 τὸ
1736 1033 1859 1068 διηνεκὲς

1070 1079 1156 1114 μένει,
1170 1079 1303 1114 μηδεμιᾶς
1317 1080 1415 1112 κακίας
1426 1080 1631 1116 ἀνατρεπούσης
1649 1080 1699 1114 τὴν
1714 1078 1839 1110 εὐταξίαν
1850 1085 1858 1092 ·

1069 1125 1112 1151 διὰ
1127 1125 1205 1152 τοῦτο
1229 1126 1276 1152 καὶ
1293 1126 1309 1161 ἡ
1324 1126 1392 1161 πρὸς
1418 1126 1533 1161 μίμησιν
1556 1125 1667 1151 ἐκείνων
1683 1124 1756 1160 ψυχὴ
1772 1124 1861 1150 πάντα

1069 1170 1140 1196 κατὰ
1160 1171 1237 1204 τάξιν
1254 1171 1302 1197 καὶ
1326 1171 1499 1206 εὐσχημόνως
1522 1170 1652 1202 ποιοῦσα,
1675 1169 1795 1196 τοιοῦτον
1817 1169 1861 1203 ἐφ’

1070 1216 1169 1250 ἑαυτῆς
1179 1217 1249 1242 κινεῖ
1257 1216 1287 1242 τὸ
1299 1215 1399 1250 θαῦμα,
1407 1213 1462 1242 οἷον
1476 1216 1505 1242 ἐν
1514 1217 1573 1246 ταῖς
1580 1215 1726 1250 δυνάμεσιν
1740 1215 1860 1246 ἐκείναις

1070 1262 1130 1292 ταῖς
1142 1261 1321 1296 τεταγμέναις
1336 1261 1418 1287 ἐστίν.
1452 1260 1603 1295 Ἐκτεληξις
1620 1260 1673 1295 γὰρ
1689 1261 1705 1295 ἡ
1722 1260 1769 1286 τοῦ
1791 1259 1862 1294 θάμ-

1071 1306 1133 1338 ϐους
1153 1307 1331 1342 ἑρμηνεύεται
1351 1306 1463 1332 διάνοια.
1481 1305 1529 1332 Διὰ
1551 1306 1578 1332 δὲ
1596 1307 1644 1341 τῆς
1662 1305 1818 1340 ἐκπλήξεως
1831 1305 1865 1331 τὸ

1073 1352 1165 1388 θαῦμα
1179 1351 1310 1384 νοοῦντες,
1333 1351 1383 1386 τῆς
1394 1350 1522 1386 ἀληθείας
1533 1350 1583 1385 οὐχ
1595 1349 1799 1386 ἁμαρτάνομεν.

1117 1489 1148 1516 Ἦ
1165 1488 1194 1515 δὲ
1205 1488 1309 1520 τούτοις
1324 1488 1356 1514 ἐκ
1371 1486 1418 1513 τοῦ
1433 1485 1578 1513 ἀκολούθου
1591 1484 1757 1521 προκειμένη
1773 1484 1864 1519 ῥῆσις,

1075 1534 1212 1570 ἀμφίϐολα
1229 1534 1302 1560 ποιεῖ
1311 1532 1346 1559 τὰ
1363 1532 1504 1568 πρόσωπα,
1518 1531 1584 1568 παρ’
1599 1527 1630 1559 οὗ
1643 1540 1672 1558 τε
1688 1530 1806 1567 εἴρηται,
1817 1529 1867 1557 καὶ

1076 1580 1144 1617 πρὸς
1162 1580 1191 1605 ὃν
1205 1578 1281 1606 εἶπεν
1293 1587 1299 1594 ·
1318 1579 1359 1605 ὅτι
1385 1579 1586 1612 Ἀπόστρεψον
1601 1577 1673 1610 τοὺς
1692 1577 1868 1611 ὀφθαλμούς

1076 1633 1133 1652 σου
1155 1624 1337 1652 ἀπεναντίον
1355 1623 1437 1658 ἐμοῦ.
1463 1623 1527 1649 ὀτι
1548 1621 1634 1649 αὐτοὶ
1655 1619 1866 1655 ἀνεπτέρωσάν

1073 1679 1121 1706 με.
1142 1671 1204 1702 Τοῖς
1218 1670 1267 1705 μὲν
1282 1669 1337 1705 γὰρ
1350 1669 1423 1696 δοκεῖ
1437 1668 1512 1704 παρὰ
1522 1668 1568 1694 τοῦ
1581 1667 1715 1693 Δεσπότου
1734 1666 1803 1701 πρὸς
1814 1666 1867 1701 τὴν

1077 1715 1198 1751 καθαρὰν
1218 1716 1341 1751 εἰρῆσθαι
1361 1714 1448 1742 ταῦτα
1463 1715 1567 1750 ψυχήν·
1595 1713 1649 1749 ἐγὼ
1668 1714 1697 1740 δὲ
1718 1715 1751 1749 τῇ
1773 1713 1868 1749 νύμφῃ

1077 1762 1192 1798 πρέπειν
1225 1761 1330 1788 ὑπονοῶ
1362 1761 1461 1796 μᾶλλον
1491 1760 1520 1787 τὸ
1551 1759 1631 1795 ῥητὸν
1655 1759 1866 1796 ὲφαρμόζεσθαι.

1078 1808 1170 1843 Ταύτῃ
1185 1807 1238 1842 γὰρ
1255 1806 1421 1841 κατάλληλον
1440 1805 1559 1841 εὑρίσκω
1572 1807 1619 1840 τὴν
1634 1806 1688 1832 τῶν
1704 1804 1870 1840 σημαινομὲ-

1079 1862 1132 1881 νων
1150 1853 1201 1880 ὑπὸ
1215 1852 1262 1879 τοῦ
1276 1853 1354 1887 λόγου
1372 1851 1498 1879 διάνοιαν.
1521 1851 1561 1878 Τὰ
1578 1851 1606 1878 δέ
1632 1859 1676 1886 μοι
1692 1850 1869 1886 παραστάντα

1077 1900 1110 1927 δι’
1135 1899 1232 1933 ὀλίγων
1255 1898 1416 1933 ἐκθήσομαι.
1443 1897 1566 1923 Ἤκουσα
1587 1895 1719 1931 πολλαχοῦ
1740 1896 1787 1930 τῆς
1810 1895 1870 1922 θεο-

1078 1945 1211 1973 πνεύστου
1233 1944 1343 1979 Γραφῆς
1373 1944 1512 1978 πτέρυγας
1533 1941 1603 1969 εἶναι
1620 1941 1659 1977 τῷ
1683 1941 1742 1974 Θεῷ
1761 1941 1871 1975 διηγου-

1082 1992 1177 2028 μένης.
1216 1991 1272 2018 Νῦν
1304 1990 1354 2025 μὲν
1374 1990 1425 2025 τῆς
1448 1989 1615 2025 προφητείας
1643 1988 1793 2023 λεγούσης,
1825 1987 1868 2014 ὅτι

1084 2041 1136 2067 Ἐν
1159 2038 1257 2073 σκέπῃ
1288 2037 1348 2064 τῶν
1370 2037 1523 2072 πτερύγων
1547 2045 1605 2063 σου
1630 2034 1794 2068 σκεπὰσεις

1079 2086 1136 2118 καὶ,
1151 2086 1193 2112 ὅτι
1215 2084 1287 2111 Ὑπὸ
1303 2083 1357 2117 τὰς
1375 2084 1522 2118 attigi)qu
1532 2082 1625 2110 αὑτοῦ
1643 2081 1767 2114 ἑλπιεῑς.
1786 2080 1870 2107 Πάλιν

1079 2131 1107 2158 δὲ
1126 2130 1172 2158 τοῦ
1193 2129 1330 2161 Μωῡσέως
1347 2130 1375 2156 ἐν
1389 2130 1422 2164 τῇ
1446 2128 1549 2164 μεγάλῃ
1573 2127 1628 2162 ᾠδῇ
1645 2127 1724 2153 τοῦτο
1747 2125 1870 2161 ὑπογρά-

1048 2184 1070 2211 ι)
1085 2184 1189 2210 φοντος,
1207 2175 1235 2200 ὲν
1249 2171 1289 2206 οἷς
1301 2181 1392 2209 φησιν·
1407 2173 1447 2199 ὅτι
1460 2172 1535 2205 Διεὶς
1552 2172 1605 2204 τὰς
1614 2171 1762 2204 πτέρυγας
1777 2168 1871 2196 αὐτοῦ

1083 2222 1205 2254 ἐδέξατο
1221 2220 1342 2252 αὐτούς’
1360 2218 1406 2246 καὶ
1426 2218 1456 2245 τὸ
1473 2217 1548 2253 παρὰ
1561 2217 1606 2243 τοῦ
1624 2216 1725 2251 Κυρίου
1740 2214 1808 2250 πρὸς
1822 2214 1874 2249 τὴν

1090 2267 1267 2304 Ἰερουσαλὴμ
1280 2265 1433 2301 εἰρημένον,
1453 2265 1494 2291 ὅτι
1511 2262 1642 2294 Ποσάκις
1655 2262 1791 2295 ἠθέλησα
1807 2261 1872 2286 ἐπι-

1085 2312 1267 2347 συναγαγεῖν
1288 2311 1323 2337 τὰ
1341 2309 1433 2336 τέκνα
1445 2317 1513 2340 σου,
1529 2308 1565 2335 ὃν
1577 2308 1689 2342 τρόπον
1706 2306 1788 2340 ὅρνις
1800 2314 1875 2332 συν-

1085 2359 1148 2394 άγει
1160 2358 1196 2385 τὰ
1210 2357 1321 2384 νοσσία
1344 2355 1404 2383 ὑπὸ
1418 2354 1470 2388 τὰς
1484 2354 1632 2388 πτέρυγας
1648 2352 1744 2386 αὐτῆς
1757 2352 1767 2378 .'
1783 2352 1801 2378 ἃ
1824 2352 1875 2379 οὐκ

1087 2405 1139 2438 ἔξω
1165 2403 1211 2431 τοῦ
1232 2401 1411 2438 προκειμένου
1435 2401 1571 2436 νοήματος
1592 2399 1663 2426 εἴποι
1684 2407 1726 2430 τις
1745 2398 1777 2425 ἂν
1793 2395 1874 2429 εἶναι,

1090 2451 1156 2487 πρὸς
1169 2451 1198 2477 τὸ
1211 2449 1354 2476 ἀκόλουθον
1367 2447 1481 2482 βλέπων.
1493 2447 1525 2472 El
1537 2446 1625 2472 τοίνυν
1639 2445 1709 2471 κατά
1721 2453 1782 2470 τινα
1797 2443 1877 2477 λόγον

1089 2497 1242 2532 ἀπόρρητον
1264 2494 1400 2528 πτέρυγας
1421 2490 1491 2518 εἶναι
1516 2491 1578 2526 περὶ
1597 2491 1646 2526 τὴν
1671 2489 1746 2516 θείαν
1767 2488 1848 2523 φύσιν
1863 2489 1877 2514 ὁ

1091 2542 1268 2572 θεόπνευστος
1284 2539 1429 2575 διορίζεται
1450 2538 1537 2572 λόγος·
1559 2538 1575 2572 ὴ
1601 2537 1627 2563 δὲ
1646 2536 1740 2572 πρώτη
1759 2535 1806 2561 τοῦ
1830 2535 1878 2560 ἀν-

1091 2586 1199 2622 θρώπου
1225 2581 1379 2616 κατασκευὴ
1400 2584 1460 2610 κατ’
1478 2583 1570 2610 εἰκόνα
1593 2582 1639 2609 καὶ
1655 2582 1785 2616 ὁμοίωσιν
1806 2580 1876 2606 Θεοῦ

1090 2631 1251 2668 γεγενῆσθαι
1279 2630 1328 2666 τὴν
1350 2629 1430 2663 φύσιν
1455 2629 1533 2664 ἡμῶν
1560 2627 1739 2664 μαρτύρεται·
1768 2625 1878 2657 πάντως

1090 2677 1131 2703 ὅτι
1147 2676 1191 2702 διὰ
1206 2675 1312 2701 πάντων
1328 2670 1384 2708 εἶχε
1401 2673 1461 2699 κατ’
1475 2673 1566 2699 εἰκόνα
1586 2672 1730 2707 γενόμενος
1744 2670 1794 2706 τὴν
1807 2669 1878 2705 πρὸς

1090 2722 1120 2748 τὺ
1133 2720 1284 2756 ἀρχέτυπον
1297 2719 1452 2754 ὁμοιότητα.
1474 2717 1554 2744 Ἀλλὰ
1572 2717 1624 2753 μὴν
1640 2717 1793 2752 ἐπτέρωται
1807 2716 1878 2743 κατὰ

1437 2807 1460 2823 ⁸³
1475 2808 1570 2835 Matth.
1586 2815 1664 2839 xxtu,
1687 2807 1732 2835 '57.
