1978 3068
119 92 185 119 HM

625 94 658 121 ΙΝ
675 94 822 122 CANTICA
840 93 975 122 CANTlC.
993 93 1135 122 HOMILIA
1158 92 1203 121 XV

1671 95 1738 122 11θὲ

115 151 165 185 τὴν
178 150 257 185 ἁγίαν
272 151 391 187 Γραφήν,
404 152 432 179 τὶ
445 154 633 189 πρωτότυπον’
647 155 743 182 οὐκοῦν
755 154 904 189 πτερόεσσα

958 152 1043 182 fuisse
1056 154 1204 186 conditam,
1218 157 1245 180 ut
1258 157 1329 180 esset
1345 153 1430 188 alata,
1450 161 1504 188 quo
1516 153 1644 180 nimirum
1656 153 1739 181 etiam

117 196 163 222 καὶ
179 197 194 231 ἡ
210 196 257 222 τοῦ
272 197 414 232 ἀνθρώπου
430 201 635 235 κατεσκευάσθη
650 201 746 235 φύσις,
760 201 797 232 ὡς
813 201 845 227 ἂν
858 201 905 227 καὶ

116 242 144 267 ἐν
155 243 214 273 ταῖς
233 241 362 279 πτέρυξιν
369 244 432 280 -ἕχοι
449 246 478 272 τὺ
494 246 565 274 θεῖον
578 248 712 283 ὁμοίωμα·
729 247 809 283 δῆλον
822 247 849 273 δὲ
864 247 904 273 ὅτι

115 288 146 314 rb
163 289 306 324 πτερύγων
319 290 405 326 ὄνομα
418 291 462 318 διά
486 302 557 325 τινος
583 294 714 329 τροπικῆς
734 294 850 329 θεωρίας
867 293 905 324 εἵς

116 343 142 360 τι
160 334 310 370 θεοπρεπὲς
334 338 569 373 μεταληφθήσεται
592 340 695 374 νόημα,
712 339 852 374 δυνάμεώς
876 348 905 365 τε

116 380 162 405 καὶ
181 381 390 416 μακαριότητος,
409 384 456 410 καὶ
479 384 634 419 ἀφθαρσίας
647 385 693 411 καὶ
709 385 762 411 τῶν
777 385 905 411 τοιούτων

114 424 159 450 διὰ
170 424 217 450 τοῦ
232 426 362 460 ὀνόματος
374 427 427 454 τῶν
442 428 586 463 πτερύγων
600 437 632 464 ση
638 429 807 464 μαινομένου.
829 429 905 455 Ἐπεὶ

114 467 161 495 οὖν
182 470 268 496 ταῦτα
293 472 340 497 καὶ
357 473 420 508 περὶ
437 473 482 499 τὸν
506 474 648 509 ἄνθρωπον
665 472 708 509 ἦν,
732 475 783 505 ἕως
804 475 847 501 ὅτε
867 475 906 510 τῷ

115 514 173 549 Θεῴ
188 515 231 540 διὰ
254 516 363 543 πάντων
386 517 477 552 ὅμοιος
495 515 539 553 ἦν·
556 519 624 554 μετὰ
644 519 730 545 ταῦτα
755 520 782 545 δὲ
799 520 815 554 ἡ
838 520 906 554 πρὸς

115 561 164 595 τὴν
179 562 277 588 κακίαν
291 563 370 598 ῥοπὴ,
380 563 434 589 τῶν
446 565 571 590 τοιούτων
584 565 725 600 πτερύγων
746 566 818 600 ἡμᾶς
838 566 906 592 ἅπτε

116 606 246 641 σύλησενο
268 607 320 639 ἔξω
336 608 390 642 γὰρ
408 609 457 643 τῆς
477 609 581 644 σκέπης
605 610 651 636 τοῦ
673 610 740 636 Θεοῦ
763 610 905 645 πτερύγων

115 650 254 685 γενόμενοι
267 672 274 681 .
298 653 344 678 καὶ
364 652 418 678 τῶν
446 654 526 680 ἰδίων·
540 654 683 690 πτερύγων
699 655 904 691 ὲγυμνὼθημεν·

114 694 158 722 διὰ
168 696 246 722 τοῦτο
261 697 382 732 ἐπεφάνη
396 699 411 732 ἡ
426 699 471 725 τοῦ
485 699 552 726 Θεοῦ
564 701 642 735 χάρις
655 702 807 735 φωτίζουσα
819 702 903 737 ἡμᾶς,

115 740 158 767 ἵνα
169 741 330 777 ἀποθέμενοι
347 744 394 779 τὴν
410 744 547 777 ἀσέϐειαν,
560 747 608 772 καὶ
621 746 670 778 τὰς
691 747 826 781 κοσμικὰς
843 748 904 774 ἐπι-

115 786 225 821 θυμίας,
240 787 319 814 πάλιν
337 789 370 814 δι’
389 791 527 825 ὁσιότητος
543 799 573 817 τε
595 791 642 817 καὶ
655 791 825 826 δικαιοσύνης
840 801 905 819 πτε-

116 833 304 868 ροφυήσωμεν.
320 835 423 862 Οὐκοῦν
436 837 459 861 εἰ
474 836 559 863 ταῦτα
571 837 620 871 τῆς
631 837 758 872 ἀληθείας
771 838 821 864 οὐκ
838 838 905 864 ἁπε-
922 827 942 855 Β

115 878 278 912 σχοίνισται,
297 880 395 915 πρέπει
422 881 497 917 παρὰ
514 882 563 917 τῆς
586 882 694 918 νύμφης
718 883 905 918 ὁμολογεῖσθαι

113 922 162 957 τὴν
178 925 220 950 ἐπ’
235 925 317 959 αὐτῆς
340 927 490 962 γενομένην
504 927 581 962 παρὰ
595 928 649 954 τῶν
666 928 745 954 θείων
759 929 905 964 ὀφθαλμῶν

114 967 202 1004 χάρινζ
235 969 316 1004 Ὁμοῦ
330 979 360 996 τε
375 971 428 1006 γὰρ
450 972 555 998 ἐπεῖδεν
578 973 651 1008 ἡμᾶς
670 975 724 1004 τοῖς
745 974 794 1008 τῆς
809 974 904 1008 φιλαν-

114 1013 236 1050 θρωπίας
258 1015 405 1050 ὀφθαλμοῖς
430 1017 444 1043 ὁ
469 1017 550 1051 θεὸς,
579 1019 626 1045 καὶ
655 1019 735 1053 ἡμεῖς
761 1018 831 1045 κατὰ
856 1019 905 1054 τὴν

113 1059 230 1094 ἀρχαίαν
248 1059 328 1095 χάριν
342 1060 580 1096 ἁνεπτερώθημεν.
602 1062 694 1089 Ταῦτα
709 1061 754 1090 οὖν
768 1061 844 1098 οἶμαι
861 1063 904 1090 διὰ

113 1104 168 1131 τῶν
183 1105 335 1140 εἰρημένων
350 1106 396 1131 τὸν
412 1106 490 1140 λόγον
511 1107 706 1141 ἐνδείκνυσθαι,
723 1108 740 1135 ἃ
758 1109 905 1144 προσευχόο

115 1158 196 1184 μενος
214 1151 227 1176 ὁ
242 1150 323 1176 Δαϐὶδ
335 1151 364 1177 ὲν
377 1151 571 1188 ἑξεκαιδεκάτῃ
590 1152 734 1189 ψαλμῳδία
754 1154 820 1188 φησῖ⁴
837 1154 905 1189 πρὸς

114 1195 216 1229 Κύριον
232 1214 239 1224 .
251 1195 292 1221 ὅτι
305 1197 337 1222 Ol
349 1197 497 1231 ὀφθαλμοί
506 1206 563 1224 σου
573 1198 717 1225 ὶδέτωσαν
726 1199 903 1233 εὐθύτητας,

115 1243 166 1274 τὰς
186 1240 255 1276 ἐμὰς
270 1241 399 1277 δηλονότι.
436 1242 634 1277 ἘδοκΙμασας
645 1244 699 1279 γὰρ
710 1244 767 1277 τὴν
779 1244 905 1278 καρδίαν

112 1292 181 1318 μου,
198 1285 290 1320 φησιν,
308 1285 468 1320 ἐπεσκέψω
485 1288 607 1321 νυκτός·
621 1288 778 1321 ὲπύρωσάς
791 1298 839 1324 με,
855 1289 903 1316 καὶ

114 1330 172 1363 οὐχ
188 1329 295 1364 εὑρέθη
309 1331 344 1358 ἐν
356 1332 420 1366 ἐμοὶ
433 1332 542 1361 ἀδικία.
560 1333 630 1360 Ἴσον
644 1333 690 1361 οὖν
705 1336 786 1368 ἐστιν,
807 1337 902 1368 είπεῖν,

113 1374 155 1400 ὅτι
169 1373 201 1401 οι
211 1375 359 1410 ὀφθαλμοί
372 1383 430 1403 σου
446 1377 591 1404 ἱδέτωσαν
604 1379 778 1413 εὐθύτητας·
793 1380 849 1414 καὶ,
864 1381 903 1407 ὅτι

116 1420 150 1445 Ol
161 1420 310 1455 ὀφθαλμοί
330 1428 388 1448 σου
411 1422 444 1448 τὸ
459 1422 599 1449 ἐναντίον
609 1423 652 1457 μὴ
672 1423 900 1452 θεασάσθωσαν.

120 1464 150 1491 ὐ
166 1465 221 1500 γὰρ
235 1466 266 1492 τὸ
275 1466 354 1497 etot;
367 1466 439 1499 ἰδὼν,
454 1467 559 1506 σκολιδν
569 1470 620 1495 οὐκ
632 1467 694 1496 εἶδε
710 1470 757 1496 καὶ
770 1471 784 1496 ὁ
798 1470 902 1497 σκολιὸν
916 1493 936 1506 μ

116 1511 154 1546 μὴ
176 1511 286 1541 ἰδὼνττὺ
300 1512 377 1543 eoae;
398 1513 506 1545 πάντως
520 1514 656 1541 τεθέαται.
680 1508 784 1541 Οὐκοῦν
797 1515 840 1542 διὰ
854 1516 901 1551 τῆς

114 1556 161 1583 τοῦ
191 1557 312 1584 ἐναντίου
334 1554 535 1594 ὑπεξαιρέσεως
559 1560 589 1587 τὸ
614 1560 714 1595 ἀγαθὸν
738 1563 792 1592 τοῖς
818 1561 901 1593 Θείοις

114 1602 261 1637 ὀφθαλμοῖς
275 1603 451 1637 ἐπιδείκνυσι,
470 1605 504 1631 δι’
518 1602 556 1632 ὧν
571 1607 769 1641 ἀναπτεροῦται
789 1607 869 1633 πάλιν
884 1608 900 1642 ἡ

114 1647 197 1682 ψυχὴ,
214 1649 231 1683 ἡ
253 1648 296 1676 διὰ
309 1649 358 1685 τῆς
371 1652 511 1686 παρακοῆς
523 1651 578 1678 τῶν
595 1652 813 1687 πρωτοπλάστων
836 1661 900 1679 πτε-

116 1695 301 1728 ρορῤυήσασα.
315 1695 408 1731 ιτοῧτο
425 1697 512 1723 τοίνυν
526 1697 569 1723 διὰ
583 1698 636 1723 τῶν
651 1699 803 1733 εἰρημένων
821 1707 901 1724 κατε-

116 1739 262 1774 νοήσαμεψ
273 1739 336 1766 Ὅτε
349 1741 372 1766 οἱ
383 1741 516 1776 ὀφθαλμοί
528 1749 573 1768 σου
585 1742 627 1768 ἐπ’
638 1743 687 1777 ἐμὲ
700 1742 900 1774 ἐπιϐλέπουσιν,

115 1784 330 1820 ἀποστρέφονται
348 1787 401 1812 ἀπὸ
418 1787 463 1813 τοῦ
478 1787 610 1813 ἐναντίου.
632 1788 669 1813 Οὐ
682 1788 735 1823 γὰρ
751 1787 860 1822 ὅψονταί
876 1797 902 1814 τι

115 1829 145 1855 ὲν
163 1829 225 1864 ἐμοὶ
245 1830 299 1856 τῶν
321 1831 531 1866 ἐναντιουμένων
557 1840 611 1867 μοι.
636 1833 685 1858 Διὰ
705 1832 783 1859 τοῦτο
799 1833 902 1866 γίνεταί

117 1881 162 1908 μοι
182 1873 236 1899 ἀπὸ
255 1873 307 1901 τῶν
327 1874 472 1910 ὀφθαλμῶν
487 1884 532 1901 σου
543 1895 550 1907 ,
565 1876 595 1901 τὸ
619 1875 700 1902 πάλιν
713 1876 901 1911 πτερωθῆναι,

117 1918 164 1945 καὶ
177 1919 320 1946 ἀναλαϐεῖν
333 1919 375 1945 διὰ
394 1919 447 1945 τῶν
460 1920 562 1954 ἀρετῶν
575 1920 624 1952 τὰς
644 1921 781 1956 πτέρυγας
793 1921 842 1956 τῆς
854 1930 902 1947 πε-

117 1966 255 2000 ριστερᾶς,
268 1964 301 1991 δι’
315 1966 348 2000 ἦς
362 1965 464 1999 γίνεταί
481 1975 525 2000 μοι
544 1966 592 2001 τῆς
609 1967 732 2001 πτήσεως
747 1967 764 2003 ἡ
779 1966 902 2001 δύναμιςσ

117 2011 186 2037 ὥστε
196 2010 363 2045 ⁹ιτεταιιθῆνςιιι
373 2011 419 2037 καὶ⁹
429 2012 611 2042 καταπαῦσαι,
628 2012 734 2048 ἐκείνην
748 2012 846 2048 δηλαδὴ
855 2013 902 2048 τὴν

117 2056 297 2088 κατάπαυσιν,
318 2057 350 2092 ἢν
366 2057 536 2084 κατέπαυσεν
557 2059 570 2084 ὁ
589 2057 654 2089 Θεὸς
669 2058 722 2085 ἀπὸ
738 2058 791 2084 τῶν
815 2058 903 2094 ἔργων

118 2100 201 2128 αὑτοῦ
206 2121 213 2127 .

956 199 984 225 in
1004 198 1064 226 aliis
1078 197 1170 224 divina
1188 205 1249 224 cum
1266 200 1362 223 natura
1384 197 1590 224 similitudinem
1616 197 1738 224 haberet.

956 239 1004 271 Est
1029 248 1119 271 autem
1144 243 1340 276 manifestum,
1368 244 1471 269 alarum
1499 243 1661 270 vocabulum
1693 251 1741 278 per

957 288 1205 316 considerationem
1230 288 1375 323 quamdam
1402 287 1543 323 ﬁguratam
1572 288 1606 315 ad
1628 295 1739 315 sensum

956 335 1011 362 Deo
1028 336 1241 362 consentaneum
1265 342 1327 361 esse
1342 334 1559 361 transferendum
1574 341 1581 360 :
1598 334 1635 360 ita
1659 339 1688 360 ut
1715 339 1741 361 et

956 383 1089 414 potestas,
1106 383 1132 407 et
1149 379 1300 410 bealitudo,
1321 384 1346 407 et
1364 383 1452 406 status
1477 387 1574 414 expers
1600 379 1738 412 interitus,

956 430 982 452 ct
1002 425 1054 452 alia
1087 425 1243 459 hujusmodi
1270 433 1317 460 per
1343 425 1394 452 hoc
1417 432 1513 452 nomen
1539 425 1738 459 signiﬁcentur.

956 471 1024 504 Quia
1051 472 1134 506 igitur
1162 471 1218 498 ltzec
1244 471 1325 498 etiam
1353 475 1430 497 erant
1459 472 1486 497 in
1515 471 1635 505 homine,
1657 471 1739 506 quain

956 516 1066 551 quidem
1091 517 1136 542 diu
1155 524 1202 551 per
1218 517 1309 543 omnia
1326 515 1381 543 Deo
1408 522 1467 543 erat
1495 517 1614 543 similis:
1643 525 1738 543 verum

956 561 1054 588 deinde
1077 563 1109 587 ad
1130 561 1305 588 vitiositatem
1329 561 1397 588 facta
1415 561 1557 588 inclinatio
1577 562 1677 588 talibus
1690 569 1740 588 nes

957 608 1007 634 alis
1034 607 1162 640 spoliavit
1191 607 1379 643 (posteaquam
1417 607 1488 635 enim
1519 612 1595 634 extra
1630 613 1738 642 legitimi

956 653 1061 680 alarum
1070 650 1118 680 Dei
1130 661 1191 681 esse
1203 653 1347 688 cmpiuuts,
1357 654 1438 680 etiam
1453 654 1569 689 propriis
1583 654 1634 681 alis
1645 654 1737 680 nudati

956 699 1074 734 sumus),
1087 699 1190 726 idcirco
1205 699 1252 726 Dei
1266 699 1351 734 gratia
1365 699 1498 734 patefacta
1511 705 1563 732 est,
1580 700 1739 726 illuminans

955 753 1017 776 nos,
1034 749 1062 772 ut
1079 745 1217 780 impietate
1234 747 1433 781 mundanisque
1445 746 1643 781 cupiditatibus
1657 746 1741 780 depo-

956 790 1032 821 sitis,
1061 798 1171 816 rursum
1189 798 1237 826 per
1261 793 1433 818 sanctitatem
1463 800 1494 818 ac
1517 791 1652 825 justitiam
1683 792 1740 818 alas

956 835 1126 871 proferamus
1141 836 1174 863 3".
1193 837 1374 870 Quamobrem
1398 838 1420 864 si
1437 838 1494 864 haec
1520 838 1644 865 veritatis
1663 842 1739 864 extra

955 884 1042 908 metas
1054 882 1159 915 prolata
1175 890 1228 908 non
1243 887 1316 913 sunt,
1329 883 1456 910 convenit
1472 884 1521 910 hoc
1535 884 1595 910 loco
1607 888 1738 915 statuere,

954 925 1034 953 fateri
1061 934 1190 961 sponsam
1219 928 1306 962 ipsam
1334 936 1387 962 qua
1416 929 1450 955 sit
1467 929 1501 955 ab
1525 929 1613 956 oeulis
1638 929 1740 955 divinis

954 972 1050 999 aﬂ'ccta
1063 973 1162 1008 gratia.
1180 972 1267 1000 Simul
1284 974 1355 1001 enim
1373 979 1400 1001 et
1415 974 1591 1009 benignitatis
1613 983 1669 1002 sua:
1690 982 1740 1001 nos

954 1017 1042 1044 Oculis
1066 1018 1172 1052 aspexit
1188 1018 1268 1051 Deus,
1293 1022 1320 1046 et
1343 1026 1393 1046 nos
1415 1019 1447 1045 ad
1465 1019 1619 1054 exemplum
1647 1019 1741 1053 gratia:

955 1063 1075 1097 pristina:
1087 1063 1144 1090 alas
1158 1064 1390 1097 recuperavimus.
1404 1064 1467 1092 litec
1480 1065 1600 1092 arbitror
1612 1064 1740 1099 equidem

955 1117 1003 1144 per
1017 1109 1075 1136 haec
1091 1109 1171 1136 verba
1195 1110 1354 1144 significari,
1371 1118 1431 1145 qua:
1460 1111 1588 1144 precibus
1606 1110 1690 1137 David
1711 1111 1738 1136 in

955 1152 1060 1186 psalmo
1077 1161 1120 1179 xvt
1148 1153 1315 1187 complexus,
1339 1154 1371 1180 ad
1390 1153 1535 1180 Dominum
1551 1155 1588 1181 ait
1600 1154 1622 1170 "
1637 1163 1644 1181 :
1661 1154 1739 1182 Ocult‘

955 1196 993 1222 lui
1030 1196 1135 1223 videant
1171 1197 1358 1230 rectiludines,
1392 1195 1521 1225 nimirum
1550 1207 1633 1226 meas.
1666 1199 1737 1225 Nam.

953 1241 1082 1276 probasti,
1105 1242 1151 1275 ait,
1173 1251 1218 1269 cor
1236 1251 1330 1275 meum,
1354 1248 1378 1269 et
1395 1243 1531 1277 imperim
1558 1248 1635 1269 noctu
1649 1251 1660 1270 :
1680 1244 1739 1278 igne

955 1295 994 1313 me
1007 1288 1178 1319 examinasti,
1196 1292 1221 1314 et
1241 1296 1292 1315 non
1317 1295 1420 1321 reperta
1436 1292 1475 1315 est
1492 1289 1520 1314 in
1542 1297 1581 1315 me
1599 1289 1737 1324 iniquitas.

959 1328 1006 1358 E'st
1023 1332 1104 1366 igitur
1121 1333 1201 1364 idem,
1228 1335 1251 1361 si
1267 1335 1342 1363 dicas
1366 1344 1372 1361 :
1400 1336 1475 1363 Oculi
1492 1337 1529 1363 tui
1544 1337 1645 1364 videant
1667 1339 1743 1364 recti-

960 1377 1062 1404 tudine;
1083 1386 1093 1405 :
1117 1382 1144 1405 ct
1168 1387 1175 1406 ε
1201 1378 1278 1406 Oculi
1302 1381 1341 1407 tui
1361 1382 1522 1408 contrarium
1544 1391 1596 1410 non
1616 1388 1740 1418 spectent.

954 1423 1022 1449 Nam
1038 1423 1084 1457 qui
1100 1425 1205 1450 rectum
1232 1423 1364 1453 intuetur,
1378 1422 1518 1457 obliquum
1535 1429 1590 1448 non
1607 1422 1691 1453 videt,
1712 1427 1740 1449 et

954 1468 1000 1503 qui
1015 1468 1155 1502 obliquum
1176 1475 1230 1494 non
1246 1467 1329 1500 videt,
1351 1468 1464 1494 omnino
1490 1471 1595 1494 rectum
1622 1471 1738 1501 spectat.

956 1514 1048 1549 Itaque
1066 1522 1114 1549 per
1128 1513 1337 1541 summotionem
1358 1513 1498 1546 contrarii,
1518 1513 1622 1541 bonum
1638 1513 1738 1540 divinis

955 1561 982 1587 in
995 1560 1082 1586 oculis
1097 1559 1276 1590 demonstrat,
1293 1567 1341 1594 per
1357 1567 1427 1594 quos
1442 1560 1499 1586 alas
1515 1560 1606 1586 anima
1620 1566 1737 1594 recupe-

955 1609 1017 1636 rat,
1042 1612 1102 1639 qua:
1126 1612 1174 1639 per
1204 1603 1418 1631 inobedientiam
1445 1605 1533 1639 pritno
1564 1605 1738 1632 conditorum

956 1650 1096 1676 hominum
1125 1657 1178 1676 non
1209 1650 1327 1684 amplius
1355 1650 1412 1676 alas
1442 1657 1456 1676 ιι
1487 1655 1585 1676 natura
1610 1650 1737 1677 habebat.

956 1695 1046 1728 Quare
1061 1695 1101 1721 sic
1113 1695 1290 1729 intelligimus
1305 1695 1362 1721 ham
1383 1695 1476 1727 verba,
1489 1695 1568 1729 quasi
1581 1694 1717 1722 dlceretur
1730 1703 1735 1720 :

955 1739 1032 1766 Oculi
1046 1739 1084 1766 tui
1101 1746 1162 1766 cum
1180 1746 1222 1765 tne
1241 1738 1402 1772 inspiciunt,
1417 1742 1580 1765 avertuntur
1600 1746 1615 1764 a
1630 1742 1741 1765 contra-

955 1785 1006 1812 rio.
1022 1784 1080 1811 Non
1094 1785 1166 1811 enim
1190 1783 1322 1810 videbunt
1344 1783 1371 1809 in
1389 1790 1432 1810 me
1456 1783 1605 1818 quidquam
1630 1791 1736 1814 eorum,

938 1839 1015 1866 qua
1032 1830 1096 1857 mihi
1122 1829 1262 1856 contraria
1285 1833 1360 1856 sunt.
1387 1828 1492 1856 Idcirco
1511 1830 1566 1856 tuis
1592 1829 1626 1856 ab
1650 1829 1739 1856 oculis

957 1878 1008 1904 hoe
1024 1884 1190 1910 consequor,
1218 1880 1248 1902 ut
1275 1883 1383 1902 rursum
1409 1877 1465 1903 alas
1489 1876 1614 1906 habeam,
1640 1879 1667 1902 et
1691 1883 1739 1910 per

955 1923 1071 1949 virtutes
1094 1928 1253 1955 recupcrcm
1279 1920 1336 1946 alas
1360 1920 1438 1954 ejus,
1458 1928 1518 1954 quas
1541 1925 1583 1947 est
1609 1918 1738 1954 tanquam

957 1967 1100 1995 columba:
1128 1974 1182 2001 quo
1209 1967 1238 1993 [it
1255 1970 1284 1993 ut
1308 1966 1402 1992 volare
1425 1966 1597 2001 possim,‘ac
1618 1965 1739 1992 vicissim

957 2013 1098 2049 quiescere
1112 2022 1117 2039 :
1135 2012 1226 2047 quiete
1240 2013 1286 2039 illa
1305 2013 1446 2044 nimirum,
1467 2019 1520 2047 qua
1539 2012 1610 2039 Deus
1626 2012 1660 2038 ab
1675 2019 1740 2046 ope—

956 2060 1032 2087 ribus
1047 2060 1104 2086 suis
1119 2059 1231 2093 quievit.

154 2147 238 2173 Πάλιν
259 2147 287 2172 δὲ
309 2147 379 2181 μετὰ
400 2147 449 2178 τὰς
464 2148 554 2181 φωνὰς
568 2148 668 2179 ταύτας
690 2149 707 2184 ἡ
725 2148 771 2175 τοῦ
790 2149 903 2181 κάλλους

991 2148 1125 2175 Caeterum
1142 2152 1201 2183 post
1215 2148 1272 2174 haec
1289 2148 1370 2174 verba
1387 2155 1496 2174 rursum
1512 2148 1662 2182 descriptio
1678 2148 1739 2186 pulI-

117 2193 167 2228 τῆς
182 2192 290 2228 νύμφης
307 2193 452 2228 ὑπογραφὴ
467 2193 627 2228 διαδέχεται,
650 2194 703 2220 τῶν
718 2195 757 2225 εἰς
771 2194 819 2230 τὴν
831 2194 904 2231 ὥραν

119 2238 199 2264 αὑτοῦ
227 2238 421 2265 συντελούντων
444 2239 557 2265 ’ἑκαστον
588 2237 636 2265 ’διά
656 2248 727 2271 τινος
751 2240 906 2276 προσφιλοῦς

119 2283 273 2317 ὁμοιώσεως
291 2281 342 2309 τιιῦ
358 2283 436 2317 λόγου
458 2283 641 2319 σεμνύνοντος.
670 2285 834 2311 Ἐπαινεῖται
851 2284 905 2320 γὰρ

119 2329 202 2363 αὐτῆς
216 2328 270 2355 τῶν
286 2338 314 2355 τε
333 2329 434 2364 τριχῶν
446 2330 476 2362 re
499 2329 611 2361 κάλλος,
630 2330 674 2356 καὶ
695 2330 748 2357 τῶν
761 2330 872 2356 ὀδόντων
887 2331 903 2366 ἡ

120 2373 202 2405 θέσις,
219 2374 265 2400 καὶ
279 2374 309 2400 τὸ
321 2375 367 2400 ἐπὶ
381 2374 427 2401 τοῦ
449 2375 553 2409 χείλους
574 2374 662 2407 ἄνθος,
680 2376 726 2401 καὶ
741 2376 771 2401 τὸ
787 2375 835 2410 ἡδὺ
854 2375 904 2410 τῆς

121 2417 222 2452 φωνῆς,
242 2419 290 2453 τῆς
307 2428 336 2445 τε
349 2420 466 2454 παρειᾶς
478 2420 507 2446 τὺ
518 2420 652 2455 ἐρύθημα.
676 2420 705 2447 Ὀ
718 2420 746 2446 δὲ
764 2421 827 2455 περὶ
839 2421 903 2447 ἐκά-

121 2471 183 2490 στου
200 2464 253 2490 τῶν
273 2465 423 2499 εἰρημένων
446 2465 565 2497 ἔπαινος,
587 2465 629 2492 διά
648 2474 719 2497 τινος
737 2465 903 2501 καταλλήλου

122 2508 289 2543 συγκρίσεώς
298 2517 327 2535 τε
340 2510 386 2535 καὶ
401 2509 577 2545 παραθέσεως
591 2510 739 2546 πληροῦται
752 2512 784 2546 τῇ
799 2510 901 2546 νύμφῃ.

121 2554 153 2580 Αἰ
169 2554 216 2588 μὲν
230 2553 284 2589 γὰρ
306 2554 398 2589 τρίχες
410 2555 519 2588 ἀγέλαις
531 2556 614 2590 αἰγῶν
633 2557 693 2588 ταῖς
711 2556 904 2590 ἀναψανείσαις

122 2597 175 2624 ἀπὸ
187 2597 232 2623 τοῦ
250 2597 354 2624 Γαλαὰδ
368 2597 557 2633 ὡμοιώθησαν·
574 2601 600 2626 αἱ
621 2599 649 2626 δὲ
664 2599 718 2626 τῶν
730 2600 907 2635 κεκαρμένων

123 2643 217 2677 ἀγέλαι
232 2643 350 2678 διδύμοις
371 2644 460 2675 τόκοις
476 2644 706 2679 ὲπαγαλλόμεναι,
723 2645 754 2671 τὸ
765 2645 818 2672 τῶν
832 2645 906 2671 ὀδόν-

124 2695 177 2714 των
188 2687 323 2722 ὲγκώμιον
338 2689 471 2724 πληροῦσι
487 2690 530 2716 διὰ
540 2691 590 2724 τῆς
601 2691 766 2725 ὁμοιώσεως·
786 2691 907 2727 σπαρτίῳ

162 2779 186 2795 ⁸⁸
199 2778 252 2806 Tit.
271 2786 301 2810 tt,
323 2778 365 2804 1'2.
403 2778 425 2792 ’⁸⁵
445 2777 517 2805 Psal.
531 2786 586 2812 va,
602 2778 630 2811 εὶ,
645 2778 662 2804 3

957 2194 1122 2221 chritudinis
1150 2201 1259 2227 sponsa:
1285 2193 1425 2225 succedit,
1451 2197 1477 2219 et
1499 2193 1605 2227 singula
1629 2201 1689 2225 qua:
1705 2193 1737 2219 ad

957 2241 1118 2274 elegantiam
1142 2239 1228 2274 ipsius
1261 2238 1350 2265 facere
1373 2242 1501 2272 possunt,
1534 2244 1596 2272 apta
1620 2238 1739 2272 quadam

957 2285 1135 2313 similitudine
1158 2289 1300 2311 ornantur.
1319 2282 1387 2310 Nam
1401 2287 1428 2311 et
1458 2290 1597 2310 comarum
1613 2283 1672 2317 ejus
1692 2290 1740 2310 ve-

958 2336 1053 2358 nustas
1072 2330 1208 2361 laudatur.
1231 2334 1258 2356 et
1280 2329 1400 2357 dentium
1420 2329 1574 2361 collocatio,
1598 2332 1625 2356 et
1651 2328 1700 2355 ﬂos
1711 2329 1740 2355 in

956 2376 1045 2408 labro,
1060 2380 1086 2403 et
1109 2376 1183 2403 vocis
1201 2375 1331 2407 suavitas,
1349 2380 1375 2402 et
1389 2381 1519 2408 genarum
1544 2373 1637 2401 rubor.
1651 2373 1741 2408 Atque

957 2422 1053 2449 borum
1068 2422 1189 2448 omnium
1210 2421 1270 2448 laus
1298 2428 1347 2455 per
1364 2420 1569 2447 convenientem
1594 2419 1739 2455 quamdam

956 2466 1187 2501 comparationem
1205 2472 1313 2500 sponsae
1342 2464 1500 2491 assolvitur.
1515 2464 1622 2492 Etenim
1646 2464 1740 2499 capilli

956 2512 1047 2546 capris
1063 2511 1096 2538 de
1110 2510 1211 2543 Galaad
1225 2509 1435 2545 conspiciendas
1453 2516 1483 2536 se
1497 2509 1683 2544 praebentibus
1696 2517 1741 2535 as~

958 2557 1113 2584 similantur
1126 2566 1131 2583 :
1148 2560 1292 2584 tonsarum
1305 2563 1370 2583 vero
1384 2562 1489 2591 greges.
1505 2555 1621 2589 geminis
1639 2554 1740 2581 fetibus

955 2602 1114 2638 gaudentes,
1130 2602 1283 2629 encomium
1302 2601 1423 2628 dentium
1434 2600 1596 2628 coniiciunt.
1606 2598 1740 2626 Funiculo

956 2647 1074 2681 denique
1089 2646 1219 2674 coccineo
1235 2646 1337 2673 labiutn
1362 2649 1537 2680 comparatur
1551 2652 1558 2671 :
1579 2648 1606 2671 et
1623 2650 1670 2678 per
1683 2642 1740 2668 col-

957 2693 1084 2721 lationem
1101 2700 1162 2720 eum
1178 2692 1244 2720 mali
1268 2692 1360 2727 punici
1377 2691 1480 2719 cortice
1501 2697 1633 2726 genarum
1656 2693 1740 2715 orna-
