1978 3068
208 74 278 100 H05

828 72 856 99 S.
874 71 1036 101 GREGOBII
1054 74 1198 103 NYSSENI

1759 74 1766 100 ί
1777 73 1825 101 ΗΜ

207 134 327 156 mentum
343 127 489 155 indicatur.
506 126 595 154 Verba
620 130 685 154 sunt
707 126 863 161 huiusmodi
879 137 886 153 :
907 127 990 154 Coma

1041 129 1067 156 δὲ
1083 131 1247 164 κοκκοὸαφεῖ
1263 129 1293 156 τὸ
1314 130 1400 164 χεῖλος
1425 129 1579 161 εἰκάζεται,
1596 128 1640 155 κα“
1662 127 1701 164 τῷ
1714 128 1825 164 λεπύρῳ

207 180 252 202 tua
266 173 334 201 velut
345 181 434 208 greges
452 180 606 206 caprarum,
624 180 682 207 qua:
691 177 868 206 apparuerunt
890 172 922 199 de
937 173 990 200 Ga-

206 219 280 246 laad.
309 219 402 245 Dentes
430 218 468 244 tui
493 218 561 244 sicut
586 226 674 253 greges
703 222 850 249 (ansarum,
879 227 936 253 qua:
959 220 996 246 de

207 268 311 292 lavacro
331 264 514 295 ascenderunt,
536 269 560 291 et
586 272 673 291 omnes
699 264 766 298 {eius
802 264 925 298 gemellos
942 265 990 290 Im-

206 312 302 342 bentes,
320 319 401 345 neque
423 311 521 336 sterilis
535 311 603 336 inter
618 318 662 336 eas
680 309 737 336 ulla
759 315 807 336 est.
831 309 919 336 Labra
944 316 989 336 tua

204 361 265 382 sum
282 356 367 382 instar
381 355 495 390 funiculi
512 355 636 386 coccinei,
655 359 679 381 et
696 355 798 388 loquela
817 359 862 381 tua
884 355 988 389 elegans

202 406 252 427 est.
271 399 352 426 Μαίιε
367 404 418 426 tua:
430 399 516 425 instar
530 399 637 425 corticis
655 399 720 425 muli
734 399 834 432 punici,
852 404 949 432 prwler
962 399 989 425 id
1014 408 1016 413 ·

203 445 272 481 quod
289 446 316 472 in
331 451 354 472 Ie
376 445 509 471 reticelur.
527 444 591 477 Qutc
607 445 698 471 omnia
713 452 774 471 cum
802 445 929 479 superius
945 453 989 472 sa-

203 494 239 518 tis
256 490 410 526 indagando
421 491 476 517 sint
486 491 632 525 explicata,
644 497 878 524 supervacaneum
895 490 988 521 fuerit,

203 537 360 564 earumdem
378 536 639 570 contemplationum
659 537 818 570 repetitione
835 537 988 564 molestiam

203 583 319 609 orationi
332 587 432 609 nostrae
444 582 562 616 aliquam
577 589 679 608 creare.
697 581 774 614 Quod
791 582 813 608 si
826 582 887 616 quis
899 587 987 609 tamen

202 628 284 655 etiam
301 627 382 654 modo
391 627 444 654 dici
462 627 587 654 nonnihil
602 627 634 653 de
646 627 741 654 iisdem
753 628 868 662 expetit,
880 633 990 663 propter

203 681 260 704 eos,
275 673 321 708 qui
338 680 425 708 nuper
441 680 490 700 nos
511 680 564 699 non
582 672 732 699 audivere:
752 673 871 700 breviter
891 674 987 700 horum

202 718 376 754 mnigmatum
394 717 556 745 sententiam
580 724 786 751 percurremus.
807 716 903 751 Capi‘li
927 724 989 743 coro

203 764 278 799 poris
292 764 456 798 peculiarem
472 762 618 797 quamdam
634 766 660 789 ct
675 762 813 789 diversam
841 769 856 788 a
880 762 987 796 reliquo

1041 175 1091 209 τῆς
1112 176 1176 208 ῥόας
1194 177 1211 210 ὴ
1237 174 1338 210 παρειὰ
1354 174 1562 206 καλλωπίζεται.
1581 174 1662 210 Ἔχει.
1673 174 1701 199 δὲ
1715 174 1732 208 ἡ
1752 172 1825 205 λέξις

1040 208 1139 253 οὕτως·
1153 208 1285 256 Τρίχωμιί
1303 231 1360 248 σου
1381 222 1483 256 ἀγέλαι
1503 222 1562 249 τῶν
1576 208 1677 256 αίγῶἶε,
1705 222 1737 248 αἳ
1758 222 1825 249 ἀνε-

1040 265 1181 299 φάνησαν
1193 266 1249 292 ἀπὸ
1261 266 1314 292 τοῦ
1329 265 1459 295 Γαλαὰδ,
1481 265 1609 297 Ὀδόντες
1628 273 1685 291 σου
1704 265 1744 298 ὡς
1756 265 1825 298 ἀτέα

1039 312 1089 336 Jal
1102 309 1161 336 τῶν
1181 310 1378 345 κεκαρμένων,
1392 310 1423 336 αῖ
1435 310 1587 343 ἀνέϐησαν
1606 309 1663 336 ἀπὸ
1681 309 1733 336 τοῦ
1753 311 1824 336 ,λου-

1040 354 1120 389 τροῦ,
1134 357 1163 381 at
1178 355 1271 382 πᾶσαι
1286 355 1510 389 διδυμεύουσιιι,
1524 355 1572 381 καί
1585 355 1754 381 ἀτεκνοῦσα
1768 356 1824 381 οὐκ

1038 400 1124 426 ἐστιν
1139 400 1174 426 ἐν
1195 401 1309 433 αὑταῖς.
1338 400 1384 432 Ὠς
1403 401 1550 434 σπαρτίον
1573 401 1715 426 κόκκινον
1737 401 1824 434 χείλη

1038 454 1106 475 σου.
1125 447 1172 474 καὶ
1190 448 1208 481 νὴ
1223 447 1313 474 λαλιά
1334 455 1392 473 σου
1412 447 1512 480 ὡραία.
1540 446 1587 478 Ὡς
1606 445 1738 478 λέπυρον
1750 446 1826 479 ῥόας

1035 492 1136 527 μῆλόν
1147 500 1214 524 σου,
1228 493 1314 524 ἐκτὸς
1327 492 1380 525 τῆς
1399 491 1576 524 σιωπιὶσεὼς
1589 500 1657 518 σου.
1672 488 1721 517 ’Ὧν
1737 492 1823 518 ἁπάν-

1038 545 1091 562 των
1113 538 1141 563 ὲν
1152 538 1206 568 τοῖς
1227 537 1359 570 φθάσασιν
1375 536 1475 568 ἱκανῶς
1493 536 1684 571 ὲξητασμένων
1700 536 1826 571 περιττὸν

1038 581 1071 608 ἃν
1091 582 1132 616 εἴη
1149 582 1193 608 διὰ
1205 582 1255 617 τῆς
1269 582 1322 608 τῶν
1337 581 1425 608 αὐτῶν
1447 581 1631 616 θεωρημάτων
1654 581 1824 615 παλιλλογίας

1037 626 1115 661 ὄχλον
1139 627 1330 661 ἐπεισαγαγεῖν
1347 627 1386 662 τῷ
1409 627 1487 662 λόγῳ.
1504 627 1534 652 Εί
1548 627 1575 652 δέ
1594 635 1635 657 τις
1650 626 1696 652 καὶ
1712 626 1758 652 νῦν
1778 626 1825 652 τὸν

1038 673 1103 708 περὶ
1124 672 1179 698 τῶν
1193 673 1283 699 αὐτῶν
1296 673 1373 707 λόγον
1388 673 1528 708 ὲπιζητοίη
1548 672 1691 706 γενέσθαι,
1703 673 1747 699 διὰ
1761 673 1824 704 τοὺς

1038 718 1170 752 ἀνηκόους
1185 718 1239 744 τῶν
1254 719 1370 752 πρώτων
1386 720 1425 750 είς
1441 719 1473 745 τὰ
1491 718 1560 753 ῥητὰ
1573 717 1657 744 ταῦτα
1674 718 1824 752 θεωρηθέν-

1038 771 1100 789 των·
1115 763 1149 790 δι’
1162 763 1258 797 ὀλίγων
1273 763 1321 799 τὴν
1338 764 1454 790 διάνοιαν
1466 763 1519 790 τῶν
1535 764 1701 798 αἰνιγμάτων
1714 764 1825 798 ἐπιδρα-

203 817 317 844 corpore
333 813 458 836 naturam
476 808 586 835 habent.
604 806 670 833 Nam
685 815 746 833 cum
764 815 865 842 corpus
880 807 989 834 univcr-

1041 808 1175 843 μοὺμεθα.
1189 810 1222 835 Αἱ
1236 810 1327 844 τρίχες
1349 810 1395 836 τοῦ
1419 809 1541 844 σώματος
1566 808 1718 841 ἰδιάζουσαν
1733 809 1825 843 ἔχουσι

203 863 263 882 sum
281 856 322 882 vis
337 855 448 882 sensilis
465 854 607 889 gubernet,
618 853 722 888 absque
738 861 791 887 qua
806 861 884 880 nemo
898 853 988 880 vivere

203 905 306 936 posset,
321 900 394 935 quod
421 907 519 926 sensus
542 899 600 934 ipse
616 899 651 926 sit
673 900 728 926 vita
745 899 892 933 corporis;
914 899 988 926 solos

203 946 315 980 capillos
329 945 454 971 videmus
468 947 495 970 et
510 947 617 977 partem
634 943 760 977 corporis
776 951 848 975 esse,
864 947 890 970 et
905 951 987 970 sensu

202 996 292 1018 tamen
306 998 409 1018 carere.
427 990 515 1024 Atque
534 989 604 1016 hanc
619 990 705 1023 partis
730 989 811 1024 hujus
837 990 990 1024 proprieta-

201 1042 255 1064 tem
268 1044 339 1067 esse,
351 1035 470 1062 declarat
484 1035 535 1062 hoc
544 1035 646 1069 ipsum,
658 1034 729 1069 quod
744 1042 833 1069 neque
845 1035 988 1062 exustione

201 1090 289 1117 neque
315 1082 446 1113 sectione,
468 1081 568 1115 reliqui
592 1081 718 1115 corporis
741 1081 839 1113 instar,
867 1081 988 1107 dolorem

201 1129 292 1163 capilli
313 1127 474 1162 percipiant.
492 1126 585 1160 Itaque
611 1134 673 1153 cum
702 1126 736 1153 de
760 1127 896 1154 sententia
923 1127 988 1153 dicti

202 1174 309 1201 Paulini
321 1173 356 1206 ⁸⁸,
381 1173 465 1207 gloria
493 1173 618 1199 mulieris
641 1172 676 1200 sit
697 1180 785 1204 coma,
809 1173 910 1208 quippe
929 1181 989 1207 quae

202 1228 251 1255 per
269 1220 414 1246 cincinnos
435 1222 519 1253 caput
544 1223 677 1246 exornet:
694 1218 825 1245 docemur
842 1228 889 1253 per
918 1219 990 1246 hanc

202 1265 365 1300 capillorum
379 1271 489 1298 sponsae
504 1263 738 1298 prmdicationem,
754 1263 854 1291 debere
868 1264 929 1291 illos
943 1265 988 1299 qui

204 1311 230 1336 in
245 1311 336 1344 capite
361 1317 468 1344 sponsa:
484 1317 544 1336 esse.
573 1310 773 1344 intelliguntur,
797 1314 824 1336 et
848 1317 895 1344 per
920 1317 993 1344 quos

203 1357 290 1389 gloria
307 1355 436 1382 Ecclesiae.
453 1354 568 1386 accedit,
588 1355 689 1382 habere
708 1363 806 1382 sensus
828 1355 856 1382 in
872 1359 989 1389 potesta-

205 1406 232 1428 te
241 1409 407 1436 sua,perque
417 1401 579 1434 sapientiam
593 1408 703 1427 sensum
718 1402 857 1428 occultare
872 1410 878 1428 :
895 1409 989 1436 quem-

204 1446 351 1473 admodum
377 1447 446 1473 liber
464 1445 673 1472 Proverbiorum
703 1446 837 1481 loquitur,
852 1453 913 1472 cum
929 1447 986 1473 ait:

204 1492 340 1526 Sapientes
384 1492 548 1518 abscondunt
579 1499 684 1518 sensum
703 1492 750 1516 ⁸⁷ι
780 1492 908 1519 nimirum
941 1493 988 1526 qui

205 1548 259 1566 non
291 1547 324 1565 ex
353 1545 463 1573 aspectu
485 1537 518 1565 de
543 1538 614 1565 bono
638 1538 773 1572 judicium
796 1538 910 1570 faciunt,
933 1547 988 1566 non

205 1587 316 1618 gustatu
346 1584 448 1610 bonum
483 1583 644 1615 explorant,
673 1590 726 1610 non
764 1583 910 1616 odoratui,
935 1592 989 1611 non

205 1630 301 1662 tactui,
326 1637 380 1656 non
404 1629 516 1656 alterius
537 1636 636 1655 sensus
656 1636 760 1663 organo
779 1629 988 1656 aestimationem

206 1676 268 1702 boni
287 1675 467 1710 permittunt;
493 1674 539 1701 sed
556 1675 630 1701 omni
649 1681 732 1701 sensu
753 1674 926 1707 mortificato,
943 1682 990 1708 per

206 1722 296 1748 solum
310 1721 431 1748 animum
447 1720 538 1747 oblata
558 1719 641 1747 menti
658 1720 729 1746 bona
747 1720 950 1754 amplectuntur
963 1723 990 1746 et

206 1771 355 1803 expetunt:
384 1771 467 1801 atque
494 1766 547 1793 hoc
575 1765 656 1792 modo
670 1766 810 1792 mulierem
829 1765 914 1796 illam,
931 1772 991 1799 qua:

207 1817 249 1840 est
264 1811 396 1842 Ecclesia.
412 1811 499 1846 gloria
515 1809 631 1846 quadam
650 1814 796 1841 exornant,
824 1817 878 1836 non
906 1810 991 1836 hono-

207 1859 283 1886 ribus
297 1858 520 1889 intumescentes,
538 1863 626 1890 neque
642 1863 689 1890 per
708 1855 890 1890 abjectionem
906 1855 990 1882 animi

207 1905 290 1931 rebus
307 1903 433 1929 tristibus
448 1903 476 1928 in
488 1907 631 1936 angustum
648 1902 736 1928 coacti
749 1909 757 1934 ;
770 1901 816 1928 sed
829 1902 855 1927 in
868 1900 991 1928 adversis

207 1949 316 1977 casibus
331 1948 493 1982 capillorum
506 1947 593 1975 instar
605 1954 634 1974 se
647 1954 745 1974 sensus
756 1950 884 1981 expertes
899 1946 991 1973 decla-

208 1999 308 2024 rantes.
321 1993 428 2020 etiamsi
441 1992 481 2018 vel
493 1992 578 2019 sectio
588 1996 699 2027 propter
709 1992 788 2018 [idem
800 1992 827 2018 in
838 1992 990 2024 Christum,

209 2040 250 2066 vel
268 2038 301 2065 ad
326 2038 439 2068 bestias,
456 2037 498 2064 vel
515 2037 542 2063 in
568 2037 657 2072 ignem
684 2037 803 2071 ahjeclio
829 2036 990 2072 perferenda

209 2085 255 2112 sit.
273 2083 345 2110 Talis
359 2087 417 2110 erat
432 2082 506 2109 Elias
533 2082 588 2115 ille,
604 2083 650 2116 qui
675 2083 709 2109 de
727 2082 830 2109 Galaad
857 2082 989 2113 ascendit,

1001 1471 1022 1499 C

1038 854 1112 889 παρὰ
1133 854 1162 881 τὸ
1189 855 1280 881 λοιπὸν
1297 856 1375 890 σῶμα
1397 855 1446 891 τὴν
1466 855 1554 889 φύσιν.
1581 856 1684 886 Παντὸς
1706 855 1760 890 γὰρ
1776 855 1824 882 τοῦ

1039 900 1163 934 σώματος
1179 901 1321 936 αίσθητικῇ
1341 901 1452 935 δυνάμει
1469 901 1688 935 διακονουμένου,
1706 899 1740 936 ἧς
1760 901 1825 927 ἄνευ

1037 945 1083 971 τοῦ
1100 945 1149 980 ζῇν
1164 946 1245 980 φύσιν
1266 947 1315 972 οὐκ
1329 946 1394 981 ἔχει·
1415 946 1470 982 ζωὴ
1482 946 1536 982 γὰρ
1552 945 1598 971 τοῦ
1614 946 1737 981 σώματός
1752 948 1825 973 ἐστιν

1037 990 1055 1026 ἡ
1080 990 1214 1025 αἴσθησις·
1239 991 1320 1026 μόνας
1342 991 1449 1026 ὁρῶμεν
1477 992 1526 1023 τὰς
1550 991 1646 1026 τρίχας
1674 992 1720 1018 καὶ
1741 993 1825 1028 μέρος

1037 1034 1120 1066 οὔσας
1145 1035 1191 1061 τοῦ
1223 1035 1361 1070 σώματος.
1394 1036 1441 1062 καὶ
1469 1036 1634 1071 ἀμοιρούσας
1662 1037 1826 1072 αἰσθήσεως-

1038 1081 1163 1108 Δείκνυσι
1184 1082 1213 1108 δὲ
1228 1082 1327 1117 ταύτην
1349 1082 1395 1108 ἐπὶ
1413 1081 1460 1109 τοῦ
1474 1082 1573 1117 μέρους
1586 1082 1680 1108 τούτου
1697 1082 1746 1118 τὴν
1763 1083 1825 1110 ἰδιό-

1038 1137 1116 1163 τητα,
1137 1129 1167 1154 τὸ
1193 1129 1261 1163 μήτε
1285 1128 1329 1154 διὰ
1350 1129 1474 1159 καύσεως
1500 1129 1567 1163 μήτε
1590 1127 1633 1154 διὰ
1656 1128 1741 1163 τομῆς
1764 1129 1824 1155 καθ’

1038 1174 1184 1209 ὁμοιότητα
1205 1174 1252 1200 τοῦ
1280 1174 1358 1200 ἄλλον
1377 1173 1501 1209 σώματος
1525 1175 1570 1200 καὶ
1591 1174 1691 1206 ταύτας
1713 1174 1826 1208 ἀλγύνει

1039 1219 1110 1246 σθαι.
1133 1219 1242 1253 Ἐπειδὴ
1259 1218 1347 1244 τοίνυν
1373 1218 1443 1244 κατὰ
1463 1219 1511 1253 τὴν
1525 1218 1631 1245 Παύλου
1650 1219 1749 1254 φωνὴν,
1761 1219 1826 1252 δόξα.

1038 1265 1086 1300 τῆς
1098 1265 1225 1298 γυναικός
1251 1266 1324 1291 ἐστιν
1339 1265 1355 1299 ἡ
1380 1265 1461 1299 κιξμη,
1476 1264 1520 1290 διὰ
1538 1264 1592 1290 τῶν
1607 1264 1754 1299 πλοκάμων
1773 1266 1824 1299 τὴν

1039 1310 1156 1345 κεφαλὴν
1177 1310 1331 1345 ὡραΐζουσα
1342 1319 1348 1324 ·
1371 1310 1450 1336 τοῦτο
1463 1310 1506 1336 διὰ
1520 1309 1567 1336 τοῦ
1584 1310 1693 1336 ἐπαίνου
1708 1309 1761 1337 τῶν
1775 1310 1826 1345 τῆς

1039 1355 1145 1391 νύμφης
1163 1356 1262 1391 τριχῶν
1278 1356 1470 1391 διδασκόμεθα,
1487 1356 1528 1382 ὃτι
1551 1357 1603 1391 χρὴ
1622 1357 1684 1387 τοὺς
1700 1356 1762 1391 περὶ
1775 1356 1826 1391 τὴν

1039 1402 1158 1437 κεφαλὴν
1170 1402 1219 1437 τῆς
1232 1402 1339 1437 νύμφης
1354 1402 1566 1436 θεωρουμένους,
1579 1402 1611 1428 δι’
1623 1398 1660 1428 ὧν
1675 1403 1692 1437 ἡ
1712 1401 1826 1437 Ἐκκλη-

1040 1446 1084 1473 σία
1100 1446 1248 1479 δοξάζεται,
1267 1447 1406 1482 κρείττους
1426 1447 1480 1473 τῶν
1495 1446 1647 1482 αἰσθήσεων
1663 1446 1748 1479 εἶναι,
1762 1448 1829 1482 xpo-

1040 1501 1155 1524 πτοντας
1169 1494 1211 1519 διὰ
1225 1493 1275 1528 τῆς
1292 1494 1387 1528 σοφίας
1401 1494 1448 1528 τὴν
1460 1493 1594 1534 αἴσθησιν.
1611 1493 1707 1525 Καθὼς
1721 1495 1737 1528 ἡ
1751 1493 1827 1529 Παρ-

1038 1538 1115 1573 οιμία
1138 1539 1229 1573 φησίψ
1251 1539 1290 1565 ὃτι
1308 1539 1398 1573 Σοφοὶ
1414 1540 1599 1574 κρύπτουσιν
1610 1539 1762 1572 αἴσθησιν,
1785 1537 1828 1571 οἷς

1039 1583 1088 1618 οὐχ
1101 1584 1195 1618 ὅρασις
1208 1583 1255 1609 τοῦ
1267 1583 1347 1610 καλοῦ
1364 1585 1503 1619 κριτήριον
1512 1584 1627 1618 γίνεται,
1639 1583 1700 1610 οὔτε
1713 1585 1746 1620 τῇ
1761 1584 1827 1618 γεὺ-

1041 1636 1081 1654 σει
1105 1628 1135 1654 τὸ
1151 1628 1252 1662 ἀγαθὸν
1276 1629 1471 1663 δοκιμάζεται,
1495 1629 1544 1655 οὐκ
1567 1629 1699 1664 ὀσφρήσει
1725 1638 1754 1656 τε
1779 1630 1827 1656 καὶ

1041 1673 1110 1708 ἁφῇ,
1132 1673 1192 1699 οὐδὲ
1215 1673 1285 1708 ἄλλῳ
1308 1675 1361 1699 τινὶ
1385 1673 1551 1708 αίσθητηρίῳ
1568 1674 1585 1708 ἡ
1601 1673 1648 1700 τοῦ
1664 1673 1746 1700 καλοῦ
1765 1674 1826 1699 ἐπι-

1040 1718 1169 1752 τρέπεται
1183 1718 1283 1753 κρίσις’
1298 1718 1365 1744 ἀλλὰ
1379 1718 1468 1753 πάσης
1482 1717 1663 1753 νεκρωθείσης
1674 1719 1826 1753 αίσθήσεως

1040 1763 1084 1790 διὰ
1100 1763 1183 1798 μόνης
1201 1765 1250 1798 τῆς
1271 1764 1359 1798 ψυχῆς
1370 1784 1378 1795 ,
1391 1765 1444 1791 τῶν
1463 1765 1523 1790 κατ’
1539 1764 1642 1792 ἔννοιαν
1657 1765 1828 1799 φαινομένων

1041 1809 1150 1842 ἀγαθῶν
1164 1809 1330 1842 ἐφάπτονται
1348 1810 1394 1836 καὶ
1409 1810 1596 1845 ὲπορέγονται,
1608 1811 1654 1837 καὶ¹
1665 1810 1736 1836 οὕτω
1747 1810 1826 1842 δοξά-

1042 1855 1116 1886 ζουσι
1141 1854 1188 1889 τὴν
1213 1856 1343 1888 γυναῖκα,
1370 1855 1418 1890 τὴν
1449 1855 1620 1890 Ἐκκλησίαν,
1643 1854 1708 1881 οὕτε
1734 1857 1828 1890 τιμαῖς

1041 1899 1244 1934 διογκούμενοι,
1271 1899 1331 1926 οὔτε
1357 1900 1547 1935 μικραῲυχίαις
1571 1900 1638 1935 πρὸς
1662 1901 1696 1927 τὰ
1717 1900 1828 1937 λυπηρὰ

1043 1945 1266 1980 συστελλόμενοι·
1285 1945 1352 1972 ἀλλὰ
1378 1945 1430 1972 κᾶν
1447 1945 1591 1981 τέμνεσθαι
1608 1946 1654 1982 δὲῃ
1676 1946 1720 1973 διὰ
1736 1947 1784 1982 τὴν
1797 1947 1827 1978 ἐς

1042 1990 1159 2025 Χριστὸν
1173 1990 1273 2021 πίστιν,
1290 1990 1342 2017 κᾶν
1361 1991 1465 2025 θηρίοις
1491 1992 1507 2026 ἢ
1522 1992 1589 2026 πυρὶ
1605 1991 1759 2027 βάλλεσθαι,
1774 1992 1827 2019 κᾶν

1042 2035 1105 2062 ἄλλο
1134 2044 1160 2062 τι
1183 2036 1236 2061 τῶν
1259 2036 1387 2071 λυπηρῶν
1411 2037 1566 2071 ὑπομένειν,
1582 2037 1632 2073 τὴν
1652 2037 1705 2064 τῶν
1726 2037 1828 2073 τριχῶν

1042 2079 1221 2114 ἀναισθησίαν
1235 2081 1263 2105 ὲν
1274 2081 1305 2115 τῇ
1318 2080 1399 2115 πείρᾳ
1410 2080 1464 2106 τῶν
1479 2080 1610 2114 ἀλγεινῶν
1626 2081 1826 2116 ὑποκρίνονται.

210 2130 238 2157 in
261 2127 372 2156 horrido
393 2127 571 2162 squalidoque
588 2135 714 2162 corpore,
739 2128 860 2162 caprinis
875 2128 990 2162 pellibus

1045 2125 1170 2157 Τοιοῦτος
1185 2123 1219 2159 ἦν
1242 2125 1334 2156 Ἠλίας
1349 2126 1365 2151 ὀ
1378 2125 1411 2151 ὲκ
1427 2124 1472 2151 τοῦ
1490 2125 1596 2152 Γαλαὰδ
1617 2123 1741 2160 ἀνασχὼν
1753 2124 1831 2152 δασεῖ

210 2177 318 2204 tectus,
344 2171 377 2198 ad
406 2179 502 2199 omnes
525 2172 632 2207 tyranni
656 2172 746 2199 minas
771 2180 909 2207 nunquam
937 2179 991 2199 non

211 2219 360 2246 interritus.
377 2217 540 2251 Quicunque
556 2217 638 2251 igitur
653 2217 685 2244 ad
711 2217 893 2245 imitationem
909 2225 992 2252 gene-

212 2264 268 2292 rosi
283 2264 310 2290 in
329 2263 381 2289 hoc
398 2262 531 2297 propheta
546 2262 629 2288 animi
641 2262 747 2296 seipsos
763 2270 844 2297 supra
861 2262 993 2290 mundum

212 2310 286 2337 hunc
300 2309 458 2335 universum
477 2308 614 2339 attollunt,
631 2312 757 2342 egentes,
775 2308 877 2342 pressi,
902 2308 995 2336 aulicti

213 2355 240 2381 in
257 2353 406 2385 montibus,
425 2353 521 2384 antris,
540 2353 666 2379 cavernis
688 2357 778 2384 terrae,
802 2353 903 2387 quibus
917 2352 996 2380 deni-

212 2408 265 2436 que
285 2399 402 2426 mundus
426 2405 479 2425 non
492 2403 534 2424 est
548 2398 647 2432 dignus
658 2397 701 2424 ":
719 2398 744 2424 lii
773 2406 835 2425 vero
862 2399 996 2433 gregatim

214 2446 286 2473 circa
315 2444 435 2471 universi
462 2443 543 2476 hujus
572 2447 653 2477 caput
681 2444 834 2478 conspecti,
866 2443 996 2471 Ecclesiae

215 2488 300 2522 gloria
320 2487 396 2519 liunt,
422 2487 454 2512 ad
474 2487 611 2514 caelestem
636 2487 751 2521 gratiam
783 2495 836 2514 una
862 2495 924 2514 cum
949 2489 997 2515 illo

215 2533 354 2561 Galaadite
369 2534 406 2560 ita
422 2532 654 2560 conscendentes.

250 2621 383 2648 Caeterum
416 2628 504 2655 capra:
529 2621 656 2647 animalis
685 2620 712 2646 in
752 2619 802 2646 hac
828 2619 992 2653 capillorum

215 2667 370 2695 laudatione
399 2667 502 2694 mentio
529 2666 599 2694 facta
624 2665 817 2698 est,‘fortasse
847 2670 993 2700 propterea

250 2756 294 2785 “l
309 2757 371 2785 Cor.
391 2765 427 2789 xl,
444 2756 487 2784 15.
525 2757 546 2772 ⁸⁷
566 2756 644 2782 Prov.
663 2763 690 2789 ι,
708 2755 750 2781 14.

1045 2171 1091 2197 καὶ
1110 2170 1249 2205 αὑχμῶντι
1265 2170 1305 2205 τῷ
1328 2169 1450 2205 σώματι,
1464 2170 1595 2206 δέρμασιν
1619 2170 1695 2204 αἰγὸς
1710 2171 1828 2196 ἐσκεπα-

1046 2215 1155 2250 σμένος,
1170 2216 1238 2250 πρὸς
1251 2216 1340 2242 πᾶσαν
1352 2216 1464 2251 ἀπειλὴν
1478 2216 1527 2242 τοῦ
1540 2215 1670 2251 τυράννου
1684 2215 1829 2250 ἀπτόητος.

1048 2261 1124 2287 Ὅσοι
1138 2261 1227 2288 τοίνυν
1244 2262 1313 2288 κατὰ
1330 2261 1445 2296 μίμησιν
1464 2263 1512 2295 τῆς
1526 2262 1573 2288 τοῦ
1592 2261 1730 2297 προφήτου
1745 2269 1830 2296 μεγα-

1048 2306 1159 2341 λοφυῖας
1182 2306 1227 2333 τοῦ
1255 2307 1355 2341 κόσμου
1370 2307 1469 2338 παντὸς
1492 2307 1604 2338 ἑαυτοὺς
1624 2306 1828 2341 ὑπεραίρουσιν,

1048 2351 1248 2387 ὑστερούμενοι,
1265 2351 1424 2386 θλιϐόμενοι,
1436 2352 1648 2387 κακουχούμενοι
1657 2352 1685 2378 ὲν
1696 2351 1772 2387 ὄρεσι
1784 2351 1830 2377 καὶ

1049 2396 1200 2430 σπηλαίοις,
1225 2397 1271 2424 καὶ
1296 2399 1354 2428 ταῖς
1368 2398 1447 2429 ὀπαῖς
1467 2398 1515 2432 τῆς
1537 2397 1606 2432 γῆς,
1626 2393 1664 2425 ὧν
1685 2397 1735 2424 οὐκ
1758 2396 1832 2423 ἐστιν

1048 2440 1122 2474 ἄξιος
1136 2441 1149 2466 ὁ
1164 2441 1273 2476 κόσμος·
1288 2438 1359 2468 οὗτοι
1380 2441 1508 2477 ἀγεληδὸν
1526 2442 1589 2477 περὶ
1602 2442 1650 2476 τὴν
1671 2442 1716 2468 τοῦ
1732 2441 1831 2472 παντὸς

1048 2486 1169 2522 κεφαλὴν
1184 2486 1374 2522 θεωρούμενοι,
1389 2487 1451 2519 δόξα
1459 2487 1577 2522 γίνονται
1589 2488 1639 2522 τῆς
1659 2487 1831 2521 Ἐκκλησίας,

1049 2532 1095 2558 ἐπὶ
1114 2531 1160 2567 τὴν
1187 2531 1310 2566 οὐράνιον
1329 2533 1408 2568 χάριν
1433 2532 1471 2567 τῷ
1496 2533 1646 2568 Γαλααδίτῃ
1672 2531 1833 2559 συναναὸαί-

1049 2585 1119 2603 νοντε
1124 2587 1146 2608 ς.

1083 2623 1119 2649 Τὸ
1133 2623 1161 2649 δὲ
1173 2624 1222 2658 τῆς
1236 2624 1311 2657 αἰγὸς
1326 2624 1394 2656 ζῶον
1415 2625 1454 2657 είς
1475 2624 1519 2652 τὸν
1532 2624 1585 2651 τῶν
1604 2625 1704 2661 τριχῶν
1724 2625 1833 2652 ἔπαινον

1050 2669 1208 2704 παρελήφθη
1219 2690 1226 2703 ,
1238 2669 1308 2704 τάχα
1332 2670 1391 2705 μὲν,
1405 2671 1446 2697 ὅτι
1465 2671 1511 2697 καὶ¹
1527 2672 1544 2705 ἡ
1558 2670 1638 2705 φύσις
1650 2670 1696 2698 τοῦ
1713 2670 1834 2700 τοιοῦτον

789 2755 811 2771 ⁸⁸
835 2754 899 2783 ilcb.
917 2764 953 2788 xt,
974 2757 1018 2789 57,
1033 2757 1077 2785 58.
