1978 3068
111 173 173 203 “05

611 180 644 207 IN
663 181 810 210 CANTICA
825 181 959 210 CANTIC.
981 178 1122 211 IIOMILIIA
1142 185 1198 212 XV.

1655 185 1726 214 “06

109 232 358 280 {mourxmklﬁlwg
372 236 438 272 πρὸς
455 238 503 274 τὴν
528 239 633 273 γένεσιν
646 241 698 268 τῶν
710 242 810 278 τριχῶν
827 251 887 270 κατ-

943 243 1017 277 quod
1052 244 1134 279 hujus
1159 243 1287 271 animalis
1310 248 1409 271 natura
1441 243 1540 272 idonee
1568 251 1724 280 comparata

111 279 268 307 εσκεύασται
287 281 356 308 ὥστε
368 282 481 318 αῐνιγμα
495 284 541 310 τοῦ
553 285 597 311 διὰ
610 285 661 312 τῶν
674 288 775 322 τριχῶν
787 288 888 323 κόσμου

110 325 228 358 γενέσθαι
241 325 271 352 τὸ
282 326 360 358 ζῶον,
374 327 404 353 τὸ
413 329 472 359 ταῖς
483 328 554 364 Θριξὶ
567 330 688 363 φυσικῶς
700 331 890 367 δασυνόμενον

110 370 176 406 ηὸτι
191 371 235 398 διὰ
252 371 306 398 τῶν
327 373 434 408 πετρῶν
447 374 630 410 ἀνολισθήτως
646 375 748 411 βαίνει,
764 378 812 404 καὶ
826 379 889 414 περὶ

107 415 154 449 τὰς
174 417 296 453 κορυφὰς
322 418 377 445 τῶν
404 419 488 455 ὁρέων
515 421 732 456 ἀναστρέφεται,
762 423 807 450 διὰ
835 424 890 451 τῶν

108 460 293 497 δυσπορεύτων
318 464 363 491 καὶ
381 464 524 500 ἀποτόμων
537 466 678 501 εὐθαρσῶς
703 468 752 502 τὴν
776 469 890 504 πορείαν

108 506 275 541 ποιούμενον·
293 508 361 544 ὅπερ
381 510 437 542 τοῖς
449 509 498 546 τὴν
515 513 644 546 τραχεῖαν
654 512 704 548 τῆς
719 513 818 549 ἀρετῆς
831 514 890 541 ὁδὸν

109 552 264 588 κατορθοῦσι
284 554 566 590 προσφυῶς⁶.Μᾶλλον
580 557 602 583 δ’
613 558 646 584 ἄν
654 567 696 590 τις
709 558 780 586 εἴποι
800 560 844 586 διὰ
859 560 890 586 τὸ

112 597 174 633 πρὸς
188 599 271 626 πολλὰ
286 601 334 635 τῆς
348 602 464 637 νομικῆς
477 603 633 638 ἱερουργίας
648 604 699 631 ὑπὸ
717 604 764 631 τοῦ
778 605 890 640 νομοθέ-

108 650 153 668 του
169 643 350 679 παρειλῆφθαι
374 646 404 672 τὸ
425 645 504 679 ζῶον,
523 648 659 675 συντελεῖν
680 650 779 682 ταύτας
794 653 825 685 τῇ
845 659 890 678 κε-

110 688 175 723 φαλῇ
188 689 255 724 πρὸς
271 690 416 726 ἐγκώμιον.
434 691 499 719 Οἶδα
519 694 548 720 δὲ
562 695 591 721 ἐν
605 697 660 727 τοῖς
676 697 725 731 τῆς
735 698 890 732 Παροιμίας

108 733 260 769 αἰνίγμασιν
282 736 311 762 ἐν
333 738 390 769 τοῖς
412 738 540 774 τέσσαρσι
565 742 620 772 τοῖς
639 741 839 776 εὐοδουμένοις,
861 743 889 769 ἓν

108 778 150 805 καὶ
173 779 252 806 τοῦτο
274 781 328 807 τῶν
353 781 443 813 καλῶς
467 783 657 811 διαϐαινόντων
684 786 889 821 ἀπηριθμῆσθαι

107 823 148 850 τὸν
159 825 258 858 τράγον
277 826 321 852 τὸν
342 827 494 862 ἡγούμενον
513 828 561 855 τοῦ
580 829 714 858 αἰπολίου.
733 832 765 857 "O
780 832 807 858 δὲ
825 832 889 868 περὶ

106 869 196 896 τούτου
212 872 395 906 στοχαστικῶς
417 873 595 909 ὑπονοοῦμεν,
611 875 728 902 τοιοῦτόν
742 877 799 902 ἐστι
810 882 818 889 ·
831 878 889 904 Πᾶν

943 289 980 316 sil
1000 289 1033 316 ad
1052 290 1233 325 proferendos
1251 290 1322 326 pilos
1342 299 1348 318 :
1365 290 1403 317 ita
1424 295 1453 317 ut
1466 291 1619 319 ornamenti
1640 293 1726 327 capil-

942 334 1031 362 lorum
1060 336 1149 370 imago
1180 335 1303 371 quaedam
1333 336 1386 364 hoc
1417 337 1505 371 ipsum
1538 337 1638 364 animal
1672 338 1724 369 sit.

943 381 1016 415 quod
1034 389 1047 408 a
1065 386 1163 409 natura
1184 383 1256 417 pilos
1282 383 1383 410 densos
1400 382 1492 410 habet.
1513 383 1562 410 Vel
1585 383 1658 418 quod
1678 391 1726 418 per

943 435 1011 455 saxa
1027 428 1088 456 sine
1104 429 1158 455 ulla
1176 428 1274 463 pedum
1299 428 1452 456 otl‘ensione
1474 428 1578 461 tendat,
1607 433 1634 456 et
1650 429 1724 455 circa

942 474 1059 501 vortices
1076 474 1209 502 montium
1225 479 1360 506 versetur,
1376 481 1424 509 per
1436 474 1494 501 loca
1521 474 1637 501 transitu
1655 473 1726 501 dim-

943 518 1005 545 cilia
1024 523 1217 553 prmruptaque
1233 517 1348 545 fidenter
1358 517 1490 545 incedens
1507 525 1513 544 :
1527 516 1555 544 id
1576 516 1647 550 quod
1664 521 1726 551 apte

942 563 976 590 ad
999 571 1047 591 eos
1076 563 1340 595 accommodabitur,
1368 563 1415 598 qui
1438 563 1570 598 prmelare
1599 569 1724 596 asperam

942 608 1055 636 virtutis
1078 609 1150 635 viam
1171 609 1332 636 conficiunt.
1357 608 1481 643 Denique
1506 607 1608 635 dixerit
1632 607 1724 634 forsan

943 653 1056 688 aliquis,
1081 657 1225 689 propterea
1247 661 1295 688 per
1311 653 1361 680 has
1385 652 1418 680 ad
1445 652 1547 687 capitis
1567 651 1724 679 encomintn

943 699 1046 734 aliquid
1059 699 1200 732 accedere,
1216 699 1289 734 quod
1308 698 1410 726 animal
1424 698 1477 725 hoc
1492 697 1525 725 ad
1547 697 1633 724 multa
1650 697 1725 730 lega-

942 745 978 771 lia
997 744 1134 771 sacriﬁcia
1163 745 1200 771 sit
1219 751 1234 771 a
1253 743 1329 771 Mose
1353 747 1526 778 usurpatum.
1553 741 1617 769 Scio
1639 741 1723 768 etiam

942 790 969 817 in
985 789 1138 824 acnigmatis
1155 789 1217 816 libri
1232 788 1442 816 Proverbiorum
1454 788 1526 814 inter
1540 791 1662 821 quatuor
1676 785 1722 811 illa

942 841 1003 869 quae
1016 834 1086 861 bene
1108 833 1251 865 incedunt,
1276 832 1417 860 numerari
1440 831 1548 858 hircum
1578 830 1723 857 ducentem

942 886 1086 914 caprarum
1113 886 1233 914 gregem.
1250 877 1288 904 De
1305 884 1360 912 quo
1373 879 1469 904 nostra
1498 874 1606 910 quidem
1629 873 1725 908 hujus-

105 915 270 951 ἐπιτήδευμα
281 917 314 943 δι’
331 918 389 950 ἐνὸς
401 919 549 954 ἀρχόμενον
560 921 600 951 εἰς
612 920 725 953 πολλοὺς
735 921 887 949 διαδίδοταιι

941 925 1017 952 modi
1033 923 1194 958 conjectura
1207 928 1249 951 est
1263 930 1269 948 :
1286 921 1407 955 Quodvis
1430 921 1600 952 institutum,
1617 919 1652 945 ab
1668 925 1724 945 uno

105 959 199 992 ὼς.ὲπὶ
215 961 264 996 τῆς
281 962 461 998 χαλκευτικῆς
473 965 490 998 ἡ
505 965 599 1001 Γραφὴ
613 965 658 991 τὸν
672 966 757 993 Θόὃελ
777 967 890 1002 εὑρετὴν

105 1005 152 1040 τῆς
166 1007 264 1042 τέχνης
278 1008 393 1035 εἰποῦσα
404 1030 411 1041 ,
434 1010 540 1037 πάντων
557 1010 610 1037 τῶν
630 1012 688 1046 μετ’
705 1012 786 1039 αὑτὸν
806 1022 890 1048 μετα-

106 1051 296 1086 χειριζομένων
319 1053 365 1079 τοῦ
391 1054 499 1090 σιδήρου
522 1055 571 1090 τὴν
591 1057 722 1091 ἐργασίαν
736 1059 766 1089 ὲς
788 1058 890 1086 ἐκεῖνον

104 1095 199 1129 ἀνάγει
219 1096 268 1132 τὴν
281 1098 444 1134 ἐπιστήμην·
465 1099 536 1127 οὓτω
558 1101 605 1127 καὶ
620 1103 669 1136 τῆς
683 1104 863 1138 ποιμαντικῆς
876 1105 890 1130 ό

108 1141 188 1167 Ἀὃελ
212 1143 342 1177 ἡγήσατο,
366 1144 412 1170 καὶ
436 1145 505 1171 Κάῖν
532 1146 581 1181 τῆς
601 1147 749 1183 γεωργίας,
776 1150 823 1176 καὶ
844 1150 889 1177 τὸν

103 1186 217 1222 Νεϐρὼδ
229 1189 350 1224 ἀρχηγὸν
373 1189 446 1224 λέγει
463 1191 514 1226 τῆς
528 1193 710 1227 κυνηγετικῆς
724 1194 888 1230 ἐπιστήμης,

104 1233 149 1258 καὶ
177 1233 228 1268 τῆς
246 1234 450 1270 ἁμπελουργίας
471 1236 515 1262 τὸν
536 1237 608 1270 Νῶε,
632 1238 746 1273 καὶγτῆς
769 1240 808 1271 εἰς
825 1239 890 1266 Θεὸν

103 1276 209 1308 ἐλπίδος
219 1278 264 1304 τὸν
283 1278 365 1310 Ἐνώς
377 1289 458 1315 φησιν
469 1280 611 1316 ἄρξασθαι·
627 1284 673 1310 καὶ
685 1283 769 1310 πολλὰ
780 1285 889 1312 τοιαῦτα

103 1322 177 1357 παρὰ
193 1323 241 1358 τῆς
255 1324 333 1358 ἁγίας
346 1323 406 1353 ἔστι
428 1326 582 1363 διδαχθῆναι
600 1329 620 1354 Γ
623 1329 720 1364 ραφῆς,
737 1331 778 1357 ὅτι
791 1331 850 1363 ἑνός
863 1340 889 1358 τι

102 1368 325 1402 ὲπιτηδεύσαντος
337 1371 444 1406 εἰσῆλθε
465 1373 535 1399 κατὰ
550 1374 665 1409 μίμησιν
680 1376 720 1407 εὶς
731 1375 776 1402 τὸν
791 1376 847 1411 βίον
859 1377 889 1403 τὸ

102 1412 280 1449 ἐπιτήδευμα.
309 1416 416 1452 Ἐπειδὴ
438 1417 526 1444 τοίνυν
546 1419 593 1445 τοῦ
613 1419 684 1446 θείου
701 1419 782 1456 ζήλου
796 1422 887 1456 διαφε-

101 1458 202 1493 ρόντως
213 1460 283 1487 κατὰ
294 1462 382 1488 πᾶσαν
395 1463 489 1499 ἐξοχὴν
501 1465 514 1490 ό
532 1465 621 1491 Ἠλίου
634 1466 817 1502 καθηγήσατο,
833 1469 889 1495 ὅσοι

101 1505 161 1538 μετ’
185 1506 286 1532 ἐκεῖνον
313 1507 359 1533 τὸν
382 1509 485 1535 ἐκείνου
509 1511 692 1546 μιμησάμενοι
720 1513 808 1547 ζῆλον,
834 1515 889 1546 τοῖς

99 1552 192 1585 αὐτοῖς
206 1553 290 1588 ἴχνεσι
303 1556 352 1591 τῆς
365 1557 410 1583 τοῦ
422 1559 560 1593 προφήτου
576 1560 729 1595 παρρησίας
741 1561 888 1595 ἐπηκολού-

101 1597 197 1633 θησαν,
210 1600 330 1628 αἰπόλιον
347 1602 472 1636 γεγόνασι
490 1603 536 1629 τοῦ
548 1605 720 1639 ἡγησαμένου
735 1605 784 1640 τῆς
796 1606 886 1632 τοιαύ-

99 1651 151 1679 ¹ιτης
166 1644 248 1680 ζωῆς,
267 1646 363 1679 οἵτινες
385 1648 447 1680 δόξα
469 1649 517 1683 τῆς
541 1650 703 1683 Ἐκκλησίας
717 1650 764 1676 καὶ
779 1650 887 1683 ἔπαινος

99 1689 235 1723 γίνονται,
257 1693 296 1724 εἰς
315 1693 361 1719 τόν
377 1694 430 1720 τῶν
443 1695 542 1729 τριχῶν
560 1695 759 1729 καταταγέντες
775 1697 887 1731 κόσμον,

97 1731 138 1761 ὧν
158 1736 174 1770 ἡ
196 1737 341 1774 αἰσθητικὴ
363 1738 419 1774 ζωὴ
438 1739 602 1775 κεχώρισται
625 1741 670 1768 καὶ
697 1741 889 1777 ἠλλοτρίωται.

98 1780 149 1806 Διὰ
164 1782 217 1807 τῶν
236 1783 336 1817 ὁμοίων
355 1784 456 1819 πληροῖ
469 1785 515 1811 καὶ
534 1786 589 1816 τοῖς
606 1785 694 1812 ὀδοῦσι
710 1787 754 1813 τὸν
768 1787 887 1815 ἔπαινον.

99 1823 180 1854 Οὗτοι
194 1827 216 1853 δ’
232 1827 264 1853 ἂν
277 1825 330 1854 εἷεν
354 1829 378 1854 ot
390 1830 533 1864 τρέφοντες
548 1830 583 1856 δι’
598 1831 702 1858 ἑαυτῶν
710 1832 760 1867 τῆς
777 1832 888 1868 Ἐκκλη-

100 1871 161 1903 σίας
173 1872 202 1898 τὸ
217 1873 306 1907 σῶμα,
325 1873 371 1905 οὓς
387 1874 510 1908 βούλεται
525 1876 574 1910 μὲν
586 1876 701 1903 πάντοτε
718 1877 755 1909 ὡς
767 1879 821 1905 ἀπὸ
832 1879 888 1906 λου-

99 1917 165 1952 τροῦ
180 1917 316 1953 καθαροὺς
336 1919 465 1954 ὁρᾶσθαι,
483 1921 644 1956 ἀπερίττους
659 1922 702 1949 διὰ
720 1923 819 1956 παντὸς
839 1925 888 1958 τὰς

99 1962 205 1998 τρίχας,
225 1962 262 1994 ὡς
277 1963 329 1989 ἀπὸ
345 1965 500 1999 προσφάτου
527 1967 638 2001 κουρᾶς·
656 1967 726 1994 κατὰ
740 1968 768 1994 δὲ
785 1969 830 1995 τὸν
846 1970 886 1996 τό-

97 2016 148 2035 κον
167 2007 220 2033 τῶν
237 2008 343 2043 ἀρετῶν
365 2009 571 2044 διδυμεύοντας,
595 2012 643 2047 τῆς
657 2012 753 2048 διπλῆς
769 2014 887 2051 καθαρεῖ·

96 2061 181 2088 τητος
199 2054 360 2088 γενομένους
379 2055 514 2091 πατέρας,
529 2057 580 2092 τῆς
596 2067 626 2084 τε
644 2059 715 2085 κατὰ
728 2060 826 2096 ψυχὴν,
841 2062 888 2088 καὶ

97 2099 149 2133 τῆς
165 2099 234 2126 κατὰ
250 2100 328 2134 σῶμα
341 2101 539 2137 Θεωρουμένης·
553 2103 590 2134 ὡς
601 2104 737 2139 ἐξόριστον
751 2104 819 2133 εἶναι
834 2108 887 2134 τῶν

96 2143 216 2170 ὀδόντων
236 2145 346 2177 τοϋτων,
367 2147 421 2172 πᾶν
448 2147 477 2173 τὺ
497 2147 609 2181 ἀγονοῧν
631 2150 660 2176 ὲν
682 2150 721 2185 τῷ
741 2152 885 2187 κρείττονι.

96 2187 136 2214 Τὸ
161 2189 189 2215 δὲ
210 2190 340 2224 σπαρτίον
359 2191 389 2217 τὸ
409 2192 454 2217 ἐπὶ
472 2192 517 2218 τοῦ
540 2193 645 2228 χείλους
665 2195 813 2230 τιθέμενον,
837 2199 886 2233 τὴν

95 2235 313 2271 μεμετρημένην
342 2235 387 2262 τοῦ
408 2236 486 2271 λόγου
506 2238 644 2265 διακονίαν
672 2241 822 2277 παραδηλοί
846 2243 885 2278 τῷ
903 2257 924 2284 D

96 2281 249 2315 αἰνίγματι,
265 2282 332 2316 ὅπερ
353 2282 367 2308 ὁ
388 2283 532 2318 Προφήτης
553 2284 675 2320 φυλακήν
687 2294 716 2312 τε
736 2287 781 2313 καὶ
803 2287 886 2324 θύραν

95 2328 230 2362 περιοχῆς
244 2328 450 2363 κατωνόμασεν·
472 2330 536 2356 ὅταν
554 2331 582 2355 ἐν
599 2331 688 2366 καιρῴ
701 2332 841 2368 ἁνοίγηται
856 2335 886 2361 τὸ

95 2372 189 2407 στόμα
203 2373 248 2399 τοῦ
261 2374 350 2407 λόγου,
364 2375 411 2401 καὶ
424 2375 495 2402 κατὰ
505 2375 600 2411 καιρὸν
612 2378 815 2414 κατακλείηται.
834 2380 887 2407 Μέ-

93 2426 163 2453 τρου
181 2418 208 2444 δὲ
231 2419 314 2454 ὄνομα
327 2420 356 2446 τὸ
380 2421 509 2455 σπαρτίον
529 2419 609 2454 εἶναι,
625 2423 701 2458 παρὰ.
712 2424 762 2459 τῆς
779 2434 885 2460 προφη-

91 2463 174 2494 τείας
190 2463 235 2490 τοῦ
249 2464 382 2499 Ζαχαρίου
397 2465 605 2501 μεμαθήκαμεν·
620 2467 661 2494 ὅτι
678 2469 807 2504 σπαρτίον
819 2479 884 2504 γεω-

94 2508 229 2544 μετρικὸν
249 2509 278 2537 ὲν
292 2510 385 2545 χερσὶν
402 2507 473 2545 εἶχεν
491 2513 505 2538 ό
523 2513 551 2538 ὲν
568 2513 641 2548 αὐτῷ
655 2513 742 2541 λαλῶν
759 2515 883 2550 ἄγγελος.

92 2555 166 2583 Τότε
185 2555 212 2581 δὲ
229 2555 346 2590 μάλιστα
363 2556 491 2591 τυγχάνει
510 2558 557 2584 τοῦ
578 2559 676 2594 μέτρου
691 2561 706 2587 ό
717 2561 807 2595 λόγος,
821 2563 884 2589 ὅταν

91 2601 356 2636 περικεχρωσμένος
373 2601 442 2638 τύχῃ
461 2602 499 2637 τῷ
517 2603 679 2640 ἐρυθήματι,
695 2607 764 2642 ὅπερ
781 2608 827 2635 τοῦ
842 2610 884 2636 αἵ-

91 2653 184 2680 ματος
195 2645 242 2671 τοῦ
255 2645 463 2680 λυτρωσαμένου
478 2647 551 2682 ἡμᾶς
561 2648 674 2685 αἴνιγμα
689 2651 801 2685 γίνεται.
822 2653 884 2680 Ἐὰν

90 2690 148 2725 μέν
160 2698 203 2721 τις
217 2689 289 2716 κατὰ
306 2690 351 2716 τδν
366 2690 471 2717 Παῦλον
485 2691 615 2719 λαλοῦντα
628 2693 684 2729 ἔχει
697 2696 725 2723 ἐν
739 2697 827 2732 ἑαυτῷ
837 2698 881 2724 τὸν

88 2735 224 2771 Χριστὸν,
242 2736 288 2761 τὸν
304 2735 361 2771 ἰδίῳ
377 2735 471 2770 αἵματι
486 2736 693 2773 λυτρωσάμενον
706 2741 790 2776 ἡμᾶς,
805 2739 881 2775 οὗτος

89 2781 153 2816 ἔχει
170 2780 200 2807 τὺ
213 2782 396 2817 γεωμετρικὸν
413 2784 543 2818 σπαρτίον
560 2784 606 2811 ἐπὶ
623 2785 668 2812 τοῦ
685 2787 831 2822 στόματος,
847 2791 879 2825 τῇ

89 2827 171 2868 βαφῇ
186 2827 220 2862 τῇ
235 2827 380 2862 αἰματώδει
393 2828 634 2864 καλλωπιζόμενον.

131 2885 158 2901 ⁸³
171 2883 244 2913 Psal.
260 2893 321 2918 ch,
339 2885 364 2913 3.
403 2887 425 2903 "
438 2886 520 2914 Zaclt.
538 2895 567 2921 ιι,
589 2889 613 2916 l.

941 971 1032 1005 aliquo
1046 974 1177 1005 coeptum,
1192 969 1218 996 in
1234 968 1336 995 multos
1353 967 1430 1002 quasi
1446 966 1559 998 diditur,
1580 968 1610 991 ut
1624 964 1651 991 in
1666 967 1725 991 arte

941 1016 1056 1044 ferraria
1076 1015 1187 1042 Littera:
1205 1022 1291 1042 sacrm
1309 1013 1463 1040 indicantes
1499 1015 1640 1039 auctorem
1664 1009 1724 1043 ejus

941 1061 1008 1088 artis
1027 1068 1088 1088 esse
1108 1059 1276 1091 Thobclum,
1307 1057 1450 1085 scientiam
1466 1063 1560 1084 eorum
1588 1054 1723 1086 omnium,

941 1107 988 1142 qui
1013 1109 1072 1141 post
1095 1105 1169 1132 hunc
1191 1104 1255 1132 ferri
1264 1103 1474 1131 elaborationem
1502 1104 1666 1132 tractarunt,
1689 1100 1722 1126 ad

940 1153 1031 1187 ipsum
1049 1150 1181 1178 referunt.
1195 1149 1296 1177 Eodem
1313 1148 1396 1176 modo
1413 1148 1451 1175 rei
1472 1147 1602 1182 pastoriae
1617 1147 1723 1181 primus

940 1200 1036 1224 auctor
1053 1196 1119 1223 Abel
1131 1195 1246 1224 exstitit.
1263 1193 1331 1221 Cain
1347 1192 1549 1228 agricultionis,
1570 1191 1722 1219 venatoria:

939 1240 1088 1273 Nembrod,
1103 1240 1199 1266 vitium
1214 1239 1328 1266 culturae
1339 1237 1406 1270 Noe,
1418 1236 1491 1264 Enos
1517 1236 1543 1262 in
1562 1235 1645 1262 Deum
1664 1235 1722 1270 pri-

940 1295 1002 1314 mus
1025 1282 1154 1321 spel‘asse
1174 1285 1285 1318 dicitur,
1312 1283 1434 1317 adeoque
1455 1282 1539 1309 multa
1559 1282 1593 1309 de
1613 1280 1723 1308 Litteris

940 1332 1026 1360 sacris
1039 1330 1195 1366 hujusmodi
1212 1329 1452 1364 lieetintelligere:
1467 1328 1597 1354 nimirum
1611 1330 1722 1361 postea-

939 1385 1020 1413 quam
1038 1386 1109 1405 unus
1125 1377 1227 1412 aliquid
1242 1377 1404 1410 instituerit,
1427 1376 1479 1402 hoc
1497 1376 1586 1410 ipsum
1608 1375 1721 1402 institu-

940 1427 997 1450 tttm
1013 1423 1112 1450 deinde
1134 1430 1181 1457 per
1208 1422 1389 1449 imitationem
1415 1421 1443 1448 in
1468 1420 1551 1447 vitam
1579 1419 1721 1447 hominum

939 1476 1124 1504 promanasse.
1137 1468 1321 1501 Quamobrem
1335 1474 1398 1494 cum
1419 1466 1448 1493 in
1467 1466 1527 1493 zelo
1539 1465 1633 1492 divino
1644 1471 1723 1499 pror-

940 1521 987 1541 sus
1001 1513 1100 1542 eximie
1116 1520 1197 1548 supra
1211 1516 1325 1540 caeteros
1337 1518 1397 1539 sese
1412 1511 1529 1546 gesserit
1543 1510 1627 1542 Elias,
1643 1509 1721 1544 quasi

940 1559 995 1586 dux
1011 1559 1179 1594 reliquorum
1199 1559 1226 1585 in
1249 1558 1300 1585 hac
1327 1560 1405 1592 parte
1431 1556 1542 1583 factus:
1562 1556 1723 1590 quicunque

939 1604 1087 1640 postillum
1103 1604 1201 1631 imitati
1220 1604 1306 1630 zelum
1325 1604 1396 1638 ejus,
1411 1603 1526 1636 vestigia
1540 1602 1677 1630 libertatis
1693 1601 1720 1629 in

938 1650 991 1677 hoc
1006 1650 1138 1685 propheta
1154 1649 1240 1677 secuti
1252 1654 1328 1681 sunt,
1350 1649 1368 1676 ii
1382 1649 1456 1676 velut
1467 1648 1577 1683 quidam
1594 1656 1659 1683 grex
1675 1655 1722 1675 ca-

937 1695 1045 1729 prarius
1063 1695 1137 1721 illius
1156 1694 1222 1721 facti
1246 1698 1323 1725 sunt,
1348 1694 1394 1728 qui
1418 1695 1546 1728 princeps
1569 1694 1632 1720 talis
1659 1694 1721 1720 vitae

938 1744 1035 1768 auctor
1050 1739 1169 1767 exsistit.
1193 1739 1276 1766 Iidem
1302 1739 1363 1766 laus
1381 1743 1409 1766 et
1435 1739 1521 1774 gloria
1543 1739 1611 1766 fiunt
1627 1737 1720 1765 Eccle—

938 1787 996 1816 siae.
1012 1786 1107 1813 selecti
1126 1789 1155 1812 ut
1169 1785 1332 1820 capillorum
1360 1784 1417 1811 sint
1439 1789 1641 1815 ornamentum,
1657 1790 1719 1810 cum

938 1838 1067 1859 sensuum
1083 1831 1138 1857 vita
1158 1830 1247 1856 locum
1266 1829 1294 1856 in
1310 1829 1351 1856 eis
1371 1828 1477 1855 nullum
1492 1827 1600 1855 haheat.
1617 1826 1719 1854 Eodem

937 1875 1020 1902 modo
1031 1874 1127 1901 dentes
1143 1873 1225 1901 etiam
1251 1872 1355 1905 laudat,
1382 1880 1431 1907 per
1444 1880 1514 1907 quos
1532 1872 1657 1900 fortassis
1681 1871 1719 1898 illi

937 1919 1192 1954 suntintelligendi,
1216 1918 1261 1953 qui
1279 1918 1409 1946 Ecclesiae
1428 1925 1530 1953 corpus
1551 1918 1637 1944 alunt.
1663 1916 1720 1944 Hos

937 1966 995 1994 vult
1006 1973 1113 2000 semper
1124 1964 1246 1999 conspici
1259 1972 1353 1999 puros,
1361 1964 1439 1999 quasi
1450 1963 1591 1998 digressos
1601 1963 1719 1998 primum

938 2019 953 2038 a
967 2011 1076 2038 lavacro
1089 2020 1095 2037 :
1111 2015 1138 2037 et
1154 2010 1269 2045 pilorum
1283 2010 1360 2045 copia
1376 2010 1488 2037 minime
1505 2013 1633 2044 gravatos
1647 2015 1720 2040 esse,

938 2057 1016 2092 quasi
1035 2064 1132 2084 recens
1151 2059 1267 2089 tonsus;
1293 2061 1320 2083 et
1338 2056 1469 2083 virtutum
1493 2055 1602 2083 interim
1627 2055 1721 2082 fecun-

937 2103 1024 2130 ditate
1040 2102 1157 2137 geminis
1180 2101 1282 2128 fetibtts
1306 2101 1446 2136 insignes,
1470 2105 1500 2127 ut
1522 2099 1651 2135 puritatis
1669 2099 1721 2126 du-

937 2148 1016 2183 plicis
1032 2151 1158 2182 parentes
1175 2147 1252 2178 ﬁant,
1273 2151 1330 2173 tum
1350 2154 1411 2180 quae
1425 2145 1452 2172 in
1467 2145 1569 2177 animo,
1587 2148 1644 2171 tum
1659 2152 1721 2179 qua:

937 2194 964 2220 in
989 2201 1104 2229 corpore
1126 2193 1335 2227 conspiciatur:
1352 2191 1474 2226 adeoque
1492 2199 1506 2218 a
1527 2191 1657 2218 dentibus
1678 2190 1720 2218 his

939 2240 1147 2269 exterminetur,
1179 2237 1311 2272 quidquid
1334 2237 1362 2264 in
1388 2236 1565 2264 fetificatione
1590 2236 1654 2264 boni
1678 2239 1721 2263 est.

939 2285 1042 2313 sterile.
1059 2284 1208 2312 Funiculus
1223 2288 1311 2311 autem
1327 2283 1354 2310 in
1368 2283 1447 2310 labro
1466 2282 1627 2314 collocatus,
1642 2289 1720 2309 uten-

937 2338 1001 2358 sura
1013 2331 1129 2365 quadam
1147 2329 1382 2364 circumscriptam
1405 2328 1543 2356 sermonis
1562 2328 1721 2362 usurpatio-

937 2379 998 2404 rtem
1016 2377 1043 2404 in
1058 2376 1201 2410 aenigmate
1215 2379 1303 2406 notat,
1327 2374 1353 2402 id
1368 2374 1444 2409 quod
1461 2373 1599 2408 Propheta
1626 2377 1719 2401 custo-

936 2423 1009 2450 diam
1024 2426 1051 2449 et
1070 2422 1170 2449 ostium
1187 2419 1400 2455 compressionis
1424 2419 1573 2454 appellavit
1588 2428 1595 2446 :
1609 2426 1671 2446 cum
1689 2419 1717 2446 in

936 2473 1057 2503 tempore
1071 2467 1103 2494 ad
1122 2466 1286 2502 loquendum
1302 2473 1335 2494 os
1351 2464 1484 2501 aperitur,
1498 2468 1525 2492 et
1536 2472 1587 2492 suo
1597 2470 1718 2499 tempore

936 2522 1032 2541 rursus
1048 2513 1201 2541 occluditur
1209 2514 1243 2540 ε’.
1252 2512 1414 2540 Funiculum
1426 2514 1515 2538 autem
1525 2518 1659 2538 mensurae
1669 2518 1718 2538 no-

935 2568 997 2588 men
1010 2568 1079 2592 esse,
1092 2560 1125 2587 de
1137 2560 1206 2587 libro
1221 2559 1370 2595 prophetia:
1380 2557 1521 2585 Zacharia:
1530 2557 1714 2585 didicimus”.

936 2605 1057 2633 Habebat
1074 2606 1146 2633 enim
1163 2606 1189 2632 in
1208 2604 1334 2632 manibus
1351 2603 1465 2638 angelus
1476 2603 1502 2630 in
1519 2603 1578 2638 ipso
1588 2603 1714 2637 loquens,

935 2651 1085 2679 funiculum
1103 2659 1158 2687 quo
1171 2655 1271 2679 terram
1288 2649 1379 2682 metiri
1388 2649 1513 2676 homines
1528 2649 1626 2676 solent.
1637 2646 1713 2673 Tunc

935 2703 1024 2726 autem
1040 2698 1129 2726 oratio
1144 2697 1263 2724 maxime
1284 2703 1362 2723 suam
1390 2701 1548 2722 mensuram
1566 2692 1714 2726 consequi-

935 2749 989 2777 tur,
1004 2751 1066 2771 eum
1083 2751 1098 2770 a
1114 2742 1248 2770 rubedine
1259 2741 1382 2769 colorata
1395 2744 1448 2773 est,
1465 2745 1525 2773 quae
1538 2742 1579 2765 est
1599 2736 1715 2771 mnigma

935 2789 1078 2824 sanguinis
1094 2788 1178 2819 illius,
1201 2795 1217 2814 a
1234 2795 1289 2822 quo
1304 2785 1434 2820 redempti
1454 2790 1562 2810 sumus.
1586 2782 1676 2814 Quare
1689 2783 1712 2810 si

936 2833 998 2870 quis
1013 2833 1045 2861 ad
1060 2833 1214 2868 exemplum
1230 2831 1306 2859 Pauli
1329 2830 1467 2858 Christum
1495 2828 1522 2854 in
1544 2835 1574 2855 se
1598 2826 1709 2862 loqueu.
