1978 3068
248 152 260 176 1
271 152 315 177 ΗΠ

866 153 894 181 S.
914 154 1075 183 GREGORII
1095 156 1242 184 NYSSENI

1804 158 1866 187 1108

248 217 301 239 tem
318 212 442 244 habet",
468 214 514 248 qui
536 214 648 249 proprio
667 221 717 242 nos
734 214 868 249 sanguine
896 215 1029 249 redemit,
1067 217 1150 244 etiam
1167 217 1323 245 funiculum
1340 217 1416 244 illum
1435 217 1632 253 geometricum
1650 217 1733 244 habet
1754 225 1781 244 tu
1814 226 1863 250 ore,

249 259 399 294 sanguinea
420 260 539 288 tinctura
552 266 691 288 ornatum.

283 305 348 337 Quae
366 310 456 333 autem
471 311 625 342 sequuntur
638 307 730 340 verba,
758 307 950 343 interpretatio
968 314 1033 338 sunt
1048 312 1072 341 Α

248 351 429 384 prrccedentis
450 353 612 387 a-nigmalis.
630 352 697 380 Nam
715 353 955 382 funiculumillum
973 363 1036 383 coc-

249 397 356 423 cineum
378 399 490 431 exponit
518 399 652 433 loquelam
693 399 857 434 elegantem,
885 409 939 436 qua
970 409 1036 430 voce

250 450 359 469 rursum
379 443 485 477 puritas
498 449 524 470 et
542 444 695 471 moderatio
719 445 902 479 significatur.
931 445 1034 473 Etenim

249 487 321 518 quod
341 492 469 515 accurate
484 489 593 523 elegans
611 495 663 520 est.
690 495 771 525 atque
784 491 845 526 ipso
861 492 887 518 in
902 493 995 526 vigore
1006 499 1036 519 se

249 532 474 567 conspiciendum
491 534 611 566 exhibet,
629 535 654 561 id
668 544 756 570 neque
771 536 958 569 immaturum,
981 545 1037 565 ne-

248 587 302 613 que
318 579 457 606 exoletum
473 584 527 607 est.
545 580 614 607 Cum
630 589 695 608 vero
710 576 808 610 deinde
835 591 884 618 per
899 584 963 610 mali
985 591 1037 618 pu-

249 625 303 651 nici
319 625 449 652 corticem
463 633 547 660 genas
569 631 661 658 ornat,
686 627 818 662 insignem
835 629 982 663 quamdam
1009 630 1035 656 in

248 671 330 698 bonis
347 671 541 706 perfectionem
567 679 675 706 sponsa:
696 673 801 700 tribuit.
821 673 886 701 Vult
906 675 978 701 enim
1001 675 1037 702 si-

248 717 390 747 gniﬁcare,
411 723 464 742 non
482 717 536 743 alia
559 717 675 750 quadam
702 718 728 744 in
747 726 777 745 re
802 719 885 745 situm
900 726 960 746 esse
976 719 1037 746 tlte-

249 769 359 788 saurum
383 762 480 796 ipsius,
510 762 557 789 sed
588 763 674 797 ipsam
696 763 738 790 sui
764 764 850 798 ipsius
877 765 1036 792 thesaurum

248 815 332 840 esse;
352 808 454 842 quippe
479 816 539 842 quae
568 809 659 835 omnis
685 809 749 835 boni
771 804 934 844 apparatum
962 811 990 837 in
1007 818 1036 838 se

249 855 458 888 complectatur.
476 854 543 881 Nam
561 858 589 881 ut
606 855 710 882 cortice
727 855 887 882 continetur
914 856 941 882 id
962 855 1035 891 quod

249 900 420 927 esculentum
433 904 474 927 est
493 901 520 927 in
537 901 609 926 malo
632 901 743 934 punico,
766 901 806 928 sic
822 902 905 928 etiam
924 901 1037 929 demon-

250 951 319 973 strat
331 946 466 973 contineri
484 946 644 973 thesaurum
659 947 719 981 ejus
741 946 898 974 interiorem
914 947 1037 982 pulchri-

250 992 346 1019 tudine
364 992 409 1018 illa
431 993 504 1024 vitae,
522 999 581 1026 qum
594 993 646 1019 sub
662 997 804 1026 aspectum
822 993 909 1020 cadit.
928 993 1039 1028 Hicigi-

250 1043 295 1065 tur
309 1043 352 1065 est
367 1038 492 1065 occultus
510 1038 554 1065 ille
569 1038 627 1072 spei
645 1038 793 1067 thesaurus
805 1040 935 1074 proprius
954 1039 1038 1067 animi

251 1085 368 1115 fructus.
390 1085 436 1118 qui
457 1084 511 1111 vita
539 1084 634 1111 virtuti
654 1089 840 1112 consentanea
869 1086 948 1120 quasi
970 1094 1038 1120 quo-

249 1131 312 1158 dam
333 1131 395 1158 ntali
413 1131 505 1165 punici
519 1131 623 1158 cortice
642 1132 823 1164 continetur.‘
843 1132 922 1164 Quod
946 1138 1036 1160 autem

250 1178 360 1205 additur
375 1187 381 1204 2
396 1177 499 1204 Prwter
511 1177 538 1203 id
555 1177 624 1211 quod
644 1177 671 1204 iit
695 1184 719 1204 te
734 1178 879 1209 reticetur;
906 1179 988 1211 hanc,
1010 1184 1039 1206 ut

250 1223 380 1254 arbitror,
398 1222 563 1250 sententiam
584 1223 677 1254 habet,
705 1229 760 1249 nou
782 1227 838 1250 tam
863 1231 897 1250 ex
917 1223 1040 1251 cadenti-

250 1270 302 1297 bus
316 1269 527 1303 sub‘aspectum
547 1269 679 1296 mstimari
702 1269 810 1296 laudem
827 1269 900 1296 hanc
926 1270 1038 1303 debere,

250 1317 387 1349 quatenus
397 1314 455 1342 haec
462 1314 552 1341 verbis
561 1319 735 1349 exponuntur
751 1324 757 1341 :
772 1322 855 1349 quam
870 1323 902 1342 ex
912 1315 955 1343 iis.
966 1322 1041 1350 qua:-

250 1368 360 1396 cunque
381 1360 494 1388 silentio
524 1364 665 1395 teguntur,
689 1360 885 1388 iudicationem
912 1369 974 1396 qua;
992 1368 1040 1396 per

250 1406 334 1432 verba
361 1405 418 1437 fiat,
441 1405 612 1440 eﬂ‘ugicntia.
641 1405 877 1438 Quemadmodum
903 1407 976 1433 enim
1000 1406 1038 1438 id,

250 1452 324 1487 quod
338 1452 426 1478 oratio
441 1459 495 1479 non
510 1456 562 1482 est.
587 1452 727 1479 silentium
740 1460 803 1480 esse
825 1453 984 1486 statuimus,
1001 1454 1039 1480 ita

251 1498 360 1533 siquod
388 1505 404 1525 a
430 1498 540 1525 silentio
556 1502 598 1526 est
620 1498 770 1531 diversum,
794 1499 949 1527 orationem
976 1499 1039 1534 quis

250 1552 313 1572 esse
329 1544 438 1575 dixerit,
453 1551 508 1571 non
524 1544 636 1571 errabit.
652 1544 720 1572 Nam
744 1544 770 1572 id
784 1545 945 1578 reticemus,
963 1546 1038 1580 quod

250 1590 344 1617 verbis
373 1590 518 1616 enuntiare
556 1597 609 1616 non
641 1597 800 1624 possumus.
833 1589 862 1617 Si
888 1597 953 1625 ergo
973 1591 1040 1617 illud

1127 311 1156 336 '0
1179 310 1200 336 δ’
1222 309 1321 344 ἑφεξῆς
1340 309 1428 343 λόγος,
1449 309 1582 344 ἑρμηνεία
1604 309 1662 335 ἐστὶ
1687 308 1734 334 τοῦ
1759 307 1869 344 πρόσθεν

1087 356 1255 391 αἰνίγματος.
1280 356 1381 383 Λαλιάν
1395 355 1449 389 γὰρ
1470 355 1573 391 ὡραίαν
1590 354 1717 389 ὀνομάζει
1742 354 1771 380 τὸ
1790 363 1870 390 σπαρ-

1086 402 1142 429 τίον
1158 403 1188 428 τὸ
1202 402 1335 434 κόκκινον,
1357 402 1390 428 δι’
1412 399 1441 428 οὗ
1464 401 1543 428 πάλιν
1562 400 1690 435 σημαίνει
1711 399 1740 426 τὸ
1758 399 1871 434 καθαρὸν

1087 449 1133 475 καὶ
1149 448 1295 483 ἔμμετρον.
1310 447 1347 474 Τὸ
1372 447 1425 484 γὰρ
1447 447 1568 482 ἀκριϐῶς
1589 446 1700 481 ὡραῖον,
1717 445 1764 472 και¹
1786 445 1815 471 ὲν
1836 444 1872 479 τῷ

1089 494 1146 528 ἰδίῳ
1169 493 1257 529 καιρῷ
1276 494 1324 528 τῆς
1346 493 1438 528 ἀκμῆς
1462 492 1685 528 προφαινόμενον,
1708 490 1770 517 οὔτε
1789 489 1873 525 ἄωρόν

1087 541 1171 572 ἐστιν,
1187 539 1249 566 οὔτε
1262 539 1370 575 ἔξωρον.
1385 539 1430 574 Τῷ
1442 539 1470 565 δὲ
1485 538 1551 565 λεπύ
1556 547 1594 574 ρῳ
1607 538 1657 573 τῆς
1672 538 1736 573 ῥόας
1749 537 1779 563 τὺ
1795 536 1873 571 μῆλον

1087 588 1137 622 τῆς
1156 587 1271 622 παρειᾶς
1293 585 1430 621 ὼραϊζων,
1451 585 1572 620 μεγάλην
1590 584 1650 611 τινὰ
1672 582 1875 619 προσμαρτυρεῖ

1087 633 1120 667 τῇ
1142 631 1233 666 νύμφῃ
1253 631 1302 666 τὴν
1319 632 1348 657 ὲν
1362 632 1417 662 τοῖς
1435 630 1546 664 ἀγαθοῖς
1570 629 1733 664 τελειότητα.
1749 627 1874 664 Σημαίνει

1088 677 1141 712 γὰρ
1157 677 1193 712 μὴ
1210 677 1238 703 ἐν
1251 675 1322 711 ἄλλῳ
1336 675 1390 702 τινὶ
1408 675 1453 701 τὸν
1466 674 1602 710 θησαυρὸν
1624 674 1690 708 αὐτῇ
1707 671 1876 708 παρεσκευά-

1089 722 1161 752 σθαι.
1188 721 1244 748 ἀλλ’
1275 721 1359 756 αὐτὴν
1387 719 1456 747 εἶναι
1481 720 1616 756 θησαυρὸν
1641 719 1749 754 ἑαυτῆς,
1779 717 1876 749 παντὸς

1088 767 1190 802 ἁγαθοῦ
1206 767 1380 803 παρασκευὴν
1397 768 1425 793 ἐν
1443 767 1526 802 ἑαυτῇ
1548 766 1736 802 περιέχουσαν.
1761 764 1805 795 Ὠς
1824 763 1876 799 γὰρ

1089 813 1127 848 τῷ
1141 813 1252 848 λεπύρῳ
1266 813 1421 847 περιέχεται
1438 813 1487 847 τῆς
1509 813 1572 848 ῥόας
1594 812 1623 838 τὸ
1640 811 1779 845 ἐδώδιμον·
1794 809 1877 840 οὕτως

1089 858 1253 884 ἐνδείκνυται
1271 857 1310 892 τῷ
1330 857 1484 893 φαινομένῳ
1499 857 1592 884 κάλλει
1608 856 1654 882 τοῦ
1669 855 1726 890 βίου
1747 854 1792 880 τὸν
1807 853 1877 880 ἔνδον

1088 904 1173 939 αὐτῆς
1186 903 1320 939 θησαυρὸν
1335 903 1519 939 περιέχεσθαι.
1536 900 1620 933 Οὗτος
1635 899 1680 927 οὖν
1692 901 1764 927 ἐστιν
1780 900 1794 926 ὁ
1812 907 1878 934 κρυ-

1089 950 1154 981 πτὸς
1167 949 1301 985 θησαυρὸς
1314 949 1367 976 τῶν
1380 949 1505 982 ἐλπίδων,
1516 950 1529 975 ὁ
1540 948 1603 980 ῑόιος
1611 946 1714 982 καρπὸς
1724 945 1772 980 τῆς
1782 944 1878 979 ψυχῆς,

1089 997 1103 1023 ὁ
1116 996 1156 1031 τῷ
1171 996 1289 1031 ἐναρέτῳ
1310 995 1358 1030 βίῳ
1380 995 1505 1029 καθάπερ
1521 994 1573 1021 τινὶ
1595 993 1658 1028 ῥόας
1678 991 1788 1026 λεπύρῳ
1801 998 1878 1025 περι-

1090 1041 1283 1077 κρατούμενος.
1307 1041 1344 1068 Τὸ
1366 1041 1405 1072 δὲ,
1424 1040 1524 1073 Ἐκτὸς
1541 1040 1595 1073 τῆς
1618 1036 1793 1070 σιωπήσεώς
1810 1043 1877 1067 σου,

1090 1087 1191 1122 ταύτην
1200 1084 1277 1122 οῐμαι
1288 1086 1336 1122 τὴν
1349 1086 1467 1112 διάνοιαν
1478 1085 1557 1120 ἔχειν,
1567 1085 1607 1111 ὅτι
1618 1084 1647 1109 '0
1655 1082 1763 1113 ἔπαινός
1777 1089 1822 1108 σου
1830 1081 1880 1106 οὐκ

1090 1134 1123 1160 ἐκ
1141 1133 1194 1160 τῶν
1205 1132 1374 1167 φαινομένων
1385 1131 1510 1158 τοσοῦτόν
1527 1131 1610 1162 ἐστιν,
1625 1130 1673 1156 ὅσα
1692 1127 1729 1163 τῷ
1750 1127 1821 1160 λόγῳ
1829 1135 1880 1161 μη-

1090 1180 1198 1207 νύεται·
1214 1178 1281 1205 ἀλλὰ
1295 1178 1403 1213 μᾶλλον,
1423 1177 1473 1204 ὅσα
1493 1177 1581 1211 σιωπῇ
1603 1175 1811 1209 ἀποκέκρυπται
1832 1171 1880 1206 τὴν

1089 1225 1137 1252 τοῦ
1151 1225 1230 1259 λόγου
1248 1223 1427 1258 διαφεύγοντα
1448 1223 1572 1258 μήνυσιν.
1589 1221 1693 1255 "(temp
1723 1219 1776 1254 γὰρ
1791 1218 1822 1244 τὸ
1837 1218 1881 1244 ὲκ-

1090 1272 1135 1303 τὸς
1145 1270 1280 1304 τοῦ”λόγου
1293 1271 1309 1305 ἡ
1323 1269 1411 1304 σιωπὴ
1424 1269 1534 1300 νοεῖται,
1550 1267 1620 1294 οὕτω
1636 1265 1666 1292 τὸ
1684 1264 1761 1295 ὲκτὸς
1777 1261 1881 1297 σιωπῆς

1089 1317 1135 1344 τὸν
1151 1317 1229 1351 λόγον
1250 1316 1318 1342 νοῶν
1341 1324 1392 1347 τις,
1417 1315 1466 1350 οὐχ
1486 1314 1684 1349 ἁμαρτήσεται.
1710 1311 1812 1337 Ἐκεῖνο
1828 1309 1881 1344 γὰρ

1091 1363 1256 1399 σιωπῶμεν,
1277 1363 1291 1388 ὂ
1312 1362 1357 1389 διὰ
1392 1361 1445 1388 τῶν
1473 1361 1602 1396 ῥημάτων
1637 1356 1818 1391 ἀδυνατοῦμεν
1841 1354 1882 1388 ἐξ·

1091 1410 1225 1445 αγγεῖλαι.
1242 1409 1274 1436 Εἰ
1294 1407 1339 1435 οὖν
1364 1408 1394 1435 τὸ
1414 1407 1491 1438 ἐκτὸς
1509 1406 1614 1433 ἐκείνου
1628 1405 1645 1440 ἡ
1667 1402 1755 1438 σιωπὴ
1771 1402 1881 1432 νοεῖται,

1090 1456 1120 1482 τὸ
1135 1456 1213 1487 ἐκτὸς
1229 1455 1333 1490 σιωπῆς
1347 1452 1491 1480 ἀκόλουθον
1506 1452 1614 1482 πάντως
1625 1450 1671 1477 τὸν
1684 1449 1762 1483 λόγον
1769 1447 1883 1474 οἴεσθαι.

1091 1500 1195 1527 Οὐκοῦν
1207 1502 1221 1526 ὁ
1237 1499 1333 1530 εἰπὼν,
1350 1499 1390 1525 ὅτι
1415 1497 1517 1529 Ἐκτὸς
1538 1495 1592 1529 τῆς
1615 1492 1794 1526 σιωπήσεώς
1813 1498 1882 1523 σου,

1090 1546 1169 1572 τοῦτο
1183 1545 1276 1580 σαφῶς
1290 1544 1330 1580 τῷ
1345 1544 1417 1579 λόγῳ
1433 1543 1607 1579 παρίστησιν,
1621 1541 1662 1567 ὅτι
1678 1538 1748 1566 καλὰ
1762 1537 1811 1573 μέν
1826 1537 1884 1563 ἐστι

1091 1591 1138 1618 καὶ
1156 1591 1260 1627 μεγάλα
1276 1590 1312 1617 τὰ
1327 1591 1365 1625 τῷ
1381 1590 1452 1624 λόγῳ
1469 1588 1584 1624 φανῆναι
1606 1585 1753 1620 δυνάμενα,
1770 1585 1821 1610 ὅσα
1836 1583 1884 1609 ὲκ-

252 1634 324 1667 quod
347 1633 472 1660 oratione
491 1640 546 1660 non
563 1633 731 1666 continetur,
741 1633 881 1661 silentium
897 1639 953 1666 est,
969 1642 1038 1662 con-

1093 1637 1135 1669 τὸς
1147 1638 1204 1663 ἐστι
1221 1637 1269 1672 τῆς
1284 1634 1443 1671 σιωπήσεώς
1459 1643 1515 1661 σου.
1534 1633 1574 1660 Τὰ
1587 1632 1615 1659 δὲ
1634 1631 1680 1658 τοῦ
1699 1631 1781 1677 λόγου
1794 1628 1883 1677 ἐκτὸς,

209 1685 215 1688 ·
252 1680 378 1714 sequitur
399 1679 511 1706 omnino
544 1679 706 1714 putandum,
734 1680 761 1707 id
788 1688 850 1707 esse
874 1681 1036 1713 orationem,

251 1725 325 1759 quod
341 1729 418 1758 extra
430 1725 568 1753 silentium
587 1725 632 1753 sit.
649 1725 739 1758 Quare
757 1734 818 1753 cum
833 1726 898 1754 dicit
913 1736 919 1753 :
937 1726 1039 1753 Prazter

253 1771 279 1798 id
293 1771 363 1807 quod
387 1772 414 1798 in
431 1775 455 1798 te
468 1771 602 1803 reticetur,
619 1771 670 1799 hoc
685 1772 744 1798 vult
764 1771 835 1798 haud
852 1772 944 1804 dubie,
970 1780 1039 1807 pra:-

1091 1682 1126 1709 τὰ
1142 1683 1174 1717 τῇ
1191 1683 1279 1717 σιωπῇ
1298 1680 1500 1715 καλυπτόμενα,
1515 1679 1549 1705 τὰ
1568 1677 1674 1714 ἀρρητά
1690 1685 1720 1702 τε
1740 1675 1788 1702 καὶ
1805 1674 1886 1700 dvex-

1093 1728 1214 1763 φώνητα,
1232 1727 1340 1758 πάντως
1360 1726 1407 1753 καὶ
1420 1724 1629 1761 θαυμασιώτερα
1642 1722 1696 1749 τῶν
1711 1719 1885 1756 ὲκφωνουμέ-

1094 1783 1147 1801 νων
1162 1775 1247 1801 ἐστίν.

253 1820 327 1847 clara
342 1818 452 1854 quidem
466 1823 493 1846 et
509 1826 608 1853 magna
627 1826 700 1850 esse,
712 1826 774 1853 qute
789 1819 904 1846 indicari
919 1820 1043 1848 oratione
1063 1822 1184 1856 possint,
1197 1822 1270 1857 quod
1287 1820 1416 1848 nimirum
1430 1823 1507 1847 extra
1525 1817 1664 1846 silentium
1697 1815 1787 1850 posita
1818 1813 1885 1842 sint.

253 1866 364 1892 silentio
377 1872 442 1893 vero
469 1868 543 1891 tecta
557 1868 584 1892 et
607 1864 770 1896 ineffabilia,
797 1865 887 1892 modis
929 1865 1059 1894 omnibus
1097 1867 1203 1902 majora
1215 1871 1242 1895 et
1257 1866 1462 1894 admirabiliora
1478 1873 1540 1892 esse
1551 1865 1596 1895 iis.
1608 1871 1668 1899 quze
1677 1862 1801 1890 oratione
1820 1867 1886 1895 pro.-

254 1912 391 1939 feruntur.

288 1957 368 1984 Nunc
380 1958 461 1984 etiam
484 1957 541 1989 illa,
568 1965 630 1991 quae
647 1961 810 1992 sequuntur,
826 1958 970 1985 audiamus
992 1966 1042 1985 en-

254 2004 341 2030 eomia
361 2023 369 2034 ,
400 2010 516 2037 quortnn
555 2003 692 2030 sententia
738 2004 891 2030 consimilis
932 2007 974 2031 est
1002 2004 1040 2031 illi

255 2054 347 2085 puteo,
371 2048 450 2083 cujus
463 2056 494 2075 os
509 2052 707 2075 commemorat
724 2049 839 2075 historia
859 2049 949 2084 lapide
965 2051 1040 2084 gravi

255 2098 296 2124 sic
312 2095 447 2122 munitum
471 2094 567 2125 fuisse,
595 2098 625 2120 ut
641 2094 786 2121 difﬁculter
802 2095 862 2129 ejus
886 2103 956 2130 aqua
985 2095 1039 2123 frui

255 2144 351 2179 puellae
367 2146 513 2177 pascentes
530 2145 642 2176 possent
660 2151 666 2167 :
680 2142 767 2169 donec
783 2150 815 2169 eo
827 2143 934 2170 delatus
947 2142 1041 2176 Jacob,

255 2190 372 2224 lapidem
397 2188 432 2215 ab
456 2195 503 2214 ore
523 2187 598 2222 putei
620 2187 776 2219 submovit,
797 2191 824 2214 et
847 2195 918 2222 aqua
933 2188 1044 2222 repletis

256 2236 340 2266 vasis,
357 2242 390 2261 ex
411 2234 511 2268 quibus
531 2233 659 2260 biberunt
678 2240 785 2268 greges,
802 2233 866 2260 fecit
889 2237 918 2260 ιιι
937 2233 1045 2260 abunde

1136 1958 1310 1993 Ἀκούσωμεν
1335 1957 1363 1983 δὲ
1393 1957 1439 1983 καὶ
1465 1955 1519 1982 τῶν
1551 1954 1650 1989 ἐφεξῆς
1679 1952 1819 1982 ἐπαίνων.
1850 1949 1889 1986 ὧν

1094 2007 1110 2040 ἡ
1128 2005 1231 2031 διάνοια
1250 2004 1290 2039 τῷ
1306 2004 1356 2038 τῆς
1380 2003 1498 2037 ἱστορίας
1522 2001 1592 2028 ἔοικε
1616 2000 1724 2036 φρέατι,
1746 1996 1822 2034 ᾧπέρ
1846 2008 1889 2030 τις

1094 2050 1165 2082 λίθος
1182 2050 1287 2085 ἐπέχων
1300 2049 1331 2075 τὸ
1349 2049 1468 2083 στόμιον.
1483 2048 1584 2083 ἄπορον
1608 2048 1678 2072 ποιεῖ
1696 2047 1755 2077 ταῖς
1776 2054 1891 2080 ποιμαι-

1096 2096 1204 2127 νούσαις
1226 2095 1275 2131 τὴν
1301 2095 1444 2130 μετουσίαν
1469 2093 1516 2120 τοῦ
1544 2093 1652 2124 ὓδατος·
1677 2091 1733 2118 ἀλλ’
1757 2093 1771 2118 ὁ
1790 2091 1891 2118 Ἰακὼϐ

1097 2135 1210 2173 ἐπιστὰς
1224 2140 1398 2177 ἁναμοχλίζει
1418 2149 1447 2166 τε
1462 2140 1509 2166 τοῦ
1534 2139 1644 2174 στομίου
1669 2139 1714 2165 τὸν
1737 2137 1820 2169 λίϐον,
1843 2138 1892 2164 καὶ

1098 2190 1187 2224 πλήρη
1202 2189 1235 2216 τὰ
1249 2189 1410 2223 ποτιστήρια
1422 2187 1537 2221 ποιήσας
1552 2185 1599 2211 τοῦ
1613 2184 1717 2216 ὕδατος,
1735 2184 1818 2210 ἔδωκε
1832 2185 1892 2214 τοῖς

1098 2234 1236 2269 θρέμμασι
1263 2235 1321 2260 κατ’
1346 2233 1467 2265 ἐξουσίαν
1493 2231 1659 2266 ἐντρυφῆσαι
1679 2230 1732 2255 τῶν
1749 2228 1891 2263 ναμάτων.

256 2288 286 2307 se
317 2284 380 2314 pottt
404 2279 604 2306 recrearent".
635 2278 667 2305 Et
686 2286 747 2313 qua:
775 2278 883 2305 tandem
900 2279 946 2305 illa
965 2282 1040 2315 sunt,

1093 2280 1160 2306 Τίνα
1172 2279 1261 2306 τοίνυν
1274 2279 1358 2309 ἐστὶν,
1377 2278 1395 2304 ὃ.
1411 2277 1449 2312 τῷ
1463 2276 1574 2311 τοιούτῳ
1590 2275 1687 2310 φρέατι
1712 2273 1893 2309 προσεικάζοη

255 2334 317 2360 quze
345 2326 392 2351 tali
413 2332 473 2351 etnn
497 2329 579 2358 puteo
597 2325 813 2358 comparamus?
834 2324 978 2360 Sexaginta
1001 2334 1044 2352 re-

257 2371 326 2405 ginrc
338 2375 409 2400 sunt,
424 2374 448 2395 et
463 2369 593 2403 octoginta
618 2368 780 2400 concubium,
800 2373 823 2396 et
841 2367 1044 2404 jut'cnculartnit

257 2425 309 2443 non
325 2421 364 2442 est
386 2423 520 2442 numerus.
551 2413 609 2440 Una
626 2418 666 2440 est
691 2415 811 2441 columba
831 2423 900 2446 mea,
927 2416 1043 2450 perfecta

257 2470 326 2488 mea.
342 2460 424 2487 Unica
441 2465 481 2487 est
496 2461 575 2486 matri
601 2468 666 2491 sure,
695 2460 778 2487 electa
794 2461 834 2487 illi
863 2469 920 2496 qua:
944 2462 1042 2494 peperit

258 2516 326 2535 eam.
346 2507 413 2540 Quis
431 2507 514 2542 igitur
529 2507 608 2534 nobis
619 2506 735 2541 lapidem
763 2507 939 2534 obscuritatis
960 2507 1042 2541 hujus

257 2555 391 2582 volvendo
415 2553 605 2580 submovebit?
631 2554 693 2588 quis
719 2553 872 2580 abditarum
912 2560 1043 2580 sensuum

259 2608 356 2636 aquam
374 2600 533 2631 exantlabit,
549 2607 610 2634 qua:
625 2600 734 2634 quidem
752 2608 839 2634 usqtte
856 2599 923 2626 adeo
945 2600 998 2627 sita
1016 2600 1043 2627 in

259 2646 396 2682 profundo
410 2649 463 2677 est,
489 2649 519 2672 ut
535 2651 629 2673 nostra
656 2653 714 2673 eam
732 2646 802 2672 ratio
823 2650 941 2680 nequeat
963 2646 1045 2673 attin-

261 2694 345 2727 gere?
359 2693 504 2720 Enimvero
516 2698 589 2720 recte
604 2700 646 2720 me
665 2692 757 2720 facere
771 2692 900 2722 arbitror.
917 2701 978 2720 cum
996 2701 1043 2720 ve—

261 2739 326 2766 stris
338 2739 448 2766 auribus
462 2742 590 2766 testatum
608 2738 687 2770 facio,
697 2739 889 2773 cogitationem
903 2739 1000 2765 horum
1019 2740 1045 2765 in

262 2782 336 2810 solos
350 2782 412 2810 illos
427 2783 534 2815 cadere,
559 2790 629 2817 quos
644 2784 790 2818 Apostolus
816 2783 860 2810 his
885 2784 976 2811 verbis
1000 2791 1046 2818 ap-

294 2869 317 2885 “
334 2869 354 2896 Il
370 2871 421 2896 (‘or
452 2880 510 2900 viti.
524 2871 552 2898 5.
592 2872 613 2886 ⁹⁹
629 2871 649 2897 G
671 2880 697 2898 η.
713 2879 788 2905 xxtv,
811 2872 843 2898 10
858 2880 916 2906 sqq.

1098 2331 1165 2358 μεν;
1183 2322 1345 2355 Ἐξήκοντά
1358 2323 1416 2349 εἱσι
1428 2321 1623 2354 βασίλισσαι,
1640 2319 1689 2346 καὶ
1705 2318 1894 2353 ὀγδοήκοντα

1095 2369 1259 2400 παλλακαὶ,
1282 2368 1416 2400 νεάνιδες
1441 2365 1484 2394 ὧν
1499 2369 1555 2394 οὐκ
1578 2367 1664 2393 ἔστιν
1678 2365 1810 2400 ἀριθμός.
1831 2365 1895 2392 Μία

1094 2413 1160 2439 ἐστὶ
1184 2413 1344 2447 ηεμστερά
1365 2421 1435 2447 μου.
1465 2413 1563 2439 τελεία
1584 2420 1655 2445 μου.
1680 2411 1741 2437 Μία
1766 2410 1834 2436 ἐστὶ
1855 2409 1895 2443 τῇ

1093 2460 1182 2494 μητρὶ
1197 2459 1302 2492 αὐτῆς,
1319 2458 1476 2491 ἐκλεκτική
1492 2458 1556 2484 ἐστι
1573 2457 1611 2491 τῇ
1634 2457 1764 2489 τεκούσῃ
1780 2455 1894 2487 αὐτὴν.

1096 2507 1143 2538 Τίς
1165 2504 1211 2533 οὖν
1231 2507 1296 2541 ἡμῖν
1317 2504 1476 2531 ἀποκυλίσει
1493 2504 1541 2538 τῆς
1562 2503 1693 2537 ἀσαφείας
1719 2501 1821 2536 ταύτης
1846 2501 1895 2526 τὸν

1096 2553 1186 2584 λίθον;
1202 2552 1249 2582 Τίς
1263 2551 1419 2585 ἐξαντλήσει
1437 2550 1490 2577 τῶν
1506 2550 1648 2585 νοημάτων
1663 2548 1692 2574 τὸ
1712 2547 1784 2582 ὕδωρ
1803 2546 1896 2577 οὕτως

1097 2599 1125 2625 ἐν
1144 2598 1220 2633 βάθει
1239 2598 1445 2632 κατακείμενον,
1468 2597 1506 2628 ὡς
1527 2596 1669 2629 ἀνέφικτον
1686 2592 1754 2620 εἶναι
1770 2592 1809 2628 τῷ
1822 2593 1897 2628 ἠμε-

1096 2645 1167 2679 τέρῳ
1181 2643 1271 2678 λόγως
1294 2643 1376 2670 Ἀλλά
1389 2635 1432 2678 μοι
1449 2642 1539 2673 καλῶς
1561 2641 1632 2676 ἔχειν
1653 2640 1726 2666 δοκεῖ
1739 2638 1817 2665 τοῦτο
1832 2638 1898 2668 ταῖς

1100 2691 1193 2721 ἀκοαῖς
1208 2689 1285 2724 ὑμῶν
1296 2687 1542 2724 διαμαρτύρασθαι,
1566 2687 1606 2713 ὃτι
1630 2686 1660 2712 τὸ
1681 2684 1768 2712 ταῦτα
1790 2683 1897 2717 γνῶναι

1103 2735 1189 2770 μόνων
1202 2734 1313 2762 ἐκείνων
1327 2734 1409 2767 ἐστὶν,
1426 2734 1493 2769 πρὸς
1515 2733 1562 2764 οὓς
1583 2740 1664 2767 φησιν
1680 2732 1694 2758 ὁ
1714 2728 1878 2758 Ἀπόστολος
1888 2736 1895 2742 ·

1101 2783 1141 2808 ὅτι
1158 2781 1208 2808 Ἐν
1221 2780 1309 2808 παντὶ
1324 2781 1550 2813 ἐπλουτίσθητε,
1566 2779 1601 2805 ἑν
1625 2777 1714 2805 παντὶ
1732 2776 1820 2810 λόγῳ,
1843 2773 1897 2800 καὶ
