1978 3068
113 138 177 166 1109

622 137 653 164 ΙΝ
667 138 815 166 (ΖΑΝΙΊΩΛ
834 137 967 165 (ᾺΝΤΙΟ.
990 138 1127 166 HOMILM
1149 137 1204 165 XV.

1662 137 1731 166 11ίο

109 197 140 223 ἐν
156 196 239 230 πάσῃ
262 195 379 230 γνώσει.
402 196 436 224 Ἠ
453 196 482 223 δὲ
498 197 618 232 ἡμετέρα
647 198 727 225 πενία
753 199 807 225 τῶν
834 207 899 234 προς

959 199 1032 226 )ellat
1049 208 1056 226 :
1076 198 1106 225 In
1118 197 1238 224 omm'bus
1253 197 1367 230 opulenti
1379 197 1443 231 [acti
1460 197 1533 227 estis,
1550 196 1576 223 in
1592 195 1662 223 omni
1677 205 1731 224 scr-

110 242 239 278 κειμένων
253 242 297 268 τοῦ
312 242 391 277 λόγου
407 242 551 279 θησαυρῶν
573 243 784 279 περιδράξασθαι
805 245 902 272 ἀδυνά-

109 297 159 320 τως
180 287 236 323 ἔχει
247 295 253 302 ·
269 287 337 322 πλὴν
352 287 389 320 ὡς
410 287 442 314 ἂν
456 288 503 315 τοῦ
519 289 566 323 τῆς
582 289 681 325 ἀργίας
698 290 901 326 κατακρίματος

108 333 159 365 ἔξω
183 333 338 368 γενοίμεθα,
362 333 405 359 διὰ
430 333 474 360 τὸν
499 335 610 370 ὲρευνᾷν
632 335 681 366 τὰς
701 335 812 369 Γραφὰς
836 337 900 371 ἡμῖν

109 378 345 413 νομοθετήσαντα·
372 380 467 415 μικρόν
496 389 558 407 τινα
586 381 632 407 καὶ
663 381 768 412 τούτοις
802 382 900 417 ἱδρῶτα

110 423 264 459 προσθεῖναι
291 424 319 450 οὐ
349 425 562 460 κατοκνὴσομεν.
587 425 678 460 Φαμὲν
706 426 794 452 τοίνυν
814 426 901 461 δόγμα

97 478 134 507 ίτι
150 470 203 496 τῶν
218 470 396 506 ἀστειοτέρων
417 470 465 505 τὴν
481 471 509 496 ἐν
522 471 579 502 τοῖς
595 472 685 506 ῥητοῖς
711 471 812 503 τούτοις
829 471 901 506 φιλο-

111 515 204 549 σοφίαν
218 515 261 542 διὰ
274 515 327 542 τῶν
343 516 461 542 ἐπαίνων
478 515 527 550 τῆς
544 516 653 553 νύμφης
672 518 738 552 ἡμῖν
754 517 901 553 παρατίθε-

111 559 179 585 σθαι.
195 560 231 585 Τὸ
243 560 270 586 δὲ
285 560 372 595 δόγμα
387 560 505 587 τοιοῦτόν
527 561 601 588 ἐστιν
614 569 622 576 ’
635 561 672 588 Οὐ
697 561 765 602 μετά
781 562 829 596 τῆς
851 563 899 588 αὑ-

110 604 158 639 τῆς
172 605 328 636 ἀκολουθίας
343 606 388 632 καὶ
398 606 501 638 τάξεως
513 606 632 637 κτίζεται
645 607 678 634 τὲ
690 607 753 634 δντα
775 608 821 634 καὶ
835 607 901 634 ἀνα-

111 650 240 682 κτίζεται.
260 651 323 677 Ὅτε
347 651 395 686 μὲν
415 652 468 687 γὰρ
493 652 552 678 κατ’
574 652 662 687 ἀρχὰς
687 652 730 679 διὰ
756 653 806 688 τῆς
828 653 902 684 θείας

111 695 248 730 δυνάμεως
261 697 277 731 ἡ
290 697 339 732 τῆς
354 697 467 729 κτίσεως
481 697 612 731 ὑφίστατο
627 698 717 732 φύσις,
733 698 775 732 ἐφ’
788 699 902 724 ἑκάστου

113 740 166 766 τῶν
190 740 274 767 ὄντων
297 742 463 783 ὰδιαστάτως
488 744 521 778 τῇ
547 743 617 778 ἀρχῇ
643 743 847 779 συναπηρτίσθη
873 743 903 769 τὸ

111 787 208 823 πέρας,
222 789 288 814 πᾶσι
304 790 358 820 τοῖς
371 789 403 814 ἐκ
418 788 464 815 τοῦ
482 789 518 824 μὴ
536 789 612 820 ὄντος
627 790 666 822 είς
679 789 710 816 τὸ
730 788 799 816 εἶναι
815 798 903 824 παρα-

112 833 265 868 γενομένοις
278 834 344 869 όμοῦ
364 835 396 869 τῇ
417 835 487 870 ἀρχῇ
508 835 727 871 συνανασχούσης
740 835 791 870 τῆς
804 835 903 862 τελειό-

111 887 200 914 τητος.
217 880 264 905 Ἒν
278 879 306 905 δὲ
319 879 372 906 τῶν
384 880 545 907 κτισθέντων
560 882 607 908 καὶ
619 882 635 916 ἡ
652 881 808 917 ἀνθρωπίνη
823 881 902 916 φύσις
914 872 939 899 Β

112 924 195 957 ἐστὶν,
213 925 272 951 οὐδὲ
289 925 356 961 αὐτὴ
373 925 432 952 καθ’
448 926 593 961 ὁμοιότητα
610 926 664 953 τῶν
682 927 768 954 ἄλλων
785 928 817 954 ἐκ
837 936 903 963 προ-

113 970 224 1005 αγωγῆς
248 971 414 1006 προελθοῦσα
439 971 485 997 ἐπὶ
504 972 534 998 τὸ
560 972 678 1000 τέλειον·
702 973 759 1000 ἀλλ’
782 973 836 1000 ἀπὸ
853 974 903 1008 τῆς

112 1017 224 1054 πρώτης
257 1017 398 1053 ὑπάρξεως
436 1019 641 1055 συμπλασθεῑσα
673 1021 707 1055 τῇ
744 1020 901 1055 τελειότητι.

119 1063 253 1097 Ἐγένετο
266 1063 328 1098 γὰρ,
343 1064 379 1094 ὡς
398 1065 412 1090 ὁ
435 1065 520 1098 Λόγος
534 1065 610 1100 φησὶ,
632 1065 694 1091 κατ’
706 1066 809 1092 εἰκόνα
831 1066 903 1093 Θεοῦ

112 1107 161 1135 καὶ
187 1108 338 1142 ὁμοίωσιν.
360 1109 447 1144 Ὅπερ
469 1109 634 1136 ἐνδείκνυται
661 1110 692 1136 τὸ
718 1109 772 1136 τῶν
795 1110 904 1145 ἀγαθῶν

113 1152 262 1188 ἀκρότατόν
278 1161 307 1179 τε
322 1153 369 1179 καὶ
380 1153 556 1180 τελειότατον.
582 1154 614 1180 Τί
629 1154 683 1189 γὰρ
699 1154 733 1180 ἂν
745 1154 894 1190 ὑπέρτερον

113 1198 238 1234 εὑρεθείη
262 1198 311 1233 τῆς
333 1199 401 1234 πρὸς
426 1199 492 1225 Θεὸν
512 1199 687 1235 ὁμοιώσεως;
711 1199 771 1226 Ἐπὶ
792 1200 840 1236 μὲν
860 1197 906 1227 οὖν

111 1243 162 1278 τῆς
174 1242 284 1278 πρώτης
295 1243 418 1276 κτίσεως,
430 1244 596 1276 ἀδιαστάτως
607 1246 639 1281 τῇ
652 1246 721 1281 ἀρχῇ
737 1246 904 1282 συνανεφάνη

114 1288 145 1315 τὸ
162 1288 258 1325 πέρας,
276 1288 322 1315 καὶ
336 1289 389 1315 άπὸ
405 1288 455 1324 τῆς
469 1289 635 1325 τελειότητος
648 1292 664 1326 ἡ
684 1291 764 1326 φύσις
778 1292 825 1318 τοῦ
838 1291 906 1320 εἶναι

114 1333 226 1369 ἤρξατο.
250 1333 357 1369 Ἐπειδὴ
381 1335 409 1361 δὲ
432 1335 470 1370 τῷ
494 1335 600 1371 θανάτῳ
626 1336 669 1363 διὰ
696 1337 745 1372 τῆς
769 1337 837 1373 πρὸς
859 1338 907 1373 τὴν

114 1380 214 1406 κακίαν
231 1379 346 1415 σχέσεως
365 1381 545 1413 οὶκειωθεῖσα,
563 1382 612 1417 τῆς
636 1384 665 1410 ὲν
686 1382 724 1418 τῷ
741 1384 835 1419 ἀγαθῴ
851 1384 909 1411 δια-

115 1426 202 1462 μονῆς
227 1426 369 1462 ἀπερρύη·
399 1427 449 1454 οὐκ
478 1427 579 1463 ἀθρόαν
608 1429 667 1455 καθ’
694 1430 840 1465 ὁμοιότητα
859 1431 908 1465 τῆς

117 1473 272 1505 συστάσεως
289 1473 339 1508 τῆς
358 1472 468 1509 πρώτης
494 1474 713 1509 ὲπαναλαμὸάνει
739 1476 788 1511 τὴν
810 1476 909 1503 τελειό-

951 253 1035 276 moue,
1047 248 1072 270 et
1088 244 1115 270 in
1129 243 1199 270 omni
1213 243 1358 278 cognitione
1374 242 1407 269 ”.
1425 241 1523 269 Nostra
1539 249 1600 268 vero
1619 242 1732 276 penuria

951 290 1107 325 propositos
1123 289 1201 317 nobis
1227 290 1254 315 in
1274 289 1348 316 hisce
1370 288 1460 316 verbis
1486 288 1630 315 thesauros
1657 296 1733 315 coui-

951 336 1119 371 prehendcre
1144 335 1218 362 nullo
1234 333 1314 361 modo
1334 337 1432 368 potest.
1450 333 1489 361 Ne
1510 338 1600 361 tamen
1621 332 1734 367 ignavia

951 382 1175 414 condemnemur,
1195 388 1256 407 cum
1272 381 1314 408 lex
1332 379 1411 407 nobis
1428 379 1482 406 lata
1500 379 1546 410 sit,
1572 387 1632 414 quae
1652 386 1730 406 scrti-

950 429 1046 456 tandas
1057 436 1118 459 esse
1125 428 1241 455 Litteras
1254 433 1347 453 sacras
1366 426 1488 460 prtccipit
1503 432 1663 459 :parumper
1681 424 1732 451 hac

951 474 1031 501 etiam
1053 474 1080 500 in
1095 477 1171 508 parte
1182 472 1290 500 sudoris
1306 471 1434 498 adhibere
1442 478 1496 498 non
1508 470 1733 498 tletrcctabimus.

952 519 1073 546 Dicimus
1099 526 1162 554 ergo
1178 517 1402 552 comprehensam
1429 517 1471 544 his
1487 516 1579 544 verbis
1609 516 1734 550 philoso-

952 565 1052 600 phiam.
1069 564 1173 599 perhas
1189 571 1295 598 sponsae
1313 563 1406 590 laudes
1419 563 1572 597 elegantem
1592 561 1736 596 quauulam

952 611 1031 638 nobis
1058 610 1210 637 doctrinam
1240 616 1400 644 proponere.
1421 607 1458 634 Ea
1479 615 1544 635 vero
1565 612 1606 635 est
1637 606 1736 641 hujus-

952 656 1039 684 modi:
1049 655 1107 683 Non
1123 655 1216 683 eadem
1231 656 1336 682 ratione
1351 660 1432 689 atque
1450 655 1548 681 ordine
1572 653 1735 680 universum

952 702 1004 729 hoc
1017 705 1044 728 ct
1057 705 1178 729 creatum
1197 705 1237 728 est
1254 704 1280 728 et
1296 704 1453 727 renovatur.
1478 698 1544 726 Nam
1559 706 1621 725 cum
1643 706 1734 724 rerum

952 747 1030 774 initio
1045 747 1068 773 vi
1078 746 1198 773 numinis
1212 746 1363 773 diviuiesse
1371 749 1525 772 creatorum
1536 747 1632 782 natura
1643 743 1735 777 ccepit,

953 792 980 819 in
996 799 1024 818 rc
1032 791 1152 826 qualibet
1167 798 1221 817 una
1236 797 1298 817 cum
1318 789 1453 824 principio
1470 789 1530 816 sine
1540 783 1741 822 ullo,temporis’

953 838 1042 872 spatio
1063 837 1123 865 ﬁnis
1137 837 1216 864 etiam
1229 835 1415 871 perfectioque
1431 835 1469 862 rei
1485 835 1649 869 conjunctus
1671 833 1736 859 fuit:

953 890 1015 910 cum
1025 883 1150 910 universa
1159 882 1191 909 de
1203 881 1287 908 nihilo
1295 881 1427 916 producta
1437 888 1497 907 cum
1509 879 1642 915 principio
1651 877 1739 913 perfe-

953 929 1070 956 ctionem
1079 928 1161 955 etiam
1171 935 1248 955 suam
1264 930 1512 961 consequerentur.
1530 925 1577 951 Est
1587 928 1676 952 autem
1689 923 1740 950 llll-

954 981 1033 1001 mana
1048 981 1156 1009 quoque
1170 977 1266 1000 natura
1277 973 1385 999 illorum
1398 973 1423 999 in
1432 979 1557 1002 numero,
1572 978 1632 1005 qua:
1648 973 1739 997 creata

954 1024 1027 1051 sunt.
1045 1024 1072 1047 et
1087 1018 1200 1054 perinde
1226 1022 1255 1045 ut
1287 1018 1398 1052 reliquae
1421 1024 1465 1044 res
1481 1024 1535 1044 non
1556 1015 1687 1051 paulatim
1706 1014 1741 1040 ad

954 1066 1148 1101 perfectionem
1166 1071 1243 1092 suam
1264 1064 1412 1095 contendit,
1437 1063 1484 1090 sed
1517 1062 1610 1089 statim
1628 1068 1661 1088 ex
1686 1067 1740 1095 quo

955 1111 1072 1146 primum
1085 1118 1145 1138 csse
1163 1110 1256 1144 cmpit,
1276 1109 1397 1144 perfecta
1415 1108 1475 1136 fuit.
1498 1107 1582 1134 Aiunt
1597 1106 1669 1133 enim
1685 1105 1741 1132 Lit-

955 1161 1019 1185 terzc
1032 1164 1116 1185 sacra!
1134 1165 1141 1182 :
1156 1156 1257 1182 Factus
1273 1160 1311 1182 est
1323 1155 1399 1182 homo
1415 1154 1448 1181 ad
1462 1153 1601 1188 imaginem
1615 1152 1662 1178 Dei
1672 1156 1696 1179 et
1707 1151 1743 1178 εἰ-

956 1202 1174 1230 militudinem”.
1184 1201 1291 1235 Quibus
1306 1200 1393 1228 verbis
1412 1199 1549 1226 indicatur
1561 1199 1660 1225 bonum
1670 1197 1742 1224 inter

956 1248 1046 1276 omnia
1059 1248 1128 1275 bona
1141 1252 1277 1274 summum
1293 1248 1320 1272 et
1328 1243 1568 1279 perfectissimum.
1582 1240 1653 1274 Quid
1666 1239 1740 1268 enim

957 1293 1070 1329 reperiri
1094 1292 1180 1328 possit
1202 1290 1382 1320 similitudine
1399 1289 1483 1317 Deum
1506 1287 1642 1316 referente
1654 1285 1742 1314 subli-

958 1340 1049 1368 mius?
1071 1340 1166 1374 Itaque
1191 1342 1265 1373 patet
1295 1338 1322 1364 in
1346 1336 1433 1372 prima
1447 1334 1586 1362 creatione
1610 1332 1669 1360 sine
1686 1331 1743 1358 ullo

958 1385 1089 1422 temporis
1102 1385 1246 1413 intervallo
1264 1390 1318 1410 una
1338 1390 1400 1410 cum
1416 1380 1552 1417 principio
1566 1379 1647 1406 tinem
1661 1378 1743 1405 etiam

958 1432 1129 1468 apparuisse,
1152 1437 1250 1464 resque
1275 1432 1384 1456 creatas
1404 1435 1419 1454 a
1439 1426 1604 1461 perfectione
1614 1424 1741 1459 cepisse.

958 1477 1139 1512 Posteaquam
1163 1481 1230 1502 vero
1245 1477 1342 1501 natura
1359 1476 1473 1508 proptﬂ'
1494 1471 1666 1499 all'ectionem
1679 1476 1743 1504 erga

116 1527 195 1554 τητα,
213 1519 269 1545 ἀλλ’
283 1518 335 1554 ὀδῷ
351 1527 403 1546 τινι
419 1519 540 1555 πρόεισιν
555 1520 601 1546 ἐπὶ
615 1520 645 1546 τὸ
662 1521 763 1556 μεῖζον,
779 1521 824 1548 διά
838 1530 908 1553 τινος

959 1523 1137 1551 vitiositatem
1150 1521 1230 1548 morti
1241 1520 1362 1550 addicta,
1377 1519 1411 1546 de
1421 1517 1623 1554 perseverantia
1637 1517 1664 1542 in
1673 1516 1744 1543 bono

116 1564 278 1597 ἀκολουθίας
296 1564 342 1591 καὶ
360 1564 462 1597 τάξεως
483 1566 543 1592 κατ’
559 1565 648 1599 ὀλίγον
667 1566 909 1602 ἁποσκευαζομένη

117 1611 167 1645 τὴν
185 1610 252 1646 πρὶς
268 1611 301 1637 τὰ
315 1611 423 1638 ἐναντία
441 1611 634 1646 προσπάθειαν.
654 1612 714 1638 Ἐπὶ
732 1612 780 1647 μὲν
794 1613 848 1647 γὰρ
861 1613 910 1648 τῆς

118 1654 230 1691 πρώτης
245 1657 424 1690 κατασκευῆς,
440 1657 515 1683 οὐδὲν
533 1654 567 1692 ἦν
582 1656 612 1683 τὸ
631 1656 733 1683 κωλύον
750 1657 910 1693 συνδραμεῖν

118 1703 151 1736 τῇ
167 1702 272 1735 γενέσει
284 1702 314 1729 τὸ
327 1704 376 1737 τῆς
391 1701 496 1735 φύσεως
507 1701 618 1733 τέλειον,
633 1702 733 1734 κακίας
747 1703 796 1729 οὐκ
809 1702 892 1738 οὔσης
902 1710 909 1718 ·

119 1747 166 1773 ἐπὶ
190 1747 219 1774 δὲ
246 1748 293 1782 τῆς
315 1747 443 1783 δευτέρας
468 1746 731 1782 ἀναστοιχειώσεως,
757 1747 911 1782 ἀναγκαίως

120 1793 138 1828 ἡ
156 1793 354 1829 διαστηματικὴ
373 1793 541 1828 παράστασις
555 1794 782 1828 συμπαρομαρτεῖ
802 1793 835 1828 τῇ
860 1793 911 1818 ἐπ-

119 1839 297 1874 ακολουθήσει
320 1839 388 1874 πρὸς
408 1838 438 1864 τὺ
458 1838 563 1874 πρῶτον
584 1838 684 1873 ἀγαθὸν
709 1837 909 1873 ἀνατρεχούσῃπ

118 1883 187 1910 διότι
211 1884 244 1918 τῇ
273 1883 350 1918 ὑλικῇ
374 1883 547 1919 προπαθείᾳ
566 1883 720 1910 συνδεθεῖσα
745 1883 789 1910 διὰ
815 1882 913 1914 κακίας

119 1929 200 1965 ήμῶν
216 1929 233 1963 ἡ
249 1928 362 1960 διάνοια,
378 1928 437 1955 κατ’
452 1928 551 1963 ὀλίγον,
564 1929 660 1964 ὥσπερ
676 1929 767 1963 φλοιοῦ
784 1937 855 1960 τινος
866 1929 913 1955 τοῦ

121 1975 294 2010 περιέχοντος
314 1974 357 2001 διὰ
379 1974 429 2009 τῆς
456 1974 629 2010 ἁστειοτέρας
651 1975 763 2009 ἀγωγῆς
791 1974 914 2009 περιξυο⁴

124 2021 203 2057 μένη,
218 2019 266 2055 τὴν
279 2020 416 2054 συμφυΐαν
434 2020 583 2047 ἀπωθεῖται
594 2021 641 2047 τοῦ
660 2021 790 2056 χείρονος.
812 2021 913 2048 Τούτου

121 2065 202 2100 χάριν
217 2063 316 2094 πολλὰς
330 2061 399 2090 εἶναι
414 2064 488 2099 παρὰ
501 2064 540 2099 τῷ
554 2065 641 2099 Πατρὶ
658 2065 741 2099 μονὰς
757 2065 915 2100 μεμαθήκα-

122 2117 185 2144 μεν,
197 2108 266 2134 κατὰ
281 2107 329 2143 τὴν
344 2107 486 2141 ἀναλογίαν
503 2109 551 2143 τῆς
571 2109 600 2135 ἐν
615 2110 721 2144 ἑκάστῳ
737 2110 805 2145 πρὸς
819 2110 849 2136 τὸ
863 2118 914 2136 κα-

123 2154 170 2180 λὸν
187 2153 314 2189 σχέσεως,
327 2153 373 2180 καὶ
388 2153 436 2188 τῆς
453 2153 500 2180 τοῦ
517 2154 635 2190 χείρονος
650 2155 835 2187 ἀποστάσεως,
846 2149 916 2181 ἕτοι-

959 1568 1060 1596 excidit
1076 1576 1083 1594 :
1101 1575 1155 1594 non
1179 1566 1292 1602 perinde
1312 1569 1341 1593 ut
1362 1565 1389 1592 in
1405 1569 1467 1592 ortu
1486 1564 1584 1598 primo.
1602 1561 1745 1597 perii-clio-

960 1620 1022 1640 nem
1057 1611 1148 1638 subito
1162 1613 1316 1645 recuperat,
1334 1610 1381 1637 sed
1400 1609 1442 1636 via
1466 1609 1584 1644 quadam
1604 1608 1637 1634 ad
1655 1606 1744 1641 majus

961 1657 1142 1693 progreditur,
1163 1656 1244 1690 idque
1261 1660 1445 1682 consentanea
1472 1654 1577 1681 ratione
1592 1657 1618 1680 et
1635 1652 1743 1682 ordine,

961 1703 1024 1730 dum
1054 1702 1185 1737 paulatim
1206 1701 1378 1729 ati‘ectioucm
1394 1704 1421 1728 et
1442 1698 1582 1727 contraria
1596 1698 1744 1733 proclivem

961 1747 1118 1783 exstinguit.
1136 1747 1165 1774 1n
1182 1747 1270 1782 prima
1285 1747 1356 1774 enim
1369 1744 1505 1772 creatione
1517 1744 1584 1771 nihil
1597 1746 1656 1770 erat
1674 1742 1745 1777 quod

963 1793 1116 1829 impediret,
1144 1792 1290 1828 quominus
1317 1796 1422 1818 natura:
1444 1789 1575 1824 perfectio
1598 1795 1660 1815 cum
1684 1790 1745 1814 ortu

963 1840 1050 1875 ipsius
1063 1841 1250 1868 concurreret.
1260 1844 1322 1864 cum
1334 1836 1409 1863 nulla
1423 1839 1496 1863 esset
1506 1834 1653 1862 vitiositas.
1669 1833 1704 1859 At
1719 1832 1745 1858 in

963 1884 1015 1911 hac
1039 1883 1124 1910 altera
1143 1881 1316 1910 restitutione
1343 1880 1500 1908 necessario
1524 1879 1671 1906 comitatur
1687 1884 1745 1906 eos.

963 1930 1010 1964 qui
1023 1929 1056 1956 ad
1073 1929 1188 1963 primum
1204 1927 1270 1955 illud
1289 1927 1390 1954 bonum
1409 1927 1563 1955 recurrunt,
1580 1930 1657 1950 mora
1669 1930 1746 1957 qure-

964 1977 1026 2004 danl
1042 1979 1069 2002 et
1085 1974 1180 2002 dilatio
1192 1973 1322 2008 temporis
1336 1981 1343 1999 ε
1357 1975 1500 2007 propterea
1517 1969 1588 2004 quod
1605 1976 1681 1996 mens
1697 1976 1748 1994 no-

964 2026 1031 2055 stra,
1060 2028 1121 2056 quae
1147 2020 1183 2048 ob
1208 2019 1385 2047 ritiositatem
1412 2016 1560 2044 constricta
1578 2017 1687 2042 tenetur
1715 2014 1749 2040 ab

965 2068 1107 2095 affectione
1120 2066 1236 2102 quadam
1246 2063 1432 2101 propendente
1446 2063 1473 2090 in
1487 2069 1531 2089 res
1542 2068 1663 2092 crassas,
1680 2067 1748 2087 cou-

963 2113 1133 2148 junctionem
1151 2119 1213 2138 cum
1235 2111 1318 2143 malo,
1344 2108 1423 2144 quasi
1445 2108 1576 2135 corticem
1605 2105 1748 2141 quemdam

966 2158 1114 2185 obductum
1123 2156 1186 2188 sibi,
1195 2163 1244 2190 per
1254 2155 1395 2182 decentem
1409 2152 1516 2180 vivendi
1534 2152 1667 2178 rationem
1677 2150 1751 2177 velut

124 2198 282 2234 μαζομένης
296 2199 363 2224 πᾶσι
384 2199 432 2233 τῆς
456 2198 624 2230 ἀντιδόσεως.
642 2199 670 2226 ’0
693 2199 741 2234 μὲν
759 2200 812 2234 γάρ
826 2209 867 2231 τις
885 2201 908 2227 ἐν

970 2203 1089 2237 undique
1105 2201 1252 2236 scalpendo
1270 2199 1400 2234 paulatim
1415 2196 1612 2225 detrahat.llac
1625 2196 1659 2223 de
1668 2203 1751 2223 causa

124 2245 197 2280 ἀρχῇ
208 2245 256 2279 τῆς
267 2243 313 2271 τοῦ
332 2243 463 2279 βελτίονός
486 2245 543 2270 ἐστι
562 2243 698 2279 βρώσεως,
712 2245 773 2280 ἄρτι
790 2246 914 2281 καθάπερ

125 2290 160 2316 ὲκ
174 2289 254 2325 βυθοῦ
269 2298 340 2322 τινος
353 2289 399 2315 τοῦ
421 2289 490 2316 κατὰ
509 2290 606 2316 κακίαν
620 2289 677 2324 βίου
694 2291 762 2326 πρὸς
783 2290 830 2326 τὴν
850 2299 914 2326 μετ-

126 2335 220 2362 ουσίαν
232 2335 281 2370 τῆς
295 2335 421 2370 ἀληθείας
433 2335 646 2371 ἀνανηξάμενος·
660 2335 698 2370 τῷ
713 2335 740 2361 δέ
753 2345 793 2368 τις
805 2336 916 2370 γέγονεν

128 2379 180 2415 ἤδη
199 2380 231 2406 δι’
249 2380 403 2414 ἐπιμελείας
422 2379 562 2415 προσθήκη
586 2379 633 2406 τοῦ
652 2380 818 2416 κρείττονας’
839 2381 916 2412 ἄλλος

130 2426 267 2452 ἐπιπλείον
282 2426 325 2452 διὰ
337 2426 384 2461 τῆς
401 2425 547 2460 ἐπιθυμίας
560 2425 613 2452 τῶν
632 2426 740 2460 ἀγαθῶν
758 2427 898 2462 ὲπηυξήθη
909 2435 916 2442 ·

130 2473 146 2498 ὖ
164 2472 192 2499 δὲ
214 2472 298 2507 μέσης
315 2471 370 2507 ἔχει
388 2471 435 2505 τῆς
450 2472 503 2497 τῶν
517 2471 626 2507 ὑψηλῶν
640 2472 812 2504 ἀναϐάσεως·
828 2473 919 2507 ἕτερος

132 2519 180 2545 καὶ
192 2518 220 2544 τὸ
235 2518 315 2552 μέσον
328 2517 515 2552 παρέδραμεν·
530 2519 583 2544 εἰσὶ
598 2518 626 2545 δέ
640 2527 711 2550 τινες
725 2519 771 2546 καὶ
782 2519 806 2545 οἱ
819 2518 919 2546 τούτων

133 2564 245 2595 ἑαυτοὺς
260 2563 460 2599 ὑπεράραντεςο
485 2563 558 2591 ἄλλοι
582 2564 722 2596 κάκείνους
745 2564 921 2600 παρήλασαν⁸

133 2610 181 2636 καὶ
195 2609 263 2644 ὑπὲρ
276 2608 385 2641 τούτους
402 2609 488 2644 ἕτεροι
503 2610 571 2645 πρὸς
584 2609 628 2636 τὸν
639 2610 694 2637 ἄνω
705 2610 802 2645 δρόμον
820 2612 922 2637 συντεί-

133 2663 239 2682 νονται·
261 2655 308 2681 καὶ
331 2655 399 2686 ὅλως
422 2654 491 2681 κατὰ
509 2654 557 2690 τὴν
578 2655 702 2690 ποικίλην
721 2656 776 2682 τῶν
797 2657 925 2692 προαιρέ-

136 2708 205 2726 σεων
231 2699 360 2735 διαφορὰν
383 2699 496 2726 ἕκαστον
515 2701 529 2726 ὁ
552 2699 618 2731 Θεὸς
641 2701 668 2727 ὲν
689 2700 728 2735 τῷ
749 2701 804 2736 ἰδίῳ
820 2701 925 2736 δέχεται

135 2746 266 2781 τάγματι,
282 2745 314 2772 τὰ
335 2745 403 2780 πρὸς
426 2745 502 2779 ἀξίαν
520 2746 685 2782 ἀποπληρῶν
704 2747 759 2777 τοῖς
783 2747 858 2779 πᾶσι,
875 2749 922 2774 καὶ

171 2833 217 2861 ⁸³1
231 2834 293 2862 Cor.
308 2842 327 2867 ι,
342 2834 369 2861 5.
407 2834 428 2851 ”
442 2834 508 2862 Gen.
531 2842 549 2868 ι,
566 2834 610 2861 26.
649 2835 672 2850 ’⁸
683 2834 760 2861 Joan.
774 2843 829 2868 xw,
845 2835 871 2861 Ξ.

967 2250 1048 2277 etiam
1077 2248 1177 2275 multas
1199 2246 1271 2280 apud
1287 2245 1392 2272 Patrem
1418 2244 1492 2270 illum
1512 2243 1670 2270 mansiones
1690 2235 1756 2268 esse.

969 2293 1166 2329 accepimus",
1178 2293 1277 2327 quippe
1289 2290 1361 2326 quod
1377 2296 1424 2324 pro
1440 2289 1545 2316 ratione
1562 2286 1753 2323 propensionis

968 2341 1002 2368 ad
1017 2340 1130 2370 bonum,
1149 2342 1175 2365 et
1187 2338 1331 2364 abscessus
1347 2343 1363 2362 a
1374 2335 1456 2368 malo,
1471 2336 1571 2369 cuique
1582 2341 1689 2361 merces
1704 2340 1753 2368 pa-

970 2390 1029 2413 rata
1044 2386 1090 2412 sit.
1108 2385 1185 2411 Alius
1211 2383 1283 2410 enim
1306 2381 1395 2409 adhuc
1416 2385 1458 2409 est
1470 2381 1497 2408 in
1510 2381 1598 2416 primo
1612 2379 1754 2407 electionis

970 2432 1034 2459 boni
1046 2431 1135 2461 initio,
1163 2433 1192 2456 ut
1212 2429 1258 2464 qui
1274 2435 1370 2456 recens
1387 2435 1402 2454 a
1425 2426 1510 2454 fundo
1524 2426 1586 2453 vitae
1599 2426 1705 2452 ritiosze
1721 2424 1754 2451 ad

972 2476 1095 2504 veritatis
1121 2475 1275 2503 fruitiouem
1288 2473 1448 2505 emerserit;
1478 2473 1548 2499 alius
1564 2471 1689 2499 studioso
1706 2477 1754 2497 co-

974 2527 1038 2549 natu
1053 2522 1107 2556 jam
1120 2521 1182 2549 boni
1212 2520 1328 2556 quadam
1354 2518 1512 2547 accessione
1539 2521 1566 2544 et
1586 2517 1755 2543 incremento

972 2572 1069 2595 auctus
1085 2570 1127 2594 est
1144 2574 1152 2592 :
1169 2566 1239 2593 alios
1250 2565 1332 2593 etiam
1347 2564 1465 2599 amplius
1481 2563 1516 2590 ob
1530 2562 1694 2597 singularem
1707 2560 1756 2588 bo-

973 2621 1071 2641 norum
1097 2612 1273 2647 cupiditatem
1303 2615 1345 2638 est
1370 2613 1536 2637 consecutus
1558 2615 1564 2633 2
1584 2607 1655 2634 alius
1676 2602 1754 2639 quasi

974 2659 1092 2686 medium
1106 2658 1157 2685 iter
1169 2654 1377 2684 conscensionis
1394 2653 1426 2680 ad
1449 2653 1495 2680 illa
1513 2651 1641 2679 sublimia
1664 2649 1756 2675 confe-

974 2703 1028 2735 cit;
1046 2702 1117 2729 alius
1137 2702 1219 2729 etiam
1236 2699 1355 2727 medium
1372 2698 1424 2725 hoe
1435 2704 1517 2725 cursu
1530 2693 1676 2730 praeteriit;
1689 2698 1757 2718 non-

978 2747 1044 2775 nulli
1055 2751 1082 2775 et
1093 2747 1143 2774 bos
1153 2748 1327 2780 superarunt,
1336 2750 1404 2778 quos
1415 2748 1510 2769 rursus
1520 2740 1564 2767 alii
1576 2742 1639 2767 sunt
1649 2740 1758 2773 praeter-
