1978 3068
239 147 304 174 Hii

872 150 900 178 S.
921 152 1084 180 GREGORII
1103 153 1250 182 IiYSSENl‘

1796 153 1870 183 ιιιι]

238 203 344 237 gressi;
370 203 602 237 contendentibus
621 206 683 234 item
711 207 773 235 aliis
790 215 874 243 supra
892 210 942 237 hos
956 218 1021 245 quo-

1083 213 1200 247 συνάγων
1212 215 1265 245 τοῖς
1281 213 1454 249 ὑψηλοτέροις
1474 214 1522 244 τὰς
1544 213 1597 240 τῶν
1614 213 1723 247 ἀγαθῶν
1741 213 1870 249 ἀμοιϐὰς.

237 255 291 282 que
310 248 342 274 ad
360 249 458 276 altiora
480 258 486 275 :
504 249 620 285 denique
638 252 709 280 Deus
740 255 853 282 omnino
871 263 921 290 pro
937 256 1027 283 varie-

237 297 293 321 tate
319 294 461 322 industria:
487 296 672 332 singulorum,
691 307 742 327 suo
768 301 917 335 quemlibet
930 301 1027 329 ordine

237 337 348 373 recipit,
363 340 462 374 cuique
476 345 577 368 sortem
592 350 624 369 ex
640 343 726 378 ipsius
742 344 875 379 dignitate
891 345 1025 378 tribuens,

237 383 429 420 bonorumque
451 388 689 421 compensationes
705 393 760 416 tam
787 391 821 417 ad
840 391 1025 423 sublimiores.

238 437 321 465 quam
340 431 483 460 inferiores
505 434 724 462 accommodans.
750 435 914 471 Hujusmodi
931 444 1028 472 quam-

238 477 302 504 dam
317 479 577 507 commentationem
600 481 706 508 institui
727 483 876 518 propositis
893 483 920 510 in
936 484 1027 511 verbis

239 523 450 557 existimamus,
482 526 690 562 animarumque
719 528 868 556 discrimen
899 528 1025 560 indicari.

239 577 300 604 qum
320 577 451 604 sponsum
469 571 621 599 intuentur.
635 572 702 600 Nam
718 574 787 600 alias
797 579 877 601 vocat
894 574 1027 608 iuvencu-

239 615 291 646 las,
305 623 420 650 quarum
438 617 582 645 multitudo
607 627 752 646 numerum
765 628 874 648 omnem
891 625 1001 656 superat
1018 630 1026 649 :

239 662 308 690 alias
322 664 510 698 concubinas;
526 665 594 692 alias
610 659 962 700 reginas.Concubinarum
974 675 1027 694 nu-

240 717 346 735 merum
369 710 519 738 decadibus
550 716 613 738 octo
646 712 760 746 deliniit,
787 720 848 740 cum
873 713 1027 748 reginarum

239 763 374 782 uoluet-us
385 758 592 790 sexagr-narium
602 759 720 793 expleat.
736 759 770 786 At
787 767 869 794 supra
884 760 1028 787 universas

240 801 324 828 hasce
344 803 462 829 collocat
488 803 597 830 unicam
623 804 697 831 illam
714 804 918 839 perfectamque
928 805 1030 831 colum-

220 862 225 867 -
239 847 315 878 bam,
335 856 414 882 quam
436 849 521 875 solam
539 849 630 882 matri,
641 853 669 876 et
692 848 808 877 electam
825 858 887 878 esse
902 850 1027 884 genitrici

1079 259 1125 285 καὶ
1137 259 1300 294 συμμετρῶν
1312 258 1444 285 ἐλάττοσι.
1457 258 1550 285 Ταῦτα
1561 258 1604 284 διὰ
1614 257 1668 284 τὼν
1682 258 1873 293 προκειμένων

1080 304 1168 339 ῥητῶν
1190 304 1342 339 φιλοσοφεῖν
1366 304 1412 331 τὸν
1436 304 1514 338 λόγον
1538 305 1735 339 ὑπενοήσαμεν,
1749 304 1797 339 τὴν
1812 304 1871 330 δια.-

1079 349 1164 385 φορὰν
1185 350 1238 375 τῶν
1254 350 1357 385 ψυχῶν,
1377 350 1404 377 αἳ
1423 350 1490 386 πρὸς
1509 350 1553 376 τὸν
1577 350 1692 384 νυμφίον
1709 350 1817 385 ὁρῶσιν,
1837 351 1869 376 ὲν

1078 395 1134 425 τοῖς
1161 393 1316 429 εἰρημένοις
1340 395 1406 429 ἡμῖν
1435 393 1630 420 διαστείλαντα.
1660 393 1715 425 Τὰς
1745 394 1793 429 μὲν
1813 394 1870 430 γὰρ

1078 439 1205 474 ὀνομάζει
1219 440 1351 472 νεάνιδας,
1371 440 1420 476 τὴν
1443 439 1490 466 τοῦ
1514 439 1632 476 ἀριθμοῦ
1657 439 1736 474 φύσιν
1753 439 1797 466 διὰ
1819 439 1869 466 τοῦ

1079 485 1198 521 πλήθους
1212 486 1330 517 νικώσας
1342 495 1349 501 ·
1370 487 1451 516 ἄλλας
1473 486 1503 512 δὲ
1523 485 1704 517 παλλακίδας·
1724 486 1770 511 καὶ
1786 485 1870 516 ἄλλας

1080 531 1216 565 βασιλίδας
1231 529 1301 558 εἶναι
1322 540 1402 566 φησιν
1426 543 1433 550 ·
1449 531 1610 557 ὀκτωδεκάδι
1624 530 1677 557 τῶν
1699 530 1870 557 παλλακίδων

1078 576 1124 602 τδν
1140 577 1254 612 ἀριθμὸν
1275 576 1446 612 περιγράψας
1457 584 1464 590 ·
1477 575 1526 607 τὰς
1537 575 1565 602 δὲ
1586 575 1723 610 βασιλίδας
1735 575 1870 601 συντελεῖν

1080 622 1163 648 εἰπὼν
1190 623 1229 654 είς
1255 621 1395 657 ἑξήκοντα,
1413 621 1574 657 ὑπερτίθησι
1600 621 1692 647 πασῶν
1717 621 1766 656 τὴν
1789 622 1817 647 ὲν
1835 622 1870 656 τῇ

1082 669 1172 703 μονάδι
1187 668 1375 704 θεωρουμένην
1394 668 1498 694 τελείαν
1518 667 1691 703 περιστερὰν,
1707 668 1740 702 ἢν
1756 668 1801 694 καὶ
1823 667 1872 703 μό-

1079 712 1128 749 νην
1147 715 1178 749 τῇ
1196 714 1288 750 μητρὶ,
1306 715 1352 741 καὶ
1366 714 1524 749 ἐκλεκτικὴν
1543 712 1612 741 εἶναι
1633 715 1666 750 τῇ
1682 713 1798 750 τεκούσῃ
1819 714 1870 740 αὐ-

1079 759 1128 795 τὴν
1142 760 1329 794 ἀποφαίνεται.
1354 759 1445 787 Ταῦτα
1469 758 1514 787 οὖν
1536 760 1580 787 διὰ
1596 760 1649 787 τῶν
1670 760 1748 787 θείων
1773 759 1872 793 λογίων

1081 806 1150 832 νοεῖν
1163 805 1324 841 ἑναγόμεθα,
1337 807 1378 833 ὅτι
1399 806 1423 832 οἰ
1445 806 1493 841 μὲν
1508 807 1569 842 ἄρτι
1585 806 1680 841 νηδύος
1697 806 1769 837 τινος
1780 806 1829 840 τῆς
1841 805 1872 832 ἐν

1083 850 1158 886 βάθει
1184 851 1311 886 κειμένης
1334 851 1443 887 ἀπάτης
1466 851 1518 885 ἕξω
1539 851 1693 886 γενόμενοι,
1721 851 1871 886 ἀρτιγενετς

241 900 299 920 sua:
317 895 485 927 pronuntiat.
498 895 592 929 Itaque
611 903 660 929 per
673 896 731 923 hanc
744 895 837 923 divina
853 883 965 922 oracula
988 895 1029 922 di-

1083 883 1152 927 τινες
1166 883 1250 928 ὄντες,
1270 883 1317 922 καὶ
1338 883 1632 933 οῦπωπδιηρθρωμὲνοι
1653 897 1681 922 ὲν
1706 883 1810 928 ἑαυτοῗς
1825 895 1872 922 τὸν

242 939 357 972 scimus,
372 941 519 967 nonnullos
534 941 580 974 qui
594 948 649 968 non
661 941 698 967 ita
715 941 818 975 pridem
837 941 910 967 velut
926 947 958 967 ex
969 939 1030 967 alvo

241 984 359 1018 quadam
375 985 401 1011 in
419 985 472 1012 imo
485 986 530 1012 siti
546 986 649 1013 erroris
661 986 821 1020 prodierint,
838 985 971 1020 quasique
987 992 1031 1012 re-

241 1036 308 1056 cens
326 1029 405 1060 editi,
426 1029 540 1056 necdum
554 1031 688 1057 sermonis
697 1030 834 1056 articulati
851 1037 964 1064 capaces
976 1029 1031 1056 sint

241 1081 352 1110 propter
371 1076 558 1103 asscnsiouem
582 1075 642 1102 ﬁdei
659 1083 712 1102 non
734 1075 802 1103 satis
819 1083 833 1101 a
846 1076 952 1102 ratione
963 1082 1032 1101 con-

241 1121 390 1153 ﬁrmatam,
412 1128 526 1148 numero
546 1121 668 1148 inﬁnitos
680 1128 740 1148 esse
757 1130 763 1147 :
782 1121 884 1155 quippe
894 1121 940 1154 qui
959 1120 1032 1147 salu-

241 1171 329 1193 tarem
359 1167 467 1201 quidem
497 1167 535 1193 illi
558 1174 712 1193 sermonem
737 1166 860 1201 mysterii
879 1166 950 1194 sacri
971 1173 1032 1194 esse

242 1212 428 1244 crediderunt,
446 1221 499 1239 non
519 1217 610 1239 tamen
627 1220 674 1247 per
690 1212 834 1241 scientiam
846 1212 991 1247 quamdam
1004 1217 1032 1240 et

242 1259 434 1285 cettitudinem
446 1259 480 1285 ab
497 1259 556 1293 ipso
571 1266 696 1286 sermone
713 1258 874 1293 prolectant,
892 1259 969 1293 quasi
987 1267 1032 1286 so-

243 1306 298 1332 lido
330 1306 491 1333 innitenlem
531 1306 708 1333 fundamento
743 1305 886 1332 veritatem
918 1305 1029 1333 habent.

243 1353 332 1387 Atque
348 1353 388 1379 lue
403 1357 468 1380 sunt
487 1353 539 1380 illa:
551 1353 693 1387 appellatae
708 1352 872 1385 juvencttltr,
889 1352 962 1386 quod
974 1352 1031 1386 pri-

242 1406 314 1425 mam
330 1399 418 1426 adhuc
427 1403 531 1426 :ctatem
547 1399 716 1433 spiritualem
733 1403 825 1433 agant.
841 1399 969 1432 quodque
984 1406 1032 1433 per

243 1441 304 1469 titlei
325 1450 479 1470 sermonem
491 1443 598 1477 genitae.
609 1442 724 1469 necdum
738 1442 919 1470 conveniente
942 1442 1030 1470 incre-

242 1493 336 1516 mento
363 1488 496 1522 ejusmodi
526 1488 603 1516 factae
620 1488 685 1519 sint,
703 1492 731 1514 ut
746 1487 788 1514 vel
800 1491 906 1514 aetatem
929 1489 1032 1522 nuptiis

243 1539 378 1562 maturam
395 1534 546 1567 attigerint,
562 1534 604 1560 vel
625 1534 651 1560 in
667 1534 755 1560 virum
769 1533 919 1567 perfectum
937 1541 1031 1560 evase-

243 1581 314 1612 rint.
336 1580 376 1607 vel
401 1587 555 1607 mensuram
578 1579 681 1614 nuptiis
703 1583 772 1613 aptae
791 1578 879 1605 :etatis
898 1582 1030 1605 assecutae

243 1627 309 1657 sint,
327 1630 356 1652 ut
369 1633 401 1653 cx
420 1625 465 1653 Dei
481 1630 553 1653 metu
572 1625 643 1652 ferre
662 1630 770 1652 uterum
794 1626 910 1660 possint.
929 1629 956 1652 et
975 1626 1030 1659 spi-

242 1672 327 1697 ritum
343 1671 440 1698 salutis
456 1671 577 1705 gignere.
605 1669 736 1697 Nimirum
755 1670 844 1698 adhuc
864 1675 974 1705 propter
986 1671 1029 1696 iu—

1082 942 1159 975 λόγον
1172 943 1354 977 χωρήσαντες,
1374 943 1406 978 τῇ
1428 943 1582 978 ἀλογωτὲρᾳ
1612 942 1808 977 συγκαταθέσει
1822 942 1872 977 τῆς

1081 987 1198 1019 πίστεως
1213 989 1242 1014 ἐν
1256 988 1361 1023 ἀπείρῳ
1372 988 1534 1024 θεωροῦνται
1548 988 1660 1024 πλήθει·
1675 989 1806 1023 σωτήριον
1821 987 1872 1022 μὲν

1081 1030 1149 1058 εἶναι
1161 1033 1370 1064 πεπιστευκότες
1382 1033 1427 1059 τοῦ
1449 1033 1596 1068 μυστηρίου
1611 1033 1655 1059 τδν
1671 1033 1759 1066 λόγον,
1770 1033 1800 1059 οὐ
1819 1032 1872 1068 μὴν

1081 1078 1219 1113 ἐπιστήμῃ
1230 1079 1282 1104 τινὶ
1293 1079 1340 1105 καὶ
1354 1080 1387 1114 τῇ
1401 1079 1443 1105 διὰ
1459 1079 1506 1105 τοῦ
1520 1079 1600 1113 λόγου
1615 1078 1783 1114 πληροφορίᾳ
1799 1078 1872 1114 ἱδρυ-

1083 1123 1167 1160 μένην
1181 1124 1286 1158 ἔχοντες
1303 1124 1331 1157 ἐν
1347 1125 1454 1156 ἑαυτοῖς·
1465 1124 1513 1160 τὴν
1523 1124 1661 1159 ἀλήθειαν.
1670 1122 1753 1151 Αὗταί
1764 1124 1831 1150 εἰσιν
1843 1124 1872 1150 αἱ

1082 1170 1270 1205 ὀνομασθεῖσαι
1284 1170 1412 1202 νεάνιδες,
1426 1171 1468 1197 διὰ
1483 1171 1513 1197 τὸ
1528 1171 1590 1197 νέαν
1603 1171 1677 1204 ἄγειν
1694 1170 1743 1206 τὴν
1756 1178 1874 1204 πνευμα-

1082 1216 1159 1251 τικὴν
1173 1216 1291 1251 ἡλικίαν,
1305 1216 1332 1243 αἳ
1351 1217 1518 1250 γεννηθεῖσαι
1534 1217 1572 1251 τῷ
1589 1216 1659 1251 λόγῳ
1674 1216 1722 1251 τῆς
1743 1216 1870 1247 πίστεως,

1082 1264 1186 1290 οὐδέπω
1207 1263 1250 1290 διὰ
1266 1264 1316 1298 τῆς
1335 1264 1507 1299 καθηκούσης
1527 1263 1666 1298 αὐξήσεως
1685 1263 1807 1290 τοιαῦται
1827 1271 1873 1296 γε·

1081 1309 1200 1342 γόνασιν,
1214 1309 1251 1340 ὼς
1268 1310 1314 1335 ἐπὶ
1328 1309 1423 1344 γάμων
1440 1309 1531 1344 ἀκμὴν
1546 1309 1696 1345 προελθεῖν,
1712 1309 1757 1335 καὶ
1770 1308 1871 1343 φθάσαι

1082 1355 1122 1385 είς
1135 1354 1218 1395 ιξνδρα
1234 1355 1344 1387 τέλειον,
1363 1355 1403 1386 εἰς
1418 1355 1515 1390 μέτρον
1530 1355 1648 1390 γαμικῆς
1663 1353 1777 1390 ἡλικίας.
1792 1354 1872 1379 Ὥστε

1081 1400 1118 1434 τῷ
1146 1400 1219 1435 φόϐῳ
1247 1400 1293 1426 τοῦ
1321 1399 1422 1435 Κυρίου
1454 1399 1582 1426 δύνασθαι
1611 1399 1796 1434 κυοφορῆσαι,
1826 1397 1874 1424 καὶ

1082 1445 1188 1479 πνεῦμα
1206 1445 1341 1480 σωτηρίας
1358 1444 1609 1479 παιδοποιήσασθαι.
1629 1444 1695 1471 Ἀλλ’
1713 1444 1751 1471 ἔτι
1771 1443 1809 1479 τῷ
1823 1452 1873 1478 νη-

1082 1491 1134 1526 πίῳ
1155 1499 1184 1517 τε
1204 1492 1251 1517 καὶ
1268 1491 1358 1518 ἁτελεῖ
1376 1492 1425 1527 τῆς
1441 1491 1567 1522 διανοίας,
1583 1491 1738 1526 ἀλογωτέρᾳ
1755 1499 1812 1521 πως
1831 1498 1876 1516 συ-

1083 1535 1150 1566 ζῶσι
1164 1537 1196 1570 τῇ
1210 1536 1336 1562 διαθέσει.
1364 1536 1436 1571 Πλὴν
1462 1536 1529 1562 ἀλλὰ
1552 1536 1599 1562 καὶ
1622 1533 1693 1563 οὗτοι
1713 1535 1766 1562 τῶν
1790 1535 1874 1567 σωζο-

1084 1581 1170 1616 μένων
1194 1582 1257 1614 stat,
1274 1581 1364 1613 καθώς
1381 1591 1462 1618 φησιν
1482 1582 1495 1607 ὁ
1512 1582 1671 1617 Προφήτης·
1690 1582 1730 1608 ὅτι
1755 1581 1874 1615 Ἀνθρώ-

1083 1633 1159 1658 πους
1179 1626 1229 1653 καὶ
1251 1626 1344 1660 κτήνη
1370 1626 1489 1660 σώσεις,
1506 1627 1608 1660 Κύριε·
1629 1627 1713 1662 κτήνη
1736 1625 1821 1660 λέγων
1843 1624 1873 1652 τὸ

1084 1671 1249 1708 ἀλογώτερον
1267 1673 1299 1707 μέ
1304 1681 1347 1708 ρος
1366 1672 1420 1698 τῶν
1437 1672 1605 1707 σωζομένων.

243 1717 358 1744 fantiam
374 1722 401 1744 et
423 1716 657 1751 impcrfcctioncm
701 1717 811 1749 mentis,
833 1724 895 1743 cum
930 1711 1072 1745 aﬂ'eetiduc
1090 1718 1207 1753 quadam
1220 1719 1343 1746 nonnihil
1359 1719 1438 1746 bruta
1456 1719 1518 1745 vitae
1531 1717 1753 1746 consuetudinem
1763 1716 1871 1743 habent-

244 1762 297 1788 Sed
314 1767 404 1789 tamen
421 1762 503 1788 etiam
518 1761 546 1788 bi
561 1766 625 1789 sunt
636 1769 729 1788 corum
743 1762 769 1788 in
794 1769 918 1794 numero,
950 1762 996 1797 qui
1025 1763 1138 1791 salutem
1147 1770 1360 1799 consequuntur,
1406 1763 1632 1799 quemadmodum
1659 1762 1792 1797 Propheta
1816 1763 1869 1790 ait:

244 1809 374 1836 Homines
384 1814 409 1836 et
418 1809 540 1844 jumenta
555 1809 684 1841 sort-abis,
704 1809 813 1836 Domine
825 1809 860 1839 ’°.
872 1809 978 1842 Quibus
998 1811 1090 1839 verbis
1116 1812 1240 1846 jumenta
1252 1816 1332 1840 vocat
1359 1819 1465 1844 eorum,
1477 1811 1523 1846 qui
1535 1815 1689 1843 servantur,
1700 1814 1801 1845 partem
1812 1815 1874 1842 pro-

243 1855 307 1890 pius
327 1854 450 1881 nonnihil
469 1855 641 1881 accedentem
655 1854 688 1881 ad
700 1854 791 1882 bruta.

280 1902 414 1928 Caeterum
448 1900 570 1932 illorum,
599 1900 625 1926 in
650 1899 751 1934 quibus
772 1899 952 1927 conveniente
977 1904 1034 1927 stu—

238 1947 291 1974 dio
315 1953 393 1973 mens
419 1949 498 1973 aucta
524 1949 584 1975 cst.
611 1946 712 1980 quique
743 1945 884 1972 infantiam
916 1946 1034 1980 relique-

243 1998 319 2025 runt,
336 1993 435 2028 duplex
446 1992 487 2018 hic
504 1991 651 2018 discrimen
660 1991 801 2018 discimus.
812 1990 918 2018 Etenim
935 1992 1033 2019 anima)

244 2042 314 2068 ﬁuut
324 2040 432 2075 quidem
440 2039 492 2065 illae
503 2037 712 2071 concorporales
725 2036 825 2069 Verbo,
836 2041 890 2063 tam
902 2030 943 2064 ha:
951 2045 1032 2072 quam

243 2089 298 2116 illa:
313 2097 319 2114 :
332 2093 427 2113 verum
442 2083 582 2112 nonnullae
604 2091 651 2117 per
671 2084 831 2109 amatoriam
846 2082 925 2117 quasi
937 2090 1033 2118 quam-

245 2134 307 2160 dam
324 2132 493 2160 aﬂectionem
511 2137 572 2157 cum
585 2137 618 2156 oo
634 2129 854 2164 conglutinantur
870 2137 877 2155 :
895 2130 973 2164 cujus
987 2137 1034 2164 ge-

244 2180 320 2207 neris
345 2183 403 2206 erat
429 2176 540 2203 Davidis
567 2179 593 2202 ct
615 2174 691 2202 Pauli
723 2175 963 2209 anima:quarum
987 2174 1033 2201 illa

245 2226 333 2260 inquit
350 2234 357 2252 :
372 2223 437 2250 Mihi
445 2230 502 2248 cum
514 2221 569 2248 Deo
583 2221 760 2255 conglutinari
774 2219 869 2246 bonum
883 2224 921 2246 est
931 2220 965 2254 '7;
977 2220 1034 2246 hzec

1119 1901 1178 1929 Τῶν
1199 1902 1226 1928 δὲ
1248 1901 1291 1927 διὰ
1311 1901 1361 1936 τῆς
1381 1900 1553 1935 καθηκούσης
1573 1899 1727 1934 ἐπιμελείας
1743 1898 1875 1935 αὐξηθέν-

1083 1955 1136 1974 των
1151 1948 1184 1982 τῇ
1200 1947 1311 1982 διανοίᾳ,
1333 1947 1379 1973 καὶ
1395 1946 1626 1973 καταλελοιπότων
1644 1945 1693 1981 ἤδη
1714 1945 1763 1980 τὴν
1780 1945 1874 1980 νηπιό-

1083 2001 1161 2027 τητα,
1175 1993 1270 2028 διπλῆν
1291 1992 1343 2019 ὑπὸ
1367 1991 1413 2018 τοῦ
1429 1991 1508 2025 λόγου
1532 1991 1581 2027 τὴν
1603 1991 1732 2026 διαφορὰν
1750 1990 1873 2017 διδασκό-

1085 2039 1163 2074 μεθα.
1189 2038 1309 2065 Γίνονται
1339 2037 1387 2073 μὲν
1417 2037 1471 2073 γὰρ
1505 2038 1532 2064 αι
1559 2037 1642 2071 ψυχαὶ
1665 2037 1712 2063 καὶ
1736 2035 1873 2070 σύσσωμοι

1085 2084 1124 2118 τῷ
1144 2085 1232 2118 Λόγῳ,
1247 2083 1294 2109 καὶ
1321 2079 1402 2109 αὗται
1430 2082 1571 2108 κάκεῖναι·
1597 2081 1652 2108 ἀλλ’
1679 2081 1706 2106 al
1733 2080 1782 2115 μὲν
1805 2080 1874 2115 ἐρω-

1086 2132 1148 2165 τικῇ
1161 2138 1212 2155 τινι
1226 2129 1342 2156 διαθέσει
1360 2128 1577 2164 προσκολλῶνται
1587 2136 1593 2141 -
1619 2127 1662 2153 οἵα
1677 2124 1711 2161 ἦν
1727 2127 1744 2161 ὴ
1759 2124 1805 2151 τοῦ
1822 2127 1872 2152 Δα-

1087 2177 1143 2206 6¹ιδ,
1161 2177 1207 2203 καὶ
1228 2178 1244 2212 ἡ
1265 2175 1312 2202 τοῦ
1339 2175 1443 2202 Παύλου
1463 2175 1553 2210 ψυχή·
1579 2176 1596 2210 ἡ
1619 2174 1667 2209 μὲν
1691 2175 1806 2208 λέγουσα
1825 2173 1872 2203 τὸ,

1088 2222 1169 2257 Ἐμοὶ
1181 2222 1215 2248 δὲ
1229 2222 1260 2248 τὸ
1277 2220 1522 2256 προσκολλᾶσθαι
1534 2220 1573 2252 τῷ
1585 2220 1645 2252 Θεῷ
1656 2220 1768 2254 ἀγαθόν
1778 2220 1872 2246 ἐστιν·

245 2262 312 2298 ὕοι-ο
325 2279 331 2297 :
345 2270 428 2296 Nemo
449 2269 566 2303 sejunget
581 2275 628 2293 nos
640 2276 655 2292 a
668 2267 808 2293 dilectione
820 2266 878 2297 Dei,
894 2273 952 2300 qum
961 2266 1030 2292 estin

1088 2269 1104 2303 ἠ
1116 2267 1144 2294 δὲ
1155 2267 1194 2298 τὸ,
1213 2267 1316 2299 Οὐδεὶς
1330 2267 1449 2301 χωρίσει
1465 2264 1543 2300 ἡμᾶς
1553 2265 1612 2292 ἀπὸ
1629 2265 1683 2299 τῆς
1694 2265 1810 2300 ἀγάπης
1821 2264 1874 2291 τοῦ

247 2317 353 2343 (ΣΙιτίεΙο
366 2315 430 2342 Jesu
441 2324 450 2342 :
466 2323 517 2341 non
527 2315 590 2345 vita,
600 2321 650 2340 non
665 2321 746 2344 mors,
757 2321 808 2339 non
823 2312 892 2348 quod
907 2320 1032 2347 praesens,

247 2371 301 2389 non
315 2361 384 2396 quod
412 2361 532 2395 futurum
548 2364 598 2390 est,
617 2366 668 2385 non
681 2359 824 2392 quidquam
840 2367 931 2385 earum
946 2366 1033 2385 rerum

246 2416 305 2441 qua:
323 2407 454 2434 exsistunt
471 2405 504 2430 ³³.
519 2404 586 2431 Aliae
612 2407 702 2429 autem
725 2404 850 2438 supplicii
867 2407 939 2430 metu
955 2403 1034 2430 adul-

247 2453 311 2480 terii
337 2457 452 2479 conatus
478 2451 566 2477 vitant
583 2457 666 2476 :nam
688 2453 716 2476 et
730 2449 796 2483 ipsa;
814 2454 924 2476 manent
940 2449 1034 2476 incor-

247 2503 335 2534 rupta:
363 2499 391 2526 in
418 2497 573 2532 integritate
589 2503 621 2523 ac
641 2495 877 2528 sanctiﬁcatione;
899 2496 946 2522 sed
961 2500 1033 2523 metu

247 2545 335 2580 magis
343 2551 423 2579 quam
435 2542 570 2570 desiderio
586 2542 710 2569 adductae
723 2541 853 2577 ﬂagitium
869 2541 971 2568 nullum
987 2541 1036 2567 ad-

249 2593 370 2619 mittunt.
386 2590 451 2623 Quae
466 2589 548 2624 igitur
565 2595 612 2624 per
626 2588 797 2615 ail‘cctiouem
813 2586 959 2621 quamdam
974 2594 1036 2621 per—

249 2639 390 2666 t’cctiorcm
405 2635 542 2663 desiderio
553 2635 718 2668 incorrupta:
734 2632 897 2667 integritatis
913 2639 976 2658 eum
990 2632 1034 2658 Dei

249 2684 367 2718 puritate
379 2681 458 2717 quasi
482 2679 706 2709 commisceutur,
719 2679 820 2713 reginae
831 2682 942 2712 propter
959 2678 1034 2713 regni

249 2729 410 2759 societatem
427 2726 608 2762 appellantur.
624 2724 689 2758 Quae
705 2727 794 2751 autem
810 2723 946 2761 minarum
961 2728 1034 2751 metu

249 2776 378 2804 virtutem
407 2774 510 2804 colunt,
539 2771 698 2799 concubinae
719 2773 861 2797 vocantur.
883 2768 939 2797 Nec
961 2769 1035 2797 enim

1085 2312 1214 2347 Χριστοῦ
1223 2321 1230 2328 ·
1243 2314 1279 2339 οὺ
1293 2311 1360 2346 ζωή,
1373 2312 1409 2338 οὐ
1420 2311 1558 2343 θάνατος.
1573 2312 1607 2337 οὐ
1620 2310 1651 2336 τὸ
1665 2310 1773 2344 παρόν,
1791 2311 1826 2336 οὺ
1841 2309 1874 2335 τὸ

1084 2358 1273 2392 μέλλον,οὐ)ι
1286 2358 1363 2385 ἄλλο
1380 2367 1406 2384 τι
1421 2357 1480 2384 τῶν
1489 2357 1584 2384 ὄντων
1597 2356 1696 2384 οὐδέν.
1714 2357 1746 2383 Al
1761 2356 1789 2382 δὲ
1800 2355 1875 2391 φόϐῳ

1087 2404 1223 2435 κολάσεως
1237 2404 1286 2433 τὰς
1303 2404 1428 2439 μοιχικὰς
1442 2403 1625 2438 ἀποφεύγουσι
1639 2402 1745 2438 πείρας.
1757 2402 1875 2429 Μένουσι

1087 2449 1140 2484 γὰρ
1159 2450 1186 2476 ὲν
1209 2449 1347 2485 ἀφθαρσίᾳ
1369 2450 1415 2476 καὶ
1438 2448 1565 2483 ἁγιασμῷ
1581 2448 1628 2475 καὶ
1642 2446 1719 2475 αὗται
1732 2456 1738 2462 ·
1756 2447 1821 2474 ἀλλὰ
1837 2447 1875 2481 τῷ

1087 2495 1162 2530 φόϐῳ
1181 2495 1307 2531 μᾶλλο·ιῆ
1324 2495 1361 2530 τῷ
1377 2495 1450 2531 πόθῳ
1475 2494 1729 2528 παιδαγωγούμεναι
1746 2494 1829 2528 μόνῳ,
1845 2495 1875 2520 τὸ

1087 2541 1173 2567 κακὸν
1186 2542 1216 2567 οὐ
1241 2541 1441 2576 προσδέχονται.
1462 2542 1493 2567 Ai
1511 2541 1559 2576 μὲν
1575 2539 1620 2567 οὖν
1642 2540 1685 2567 διὰ
1700 2541 1749 2576 τῆς
1773 2539 1874 2566 τελειο-

1087 2587 1167 2621 τέρας
1185 2587 1330 2618 διαθέσεως
1348 2587 1421 2622 πὸθῳ
1437 2588 1486 2623 τῆς
1504 2587 1657 2622 ἀφθαρσίας
1681 2586 1874 2621 ἀνακραθεῖσαι

1088 2634 1120 2667 τῇ
1140 2633 1186 2658 τοῦ
1205 2632 1271 2658 θεοῦ
1294 2632 1469 2668 καθαρότητι,
1485 2632 1638 2668 βασίλισσαι
1652 2631 1695 2658 διὰ
1710 2632 1758 2667 τὴν
1781 2640 1869 2658 metu.»

1089 2679 1147 2704 νέαν
1161 2678 1211 2712 τῆς
1235 2679 1373 2713 βασιλείας
1399 2678 1637 2713 κατονομάζονται.
1659 2678 1714 2709 Τὰς
1730 2678 1758 2704 δὲ
1775 2677 1813 2712 τῷ
1827 2678 1873 2713 τῆς

1088 2722 1202 2757 ἀπειλῆς
1219 2723 1292 2758 φόϐῳ
1303 2723 1352 2759 τὴν
1375 2724 1474 2758 ἀρετὴν
1507 2722 1684 2754 ἐκπονούσας,
1712 2722 1872 2754 παλλακίδας

1089 2767 1215 2803 ὀνομάζει
1235 2770 1249 2795 ὁ
1267 2769 1355 2805 λόγος.
1376 2768 1459 2795 (ὶῦπω
1480 2769 1533 2804 γάρ
1552 2777 1593 2801 τις
1613 2768 1702 2794 αὐτῶν
1721 2768 1812 2804 μήτηρ
1830 2767 1874 2801 βκι

285 2855 309 2874 ’³
327 2864 398 2894 l‘sal.
413 2871 492 2892 xxxv.
507 2862 531 2888 7.
570 2862 591 2877 ¹¹⁷
610 2860 682 2889 Psal.
704 2867 790 2893 uxu,
815 2859 859 2886 28.
897 2859 921 2876 θ’
941 2859 1020 2887 Rom.
1032 2866 1090 2891 vm,
1105 2859 1207 2892 28,29.

464 2906 472 2917 ι
