1978 3068
118 156 188 186 11ίῦ

624 156 657 185 IN
677 156 826 185 CAN'I‘ICA
849 153 982 183 CANTIC.
1007 155 1148 184 llOMlLlA
1166 157 1224 185 XV.

1671 154 1741 182 ΗΝ

116 216 214 247 σιλέως
225 216 270 243 καὶ
285 217 410 249 κοινωνὸς
421 218 470 253 τῆς
482 217 559 250 ἀξίας
571 218 696 252 γενέσθαι
707 216 825 248 δυνατῶς
836 216 902 250 ἔχει.

957 216 1063 244 illarum
1091 218 1145 244 ulla
1173 221 1260 244 mater
1289 216 1361 251 regis
1381 223 1414 243 ac
1439 213 1580 249 dignitatis
1604 213 1740 250 particeps

115 260 179 292 Πῶς
202 261 256 297 γὰρ
284 262 317 289 ἃν
343 262 478 299 δυνηθείη,
501 264 516 299 ἠ
542 264 654 298 μηδέπω
679 262 850 290 ἀναλαϐοῦσα
876 263 904 287 ἐν

117 305 200 341 ἑαυτῇ
220 306 250 332 τὺ
275 306 421 334 ἀδέσποτον
449 308 495 334 καὶ
519 308 684 343 αὐτοκρατὲς
706 308 753 334 τοῦ
777 307 904 343 ἐναρέτου

117 353 304 387 φρονήματος·
320 353 388 380 ἀλλὰ
398 353 512 389 δουλικῷ
524 354 598 388 φόϐῳ
613 354 662 388 τῆς
674 353 727 380 τῶν
742 354 833 380 κακῶν
848 362 905 379 κοι-

117 398 215 429 νωνίας
231 398 418 435 (immanem;
436 400 636 436 ’Υποδείγματα
649 400 677 426 δὲ
688 399 742 426 τῶν
754 399 904 435 εἰρημένων

116 444 200 476 ἐστὶν,
218 445 264 472 ἐπὶ
284 446 332 480 μὲν
350 446 404 473 τῶν
421 446 572 481 βασιλίδων,
586 448 616 474 τὸ
635 446 705 473 κατὰ
721 447 784 478 τοὺς
800 446 849 481 τῆς
861 446 904 472 δε-

117 489 177 523 ξιᾶς
192 491 312 523 στάσεως
324 491 500 527 ἠξιωμένους,
513 493 580 528 προς
593 493 640 525 οὓς
653 493 667 519 ὁ
685 492 809 528 βασιλεὺς
820 492 902 526 λέγει·

117 536 216 567 Δεῦτε,
232 537 259 562 οἱ
273 536 467 571 εὐλογημένοι
481 538 534 564 τοῦ
549 538 663 571 Πατρός
672 547 742 572 μου,
754 539 904 571 κληρονο-

114 581 234 616 μήσατε
252 582 310 616 τὴν
332 584 558 618 ἡτοιμασμένην
574 584 643 618 ὑμῖν
657 585 820 617 βασιλείαν
830 594 836 600 ·
858 583 903 610 τοῦ

117 626 145 653 δὲ
159 627 283 662 δευτέρου
301 628 347 654 καὶ
361 628 506 663 ὑφειμένου
523 630 659 663 τάγματος
676 627 729 656 εἷεν
744 629 776 656 ἂν
795 631 903 661 ἐκεῖνοι,

117 673 186 708 πρὸς
202 673 248 705 οὒς
268 673 341 708 λέγει
362 674 376 700 ὁ
393 674 511 711 Κύριος·
533 676 683 709 Φοϐήθητε
707 675 760 702 τόν
780 677 855 710 μετὰ
872 677 903 702 τὸ

116 719 289 746 ἀποκτεῖναι
315 721 424 755 ἔχοντα
453 721 597 753 ἐξουσίαν·
621 722 760 756 ἐμϐαλεῖν
780 723 823 754 εἰς
848 722 905 755 τὴν

117 765 243 800 γέενναν
264 766 316 793 τοῦ
334 768 437 808 πηρός.
458 767 565 803 Ταύτην
582 767 610 794 δέ
631 777 675 803 μοι
689 768 763 794 δοκεῖ
782 768 831 803 τὴν
845 767 903 794 δια-

118 811 213 847 στολὴν
229 812 282 839 τῶν
309 813 355 840 δύο
375 814 532 848 ταγμάτων,
557 815 572 849 ἡ
599 814 668 840 κατὰ
690 814 752 845 τοὺς
773 813 904 849 ἀριθμοὺς

116 856 230 892 διαφορὰ
243 858 412 892 παραδηλοῧν
426 859 458 885 δι’
470 859 638 893 αἰνίγματος.
653 859 715 891 Πῶς
725 859 802 885 τοῦτό
815 867 883 894 φημι
895 867 902 891 ;

119 900 168 932 ’Ἐξ
190 902 257 928 εἰσιν
281 903 396 934 ἐντολαὶ,
410 903 442 930 δι’
456 901 494 930 ὧν
512 905 527 940 ὴ
552 904 674 940 βασιλεία
688 905 735 932 τοῦ
759 905 826 931 Θεοῦ
848 907 903 938 τοῖς

116 947 212 980 δεξιοῖς
233 948 415 982 ὲτοιμάζεται.
432 949 609 985 Λογισώμεθα
626 951 726 977 τούτων
748 951 861 977 ἕκαστον
874 951 904 978 τὸ

116 992 273 1020 δεσποτικὸν
285 992 354 1021 εἶναι
368 995 507 1027 τάλαντον,
520 995 534 1021 ὃ
547 997 678 1031 προσήκει
693 996 766 1031 παρὰ
779 996 826 1022 τοῦ
838 998 904 1030 ἀγα-

117 1038 164 1064 θοῦ
188 1039 233 1065 καὶ
260 1040 354 1066 πιστοῦ
377 1041 482 1068 οἰκέτου
502 1041 768 1076 δεκαπλασιασθῆναι
790 1042 834 1068 διὰ
855 1042 904 1077 τῆς

117 1084 256 1118 ἐργασίας,
273 1085 315 1111 ἵνα
330 1085 417 1117 οὕτως
430 1087 536 1121 εἰσέλθῃ
560 1088 598 1118 εἰς
613 1087 662 1122 τὴν
683 1087 769 1122 χαρὰν
786 1087 832 1113 τοῦ
846 1088 904 1113 Κυ-

119 1128 176 1162 ρίου
193 1129 285 1160 αὑτοῦ,
301 1131 330 1157 ἐν
345 1131 444 1165 ὀλίγοις
461 1133 555 1164 πιστὸς
572 1133 702 1168 εὑρεθεὶς,
717 1133 763 1159 καὶ
778 1134 823 1159 ἐπὶ
842 1133 905 1159 πολ-

117 1174 171 1200 λῶν
183 1175 389 1212 καθιστάμενος.
410 1179 440 1204 Εἰ
454 1179 542 1205 τοίνυν
557 1179 601 1205 διὰ
622 1179 676 1206 τῶν
699 1179 728 1211 ἓξ
744 1179 845 1206 τούτων
861 1181 904 1206 ὲν-

117 1220 201 1247 τολῶν
214 1222 231 1256 ἡ
244 1221 294 1256 τῆς
315 1223 451 1257 βασιλείας
466 1224 568 1258 γίνεται
580 1226 611 1260 τῇ
634 1225 705 1260 ψυχῇ
722 1225 846 1251 κοινωνία
856 1235 863 1241 ·
874 1226 905 1252 τό

117 1266 145 1291 δὲ
159 1266 260 1293 τέλειον
270 1268 319 1303 τῆς
333 1269 462 1304 ἐργασίας
475 1271 517 1303 ἐφ’
527 1270 646 1305 ἑκάστης
662 1271 718 1297 ἐστὶ
731 1271 759 1297 τὸ
771 1271 905 1298 δεκαπλα-

119 1311 209 1338 σιάσαι
238 1313 286 1348 τὴν
311 1314 429 1349 ἐντολὴν,
455 1315 545 1346 καθὼς
569 1315 620 1350 ἔφη
646 1318 659 1342 ὀ
685 1316 785 1350 ἀγαθὸς
814 1317 906 1349 δοῦλος

117 1357 230 1389 ἐκεῖνος,
247 1358 286 1385 ὅτι
298 1358 368 1385 Δέκα
380 1360 497 1386 τάλαντα
509 1360 539 1387 τὸ
553 1361 581 1388 ἓν
596 1369 642 1388 σου
654 1362 782 1389 τάλαντον
798 1358 904 1399 κατειρ-

118 1402 234 1435 γάσατοθ
250 1404 410 1439 εὑρίσκομεν
427 1406 457 1432 ἐκ
467 1406 512 1432 τοῦ
528 1406 674 1433 ἀκολούοον
687 1407 735 1443 τὴν
751 1408 816 1443 μίαν
830 1408 906 1443 βασίο

117 1447 221 1480 λισσαν,
239 1450 278 1480 είς
292 1450 420 1485 ἐξήκοντα
439 1451 640 1487 πλατυνομένην
651 1461 658 1467 ·
677 1453 726 1488 τὴν
741 1453 784 1480 διὰ
800 1453 846 1480 τοῦ
861 1454 905 1480 δε-

117 1494 323 1529 καπλασιασμοῦ
338 1496 390 1522 τῶν
405 1495 434 1528 ἒξ
448 1497 560 1523 ἐντολῶν
579 1499 606 1529 ὲς
633 1499 773 1526 κοινωνίαν
790 1500 839 1534 τῆς
856 1500 904 1534 βα-

956 263 1014 290 ﬁeri
1032 268 1129 298 potest.
1149 262 1200 296 Qui
1219 262 1290 290 enim
1298 265 1392 297 posset
1409 260 1465 292 illa,
1479 267 1539 296 quae
1551 259 1667 288 necdum
1680 268 1739 287 eam

956 309 1139 337 conditionem
1166 313 1313 337 consecuta
1337 312 1390 338 est.
1411 311 1442 333 ut
1461 306 1562 333 nullius
1588 305 1740 333 dominatui

942 348 1079 390 'subjecta
1093 355 1140 386 sit,
1168 362 1218 382 nec
1233 361 1370 382 summum
1388 352 1532 388 imperium
1548 351 1670 378 honesta:
1684 351 1741 379 ela-

957 401 1039 428 tionis
1053 400 1161 435 adepta,
1173 400 1219 428 sed
1238 403 1310 427 metu
1325 399 1417 426 servili
1435 406 1450 425 a
1466 397 1597 425 societate
1610 391 1739 424 vitiorum

956 447 1095 475 discedit?
1123 446 1224 474 Horum
1249 450 1340 473 autem
1369 452 1430 480 quae
1451 444 1591 477 diximus,
1615 442 1740 478 exempla

956 498 1030 525 sunt,
1056 493 1090 520 de
1116 493 1218 528 reginis
1233 492 1341 527 quidem
1356 491 1406 523 illi,
1430 490 1476 526 qui
1489 490 1523 518 ad
1543 490 1666 516 dextram
1683 488 1741 516 col-

955 539 1038 567 locari
1068 545 1219 570 merentur,
1236 538 1269 566 ad
1293 545 1362 572 quos
1387 545 1435 565 rex
1455 537 1515 564 ait:
1544 535 1644 567 Venite,
1665 534 1740 562 bene-

955 586 1020 613 dicti
1031 585 1123 612 Patris
1134 586 1194 616 mei,
1213 585 1342 619 possidete
1354 589 1477 619 paratum
1493 583 1564 610 vobis
1579 590 1686 617 regnum
1699 581 1739 608 ":

955 633 1068 661 alterius
1085 640 1160 664 vero,
1188 637 1214 660 et
1240 631 1378 659 inferioris
1398 630 1504 657 ordinis
1525 629 1679 664 exemplum
1701 627 1739 654 illi

955 678 1067 709 fuerint.
1093 677 1125 704 ad
1146 685 1215 712 quos
1232 677 1362 704 Dominus
1392 675 1481 710 inquit
1505 684 1511 701 :
1533 673 1630 701 Timete
1652 672 1739 704 illum,

954 723 999 758 qui
1005 727 1157 758 potestatem
1173 721 1260 754 habet,
1276 726 1304 748 ut
1321 726 1493 756 posteaquam
1509 717 1643 749 occiderit,
1659 717 1740 743 etiam

955 768 981 794 in
994 769 1136 803 gehennam
1151 767 1218 801 ignis
1233 766 1384 800 conjiciat‘.
1394 766 1484 800 Atque
1498 764 1551 790 hoc
1566 763 1682 790 duorum
1699 768 1741 788 or-

955 813 1048 840 dinum
1063 812 1210 840 discrimen
1227 811 1349 838 indicare
1371 811 1436 837 mihi
1449 817 1496 845 per
1506 809 1620 843 aenigma
1633 805 1741 833 videtur

956 861 1013 895 ipsa
1029 860 1056 886 in
1088 859 1210 885 numeris
1225 856 1379 884 diversitas.
1389 855 1445 889 Qui
1469 856 1521 882 lioc
1537 853 1666 888 inquam?
1687 851 1740 879 Sex

954 906 1067 934 omnino
1086 909 1220 940 praecepta
1250 907 1325 935 sunt,
1348 910 1395 937 per
1415 907 1476 936 qua:
1496 907 1610 934 regnum
1628 901 1741 933 paratur

956 953 1000 983 iis,
1016 951 1062 987 qui
1089 951 1122 978 ad
1148 951 1271 978 dextram
1293 948 1471 976 collocantur.
1489 946 1649 974 Statuanms
1670 943 1741 978 apud

955 993 1232 1032 airimum,quodlibet
1242 997 1338 1022 horum
1349 1002 1410 1021 csso
1420 994 1550 1021 talentum
1564 991 1629 1018 illud
1645 989 1740 1021 herile,

955 1044 1026 1079 quod
1046 1042 1208 1078 negotiando
1220 1041 1289 1068 ellici
1299 1048 1313 1066 a
1326 1041 1397 1067 bono
1409 1047 1441 1067 ac
1458 1038 1530 1065 ﬁdeli
1543 1037 1646 1064 l‘amulo
1661 1035 1742 1063 decu-

955 1090 1000 1126 plo
1014 1089 1131 1123 amplius
1144 1087 1282 1118 convenit,
1298 1090 1327 1112 ut
1345 1086 1396 1112 hoc
1407 1084 1488 1112 modo
1499 1083 1526 1110 in
1545 1081 1674 1118 gaudium
1691 1081 1743 1107 Do-

954 1136 1022 1164 mini
1034 1135 1076 1163 sui
1097 1133 1274 1169 ingrediatur,
1295 1135 1420 1166 repertus
1443 1131 1470 1156 in
1488 1129 1593 1164 exiguis
1605 1127 1742 1159 ﬁdelis,ct

956 1185 1099 1218 propterea
1125 1178 1218 1206 multis
1243 1177 1399 1212 prmfectus.
1421 1174 1451 1202 Si
1468 1181 1533 1209 ergo
1555 1181 1603 1208 per
1623 1172 1681 1200 haec
1694 1179 1741 1199 sex

955 1231 1089 1264 praecepta
1114 1225 1189 1260 regni
1208 1225 1298 1251 anima
1323 1222 1352 1249 ﬁt
1367 1222 1514 1257 particeps,
1532 1224 1559 1247 et
1579 1220 1606 1246 in
1618 1218 1741 1254 quolibet

955 1263 1053 1301 liorum
1068 1274 1189 1307 quaestus
1211 1276 1243 1297 ac
1262 1267 1411 1303 negotiatio
1427 1265 1547 1301 perfecta
1560 1269 1610 1297 est,
1626 1263 1741 1290 manda-

956 1323 1014 1346 tum
1032 1319 1121 1353 ipsum
1146 1315 1224 1351 quasi
1236 1313 1390 1348 decuplare,
1407 1309 1636 1347 quemadmodum
1651 1308 1741 1336 bonus

956 1365 1000 1393 ille
1015 1371 1110 1392 servus
1127 1362 1174 1392 ait,
1191 1367 1274 1388 unum
1292 1359 1349 1386 heri
1365 1358 1407 1386 sui
1424 1357 1554 1384 talentum
1569 1356 1662 1382 decem
1674 1354 1742 1381 alio-

956 1418 1015 1438 rum
1028 1409 1190 1436 talentorum
1218 1406 1324 1432 lucrnm
1342 1402 1522 1438 acquisivisse
1538 1408 1545 1426 τ
1559 1404 1742 1428 consentanea

957 1455 1073 1492 quadam
1102 1453 1207 1480 ratione
1233 1451 1395 1486 reperimus,
1416 1449 1442 1476 in
1466 1447 1608 1481 sexaginta
1632 1444 1741 1479 reginas

956 1491 1038 1530 uuam
1067 1500 1141 1527 illam
1164 1504 1322 1526 excrcscerc
1343 1504 1350 1522 :
1374 1502 1434 1530 qua!
1458 1500 1506 1528 per
1525 1491 1741 1526 decuplationem

119 1540 220 1571 σιλείας
236 1541 463 1576 τιαραδεχθεῐσαν⁵
480 1543 518 1574 ὡς
534 1543 634 1575 πολλὰς
646 1542 774 1580 εἶναιτὴν
792 1546 855 1580 μίαν
865 1546 903 1572 τῶ

957 1557 1000 1578 sex
1025 1545 1213 1574 mandatorum
1236 1543 1263 1570 in
1285 1541 1359 1576 regni
1381 1540 1537 1568 societatem
1561 1536 1686 1564 venerit:
1704 1535 1751 1562 ita,

118 1586 278 1622 πολυτρόπῳ
294 1588 447 1623 χαρακτῆρι
464 1589 517 1615 τῶν
541 1589 655 1616 ἐντολῶν
679 1591 902 1626 ὲμμερισθεῖσαν,

118 1632 165 1658 καὶ
177 1632 282 1667 ἑκάστῳ
293 1633 346 1659 τῶν
358 1634 576 1669 κατορθωμάτων
589 1636 744 1668 ἰδιαζόντως
757 1638 905 1673 ἑμμορφω-

119 1677 219 1705 θεῖσαν.
232 1678 324 1710 Οὕτως
333 1677 379 1705 οὖν
392 1680 430 1711 είς
441 1679 571 1716 ἐξήκοντα
583 1681 721 1716 βασιλίδας
733 1684 748 1717 ἡ
764 1683 811 1717 μία
823 1692 905 1710 κατα-

119 1724 268 1758 μερίζεται,
291 1725 357 1760 πρὸς
372 1725 404 1752 τὰ
426 1726 483 1760 εἴδη
506 1727 560 1752 τῶν
579 1727 692 1753 ἐντολῶν
713 1728 903 1764 διαιρουμένη·

117 1770 282 1803 καὶγίνεται
307 1771 433 1802 κοινωνὸς
456 1772 504 1806 τῆς
525 1772 572 1799 τοῦ
593 1772 711 1808 Χριστοῦ
736 1774 904 1810 βασιλείαςὴ

118 1815 222 1850 νύμφη,
247 1816 331 1851 δῆμος
352 1816 494 1851 βασιλίδων
512 1818 529 1852 ἠ
555 1818 604 1853 μία
627 1819 807 1855 γεγενημένη,
832 1821 905 1855 ἡδιά

118 1860 252 1933 ξοσούτων
266 1861 319 1887 τῶν
333 1862 402 1889 κατὰ
418 1862 468 1908 τὰς
488 1862 597 1895 ἐντολὰς
610 1863 772 1898 ἀξιωμάτων
786 1865 905 1901 ἀριθμη-

138 1915 206 1933 εισα.

138 1915 206 1934 εισα.

155 2008 186 2033 Εἰ
199 2006 288 2042 δὲτὴν
304 2006 384 2038 ἑξάδα
400 2008 453 2034 τῶν
469 2008 581 2035 ἐντολῶν
594 2009 622 2036 ἐν
639 2010 688 2044 μιᾷ
703 2009 772 2036 κατὰ
783 2009 813 2036 τὸ
829 2009 907 2036 δεκαα

119 2053 232 2079 πλάσιον
244 2053 445 2088 γεωργηθεῖσαν
456 2053 544 2089 ψυχὴν
561 2054 605 2081 διὰ
617 2055 670 2081 τῶν
685 2055 816 2090 ἐξήκοντα
832 2055 908 2089 βασι-

119 2099 198 2125 λίδων
209 2098 387 2134 σημαίνεσθαι
398 2099 431 2125 δι’
444 2100 612 2135 αἰνίγματος,
626 2101 676 2127 οὐκ
685 2101 736 2133 ἔξω
747 2102 792 2128 τοῦ
805 2103 907 2134 εἰκότος

120 2144 324 2179 ὑπενοήσαμεν·
346 2144 498 2176 ἀκολούθως
513 2146 559 2172 καὶ
574 2145 617 2172 διά
629 2146 682 2172 τῶν
699 2146 861 2182 ὁγδοήκοντα
878 2148 907 2174 τὸ

119 2190 167 2223 τῆς
181 2189 290 2224 Ὀγόὁης
307 2190 454 2225 μυστήριον
469 2191 686 2227 παραδηλοῦσθαί
701 2201 790 2227 φαμεν
804 2193 847 2219 διὰ
860 2194 905 2220 τοῦ

120 2236 212 2270 ὁμοίου
235 2236 411 2271 αἰνίγματος·
435 2237 504 2272 πρὸς
527 2238 560 2272 ἣν
579 2237 721 2277 βλέποντες
736 2239 760 2265 οἱ
780 2239 819 2274 τῷ
834 2240 907 2275 φόϐῳ

122 2281 382 2316 παιδαγωγούμενοι,
409 2282 459 2316 τῆς
475 2283 530 2310 τῶν
552 2283 643 2310 κακῶν
659 2285 799 2316 κοινωνίας
813 2285 908 2320 ἀπείρ-

121 2335 224 2359 γονται.
240 2326 332 2358 Οὕτως
347 2327 399 2362 γὰρ
415 2328 443 2354 ἐν
463 2329 521 2359 ταῖς
536 2328 704 2363 ψαλμῳδίαις
722 2330 868 2364 ἐμάθομεν,
880 2331 909 2356 ἐν

122 2369 164 2403 αἶς
180 2373 361 2407 προτέτακται
377 2373 420 2399 διὰ
434 2373 484 2408 τῆς
499 2374 654 2409 ἐπιγραφῆς
664 2375 680 2409 ὴ
692 2375 797 2409 ’ογδόη·
814 2384 909 2410 μαστι-

122 2418 260 2453 γουμένων
275 2418 303 2444 δὲ
323 2418 450 2454 ἄντικρύς
468 2419 536 2445 εἰσιν
550 2420 578 2446 αξ
596 2421 693 2454 φωναὶ,
709 2420 748 2454 τῷ
762 2421 837 2456 φόϐῳ
855 2420 908 2447 τῶν

122 2463 305 2498 ἐλπιζομένων
332 2465 371 2496 εἰς
394 2465 466 2491 ἔλεον
490 2466 539 2500 τὴν
563 2466 648 2501 ἀκοὴν
677 2467 908 2501 ἐπικάμπτουσαι.

121 2509 189 2543 Φησὶ
201 2508 255 2544 γὰρ
266 2509 333 2544 πρὸς
344 2511 389 2535 τὸν
401 2510 514 2544 φοῆερὸν
527 2511 621 2547 κριτὴν
632 2512 646 2538 ὁ
660 2512 727 2545 πρὸς
738 2511 785 2546 τὴν
799 2512 910 2548 Ὀγόόην

124 2554 243 2588 βλέπων-
262 2554 360 2587 Κύριε,
374 2555 415 2588 μὴ
435 2555 475 2587 τῷ
491 2555 571 2590 θυμῷ
583 2565 640 2583 σου
659 2557 785 2592 ἐλέγξῃς
796 2566 843 2591 με,
853 2566 910 2591 μη-

125 2600 158 2626 δὲ
170 2600 206 2634 τῇ
225 2600 298 2634 ὀργῇ
308 2609 366 2627 σου
384 2601 548 2635 παιδεύσῃς
562 2611 609 2637 με.
630 2603 776 2636 Ἐλέησόν
786 2612 834 2638 με,
853 2604 911 2630 Κύ-

127 2655 180 2682 ριε,
198 2646 241 2672 ὅτι
255 2646 387 2679 ἀσθενής
405 2649 462 2681 ειμι
475 2656 481 2662 ’
500 2648 584 2675 ἴασαι
601 2657 649 2683 με,
675 2651 771 2682 Κύριε,
790 2650 831 2676 ὅτι
845 2650 910 2676 ἑτα-

124 2693 222 2727 pdqu
237 2693 272 2719 τὰ
286 2692 360 2720 ὀστᾶ
379 2701 448 2725 μου.
465 2693 520 2720 Καὶ
537 2694 586 2720 ὅσα
605 2695 636 2721 ἐκ
651 2695 696 2721 τοῦ
714 2695 858 2722 ἀκολούθου
872 2695 910 2730 τῷ

125 2739 264 2774 ἀδεκάστῳ
274 2740 353 2775 κριτῇ
368 2739 410 2765 διὰ
420 2740 470 2775 τῆς
486 2740 623 2775 ἱκετηρίας
642 2741 817 2776 προτείνεται,
832 2743 860 2768 ὲν
869 2739 909 2774 οἷς

125 2786 171 2812 καὶ
186 2785 216 2813 τὸ
237 2785 274 2821 μὴ
290 2783 358 2811 εἶναι
378 2785 445 2811 Θεοῦ
466 2785 575 2821 μνήμην
589 2787 617 2812 ἐν
638 2786 675 2820 τῷ
694 2787 799 2821 Θανάτῳ
815 2787 907 2822 ὀδύρε-

161 2874 185 2894 "
201 2875 292 2904 Malth.
311 2883 372 2907 xxv,
389 2875 434 2903 54,
472 2875 479 2890 ¹
498 2875 563 2903 Luc.
583 2883 632 2907 xu,
700 2876 708 2890 ¹
721 2875 792 2903 Psal.
808 2883 842 2909 ιί⁷
855 2876 871 2902 2
885 2883 943 2913 sqq.

955 1601 985 1623 ut.
999 1593 1090 1620 multm
1102 1590 1158 1618 sint
1175 1596 1228 1615 una
1243 1588 1286 1615 illa
1305 1595 1352 1622 per
1365 1585 1541 1620 multiplicem
1551 1583 1740 1610 mandatorum

955 1641 1141 1668 characterem
1165 1635 1263 1666 divisa,
1276 1637 1304 1661 ct
1332 1633 1358 1660 in
1378 1632 1499 1668 quolibet
1518 1637 1599 1665 opere
1611 1627 1742 1664 praeclaro

954 1685 1130 1721 peculiariter
1160 1682 1234 1709 velut
1262 1687 1401 1714 expressa.
1427 1678 1485 1704 lloe
1514 1677 1596 1711 igitur
1611 1674 1691 1702 modo
1712 1674 1742 1701 in

955 1731 1097 1767 sexaginta
1127 1728 1236 1763 reginas
1261 1734 1314 1753 una
1336 1725 1478 1753 dividitur.
1495 1722 1644 1750 secundum
1665 1728 1742 1747 man-

954 1778 1078 1805 datorum
1094 1774 1199 1809 species
1211 1771 1339 1799 distincta
1356 1774 1382 1797 et
1393 1773 1549 1799 numerata;
1569 1767 1657 1801 sitque
1678 1773 1742 1800 par-

954 1824 1042 1858 ticeps
1074 1820 1151 1855 regni
1169 1817 1271 1846 Christi
1291 1823 1404 1851 sponsa.
1425 1814 1504 1850 quasi
1528 1813 1602 1840 natio
1617 1811 1740 1847 quazdam

954 1870 1109 1905 reginarum
1125 1866 1209 1897 facta,
1222 1871 1282 1898 qua:
1297 1862 1375 1897 prius
1403 1868 1456 1888 una
1475 1864 1545 1891 erat,
1560 1858 1624 1886 dum
1636 1865 1684 1892 per
1703 1861 1743 1884 tot

955 1903 1100 1950 dignitates
1131 1911 1236 1938 ratione
1261 1908 1451 1935 mandatorum
1476 1904 1646 1933 numerando
1663 1903 1742 1938 quasi

955 1960 1164 1994 multiplicatur.

990 2015 1050 2043 Jam
1065 2015 1088 2043 si
1104 2015 1177 2042 hunc
1186 2013 1375 2041 mandatorum
1388 2009 1525 2038 senarium
1542 2015 1595 2035 una
1608 2008 1635 2034 in
1652 2006 1742 2033 anima

957 2063 1030 2090 relut
1049 2061 1186 2089 excultum
1201 2059 1233 2086 ad
1250 2058 1396 2092 decuplum
1414 2062 1512 2090 usque,
1528 2061 1575 2088 per
1590 2053 1650 2079 illas
1661 2059 1742 2080 sexa-

956 2109 1030 2144 ginta
1057 2107 1166 2142 reginas
1186 2105 1368 2140 inmnigmate
1389 2101 1536 2137 signiﬁcari
1556 2107 1610 2126 non
1629 2104 1743 2133 prorsus

958 2152 1076 2180 absurde
1100 2151 1280 2186 coniecimus,
1309 2146 1488 2175 consimiliter
1508 2144 1588 2172 etiam
1605 2150 1653 2177 per
1671 2145 1744 2168 octo-

959 2200 1032 2234 ginta
1054 2196 1202 2231 signiticari
1228 2192 1436 2222 obscuriusenle
1454 2189 1614 2225 mysterium
1637 2187 1744 2214 Octav:e

923 2229 946 2257 Ι)
960 2229 1174 2272 ἓὶεὶηιιιενὲίιῐιὶιί
1197 2240 1315 2276 quodam
1334 2239 1486 2273 aenigmate,
1500 2236 1533 2262 ad
1549 2241 1629 2269 quam
1658 2232 1744 2267 respi-

959 2291 1063 2318 cientes
1076 2288 1112 2316 illi
1127 2288 1172 2323 qui
1190 2291 1263 2314 metu
1283 2285 1368 2316 ducti,
1391 2283 1548 2310 maloruma
1560 2279 1690 2307 societate
1704 2285 1744 2304 ar-

959 2340 1064 2363 centur.
1081 2334 1135 2361 lloc
1145 2334 1217 2360 enim
1232 2340 1264 2359 ex
1279 2330 1391 2366 psalmis
1417 2326 1669 2356 animadvertimus.
1684 2325 1746 2359 qui-

960 2383 1011 2409 bus
1036 2382 1062 2408 in
1087 2379 1265 2413 inscriptione
1287 2376 1433 2413 praetigitur
1451 2374 1559 2402 Octava:
1582 2379 1682 2399 nomen
1696 2379 1704 2402 ;
1719 2374 1747 2398 ct

960 2435 1041 2455 voces
1058 2427 1122 2461 ipsae
1134 2428 1198 2452 sunt
1209 2431 1323 2460 prorsus
1338 2429 1431 2450 eorum
1448 2421 1494 2455 qui
1510 2423 1582 2447 metu
1591 2418 1746 2445 futurorum

961 2474 1094 2500 malorum
1113 2472 1189 2507 quasi
1214 2470 1395 2505 ﬂagellantnr,
1418 2467 1539 2501 adeoque
1555 2465 1588 2491 ad
1601 2463 1746 2491 commise-

960 2519 1091 2545 rationcm
1105 2524 1183 2544 aures
1198 2515 1321 2543 ﬂectunt.
1339 2514 1383 2541 Ait
1396 2513 1468 2541 enim
1492 2511 1641 2538 terribilem
1657 2509 1689 2535 ad
1704 2508 1747 2542 ju-

961 2564 1048 2591 dicem
1067 2564 1100 2594 is,
1118 2562 1163 2598 qui
1189 2561 1223 2588 ad
1243 2561 1371 2588 Octavam
1384 2558 1497 2593 respicit
1513 2565 1520 2583 :
1536 2556 1655 2586 Domine.
1676 2562 1707 2580 ne
1720 2553 1746 2579 in

959 2608 1050 2642 furore
1069 2611 1112 2633 tuo
1130 2615 1226 2642 arguas
1242 2614 1290 2637 me,
1304 2612 1384 2640 neque
1402 2604 1429 2630 in
1452 2605 1494 2630 ira
1510 2607 1556 2629 tua
1577 2599 1746 2634 castigaeeris

963 2662 1011 2681 me.
1021 2653 1145 2681 Miserere
1156 2653 1215 2683 mei,
1231 2651 1419 2684 Domine,quia
1427 2649 1521 2677 debilia
1534 2656 1591 2675 sum
1600 2656 1609 2674 :
1618 2654 1684 2673 sana
1696 2652 1745 2675 mc,

965 2699 1084 2729 Domine.
1097 2700 1159 2734 quia
1187 2697 1345 2725 conturbata
1369 2701 1429 2723 sunt
1453 2703 1514 2722 ossa
1533 2702 1591 2720 mea
1608 2693 1628 2719 ¹.
1642 2690 1748 2724 Quibus

965 2745 1032 2772 adde
1044 2749 1142 2772 ca-tera
1163 2751 1331 2779 quacunque
1344 2743 1472 2776 deinceps
1486 2740 1647 2772 incorrupto
1660 2735 1748 2770 indici

964 2789 1144 2824 supplicando
1155 2788 1298 2824 proponit:
1311 2788 1383 2815 inter
1395 2790 1492 2814 caetera
1503 2783 1649 2819 deplorans
1665 2780 1747 2808 etiam
