1978 3068
247 139 316 166 1115

859 136 888 164 S.
909 135 1074 164 GREGOBII
1089 136 1234 164 NYSSENI

1802 137 1870 165 1116

247 195 308 227 hoc,
319 192 390 228 quod
407 192 433 218 in
459 194 546 218 morte
566 191 639 218 nulla
655 191 702 219 Dei
725 192 761 218 sit
780 192 945 219 recordatio.
963 191 1030 219 Nam

1088 201 1136 218 ται.
1152 191 1214 224 Πῶς
1240 191 1293 227 γὰρ
1307 192 1340 218 ἃν
1361 192 1402 226 εἴη
1415 192 1526 218 δυνατὸν
1550 193 1606 223 τοῖς
1627 191 1758 227 κλαυθμῷ
1774 201 1803 219 τε
1825 195 1870 221 καὶ

246 240 292 274 qui
311 239 368 266 ﬁeri
385 238 481 273 possit,
500 244 529 264 ut
543 238 560 265 ii
575 238 620 273 qui
647 237 680 265 ad
705 238 836 273 ejulatum
863 242 889 265 et
911 238 1033 264 dentium

246 284 389 312 stridorem
418 283 591 311 condemnati
621 290 696 318 sunt,
728 292 761 311 ex
779 284 968 311 recordatione
987 283 1034 310 Dei

247 331 365 358 laetitiam
381 330 552 365 percipiant?
569 329 634 356 Nam
651 331 705 357 alio
721 331 748 357 in
766 330 826 357 loco
842 329 975 364 Propheta
991 329 1034 356 di-

243 377 293 409 cit,
311 375 528 402 recordationem
545 374 589 402 Dei
607 376 727 402 laetitiam
739 375 859 403 excitare
870 375 890 402 ³.
907 374 968 401 llaec
984 375 1036 410 igi-

245 425 290 446 tur
305 423 332 446 et
346 420 398 446 alia
417 419 573 454 hujusmodi
595 420 648 447 Deo
665 428 821 455 proponens
844 420 877 450 is.
893 420 938 454 qui
956 419 1033 446 Octa-

245 472 305 490 vam
323 465 429 495 metuit,
450 465 559 491 tamlcm
584 466 667 492 sentit
685 474 713 492 sc
740 466 934 493 miserit-ordne
952 466 1034 500 parti-

245 510 333 543 c'pem
347 509 415 540 fieri,
437 518 498 536 cum
517 510 569 536 ait:
583 510 711 537 EataudIit
725 518 810 537 vocem
822 511 941 544 ploratus
951 511 1000 537 mei
1014 510 1034 537 ‘.

247 554 315 580 Cum
342 559 432 582 autem
459 556 537 582 multi
570 556 650 583 utiles
669 561 757 583 metus
779 557 866 584 sacris
888 557 913 583 in
926 556 1035 584 Litteris

247 600 432 631 declarentur,
460 605 520 627 esto
540 602 566 628 in
584 602 628 629 his
642 603 734 635 etiamI
766 607 794 629 ut
809 603 920 637 perinde
938 610 968 629 ac
987 611 1034 629 sex

248 646 294 672 illa
310 647 434 673 mandata
447 655 534 680 usque
556 647 588 674 ad
604 648 749 682 dccuplum
769 652 940 679 cxcrcscant,
956 649 992 675 ita
1007 653 1036 675 ut

248 691 272 718 is
285 691 331 725 qui
348 699 378 718 ex
391 691 560 718 Psalmorum
576 693 645 719 libro
658 693 795 724 didicerit,
805 702 859 728 quo
874 700 951 729 pacto
963 698 1036 721 recte

248 736 310 771 quis
341 736 424 763 Deum
443 742 561 770 metuat,
581 739 709 765 nimirum
732 739 897 766 deﬂectcndo
917 747 932 766 a
952 741 1033 771 malo,

250 787 277 810 et
295 783 418 810 faciendo
444 786 541 811 bonum
553 784 563 799 '
580 794 585 811 :
601 785 644 812 hic
656 792 720 819 ergo
746 793 801 812 rem
830 786 914 813 divini
933 789 1032 818 metus,

248 830 328 864 quasi
357 830 503 864 quamdam
534 830 575 856 vel
600 831 712 861 minam,
734 831 775 857 vel
796 831 937 861 talentum,
953 838 1035 865 nego-

248 875 342 902 tiando
356 875 446 902 decies
460 876 619 910 ampliorem
631 875 738 902 eﬂiciat.
753 876 812 909 Quo
824 876 878 908 lict,
895 880 923 903 nt
943 877 1033 903 anima

249 920 340 947 locum
361 928 375 947 a
392 921 484 955 regina
502 921 650 948 secundum
665 921 802 953 obtinens,
821 929 880 956 qua:
896 926 967 949 metu
980 929 1034 949 non

248 966 395 994 dilectione
422 967 494 1000 quod
511 967 613 993 bonum
632 971 673 994 est
691 966 766 998 facit,
781 967 814 994 ad
830 968 1033 1002 octogenarium

249 1019 338 1046 usque
365 1020 509 1039 numerurm
538 1016 694 1045 excrescat,
725 1013 874 1048 quamlibet
916 1013 1034 1048 speciem

249 1064 357 1088 eorum,
377 1064 438 1091 quae
454 1064 486 1083 ex
508 1061 580 1083 metu
601 1062 674 1084 recte
691 1057 769 1089 liunt,
790 1057 931 1085 inconfusc
946 1066 977 1085 ac
993 1058 1036 1084 di-

249 1101 350 1128 stincte
375 1100 577 1133 demonstrans,
593 1101 715 1136 adeoque
733 1101 778 1129 hic
793 1106 888 1129 octava
905 1110 968 1129 cum
990 1103 1036 1130 de-

249 1146 331 1181 cuplo
360 1146 596 1181 multiplicabitur,
613 1155 699 1182 eaque
718 1148 824 1175 ratione
845 1148 901 1180 illa,
923 1155 984 1182 quae
1004 1156 1036 1175 ex

250 1195 323 1218 metu
342 1192 467 1218 servilem
482 1192 509 1218 in
526 1192 648 1226 modum,
664 1201 718 1219 non
738 1200 771 1220 cx
796 1200 889 1220 amore
908 1201 1036 1228 sponsam

249 1236 364 1263 decente
386 1236 420 1263 ad
445 1236 546 1264 bonum
571 1237 687 1270 accedit,
704 1238 858 1265 concubina
882 1245 931 1272 pro
944 1239 1037 1273 regina

251 1281 302 1315 sit;
332 1289 381 1315 per
403 1285 506 1309 metum
523 1281 640 1315 Octavze,
653 1291 731 1318 quem
747 1283 779 1310 ad
792 1284 936 1318 decuplum
953 1292 1038 1318 usque

251 1327 310 1355 suis
327 1328 481 1356 actionibus
512 1328 698 1363 ampliﬁcavit,
714 1329 747 1355 ad
767 1337 910 1357 numerum
929 1333 1039 1364 octoge-

250 1374 358 1400 narium
372 1381 459 1409 usque
468 1375 639 1409 perveniens.
654 1374 742 1410 Atque
757 1375 828 1402 hanc
843 1375 1037 1407 concubinam,

251 1420 285 1447 ad
302 1425 409 1456 tempus
423 1422 531 1457 aliquod
550 1423 653 1458 spurio.
673 1431 727 1450 non
750 1423 869 1459 ingenuo
884 1428 964 1458 partu
978 1431 1038 1451 mo-

251 1472 308 1491 rem
325 1465 391 1492 hero
401 1473 452 1493 suo
463 1474 612 1501 gerentem,
629 1467 732 1494 dictum
757 1468 823 1495 illud
841 1469 963 1496 historia
979 1476 1040 1503 per-

252 1513 334 1544 petuo
349 1518 411 1537 cum
441 1512 534 1546 regina
550 1513 648 1547 degere
670 1513 767 1540 iisdem
786 1514 812 1540 in
826 1514 932 1541 aedibus
945 1518 1037 1548 vetat;
1052 1532 1073 1560 ο

251 1555 324 1589 quod
338 1556 445 1584 servilis
464 1556 534 1584 lctus
550 1558 582 1584 ad
597 1558 780 1586 hmreditatem
793 1559 870 1593 regni
885 1566 946 1586 cum
964 1559 1040 1594 inge-

257 1608 312 1626 nuo
335 1605 413 1635 partu
431 1601 492 1636 ejus
510 1611 559 1638 par
588 1611 642 1630 non
671 1603 780 1630 habeat.
809 1603 918 1637 Ejicito.
942 1603 1040 1637 inquit,

253 1645 378 1672 ancillam
393 1651 417 1673 et
436 1647 520 1680 ﬁliam
532 1648 599 1681 ejus.
611 1647 666 1674 Nec
679 1649 748 1675 enim
767 1648 873 1684 ancilla:
887 1648 959 1682 ﬁlius
981 1655 1040 1674 cum

253 1692 371 1726 ingenua
385 1691 442 1726 ﬁlio
458 1692 636 1720 ha'reditatem
652 1693 735 1720 adibit
751 1695 770 1721 ⁸.
790 1693 867 1727 Quod
885 1693 906 1721 si
922 1694 966 1720 cui
985 1693 1041 1721 haec

253 1746 430 1766 numerorum
451 1739 478 1766 in
495 1740 646 1775 propositis
663 1740 754 1767 verbis
771 1740 956 1767 consideratio
985 1747 1038 1767 non

253 1784 321 1810 nihil
333 1792 394 1812 esse
406 1785 534 1816 violenta.
548 1786 682 1821 quasique
694 1790 764 1812 torta
776 1785 900 1819 videtur;
919 1786 942 1813 is
958 1787 1038 1814 velim

253 1829 303 1856 sibi
327 1835 435 1857 revocet
454 1832 480 1858 in
508 1837 637 1861 utentem.
656 1832 690 1859 ab
705 1832 785 1859 initio
805 1840 855 1859 nos
871 1835 1039 1866 protestatos

253 1882 325 1907 csse,
341 1883 393 1902 non
410 1883 489 1910 posse
503 1876 646 1903 veritatem
669 1885 720 1904 nos
739 1877 766 1903 in
796 1877 848 1904 hoc
875 1884 973 1912 genere
997 1883 1040 1904 as-

1085 237 1200 273 βρυγμῷ
1221 237 1504 272 καταδεδικασμένοις,
1519 237 1566 273 τὴν
1585 238 1616 264 ἐκ
1635 238 1683 273 τῆς
1702 239 1811 273 μνήμης
1824 238 1869 264 τοῦ

1084 283 1150 309 Θεοῦ
1174 283 1341 318 εὐφροσύνην
1364 282 1536 316 ἐγγίνεσθαι;
1558 283 1650 315 Οὕτως
1669 283 1790 315 εἰπόντος
1812 283 1869 310 ἐτέ-

1086 328 1151 362 ριιιθι
1168 328 1213 354 τοῦ
1230 329 1382 363 Προφήτου,
1398 328 1438 354 ὅτι
1453 329 1469 363 ἡ
1486 329 1580 363 μνήμη
1597 327 1718 356 τοῦϐεοῦ
1737 328 1870 364 εὐφροσύ-

1084 383 1132 410 νην
1149 376 1228 400 ποιεῖ.
1247 373 1337 400 Ταῦτα
1353 372 1399 400 οὖν
1412 374 1457 400 καὶ
1477 373 1543 400 ἄλλα
1559 373 1670 400 τοιαῦτά
1682 382 1741 400 τινα
1765 382 1871 409 προτει-

1060 443 1063 446 .
1084 418 1194 452 νόμενος
1207 419 1220 444 ὁ
1235 417 1359 449 δεδοικὼς
1373 418 1420 452 τὴν
1435 417 1556 452 Ὀγδόην,
1575 418 1603 443 ὲν
1625 417 1747 452 αἰσθήσει
1761 419 1809 452 τῆς
1823 418 1869 445 τοῦ

1084 463 1173 495 ἐλέους
1187 463 1289 497 γίνεται
1307 463 1448 498 μετουσίας
1461 463 1546 497 λέγων
1558 472 1564 477 '
1575 463 1616 489 ὅτι
1635 463 1804 496 Εῑσήκουσε
1815 463 1869 498 τῆς

1084 509 1186 544 φωνῆς
1209 510 1261 536 τοῦ
1284 509 1437 544 κλαυθμοῦ
1458 518 1527 544 μου.
1547 509 1654 535 Πολλῶν
1676 510 1704 536 δὲ
1728 510 1869 545 μακαρίων

1085 554 1173 589 φόϐων
1187 555 1238 581 ὑπὸ
1248 555 1296 590 τῆς
1310 556 1390 589 ἁγίας
1403 555 1574 590 δηλουμένων
1585 555 1705 591 Γραφῆς,
1722 555 1764 591 εἴη
1778 556 1810 582 ἂν
1823 555 1869 583 καὶ

1084 600 1130 626 ἐπὶ
1145 600 1245 626 τούτων
1260 600 1395 633 ἀναλόγως
1410 602 1467 631 ταῖς
1479 600 1508 632 ἓξ
1521 600 1648 632 ἐντολαῖς,
1660 602 1676 635 ὴ
1692 602 1737 627 ἐπὶ
1751 601 1779 627 τὸ
1791 602 1870 627 δεκα-

1085 644 1196 671 πλάσιον
1209 644 1320 679 αὔξησις
1330 653 1336 659 ·
1348 645 1417 671 ὥστε
1430 645 1476 671 τὸν
1489 645 1647 680 διδαχθέντα
1659 646 1732 681 παρὰ
1743 646 1792 680 τῆς
1803 647 1870 681 ψαλ-

1086 691 1198 726 μῳδίας,
1210 691 1268 722 πῶς
1282 691 1459 726 κατορθοῦται
1475 691 1489 716 ὁ
1502 692 1547 717 τοῦ
1561 692 1661 728 Κυρίου
1673 692 1762 727 φόϐος,
1777 694 1809 719 ὲκ
1821 693 1868 719 τοῦ

1085 737 1206 764 ἐκκλῖναι
1224 737 1271 772 μὲν
1288 737 1340 763 ἀπὸ
1361 738 1456 769 κακοῦ,
1480 739 1566 764 ποιεῖν
1580 739 1607 765 δὲ
1629 739 1662 766 τὰ
1685 739 1789 773 αγαθάο
1813 736 1869 766 οἷόν

1084 791 1144 809 τινα
1159 784 1236 818 μνᾶν,
1257 782 1273 817 ἢ
1288 783 1427 814 τάλαντον,
1442 783 1654 811 δεκαπλασιάσαι
1666 784 1709 810 διὰ
1723 785 1772 819 τῆς
1786 785 1868 819 ἐργα-

1086 829 1146 860 σίας
1159 828 1188 854 ab
1208 829 1301 864 χρῆμα
1315 828 1362 855 τοῦ
1378 829 1449 855 θείου
1467 829 1559 863 φόϐου.
1580 830 1634 856 Καὶ
1649 829 1733 860 οὕτως
1748 831 1796 865 τὴν
1811 830 1870 856 δευ-

1085 874 1248 909 τερεύουσαν
1264 874 1332 909 μετὰ
1346 874 1394 910 τὴν
1410 874 1532 909 βασιλίδα
1544 874 1632 909 ψυχὴν
1648 873 1665 908 ἢ
1677 875 1750 910 φόϐῳ
1764 875 1810 901 καὶ
1822 876 1871 901 οὐκ

1085 919 1178 955 ἀγάπῃ
1201 919 1231 946 τὸ
1259 919 1339 946 καλὸν
1363 918 1571 955 κατεργάζεται,
1593 920 1660 954 πρὸς
1686 919 1731 946 τον
1756 919 1870 954 ἀριθμὸν

1086 964 1140 991 τῶν
1157 965 1320 1000 ὀγδοήκοντα
1341 965 1534 1000 πλατυνθῆναι,
1548 965 1660 992 ἕκαστον
1676 963 1744 996 εἶδος
1760 964 1812 991 τῶν
1828 964 1871 990 διὰ

1085 1009 1166 1044 φόϐου
1181 1010 1404 1045 κατορθουμένων
1418 1011 1464 1037 ἐπὶ
1471 1010 1518 1036 τοῦ
1534 1010 1591 1046 βίον
1604 1010 1702 1044 ἑαυτῆς
1713 1009 1871 1044 ἀσυγχύτως

1085 1064 1114 1082 τε
1129 1056 1175 1083 καὶ
1189 1057 1402 1092 ἀκεκρυμμένως
1415 1057 1587 1083 δεικνύουσα·
1601 1056 1639 1088 ὡς
1654 1056 1701 1083 καὶ
1714 1056 1759 1082 ἐπὶ
1772 1055 1872 1090 ταύτης

1085 1102 1135 1137 τῆς
1153 1102 1246 1138 ὀγδόης
1262 1102 1349 1136 λόγον,
1366 1103 1399 1138 τῇ
1424 1103 1491 1137 πρὸς
1507 1102 1536 1129 τὸ
1558 1101 1736 1128 δεκαπλάσιον
1760 1101 1872 1136 αὐξήσει

1087 1148 1334 1183 συμπλατυνθῆναι,
1345 1147 1391 1174 καὶ
1404 1147 1529 1181 γενέσθαι
1539 1147 1613 1182 φὸὁῳ
1622 1146 1746 1182 δουλικῷ,
1756 1146 1802 1172 καὶ¹
1813 1146 1873 1180 οὐχὶ

1086 1193 1166 1228 ἔρωτι
1181 1193 1307 1228 νυμφικῷ
1331 1193 1369 1228 τῷ
1386 1193 1479 1228 ἀγαθῷ
1503 1193 1745 1228 προσεγγίζουσαν,
1768 1191 1872 1218 παλλα-

1087 1240 1136 1275 κὴν
1151 1239 1210 1265 ἀντὶ
1225 1240 1272 1274 τῆς
1286 1239 1427 1274 βασιλίδος·
1440 1239 1483 1266 διὰ
1496 1239 1542 1265 τὸν
1555 1239 1604 1273 τῆς
1614 1238 1726 1273 ὐγδόης
1741 1237 1832 1272 φόϐον,
1843 1237 1873 1263 ὃν

1085 1284 1271 1316 δεκαπλασίως
1288 1285 1316 1311 ὲν
1335 1285 1390 1316 τοῖς
1404 1284 1611 1320 κατορθώμασιν
1628 1284 1754 1319 ηὔξησεν,
1774 1283 1814 1314 εἰς
1827 1283 1873 1309 τὸν

1087 1331 1200 1366 ἁριθμὺν
1223 1330 1399 1357 συντελοῦσαν
1425 1331 1479 1356 τῶν
1504 1330 1677 1365 ὀγδοήκοντα.
1695 1330 1746 1356 Ἦν
1769 1328 1873 1356 κελεύει

1087 1376 1134 1403 καὶ
1151 1378 1165 1403 ὀ
1184 1376 1231 1411 τῆς
1250 1375 1368 1412 ἱστορίας
1390 1376 1467 1410 λόγος
1483 1375 1562 1411 νόθῳ,
1581 1375 1748 1411 προσκαίρῳ,
1762 1374 1808 1401 καὶ
1823 1374 1873 1400 οὐκ

1088 1422 1191 1455 εὐγενεῖ
1202 1422 1273 1457 τόκῳ
1294 1422 1514 1457 ὑπηρετήσασαν,
1531 1422 1567 1458 μὴ
1591 1422 1721 1448 συνοικεῖν
1743 1421 1782 1452 εἰς
1797 1420 1873 1450 τέλος

1089 1469 1121 1503 τῇ
1139 1467 1265 1502 βασιλίδι·
1280 1467 1318 1499 ὡς
1333 1468 1382 1494 ούκ
1398 1467 1481 1502 οὔσης
1494 1469 1525 1494 ἐκ
1539 1467 1585 1494 τοῦ
1599 1467 1656 1493 ἴσου
1668 1467 1718 1501 τῆς
1733 1465 1874 1501 βασιλικῆς

1090 1514 1270 1549 κληρονομίας
1282 1515 1314 1549 τῇ
1330 1514 1438 1549 δουλικῇ
1451 1515 1516 1549 γονῇ
1532 1513 1600 1548 προς
1619 1513 1664 1540 τὸν
1679 1512 1820 1547 ἐλεύθερον
1830 1511 1874 1538 τό-

1092 1565 1152 1586 κον.
1165 1558 1292 1584 Ἔκϐαλε
1300 1557 1362 1592 γὰρ,
1372 1557 1448 1592 φησὶ,
1455 1557 1512 1591 τὴν
1523 1555 1687 1588 παιδίσκην
1695 1554 1803 1581 καὶτὸν
1810 1554 1877 1582 υιὸν

1091 1603 1197 1637 αὐτῆς.
1210 1603 1310 1637 Οῠτὰρ
1318 1603 1360 1638 μὴ
1377 1601 1589 1637 κληρονομήσῃ
1601 1603 1617 1629 ὀ
1637 1601 1702 1634 υἱὸς
1716 1601 1769 1635 τῆς
1781 1601 1876 1628 παιδί-

1092 1649 1249 1684 σκης-μετὰ
1261 1649 1313 1675 τοῦ
1324 1649 1389 1676 υιοῦ
1398 1648 1452 1683 τῆς
1465 1648 1632 1682 ἐλευθέρας.
1640 1648 1671 1673 Εἰ
1682 1647 1710 1674 δέ
1725 1656 1777 1673 τινι
1792 1647 1876 1681 βιαιο-

1090 1695 1156 1731 τέρα
1184 1695 1306 1729 φαινεται
1332 1695 1348 1730 ἡ
1373 1695 1412 1725 εἰς
1435 1694 1481 1721 τὸν
1504 1693 1680 1730 προκείμενον
1703 1695 1758 1725 τοῖς
1785 1693 1876 1728 ῥητοῖς

1091 1740 1205 1776 ἀριθμὸν
1220 1740 1330 1776 θεωρία,
1341 1739 1540 1775 ἀναμνησθήτω
1556 1740 1597 1766 ὅτι
1610 1739 1656 1766 καὶ
1673 1739 1731 1765 κατ’
1747 1738 1833 1774 ἀρχὰς
1845 1738 1876 1764 τὸ

1093 1786 1130 1821 μὴ
1146 1786 1271 1813 δύνασθαι
1288 1786 1377 1821 τυχεῖν
1390 1785 1437 1820 τῆς
1452 1786 1480 1813 ἐν
1495 1784 1598 1816 τούτοις
1613 1784 1737 1820 ἀληθείας
1754 1784 1875 1819 ἐμαρτυ-

1093 1830 1207 1866 ράμεθα,
1225 1830 1350 1857 τοσοῦτον
1368 1831 1446 1865 μόνον
1464 1830 1592 1864 ἅψασθαι,
1609 1831 1670 1857 ὅσον
1694 1830 1730 1866 μὴ
1750 1830 1876 1864 ἀγύμνα-

1096 1884 1145 1902 στα
1162 1876 1220 1902 καθ’
1237 1876 1296 1902 ὅλου
1314 1875 1545 1911 παραδραμεῖντά
1560 1876 1717 1911 αἰνίγματα.

254 1923 343 1956 sequi,
371 1929 403 1949 ac
422 1928 566 1958 propterea
594 1925 634 1951 sic
650 1924 789 1959 attigimus
807 1924 864 1952 hmc
887 1926 1042 1960 :enigmata,
1063 1927 1091 1950 ut
1119 1931 1154 1950 ne
1179 1931 1294 1958 prorsus
1324 1923 1400 1950 nullo
1416 1924 1542 1958 impenso
1566 1923 1656 1951 studio
1692 1918 1876 1959 praetermitto;

255 1971 358 1995 rentur.

297 2013 350 2040 Sed
371 2017 458 2041 tamen
488 2015 511 2042 si
539 2014 650 2042 dilectio
677 2015 917 2050 (quemadmodum
938 2015 1038 2042 alicubi

255 2060 436 2095 perscriptum
463 2061 515 2094 est)
535 2061 613 2096 plane
637 2061 744 2089 tandem
774 2066 874 2088 metum
899 2062 990 2096 ejiciat
1017 2062 1038 2092 ",

257 2109 432 2140 mutatusque
459 2110 547 2134 metus
568 2107 678 2134 dilectio
699 2107 762 2141 ﬁat;
789 2112 844 2134 tum
868 2115 934 2135 vero
949 2107 1039 2134 unitas

255 2159 317 2179 esse
338 2152 488 2186 reperietur
504 2152 540 2184 id,
557 2153 627 2187 quod
645 2153 761 2180 salutem
777 2153 965 2188 consequitur,
980 2160 1039 2180 om-
1058 2170 1079 2197 Β

256 2197 337 2225 nibus
352 2198 423 2225 inter
437 2207 466 2226 se
480 2199 565 2226 nnitis
584 2200 611 2226 in
637 2200 870 2235 conglutinatione
898 2207 959 2225 cum
986 2207 1040 2226 uno

256 2251 288 2271 ac
303 2244 361 2271 solo
376 2244 457 2277 bono,
478 2253 525 2279 per
541 2245 613 2271 illam
641 2253 701 2280 qum
719 2246 745 2272 in
763 2245 887 2271 columba
897 2248 938 2272 est
953 2244 1041 2280 perle—

255 2289 383 2316 ctionem.
393 2289 460 2316 Nam
473 2291 628 2324 hujusmodi
641 2291 768 2325 quiddam
780 2299 813 2318 ex
825 2291 914 2317 verbis
926 2297 1043 2324 sequen-

256 2335 330 2362 tibus
343 2336 531 2371 intclligimns,
546 2344 609 2363 cum
626 2337 664 2363 ait
678 2346 684 2364 ι
704 2336 761 2363 Una
776 2341 814 2364 est
830 2337 949 2363 columba
975 2345 1042 2370 mea,

255 2379 371 2413 perfctla
385 2389 450 2407 mea.
471 2380 553 2407 Unica
567 2387 605 2408 cst
618 2383 696 2408 matri
714 2390 778 2412 sum.
810 2382 891 2409 electa
922 2382 964 2408 illi
985 2390 1043 2416 qua:

256 2426 352 2457 paper-it
366 2434 434 2453 eam.
452 2426 538 2460 Atque
552 2427 602 2453 hoc
618 2427 644 2453 in
657 2427 803 2462 Evangelia
819 2436 866 2463 per
880 2435 970 2455 vccem
988 2427 1040 2454 Do-

256 2469 322 2495 mini
341 2470 420 2497 nobis
436 2470 570 2498 illusrius
587 2471 754 2498 declaratur.
771 2471 876 2499 Etenim
894 2473 939 2499 iile
956 2472 1041 2499 bene-

256 2514 372 2542 dicendo
386 2516 437 2542 vim
450 2524 558 2544 omnem
574 2517 717 2551 discipulis
734 2517 791 2545 suis
807 2517 962 2549 conferens,
978 2525 1040 2544 cum

257 2561 309 2587 alia
337 2561 406 2588 bona
432 2563 522 2590 verbis
543 2563 608 2593 illis,
636 2563 736 2598 quibus
759 2562 792 2589 ad
808 2562 914 2589 Patrem
943 2562 1040 2594 utitur,

256 2606 352 2633 tribuit
365 2607 454 2642 dignis
468 2618 474 2635 :
489 2613 545 2635 tum
557 2610 638 2636 etiam
655 2609 730 2636 addit
748 2609 808 2639 hoc.
823 2609 894 2642 quod
907 2609 1039 2636 bonorum

257 2656 340 2686 caput
363 2661 394 2680 ac
411 2662 516 2681 smnma
533 2660 585 2685 est.
603 2662 658 2681 non
683 2654 800 2689 amplius
814 2661 861 2681 eos
878 2654 904 2680 in
928 2653 1042 2681 diversi-

257 2701 314 2725 tate
329 2699 445 2733 quadam
466 2700 641 2730 electionum.
659 2699 845 2734 multipliciter
864 2699 968 2726 divisos
985 2699 1042 2725 fore

260 2743 287 2770 in
301 2743 425 2772 faciendo
444 2745 477 2773 de
494 2745 566 2773 bono
576 2745 681 2779 judicio
692 2767 699 2778 ,
721 2745 768 2773 sed
784 2753 879 2772 omnes
901 2754 985 2772 llllllm
1002 2745 1042 2772 ln-

300 2833 311 2850 ³
328 2833 399 2860 Psal.
415 2841 506 2868 Lxxvl,
523 2835 548 2861 ἄ.
587 2834 598 2850 ⁸
615 2834 686 2862 l‘sal.
701 2843 738 2868 vr,
752 2836 778 2863 9.

817 2837 826 2851 "
842 2834 1076 2865 Psal.rxxur,15

1125 2013 1199 2048 Πλὴν
1222 2013 1246 2040 εἱ
1263 2011 1314 2045 ἔξω
1337 2012 1411 2048 βάλοι
1426 2013 1472 2040 τὸν
1494 2013 1576 2047 φόῦον
1599 2013 1614 2048 ἡ
1638 2013 1730 2048 ἀγάπη
1756 2014 1876 2046 τελείως,

1091 2058 1160 2086 κατὰ
1182 2058 1212 2084 τὸ
1236 2059 1436 2093 γεγραμμένον,
1455 2058 1502 2084 καὶ
1528 2058 1720 2093 μεταποιηθεὶς
1746 2059 1761 2085 ὁ
1785 2059 1876 2094 φόϐος,

1091 2103 1185 2138 ἀγάπη
1200 2103 1322 2137 γένοιτο⁶
1347 2103 1407 2130 τότε
1429 2103 1585 2138 εὑρίσκεται
1602 2102 1684 2138 μονὰς
1706 2103 1736 2129 τὸ
1755 2103 1876 2138 σωζόμε-

1091 2159 1146 2182 νον,
1161 2150 1189 2175 ἐν
1205 2151 1237 2184 τῇ
1256 2149 1323 2184 πρὸς
1349 2149 1378 2175 τὺ
1398 2149 1476 2184 μόνον
1498 2148 1598 2183 ἀγαθὸν
1620 2148 1752 2184 συμφυῖᾳ,
1769 2149 1877 2176 πάντων

1092 2196 1214 2231 ἀλλήλοις
1240 2194 1402 2228 ἑνωθέντων,
1419 2194 1463 2221 διὰ
1484 2195 1533 2229 τῆς
1550 2194 1620 2221 κατὰ
1641 2195 1689 2230 τὴν
1713 2195 1877 2230 περιστερὰν

1091 2241 1265 2275 τελειότητος.
1283 2239 1408 2267 Τοιοῦτον
1428 2240 1482 2275 γάρ
1497 2249 1523 2265 τι
1542 2240 1653 2274 νοοῦμεν
1670 2240 1702 2265 ὲκ
1716 2239 1763 2265 τοῦ
1781 2239 1878 2274 ἑφεξῆς

1090 2287 1181 2320 λόγου,
1195 2287 1222 2318 ’ός
1239 2294 1335 2321 φησιν’
1352 2286 1393 2312 ὅτι
1408 2286 1466 2312 Μία
1480 2285 1546 2312 ἐστὶ
1566 2284 1724 2319 περιστερά
1745 2294 1815 2318 μου,
1831 2294 1878 2312 τε-

1092 2333 1158 2359 λεία
1171 2341 1240 2366 μου.
1261 2331 1322 2358 Μία
1336 2330 1402 2358 ἐστὶ
1423 2331 1460 2364 τῇ
1488 2330 1578 2366 μητρὶ
1593 2330 1698 2364 αὐτῆς.
1719 2330 1877 2364 ἐκλεκτική

1092 2378 1157 2404 ἐστι
1177 2375 1214 2411 τῇ
1234 2376 1365 2410 τεκούσῃ
1387 2375 1492 2409 αὐτήν.
1510 2376 1597 2411 Ὅπερ
1620 2377 1648 2402 ὲν
1664 2375 1701 2410 τῷ
1721 2375 1878 2410 Εὐαγγελῖῳ

1093 2423 1135 2449 διὰ
1153 2422 1202 2457 τῆς
1214 2422 1259 2448 τοῦ
1276 2422 1378 2457 Κυρίου
1403 2422 1494 2456 φωνῆς
1511 2421 1673 2455 σαφέστερον
1686 2420 1876 2456 ἑρμηνεύεται.

1094 2469 1186 2495 Πᾶσαν
1201 2468 1255 2503 γὰρ
1270 2469 1327 2499 τοῖς
1341 2467 1473 2502 μαθηταῖς
1487 2467 1584 2493 ἑαυτοῦ
1598 2466 1821 2500 ἐναποτιθέμενος
1834 2465 1878 2492 διὰ

1092 2515 1142 2550 τῆς
1166 2515 1288 2549 εὐλογίας
1303 2515 1427 2548 δύναμιν,
1440 2514 1474 2541 τά
1487 2523 1516 2540 τε
1537 2513 1604 2540 ἄλλα
1621 2512 1665 2539 διὰ
1681 2511 1733 2538 τῶν
1749 2511 1816 2545 πρὸς
1832 2511 1879 2537 τὸν

1094 2562 1203 2597 Πατέρα
1217 2562 1304 2596 λόγων
1319 2561 1409 2596 ἀγαθὰ
1425 2562 1481 2592 τοῖς
1497 2561 1583 2594 ἁγίοις
1599 2558 1749 2594 χαρίζεται,
1768 2557 1880 2592 προστί-

1094 2607 1156 2642 θησι
1171 2607 1199 2633 δὲ
1218 2607 1272 2633 τῶν
1283 2607 1391 2641 ἀγαθῶν
1408 2606 1438 2632 τὸ
1456 2605 1611 2639 κεφάλαιον,
1625 2604 1654 2630 τὸ
1668 2602 1765 2638 μηκέτι
1780 2601 1880 2632 αὐτοὺς

1094 2654 1122 2679 ἐν
1136 2653 1248 2688 διαφορᾷ
1270 2654 1321 2679 τινί
1341 2652 1524 2688 προαιρέσεων
1533 2651 1568 2677 ’ἐν
1590 2651 1622 2685 τῇ
1639 2649 1702 2684 περὶ
1724 2647 1770 2674 τοῦ
1795 2645 1880 2673 καλοῦ

1095 2699 1183 2734 κρίσει
1200 2698 1319 2733 πολλαχῇ
1336 2697 1534 2732 διασχίζεσθαι·
1555 2695 1612 2722 ἀλλ’
1626 2694 1655 2721 ἓν
1673 2693 1799 2728 γενέσθαι
1815 2692 1880 2722 τοὺς

1096 2745 1207 2776 πάντας,
1222 2743 1260 2778 τῷ
1282 2744 1322 2770 ἑνὶ
1344 2744 1389 2770 καὶ
1407 2743 1479 2778 μόνῳ
1492 2740 1585 2776 ἀγαθῷ
1607 2739 1793 2775 συμφυένταςο
1808 2736 1880 2763 ὥστε

1124 2834 1133 2849 ⁸
1149 2827 1285 2866 ϐιιυῖιιι,
1303 2833 1351 2866 10;
1372 2832 1431 2860 Gal.
1444 2839 1480 2864 Iv,
1499 2830 1542 2858 30.
1582 2830 1612 2856 ⁷Ι
1634 2828 1711 2856 Joan.
1729 2835 1765 2856 tv.
1781 2827 1823 2854 18.
