1978 3068
132 160 200 188 ΗΠ

621 159 669 187 ἸΝ
694 159 842 188 CAN'I‘ICA
857 159 992 188 CANTIC.
1010 160 1150 189 IIOMILIA
1170 162 1227 190 XV.

1677 164 1746 191 1118

129 216 175 243 διὰ
188 217 236 251 τῆς
250 215 296 243 τοῦ
316 217 471 251 Πνεύματος
491 216 539 243 τοῦ
562 217 638 251 ἁγίου
662 217 796 252 ἑνότητος,
822 216 912 248 καθώς

965 222 1052 252 turos,
1067 219 1112 246 uni
1132 219 1169 246 illi
1191 226 1223 246 ac
1238 218 1289 246 soli
1307 219 1378 246 bono
1397 218 1580 254 agglutinatos
1593 229 1600 247 -.
1612 220 1648 247 Ita
1660 225 1687 247 ul
1699 228 1746 251 per

129 270 212 297 φησιν
229 262 243 287 ὀ
261 261 430 294 Ἀπόστολος,
445 261 483 296 τῷ
507 262 646 297 συνδέσμῳ
667 263 717 297 τῆς
732 263 842 298 εἰρήνης
855 263 914 289 δια.-

130 306 320 341 σφιγχθὲντας,
338 307 366 333 ἓν
378 307 456 343 σῶμα
472 307 595 341 γενέσθαι
610 308 671 339 τοὺς
692 309 806 340 πάντας,
824 308 870 334 καὶ
885 308 914 334 ἓν

130 350 248 386 πνεῦμα,
260 351 303 378 διὰ
314 353 378 386 μιᾶς
392 352 496 384 ἐλπίδος
506 353 544 384 εἰς
557 352 590 387 ἥν
600 347 764 388 ἐκλήθηπαν.
777 352 883 379 Βέλτιον
891 353 912 379 δ’

128 395 162 422 ἄν
176 397 218 432 εἴη
240 397 324 429 αὐτὰς
338 397 384 424 ἐπὶ
405 398 503 430 λέξεως
519 398 688 434 παραθέσθαι
715 398 763 430 τὰς
778 398 852 429 θείας
866 397 912 424 τοῦ

128 441 294 476 Εὐαγγελίου
307 444 406 477 φωνάς.
423 444 483 470 Ἵνα
494 444 604 477 πάντες
616 444 651 470 ἓν
662 442 738 471 ὦσιν
749 443 845 477 καθὼς
859 444 911 475 σὺ,

128 487 234 521 Πάτερ,
252 488 286 515 ἐν
305 489 380 524 ἐμοὶ,
404 490 484 524 κάγὼ
498 490 533 516 ἐν
548 490 599 517 σοι
609 498 617 506 ι
629 490 679 516 ἵνα
699 490 747 516 καὶ
770 490 853 516 αὐτοὶ
878 489 914 516 ἐν

82 527 86 530 ’
128 529 192 559 ὦσι.
212 534 247 559 Τὸ
260 533 288 560 δὲ
309 535 461 561 συνδετικδν
476 536 525 570 τῆς
546 535 671 571 ἐνότητος
691 535 802 571 ταύτης,
816 536 833 570 ἡ
851 535 912 567 δόξα

129 577 188 604 ἐστι
199 586 205 592 ·
221 578 299 611 δόξαν
316 579 343 606 δὲ
356 579 480 614 λέγεσθαι
493 581 523 607 τὸ
543 580 656 615 Πνεῦμα
672 581 701 607 τὺ
714 580 802 615 ἅγιον,
817 581 866 607 οὐκ
880 581 912 608 ἄν
934 595 939 599 -

128 631 170 655 τις
189 623 243 651 τῶν
259 626 470 661 ὲπεσκεμμένων
483 626 613 657 ἀντείποι,
631 626 699 661 πρὸς
712 626 796 657 αὑτὰς
808 626 911 661 βλέπων

128 667 178 700 τὰς
195 669 241 695 τοῦ
260 670 362 706 Κυρίου
378 671 477 705 φωνάς.
494 670 555 704 Τὴν
569 670 663 703 δόξαν
677 670 740 706 γὰρ,
765 670 855 706 φησὶν,
872 669 912 704 ἦν

127 712 241 746 ἔδωκάς
250 723 310 748 μοι,
322 715 435 742 δέδωκα
447 715 557 748 αὐτοῖς.
573 716 677 742 Ἔδωκε
690 715 743 750 γὰρ
755 715 792 747 ὠς
804 715 911 750 ἀληθῶς

127 758 184 788 τοῖς
204 758 335 793 μαθηταῖς
347 759 472 795 τοιαύτην
486 760 573 792 δόξαν,
587 761 600 786 ὁ
611 759 694 786 εἰπὼν
715 760 782 795 προς
795 760 892 789 αὐτούς
902 769 909 775 ·

128 802 238 830 Λάϐετε
252 805 372 838 Πνεῦμα
382 807 475 840 ἅγιον.
491 806 589 833 Ἔλαϐε
602 807 630 833 δὲ
648 807 748 842 ταύτην
762 806 810 841 τὴν
821 806 909 839 δόξαν,

129 848 162 882 ἣν
176 848 289 875 πάντοτε
305 848 361 885 εἶχε
376 851 427 886 πρὸ
439 850 484 877 τοῦ
499 852 543 878 τὸν
564 852 664 887 κόσμον
679 850 757 881 εἶναι,
770 852 784 877 ὀ
802 853 851 887 τὴν
865 852 910 878 ἀν-

128 891 266 928 θρωπίνην
280 894 360 929 φύσιν
377 895 613 931 περιϐαλλόμενος,
629 894 662 932 ἦς
680 895 853 931 δοξασθεὶσης
866 895 910 922 διὰ

128 937 175 964 τοῦ
185 937 349 972 Πνεύματος,
368 941 413 966 ἐπὶ
426 942 478 967 πᾶν
490 941 520 967 τὸ
540 942 667 975 συγγενὲς
681 943 697 977 ἡ
713 942 762 976 τῆς
775 942 853 977 δόξης
864 941 910 968 τοῦ

129 984 284 1018 Πνεῦματος
296 985 410 1017 διάδοσις
422 986 534 1021 γίνεται,
552 989 605 1014 ἀπὸ
622 989 674 1015 τῶν
691 988 818 1023 μαθητῶν
829 989 911 1024 ἀρξα-

129 1027 208 1063 μένη.
223 1028 271 1055 Διὰ
289 1028 366 1056 τοῦτό
386 1039 451 1065 φησι
461 1039 467 1045 ·
491 1032 548 1065 Τὴν
562 1031 656 1064 δόξαν
670 1032 710 1066 ἢν
723 1032 836 1065 ἔδωκάς
847 1041 909 1067 μοι,

127 1074 241 1101 δέδωκα
247 1075 357 1108 αὐτοῖς.
363 1075 427 1103 Ἵνα
435 1073 510 1103 ὦσιν
519 1076 563 1109 ἓν,
570 1077 668 1110 καθὼς
676 1077 760 1112 ἡμεῖς
765 1077 800 1104 ἓν
807 1078 910 1112 ἐσμεν.

134 1122 207 1155 Ἐγὼ
217 1121 251 1148 ὲν
262 1122 372 1155 αὺτοῖς,
391 1122 439 1148 καὶ
450 1122 490 1149 σὺ
505 1122 540 1148 ἐν
552 1122 626 1157 ἐμοὶ,
641 1122 692 1148 ἵνα
702 1120 758 1148 ὦσι
770 1124 912 1149 τετελειω-

125 1167 211 1201 μένοι
231 1168 275 1199 εις
287 1167 320 1194 τὸ
336 1167 379 1194 ἓν.
401 1168 431 1194 '0
446 1168 533 1194 τοίνυν
547 1168 579 1194 ἐκ
598 1167 647 1202 μὲν
668 1168 764 1202 νηπίου
786 1168 853 1203 πρὸς
865 1167 912 1194 ἇν-

126 1213 177 1248 ὁρα
191 1213 292 1239 τέλειον
309 1212 469 1248 ἀναδραμὼν
486 1212 530 1240 διὰ
549 1213 599 1249 τῆς
614 1213 762 1248 αὐξήσεως,
781 1213 827 1239 καὶ
844 1212 918 1249 φθάπ

128 1267 177 1290 σας
191 1259 231 1290 εἰς
244 1258 274 1285 τὸ
287 1259 384 1294 μέτρον
394 1259 443 1294 τῆς
456 1259 555 1294 νοητῆς
568 1259 686 1294 ἡλικίας,
699 1260 731 1285 ὲκ
745 1258 773 1284 δὲ
788 1259 836 1293 τῆς
855 1258 912 1285 δού-

127 1305 176 1339 λης
187 1313 218 1330 τε
238 1305 284 1331 καὶ
301 1306 350 1338 τῆς
365 1304 526 1336 παλλακίδος
547 1303 595 1339 τὴν
616 1304 664 1339 τῆς
685 1303 820 1338 βασιλείας
834 1302 911 1335 ἀξίαν

129 1350 301 1386 μεταλαϐών·
325 1351 448 1382 δεκτικὸς
469 1351 497 1377 δὲ
520 1351 569 1386 τῆς
591 1350 638 1377 τοῦ
660 1348 815 1385 Πνεύματος
831 1349 911 1385 δόξης

127 1396 270 1430 γενόμενος
280 1395 314 1421 δι’
330 1395 462 1428 ἀπαθείας
479 1396 525 1422 καὶ
541 1395 733 1431 καθαρότητος,
746 1391 824 1427 οὗτός
839 1396 911 1423 ἐστιν

128 1442 143 1476 η
160 1440 248 1467 τελεία
264 1440 423 1475 περιστερὰ,
445 1440 513 1475 προς
527 1440 559 1475 ἥν
572 1440 586 1466 ὁ
600 1439 715 1475 νυμφίος
733 1440 785 1475 ὁρᾷ
808 1439 908 1473 λέγων·

127 1484 167 1511 ὅτι
182 1484 239 1511 Mla
250 1484 316 1510 ἐστὶ
326 1483 485 1518 περιστερά
492 1493 562 1519 μου,
578 1485 678 1511 τελεία
691 1492 764 1518 μου.
774 1484 835 1510 Μιά
845 1484 910 1510 ἐστὶ

127 1529 166 1563 ινῇ
178 1529 267 1564 μητρὶ
283 1529 389 1564 αὐτῆς,
404 1528 563 1562 ἐκλεκτική
581 1529 646 1556 ἐστι
661 1528 698 1563 τῇ
712 1528 843 1563 τεκούσῃ
857 1529 910 1555 αὺ-
924 1549 946 1577 C

126 1574 193 1608 τήν.
209 1574 266 1600 Οὐκ
282 1573 431 1609 ἀγνοοῦμεν
447 1574 476 1600 δὲ
491 1574 599 1605 πάντως
615 1573 664 1608 τὴν
680 1574 785 1609 μητέρα
800 1574 848 1609 τῆς
864 1583 911 1601 πε-

128 1619 263 1654 ριστερᾶς,
278 1619 310 1646 ὲκ
321 1618 368 1645 τοῦ
381 1618 488 1655 καρποῦ
498 1618 528 1645 τὺ
540 1618 645 1654 δένδρον
659 1619 850 1654 γνωρίσαντες.
869 1620 912 1651 Ὠς

127 1664 181 1699 γὰρ
193 1664 335 1700 ἄνθρωπον
349 1664 522 1699 θεασάμενοι,
545 1664 574 1696 ἐξ
592 1663 734 1699 ἀνθρώπου
749 1664 829 1692 αὑτὸν
842 1662 911 1691 εἶναι

127 1709 177 1736 οὐκ
190 1710 410 1745 ἀμφιϐάλλομεν·
426 1709 497 1736 οὕτω
510 1709 557 1736 καὶ
573 1710 622 1744 τῆς
639 1710 772 1745 ἐκλεκτῆς
787 1719 912 1745 περιστε-

129 1756 179 1789 ρᾶς
192 1756 240 1791 τὴν
256 1756 359 1791 μητέρα
378 1754 530 1789 ζητοῦντες,
545 1754 594 1780 οὐκ
614 1755 696 1790 ἄλλην
721 1755 781 1782 τινὰ
800 1755 816 1790 ἢ
840 1756 912 1782 ὲκεί-

127 1810 176 1837 νην
192 1802 242 1837 τὴν
259 1800 422 1836 περιστερὰν
435 1800 596 1834 ἐνοήσαμεν.
613 1799 659 1835 Τῷ
673 1800 727 1836 γὰρ
745 1801 831 1836 τέκνῳ
843 1801 912 1827 πάν-

127 1857 181 1879 τως
199 1848 215 1882 ἡ
236 1847 282 1873 τοῦ
304 1847 496 1882 γεγεννηκότος
516 1847 703 1882 ὲπιθεωρεῐται
725 1847 815 1881 φύσις.
839 1848 913 1874 Ἐπεὶ

127 1891 175 1919 οὖν
187 1892 217 1919 τὸ
227 1891 425 1928 γεγεννημένον
442 1893 473 1918 ὲκ
484 1891 530 1919 τοῦ
543 1892 612 1919 Πνεύ
617 1901 699 1928 ματος
710 1892 823 1927 Πνεῦμά
836 1894 893 1919 ἐστι
903 1902 909 1908 ·

128 1937 276 1974 περιστερᾶ
289 1938 317 1964 δὲ
335 1938 365 1964 τὸ
385 1938 493 1965 τέκνον·
523 1939 672 1974 περιστερὰ
688 1938 715 1964 δὲ
737 1938 845 1970 πάντως
865 1941 911 1972 καὶ

127 1985 144 2018 ή
159 1984 206 2010 τοῦ
231 1985 325 2010 τέκνου
344 1984 435 2020 μήτηρ
459 1984 574 2020 Euximi)
598 1985 644 2010 ἐπὶ
669 1984 713 2010 τὸν
735 1984 867 2020 Ἰορδάνην
884 1985 913 2017 ἐξ

129 2026 251 2064 οὖρανῶν
265 2030 435 2062 καταπτᾶσα,
453 2029 543 2061 καθὼς
566 2030 690 2064 Ἰωάννης
706 2030 772 2064 φησί
786 2030 832 2056 καὶ
843 2039 913 2066 μαρ-

129 2075 248 2110 τύρεται.
265 2075 371 2110 Ταύτην
400 2075 596 2110 μακαρίζουσιν
620 2075 648 2102 αἱ
668 2075 796 2107 νεάνιδες,
812 2077 913 2112 ταύτην

129 2120 234 2147 αἱνοῦσι
263 2120 396 2146 παλλακαὶ
424 2120 470 2146 καὶ
500 2120 663 2155 βασίλισσαι.
690 2119 782 2151 Ιὶοινὸς
807 2121 861 2157 γὰρ
882 2123 913 2148 ὲκ

130 2166 227 2198 παντὸς
246 2166 383 2202 τάγματος
397 2167 536 2202 πρόκειται
551 2167 649 2199 πάσαις
666 2169 724 2198 ταῖς
736 2166 834 2203 ψυχαῖς
853 2167 913 2203 δρό-

965 266 1096 292 unitatem
1109 260 1199 293 sancti
1215 265 1330 300 spiritus
1343 264 1583 301 (quemadmodum
1599 265 1746 300 Apostolus

964 310 1011 347 ait)
1024 311 1097 345 pacis
1108 311 1249 338 constricti
1263 318 1345 342 nexu.
1357 317 1455 344 corpus
1468 317 1552 336 unum
1565 309 1744 341 ﬁantomnes.

963 361 990 386 et
1006 365 1078 384 unus
1097 357 1222 392 spiritus,
1244 364 1291 392 per
1316 364 1389 391 spem
1410 363 1502 387 unam.
1519 356 1545 383 in
1560 363 1641 390 quam
1657 357 1744 383 vocati

963 404 1017 431 sint
1034 404 1054 430 ³.
1073 403 1217 431 Enimvero
1250 404 1353 431 rectius
1375 402 1537 434 fecerimus,
1563 402 1586 429 si
1611 402 1645 429 de
1663 402 1746 429 verbo

963 450 996 476 ad
1013 450 1125 477 verbum
1140 451 1213 484 ipsas
1226 449 1361 483 Evangelii
1374 449 1481 476 divinas
1490 456 1555 475 sane
1568 456 1648 475 voces
1662 456 1746 482 appo-

962 496 1108 523 suerimus.
1129 494 1162 522 Ul
1175 503 1272 526 omnes,
1290 494 1389 529 inquit,
1418 494 1469 520 sint
1483 492 1745 528 unum,quemadmo—

962 542 1024 568 dum
1040 546 1077 572 tu.
1099 542 1135 568 mi
1153 541 1244 572 Pater,
1259 541 1286 567 in
1300 549 1339 567 me
1354 548 1392 572 es,
1407 543 1431 566 et
1446 548 1491 574 ego
1507 539 1532 565 iu
1546 543 1569 565 te
1586 547 1595 565 .'
1610 543 1637 564 ut
1650 542 1674 565 et
1694 538 1744 572 ipsi

962 596 1043 614 unum
1070 587 1123 613 sint
1140 587 1166 613 in
1186 585 1258 612 nobis
1272 587 1293 613 θ.
1308 585 1396 619 Hujus
1409 588 1499 611 autem
1530 583 1643 610 unitatis
1659 591 1746 610 nexus

962 637 1003 660 est
1020 632 1114 667 gloria.
1134 630 1264 665 Spiritum
1276 635 1365 658 autem
1394 633 1519 657 sanctum
1534 628 1666 664 appellari
1688 629 1746 663 glo-

962 677 1042 707 riam.
1059 684 1138 704 nemo
1150 675 1355 710 prudentiorum
1380 674 1498 708 negabit,
1513 674 1537 701 si
1563 674 1622 708 ipsa
1639 673 1745 700 Domini

961 724 1042 750 verba
1055 722 1215 752 intuebitur,
1231 728 1291 747 cum
1308 720 1346 746 ait
1371 729 1378 747 :
1408 719 1526 746 Gloriam
1549 727 1627 754 quam
1649 718 1745 745 dedisti

962 768 1036 799 mihi,
1065 767 1124 793 dedi
1146 767 1194 794 eis.
1224 766 1328 793 Revera
1349 766 1420 793 enim
1451 764 1573 792 eamdem
1601 764 1744 798 discipulis

961 811 1074 846 gloriam
1090 809 1174 840 dedit,
1186 817 1247 836 cum
1268 808 1301 834 ad
1316 816 1364 835 eos
1382 808 1487 835 diceret
1502 817 1509 834 :
1526 807 1641 841 Accipite
1660 806 1746 840 Spiri-

963 860 1016 882 tum
1031 860 1151 882 sanctum
1166 855 1198 881 ¹⁰.
1216 853 1303 888 Atque
1314 851 1384 880 hanc
1402 852 1528 888 gloriam,
1549 859 1629 886 quam
1655 855 1743 878 tamen

926 881 948 910 Β
961 908 1068 936 semper
1082 900 1177 926 habuit
1192 899 1269 934 prius
1279 899 1361 926 etiam
1379 905 1460 933 quam
1477 897 1596 924 mundus
1613 897 1657 923 hic
1674 896 1745 923 exsi-

961 949 1054 978 steret,
1070 944 1173 979 accepit
1187 943 1213 970 id
1224 943 1364 978 temporis.
1383 945 1582 970 cum‘naturam
1598 941 1745 968 humanam

960 991 1101 1023 indueret;
1116 997 1170 1024 qua
1183 989 1292 1024 quidem
1313 995 1362 1023 per
1373 987 1506 1023 Spiritum
1524 991 1647 1014 sanctum
1663 986 1746 1020 glori-

960 1036 1051 1068 ﬁcata,
1065 1034 1195 1070 quidquid
1213 1033 1276 1060 huic
1290 1036 1433 1068 cognatum
1454 1036 1497 1060 est
1511 1032 1613 1066 glorim,
1628 1030 1746 1064 Spiritus

960 1081 989 1108 lit
1009 1080 1157 1115 particeps.
1186 1078 1257 1106 iacto
1280 1078 1314 1105 ab
1342 1078 1475 1112 apostolis
1493 1077 1582 1104 initio.
1609 1076 1684 1103 Hanc
1709 1076 1745 1103 ch

960 1133 1072 1153 causam
1096 1125 1134 1151 ait
1150 1133 1156 1151 :
1171 1123 1291 1150 Gloriam
1305 1130 1384 1157 quam
1400 1122 1497 1149 dedisti
1510 1121 1584 1153 mihi,
1598 1122 1658 1148 dedi
1682 1122 1720 1148 eis
1735 1129 1746 1147 :

960 1175 988 1197 ut
1006 1170 1058 1196 sint
1076 1177 1167 1199 unum,
1186 1167 1401 1202 quemadmodum
1422 1174 1469 1193 nos
1483 1175 1564 1192 unum
1576 1174 1666 1193 sumus
1680 1173 1746 1201 :ego

960 1215 988 1242 in
1007 1214 1054 1248 eis,
1071 1218 1095 1240 et
1117 1218 1145 1240 tu
1162 1213 1189 1239 in
1203 1220 1242 1239 me
1266 1220 1276 1239 :
1291 1216 1320 1238 ut
1334 1211 1387 1238 sint
1412 1212 1590 1238 consummati
1606 1212 1633 1237 in
1653 1219 1745 1238 unum.

961 1260 1141 1293 Quamobrem
1162 1258 1197 1289 is.
1221 1258 1268 1293 qui
1290 1257 1324 1285 de
1337 1264 1423 1291 puero
1437 1257 1464 1283 in
1488 1257 1577 1283 virum
1594 1257 1745 1291 perfectum

961 1305 1131 1340 augesccudo
1145 1304 1242 1336 evasit,
1257 1303 1291 1330 ad
1303 1309 1458 1330 mensuram
1467 1302 1635 1329 astatisillius
1650 1310 1746 1337 perve-

961 1351 1011 1383 nit,
1027 1358 1109 1386 quam
1126 1353 1216 1378 mente
1232 1348 1410 1384 intelligimus
1424 1357 1431 1375 :
1446 1355 1462 1376 e
1484 1348 1620 1383 mancipio
1641 1353 1666 1376 et
1681 1355 1746 1376 con-

961 1397 1060 1424 cubina
1073 1395 1153 1431 regiae
1169 1394 1312 1430 dignitatis
1333 1393 1469 1429 particeps
1498 1393 1587 1421 factus
1604 1396 1647 1421 est
1662 1403 1670 1421 :
1697 1394 1747 1422 de—

961 1442 1044 1477 nique
1059 1448 1144 1476 capax
1155 1441 1246 1476 gloria:
1256 1439 1376 1474 Spiritus
1392 1439 1480 1467 sancti
1498 1447 1545 1474 per
1559 1443 1660 1466 statum
1676 1447 1691 1466 a
1704 1439 1746 1466 vi-

962 1487 1007 1514 tiis
1021 1486 1150 1514 omnibus
1169 1486 1298 1517 alienum,
1324 1492 1426 1520 perque
1450 1484 1597 1520 puritatem
1617 1493 1623 1512 :
1639 1484 1748 1519 11111ἰεὶ-

962 1535 1007 1559 tur
1019 1535 1062 1560 est
1084 1531 1206 1566 perfecta
1233 1530 1279 1557 illa
1309 1530 1446 1567 columba.
1473 1530 1507 1557 ad
1523 1537 1604 1565 quam
1629 1538 1747 1565 sponsus

963 1577 1084 1612 respicit,
1100 1584 1160 1604 cum
1177 1576 1215 1603 ait
1245 1585 1251 1602 :
1273 1575 1331 1603 Una
1347 1579 1386 1602 est
1401 1575 1523 1602 columba
1546 1583 1614 1607 mea,
1631 1574 1747 1610 perfecta

962 1631 1030 1650 mea.
1049 1622 1132 1649 Unica
1152 1627 1191 1649 est
1208 1622 1289 1648 matri
1309 1629 1374 1654 suae,
1391 1621 1473 1648 electa
1505 1620 1546 1647 illi
1569 1628 1627 1656 qua
1649 1621 1748 1655 peperit

961 1676 1031 1695 eam.
1045 1667 1138 1702 Neque
1148 1675 1213 1694 vero
1229 1674 1291 1694 csse
1304 1667 1384 1694 nobis
1399 1667 1547 1694 obscurum
1560 1670 1660 1702 potest.
1675 1673 1748 1701 quaa-

963 1720 1024 1740 nam
1053 1711 1090 1738 sit
1119 1711 1252 1738 columba:
1278 1711 1352 1738 illius
1376 1716 1476 1744 mater;
1506 1719 1568 1738 cum
1596 1719 1629 1738 ex
1657 1711 1747 1739 fructu

963 1766 1110 1793 agnoscere
1134 1757 1258 1785 arborem
1286 1757 1375 1783 liceat.
1401 1756 1436 1784 Ut
1456 1757 1528 1784 enim
1550 1757 1659 1784 homine
1685 1765 1748 1784 con-

963 1807 1057 1839 specto
1076 1806 1130 1830 non
1150 1802 1307 1829 dubitamus
1322 1805 1413 1828 ortum
1433 1809 1495 1829 esse
1523 1801 1598 1828 illum
1614 1802 1648 1829 ab
1665 1802 1750 1830 homi-

963 1857 1016 1877 nc:
1035 1848 1075 1876 sic
1091 1855 1151 1874 cum
1172 1847 1264 1874 electa:
1288 1846 1370 1881 hujus
1395 1846 1529 1873 columbae
1548 1849 1662 1873 matrem
1675 1854 1749 1881 qua:-

963 1894 1061 1924 rimus,
1087 1900 1141 1919 non
1159 1892 1239 1918 aliam
1256 1890 1414 1926 quamdam,
1432 1890 1479 1918 sed
1506 1890 1659 1917 columbam
1677 1890 1748 1917 hane

962 1947 1024 1967 esse
1039 1938 1225 1973 intelligimus.
1239 1936 1306 1964 Nam
1322 1936 1349 1969 in
1364 1936 1418 1963 lilio
1432 1936 1554 1971 parentis
1569 1936 1684 1963 omnino
1698 1944 1748 1963 na-x

963 1989 1023 2011 tura
1042 1982 1222 2018 conspicitur.
1251 1982 1340 2015 Quare
1354 1989 1414 2009 cum
1446 1981 1485 2013 id,
1503 1981 1576 2016 quod
1596 1990 1628 2008 ex
1645 1981 1749 2016 Spiritu

962 2029 1092 2066 gignitur,
1120 2029 1156 2057 sit
1183 2027 1317 2063 Spiritus;
1334 2030 1360 2054 et
1373 2034 1439 2054 vero
1467 2027 1520 2054 ﬁlia
1543 2034 1606 2054 cum
1622 2027 1747 2054 columba

963 2076 998 2103 sit
1016 2085 1021 2102 :
1039 2075 1151 2111 omnino
1171 2075 1254 2102 etiam
1276 2077 1365 2102 mater
1390 2073 1471 2107 hujus
1485 2077 1528 2101 est
1548 2073 1674 2100 columba
1690 2073 1747 2104 illa,

963 2129 1023 2156 qum
1037 2121 1070 2148 de
1093 2121 1162 2156 caelo
1180 2119 1214 2147 ad
1242 2119 1387 2149 Iordanem
1405 2119 1551 2151 devolarit,
1575 2119 1750 2153 quemadmo-

963 2169 1030 2196 dum
1044 2167 1163 2195 Joanucs
1180 2170 1309 2194 testatur.
1327 2165 1403 2193 llanc
1429 2165 1512 2198 igitur
1530 2164 1635 2192 felicem
1651 2163 1750 2199 prmdi-

131 2221 179 2246 μος
201 2212 268 2247 πρὸς
288 2212 338 2247 τὴν
359 2211 484 2247 τοιαύτην
511 2212 707 2247 μακαριότητα.
736 2213 781 2238 Διό
811 2221 910 2247 φασιν*

964 2217 1026 2241 cant
1048 2212 1217 2247 juvenculcc.
1244 2212 1315 2248 hanc
1344 2211 1521 2243 concubinae,
1551 2210 1621 2236 hanc
1649 2208 1749 2243 reginae

131 2253 249 2283 Ἶδοὸαν
265 2254 361 2289 αὐτὴν
390 2255 557 2290 θυγατέρες,
572 2256 620 2281 καὶ
636 2256 837 2290 μακαριοῦσιν
859 2257 914 2283 αἰν-

129 2302 200 2336 τήν·
214 2302 367 2329 παλλακαὶ
378 2301 426 2328 καὶ
438 2301 620 2334 βασίλισσαι
631 2302 817 2329 αἰνέσουσιν.
832 2303 913 2334 Φύσις

108 2368 110 2373 ,
128 2348 157 2374 δὲ
171 2348 245 2375 πᾶσά
260 2349 316 2374 ἐστι
334 2349 401 2384 προς
416 2347 446 2374 τὸ
462 2347 596 2382 μακάριόν
610 2356 639 2374 τε
657 2349 703 2374 καὶ
720 2348 913 2384 ἐπαινούμενον

129 2394 162 2428 τῇ
178 2393 309 2428 ἐπιθυμίᾳ
322 2393 515 2419 συντείνεσθαι.
530 2393 611 2419 Ὥστε
627 2393 651 2419 εἰ
672 2393 852 2429 μακαρίζουσι
866 2394 914 2429 τὴν

129 2437 293 2474 περιστερὰν
310 2438 337 2464 αἱ
358 2437 512 2473 θυγατέρες.
535 2438 696 2473 ἐπιθυμοῦσι
714 2439 820 2471 πάντως
835 2441 911 2474 γενέ-

131 2484 191 2510 σθαι
208 2483 366 2519 περιστεραὶ
378 2484 424 2510 καὶ
435 2481 522 2510 αὗται.
544 2485 598 2511 Καὶ
610 2484 640 2510 τὸ
654 2485 785 2512 αἰνεῖσθαι
800 2486 849 2521 τὴν
864 2495 913 2512 πε-

132 2528 256 2564 ριστερὰν
271 2527 344 2564 παρὰ
359 2528 411 2554 τῶν
431 2529 610 2561 παλλακίδων,
627 2530 775 2564 τεκμήριόν
794 2531 850 2556 ἐστι
865 2531 912 2558 τοῦ

130 2574 176 2600 καὶ
189 2574 288 2604 ταύτας
309 2573 376 2609 πρὸς
388 2573 417 2599 τὸ
431 2573 623 2608 ἐπαινούμενον
636 2574 685 2609 τὴν
700 2575 817 2611 σπουδὴν
830 2576 910 2610 ἔχειν·

130 2620 181 2650 ἓως
196 2618 228 2645 ἂν
249 2619 357 2645 πάντων
380 2618 409 2645 ἒν
432 2619 593 2653 γενομένων,
610 2619 663 2646 τῶν
683 2620 752 2655 πρὸς
768 2621 813 2647 τὸν
831 2622 913 2648 αὑτὸν

131 2665 231 2691 σκοπὸν
245 2664 294 2700 τῆς
311 2664 458 2700 ἐπιθυμίας
481 2665 640 2699 βλεπόντων,
658 2660 792 2701 μηδεμιᾶς
815 2667 843 2692 ἐν
862 2676 914 2703 μη-

130 2710 184 2736 δενὶ
199 2710 295 2742 κακίας
310 2710 528 2745 ὑπολειφθείσης,
541 2710 652 2745 γένηται
666 2712 679 2736 ὁ
699 2712 764 2743 Θεὸς
777 2712 813 2738 τὰ
827 2713 914 2739 πάντα

130 2756 159 2783 ιν
180 2757 256 2787 πᾶσι,
280 2757 336 2788 τοῖς
357 2756 401 2782 διὰ
414 2757 463 2791 τῆς
483 2757 606 2790 ἐνότητος
623 2756 745 2791 ἀλλήλοις
766 2758 794 2783 ἐν
812 2760 845 2793 τῇ
867 2758 913 2784 τοῦ

168 2843 178 2860 ³
201 2843 299 2880 Ρῗρίιοε.
315 2852 350 2876 Iv,
367 2845 393 2871 5.
432 2845 442 2859 θ
456 2843 535 2871 Joan.
557 2851 623 2877 xm,
637 2844 667 2871 21
687 2853 747 2880 sqq.

963 2259 1084 2286 laudant.
1109 2257 1214 2284 Etenim
1231 2255 1385 2283 c0mmunis
1398 2255 1507 2290 quidem
1530 2255 1674 2282 animabus
1689 2254 1751 2281 uni-

963 2304 1051 2331 versis
1065 2303 1098 2329 ad
1112 2302 1307 2329 beatitudinem
1319 2301 1399 2327 talem
1412 2308 1510 2328 cursus
1524 2300 1680 2335 propositus
1695 2303 1747 2326 est.

962 2350 1110 2384 Propterea
1138 2347 1229 2375 verbis
1261 2347 1337 2373 hisce
1362 2349 1504 2372 utuntur:
1532 2345 1659 2372 Viderunt
1672 2345 1749 2371 illam

964 2395 1038 2430 ﬁlim.
1055 2391 1482 2428 bealantquepra'dicarunteam;
1504 2392 1600 2426 regina:
1618 2395 1642 2417 et
1654 2399 1750 2418 concu-

965 2441 1032 2468 bina?
1047 2440 1191 2467 laudarunt
1224 2446 1292 2465 eam.
1317 2436 1419 2465 Omnes
1438 2443 1527 2465 autem
1558 2437 1598 2465 sic
1613 2445 1628 2464 a
1652 2441 1749 2465 natura

965 2486 1114 2521 comparati
1139 2489 1213 2516 sunt,
1242 2488 1272 2511 ut
1291 2484 1439 2519 cupiditate
1464 2483 1547 2510 animi
1574 2484 1608 2511 ad
1620 2483 1657 2513 id,
1677 2483 1750 2518 quod

964 2533 1073 2559 beatum
1088 2534 1131 2558 est
1147 2530 1322 2561 aclaudalur.
1340 2529 1515 2557 contendant.
1528 2528 1709 2561 Quamobrem
1727 2528 1750 2555 si

965 2578 1120 2605 columbam
1136 2577 1206 2604 banc
1219 2576 1278 2603 tiliae
1292 2576 1398 2603 beatam
1417 2575 1576 2610 prmdicant,
1594 2575 1707 2601 omnino
1724 2578 1751 2600 et

965 2625 1031 2658 ipsae
1043 2623 1098 2650 ﬁeri
1116 2622 1248 2649 columbm
1271 2621 1480 2656 concupiscunt.
1515 2620 1606 2648 Itidem
1634 2618 1706 2653 quod
1734 2625 1749 2644 a

966 2668 1126 2696 Concubinis
1140 2672 1166 2694 et
1182 2667 1283 2702 reginis
1298 2666 1424 2693 columba
1437 2666 1574 2697 laudatur,
1591 2667 1750 2699 argumento

966 2720 1018 2745 est,
1038 2715 1086 2742 has
1098 2721 1205 2748 quoque
1219 2713 1359 2740 studiosos
1374 2713 1447 2740 illius
1460 2719 1521 2739 csse
1535 2711 1606 2745 quod
1625 2710 1753 2744 praedica-

967 2763 1012 2786 tur
1026 2768 1032 2792 ;
1048 2760 1135 2787 donec
1156 2758 1264 2786 tandem
1292 2758 1325 2786 iis
1335 2752 1464 2785 o'mnibus
1495 2763 1578 2783 unum
1597 2755 1688 2789 factis,
1703 2755 1750 2790 qui

788 2846 808 2860 '°
824 2845 904 2874 Joan.
918 2854 964 2877 xx,
986 2846 1031 2874 2‘2.
