1978 3068
249 150 315 179 lll‘)

861 151 891 179 S.
913 149 1074 179 GltEGORIl
1096 151 1243 180 NYSSENI

1806 150 1869 178 H20

243 209 279 236 ad
289 209 413 237 eamdem
430 204 559 237 desiderii
573 213 672 236 metam
688 208 851 244 respiciunt,
867 213 894 236 et
910 209 984 236 nulla
1003 210 1030 237 in

1086 210 1186 244 ἀγαθοῦ
1200 210 1326 246 κοινωνίᾳ
1350 211 1594 247 συγκεκραμένοιςυ
1609 210 1638 236 ὲν
1651 207 1761 245 Χριστῷ
1786 207 1869 243 Ἰησοῦ

245 255 320 282 nullo
340 254 489 282 vitiositate
516 259 674 289 superante.
703 255 794 282 omnia
809 251 880 282 Deus
903 255 1032 282 omnibus

245 299 300 332 fiat,
318 304 451 336 quotquot
463 307 511 334 per
525 301 656 328 unitatem
685 301 757 328 inter
770 308 799 327 se
819 300 846 327 in
864 300 927 327 boni
943 301 1031 328 socie—

1084 255 1123 289 τῷ
1139 256 1234 291 Κυρίῳ
1258 255 1346 291 ἡμῶν,
1362 253 1384 289 ᾧ
1404 257 1421 291 ἡ
1435 255 1508 289 δόξα,
1521 256 1568 283 καὶ
1582 255 1612 282 τὸ
1628 255 1737 291 κράτος,
1757 254 1796 286 εἰς
1811 254 1870 284 τοὺς

1085 301 1187 333 αἰῶνας
1203 301 1257 328 τῶν
1267 301 1383 328 αἰώνων.
1403 302 1499 337 Ἀμήν.

244 350 301 372 tite
316 346 482 374 coalescunt.
495 346 578 381 quue
590 347 617 374 in
632 346 743 374 Christo
766 345 830 374 Jesu
849 345 963 373 Domino
988 350 1083 374 nostro
1098 355 1106 374 :
1124 349 1169 375 cui
1201 348 1286 382 gloria
1319 352 1346 375 et
1375 348 1530 383 imperium,
1547 354 1621 374 nunc
1633 351 1660 374 et
1671 354 1788 382 semper,
1804 351 1829 373 et
1844 345 1872 372 in

247 392 355 421 saeculis
374 392 499 421 inﬁnitis.
520 393 616 420 Amen.

255 486 1868 506 mm

965 564 1034 591 ΤΟΥ
1041 562 1154 594 ,ΔΠοΥ

746 657 1115 701 ΓΡΗΓΟΡΙΟΥ
1140 656 1389 699 ΝΥΣΣΗΣ

639 766 759 822 ΕΙΣ
803 765 961 821 ΤΗΝ
991 763 1477 820 ΠΡΟΣΕΥΧΗΝ.

714 969 761 1013 S.
804 966 1094 1013 GREGORII
1155 966 1408 1013 NYSSENI

601 1089 692 1144 DE
734 1087 1098 1146 ORATIONE
1139 1085 1515 1144 DOMINICA.

758 1207 978 1235 LAURENTIO
998 1207 1131 1235 SIFANO
1152 1204 1405 1235 INTERPRETE.

550 1358 679 1387 ORATIO
701 1359 723 1388 l.

281 1405 384 1434 Urandi
400 1404 478 1432 nobis
498 1405 651 1432 doctrinam
677 1406 788 1434 divinus
817 1414 908 1434 sermo
938 1407 1031 1439 tradit,

247 1459 296 1486 per
315 1457 395 1486 quam
425 1458 455 1476 se
481 1449 572 1484 dignis
597 1450 740 1485 discipulis
761 1451 856 1478 orandi
889 1450 1031 1478 scientiam

247 1498 370 1525 studiose
383 1504 414 1523 ac
430 1496 502 1523 serio
522 1497 737 1530 requirentibus,
756 1497 893 1532 quomodo
909 1498 1032 1524 divinum

248 1543 369 1569 auditum
386 1541 534 1568 conciliare
548 1549 596 1576 per
614 1542 696 1568 verba
717 1543 852 1570 orationis
877 1543 1031 1573 conveniat.

247 1588 368 1623 exponit.
387 1587 441 1622 Ego
465 1595 530 1614 vero
554 1591 661 1621 sumpta
677 1587 791 1615 audacia
811 1589 938 1624 exiguum
955 1589 1034 1624 quid-

248 1634 309 1660 dam
327 1632 453 1667 adjiciam
469 1632 513 1663 iis.
530 1640 590 1667 quzc
603 1633 704 1667 scripta
723 1638 796 1666 sunt,
813 1634 885 1669 quod
902 1634 1032 1662 nimirum

248 1686 302 1706 non
316 1678 453 1713 quomodo
471 1686 551 1705 orare
568 1682 710 1713 oporteat,
733 1687 854 1713 prmsens
881 1686 1034 1709 conventus

248 1723 387 1751 docendus
412 1722 458 1754 sit,
484 1723 530 1750 sed
548 1723 620 1758 quod
650 1725 761 1751 omnino
782 1729 905 1759 oporteat
933 1734 1032 1759 orare;

247 1770 319 1805 quod
340 1769 372 1796 ad
396 1769 468 1804 vulgi
499 1777 581 1797 aures
612 1771 732 1797 nondum
752 1771 867 1799 fortasse
894 1774 1032 1807 pervenit:

247 1815 402 1849 neglectum
418 1815 490 1841 enim
511 1815 536 1841 in
554 1816 607 1842 vita
626 1820 706 1850 atque
724 1817 885 1852 aplerisque
903 1818 1034 1845 omissum

247 1867 357 1886 sacrum
372 1855 469 1886 hoc-ct
482 1860 603 1887 divinum
636 1868 716 1895 opus,
735 1862 823 1889 oratio
847 1867 899 1889 est.
927 1863 964 1890 De
983 1864 1034 1891 hoc

248 1904 341 1938 igitur,
359 1904 430 1938 quod
451 1908 575 1939 oporteat
596 1905 708 1932 omnino
727 1907 843 1934 orationi
865 1907 1033 1941 incumbere,

249 1952 279 1975 ut
295 1949 382 1984 inquit
393 1949 550 1984 Apostolus,
565 1950 636 1978 haud
656 1951 774 1978 alienum
792 1953 857 1979 mihi
883 1961 944 1981 esse
960 1954 1036 1981 vide-

248 1999 294 2021 tur
306 1994 338 2026 ¹¹,
356 1994 483 2029 primum,
500 1999 631 2029 quantum
647 1996 706 2030 ejus
724 1995 780 2023 ﬁeri
790 1998 897 2032 poterit,
911 1999 1034 2026 oratione

250 2039 344 2066 testari
374 2043 456 2073 atque
481 2040 600 2067 docere:
624 2040 722 2069 deinde
752 2050 817 2069 vero
842 2043 939 2070 divina:
971 2045 1031 2071 \‘oci

247 2084 358 2111 modum
375 2084 455 2111 nobis
472 2085 628 2119 exponenti,
646 2086 784 2120 quomodo
806 2087 920 2115 Domino
936 2097 1031 2124 prcca-

247 2129 348 2156 lionem
362 2129 460 2156 olTerrc
479 2129 585 2162 deceat,
607 2138 716 2165 operam
733 2132 808 2160 dare.
838 2133 922 2161 Video
947 2135 1030 2167 enim,

248 2174 319 2208 quod
338 2174 466 2201 omnibus
487 2175 569 2202 rebus
590 2175 740 2212 (caeteris)
760 2177 785 2204 in
805 2180 929 2212 praesenti
955 2184 1032 2208 mtate

247 2218 334 2252 magis
349 2218 482 2252 studetur,
501 2227 563 2246 cum
580 2220 650 2248 alius
673 2221 706 2248 ad
724 2222 796 2249 aliud
825 2223 945 2250 studium
973 2226 1033 2252 ani-

247 2270 321 2289 mum
338 2265 527 2298 converterit;
550 2266 684 2294 orationis
712 2275 778 2295 vero
796 2268 914 2302 bonum,
942 2271 1032 2298 studio

247 2308 298 2334 sibi
315 2307 439 2336 homines
453 2314 507 2336 non
521 2311 631 2338 habent.
650 2312 832 2347 Negotiationi
847 2315 967 2343 diluculo
988 2317 1032 2344 in-

248 2354 328 2380 stitor
343 2355 485 2387 incumbit,
501 2364 605 2385 merces
625 2366 688 2386 suas
706 2361 859 2388 ementibus
873 2367 935 2390 ante
951 2368 1032 2391 cmtc-

247 2406 292 2425 ros
306 2399 431 2426 eumdem
446 2404 579 2434 quaestum
597 2407 755 2430 exercentes
768 2406 898 2434 exhibere
918 2413 1032 2435 conten-

247 2443 330 2475 dens,
340 2447 369 2470 ut
385 2445 529 2478 prawr-ntis
546 2447 620 2479 aliis,
634 2447 816 2478 desiderantis
831 2459 921 2479 emere
935 2461 1032 2481 ncces-

248 2489 357 2516 sitatcm
383 2497 565 2527 praeoccupet,
596 2499 623 2521 et
653 2502 733 2522 suum
763 2497 872 2524 vendat.
901 2498 1032 2526 Similiter

247 2533 329 2560 etiam
343 2538 459 2568 emptor.
474 2535 538 2562 dum
554 2538 686 2572 providet,
701 2547 735 2567 ne
755 2540 789 2567 ab
803 2541 856 2567 alio
874 2546 1028 2576 praeventus

249 2577 350 2604 frustra
365 2580 485 2613 requirat
500 2581 536 2612 id,
555 2590 609 2616 quo
632 2590 702 2618 opus
725 2584 824 2617 habet;
841 2594 896 2612 non
918 2586 950 2613 ad
968 2595 1031 2613 ora-

249 2622 342 2654 tionis,
356 2624 402 2650 sed
417 2625 449 2651 ad
467 2626 632 2656 venditionis
660 2629 761 2662 locum,
792 2631 880 2657 forum
909 2632 1033 2660 videlicet

249 2675 340 2695 rerum
357 2670 504 2702 venalium,
521 2674 618 2700 currit.
636 2673 725 2709 Atque
736 2676 863 2703 omnibus
879 2677 936 2710 pari
964 2677 1032 2704 lucri

249 2714 376 2748 cupidine
391 2716 489 2750 captis,
503 2719 658 2751 proximum
679 2721 829 2755 praevenire
845 2723 1034 2750 c0ntendenli-

250 2757 312 2793 bus,
331 2768 379 2794 per
399 2761 513 2788 aliarum
532 2770 622 2791 rerum
642 2765 732 2793 studia
757 2768 908 2802 subripitur
928 2773 1035 2805 tempus

287 2837 306 2853 "
322 2837 400 2866 Rom.
417 2848 466 2873 xit,
485 2841 528 2868 Η.

1401 1359 1508 1386 ΛΟΓΟΣ
1526 1360 1564 1385 A'.

1119 1404 1275 1440 Προαευχῆς
1289 1405 1353 1440 ἡμῖν
1368 1404 1541 1431 διδασκαλίαν
1558 1405 1572 1430 ὁ
1594 1404 1662 1436 θεῖος
1676 1405 1820 1440 ὑφηγεῖται
1831 1404 1873 1433 λό-

1083 1460 1140 1486 γος,
1159 1450 1190 1476 δι’
1206 1447 1238 1485 ἧς
1253 1451 1310 1481 τοῖς
1323 1449 1408 1482 ἀξίοις
1421 1449 1502 1475 αὐτοῦ
1519 1449 1661 1484 μαθηταῖς,
1677 1451 1732 1482 τοῖς
1748 1452 1776 1477 ὲν
1789 1459 1873 1478 σπου-

1083 1497 1114 1532 δῇ
1131 1497 1180 1531 τὴν
1206 1496 1304 1529 γνῶσιν
1328 1495 1378 1530 τῆς
1403 1496 1556 1530 προσευχῆς
1582 1496 1772 1531 ἐπιζητοῦσιν,
1799 1497 1873 1529 ὅπως

1083 1541 1247 1568 οἰκειοῦσθαι
1263 1541 1396 1575 προσήκει
1412 1540 1460 1576 τὴν
1480 1540 1552 1567 θείαν
1567 1541 1660 1576 ἀκοὴν,
1677 1542 1722 1568 διὰ
1746 1542 1799 1568 τῶν
1823 1544 1872 1578 ῥη-

1086 1587 1178 1622 μάτων
1196 1586 1243 1621 τῆς
1256 1585 1408 1621 προσευχῆς
1422 1586 1587 1613 ὑποτίθεται,
1607 1586 1678 1620 Ἐγὼ
1691 1587 1718 1613 δὲ
1734 1587 1871 1623 τολμήσας

1086 1632 1183 1667 μικρὸν
1195 1631 1401 1666 ἀντιπροσθείην
1418 1633 1474 1662 τοῖς
1487 1632 1690 1666 γεγραμμένοις
1701 1641 1707 1647 '
1729 1634 1768 1659 ὅτι
1790 1634 1819 1659 οὐ
1841 1633 1872 1660 τὸ

1084 1677 1143 1708 πῶς
1163 1677 1203 1702 δεῖ
1226 1675 1422 1710 προσεύχεσθαι
1445 1675 1489 1702 τον
1512 1676 1632 1711 παρόντα
1650 1676 1777 1711 σύλλογον
1799 1677 1872 1703 διδά-

1085 1722 1196 1748 σκεσθαι
1208 1722 1271 1756 χρὴ,
1282 1721 1337 1747 ἀλλ’
1348 1722 1388 1748 ὅτι
1401 1721 1441 1748 δεῖ
1449 1721 1556 1752 πάντως
1569 1722 1766 1757 προσεύχεσθαι
1780 1731 1787 1739 ’
1803 1724 1873 1759 ὅπερ

1085 1767 1159 1794 οὔπω
1170 1767 1240 1802 τάχα
1254 1767 1374 1793 δέδεκται
1390 1768 1406 1802 ἡ
1423 1766 1476 1793 τῶν
1489 1767 1593 1793 πολλῶν
1611 1768 1692 1803 ἀκοή.
1724 1768 1872 1804 Ἠμέληται

1085 1813 1139 1848 γὰρ
1154 1813 1182 1839 ἐν
1198 1812 1236 1847 τῷ
1253 1812 1302 1846 βίῳ
1325 1813 1372 1839 καὶ
1397 1813 1520 1848 παρεῖται
1537 1814 1592 1844 τοῖς
1616 1813 1722 1845 πολλοῖς
1745 1814 1775 1840 τὸ
1800 1814 1873 1849 ἱερὸν

1084 1858 1163 1884 τοῦτο
1185 1859 1231 1884 καὶ
1247 1858 1336 1884 ἔνθεον
1359 1858 1448 1892 ἔργον,
1472 1858 1488 1893 ὴ
1513 1859 1662 1894 προσευχὴ.
1689 1859 1756 1894 Περὶ
1777 1859 1872 1886 τούτου

1085 1903 1174 1928 τοίνυν
1186 1903 1258 1929 δοκεῖ
1276 1911 1320 1937 μοι
1333 1902 1421 1934 καλῶς
1437 1902 1519 1937 ἔχειν,
1538 1903 1655 1938 πρῶτον,
1672 1903 1709 1935 ὡς
1722 1904 1778 1930 ἐστι
1795 1904 1874 1931 δυνα-

1084 1949 1141 1981 τὸν,
1156 1948 1227 1984 λόγῳ
1243 1947 1488 1983 διαμαρτύρασθαι,
1503 1948 1533 1974 τὸ
1547 1948 1601 1974 δεῖν
1617 1949 1724 1980 πάντως
1739 1950 1771 1983 τῇ
1788 1957 1873 1984 προσ-

1086 1997 1152 2030 ευχῇ
1165 1996 1388 2030 προσκαρτερεῖν,
1399 1994 1491 2026 καθώς
1502 2003 1583 2030 φησιν
1595 1995 1608 2020 ὁ
1627 1995 1786 2026 ’Λπόστολος
1796 2003 1802 2009 ·
1821 1993 1873 2023 εἷθ’

1084 2041 1168 2072 οὕτως
1183 2040 1296 2067 ἀκοῦσαι
1316 2040 1365 2075 τῆς
1382 2039 1456 2072 θείας
1480 2041 1582 2075 φωνῆς,
1606 2042 1654 2076 τῆς
1677 2040 1874 2076 ὑποτιθεμένης

1085 2088 1150 2122 ἡμῖν
1166 2087 1284 2122 τρόπον.
1302 2086 1376 2117 ὅπως
1396 2085 1450 2121 χρὴ
1473 2086 1620 2120 προσάγειν
1647 2085 1685 2120 τῷ
1710 2085 1804 2122 Κυρίῳ
1825 2086 1874 2121 τὴν

1084 2133 1186 2168 δέησιν.
1218 2130 1288 2166 Ὀρῶ
1305 2131 1359 2166 γὰρ
1374 2131 1414 2157 ὅτι
1431 2131 1517 2158 πάντα
1534 2131 1633 2166 μᾶλλον
1650 2132 1678 2158 ἐν
1700 2132 1737 2167 τῷ
1760 2133 1874 2168 παρόντι

1086 2175 1264 2208 σπουδάζεται
1292 2175 1351 2210 βίῳ,
1377 2176 1456 2202 ἄλλου
1480 2176 1548 2211 προς
1564 2175 1627 2202 ἄλλο
1648 2185 1674 2202 τι
1692 2177 1725 2211 τῇ
1742 2177 1813 2212 ψυχῇ
1828 2186 1874 2203 τε-

1085 2221 1242 2257 τραμμένου
1253 2227 1260 2234 ·
1277 2221 1306 2246 τὸ
1316 2220 1344 2247 δὲ
1359 2221 1408 2255 τῆς
1422 2220 1504 2256 εὖχῆς
1518 2221 1618 2254 ἀγαθὸν
1631 2221 1675 2248 διὰ
1690 2222 1807 2257 σπουδῆς
1817 2224 1874 2254 τοῖς

1085 2267 1238 2302 ἀνθρώποις
1251 2267 1300 2293 οὐκ
1316 2267 1397 2293 ἔστιν.
1430 2266 1601 2302 Ἐπορθρίζει
1616 2268 1675 2298 ταῖς
1699 2267 1843 2303 ἐμπορίαις
1859 2269 1874 2294 ὁ

1086 2313 1217 2348 κάπηλος,
1237 2313 1290 2348 πρὸ
1312 2313 1365 2338 τῶν
1380 2313 1533 2347 ὁμοτέχνων
1555 2312 1599 2338 τὸν
1621 2314 1718 2339 οἰκεῖον
1743 2313 1876 2346 ἐπιδεῖξαι

1085 2361 1140 2391 τοῖς
1151 2359 1313 2394 ὠνουμένοις
1328 2358 1495 2392 φιλονεικῶν,
1511 2358 1547 2390 ὡς
1563 2358 1596 2384 ἂν
1611 2359 1740 2394 προλάϐοι
1755 2359 1800 2386 τοῦ
1817 2360 1875 2386 δεοο

1087 2405 1167 2441 μένου
1182 2405 1229 2440 τὴν
1243 2405 1346 2440 χρείαν,
1361 2404 1520 2438 ὑποφθάσας
1535 2405 1598 2436 τοὺς
1611 2405 1716 2437 ἄλλους,
1732 2406 1778 2432 καὶ
1791 2406 1820 2432 τὺ
1833 2407 1874 2433 οξ-

1085 2454 1157 2478 κεῖον
1170 2452 1396 2486 ἀπεμπολήσειεν.
1419 2450 1554 2482 Ὡσαύτως
1568 2450 1615 2477 καὶ
1631 2451 1646 2476 ὁ
1663 2451 1815 2485 ὠνούμενος
1825 2473 1832 2483 ,
1844 2452 1876 2478 τὸ

1087 2498 1124 2532 μὴ
1135 2497 1295 2532 διαμαρτεῖν
1306 2496 1351 2522 τοῦ
1367 2496 1434 2531 πρὸς
1448 2496 1496 2531 τὴν
1512 2496 1605 2531 χρείαν
1623 2498 1650 2523 ἐν
1667 2497 1706 2531 τῷ
1721 2497 1876 2532 προληφθῆ-

1085 2551 1126 2569 ναι
1142 2543 1204 2577 παρ¹
1221 2541 1313 2576 ἑτέρου
1329 2541 1380 2576 πρὸ
1394 2541 1538 2575 ὀφθαλμῶν
1561 2541 1640 2576 ἔχων,
1655 2542 1705 2568 οὐκ
1719 2541 1765 2567 ἐπὶ
1783 2542 1813 2567 τὸ
1827 2541 1874 2567 εὑ-

1087 2588 1207 2623 κτήριον,
1225 2587 1280 2613 ἀλλ’
1299 2587 1344 2612 ἐπὶ
1358 2586 1388 2612 τὸ
1404 2587 1552 2621 πρατήριον
1572 2587 1673 2622 τρέχει.
1699 2586 1751 2613 Καὶ
1766 2587 1874 2613 πάντων

1087 2634 1136 2669 τὴν
1162 2634 1221 2668 ἴσην
1246 2632 1313 2667 πρὸς
1339 2631 1370 2658 τὸ
1392 2632 1486 2666 κέρδος
1511 2632 1626 2667 ἑχόντων
1650 2632 1807 2666 ἐπιθυμίαν,
1826 2632 1875 2658 καὶ

1087 2679 1187 2714 φθάσαι
1206 2678 1249 2713 τὸν
1263 2677 1346 2708 πέλας
1359 2677 1590 2712 φιλονεικούντων,
1607 2676 1742 2712 ἐξεκλάπη
1758 2677 1800 2704 διὰ
1818 2677 1874 2704 τῶν

1087 2713 1310 2758 σπουδαζομένων
1323 2723 1338 2757 ὴ
1355 2722 1404 2756 τῆς
1419 2722 1571 2757 προσευχῆς
1585 2721 1645 2757 ὥρα
1666 2722 1705 2753 είς
1725 2722 1775 2757 τὴν
1789 2723 1874 2758 eum»

1088 2770 1147 2805 ρίαν
1174 2767 1360 2803 μετατεοεῖσα.
1386 2767 1478 2799 Οὕτως
1501 2768 1514 2793 ὁ
1538 2767 1729 2802 χειροτέχνης·
1751 2766 1837 2799 οὕτως
1857 2767 1874 2795 6
