1978 3068
100 70 151 98 liii

563 69 607 97 DE
626 68 801 98 ORATIUNE
820 69 995 99 DOMINICA.
1015 87 1049 92 ——
1069 71 1198 99 ORATIO
1211 70 1230 97 I.

1641 68 1710 96 1122

97 127 149 162 περὶ
170 126 262 160 λόγους
287 126 470 162 ἠσχολημὲνος
489 135 495 141 ·
522 121 606 159 οὕτως
632 128 646 153 ό
669 127 866 163 δικαζόμενος·

924 128 1054 155 orationis
1069 128 1103 155 ad
1118 127 1329 163 negotiationem
1345 127 1520 154 translatum.
1542 125 1581 153 Ita
1611 125 1709 153 artifex

96 171 168 203 οὕτως
180 173 194 198 ὁ
211 171 329 204 δικάζειν
345 172 447 208 λαχὼν,
472 171 535 209 περὶ
548 174 584 200 τὰ
605 176 633 201 ἐν
650 176 743 211 χερσὶν
756 174 870 206 ἕκαστος

95 219 145 249 ὅλος
152 219 182 253 τῇ
195 218 294 253 σπουδῇ
310 219 409 254 ῥέπων,
421 219 580 254 ἐκλέλησται
590 221 640 256 τῆς
650 222 719 248 κατὰ
729 222 779 256 τὴν
788 220 869 256 εὐχὴν

95 264 224 300 ἐργασίας.
247 264 347 299 ζημίαν
360 266 461 301 κρίνων
477 266 545 301 πρὸς
563 267 593 293 τὸ
614 268 791 302 προκείμενον
805 268 869 293 ἑαυ-

94 311 136 346 τῷ,
150 311 195 346 τὴν
211 312 274 346 περὶ
294 311 339 337 τὸν
361 311 426 337 Θεὸν
448 312 588 347 ἀσχολίαν.
609 313 700 339 υἰεται
720 313 774 348 γὰρ
790 315 804 340 ὁ
821 313 870 348 μὲν

93 356 135 392 τὴν
155 357 248 392 τέχνην
272 357 382 391 μετιὼν,
409 358 492 393 ἀργόν
507 367 532 384 τι
548 358 643 393 χρῆμα
661 360 707 386 καὶ
731 359 870 394 ἄπρακτον

94 401 162 434 εἶναι,
177 402 225 437 τὴν
249 401 322 429 θείαν
347 402 415 438 πρὸς
435 403 465 429 τὺ
488 404 665 438 προκείμενον
692 403 869 438 συμμαχίαν·

93 449 127 475 διὸ
142 449 293 476 καταλιπὼν
307 449 355 484 τὴν
371 450 462 485 εὐχὴν,
480 450 508 476 ἐν
522 452 582 482 ταῖς
599 451 677 486 χερσὶ
689 450 738 482 τὰς
761 451 871 482 ἐλπίδας

93 495 204 527 τίθεται,
232 495 396 530 ἀμνημονῶν
428 496 474 522 τοῦ
511 496 656 528 δεδωκότος
692 497 740 527 τὰς
765 498 868 532 χεῖρας.

99 540 224 571 Ὡσαύτως
245 541 292 566 καὶ
314 542 327 566 ὁ
352 540 489 574 τὸνλόγον
505 541 538 567 δι’
551 542 709 577 ἐπιμελείας
732 542 871 578 κατορθῶν

93 585 181 620 ἐαυτῷ,
196 585 226 619 ού
246 585 381 619 λογίζεται
397 585 442 611 τὸν
459 585 595 612 δεδωκότα
618 586 664 613 τὸν
687 586 765 619 λόγον
783 594 789 600 ·
814 586 870 612 ἀλλ’

91 630 126 662 ὡς
138 631 229 658 ἑαυτὸν
252 632 291 662 εἰς
313 631 362 666 τὴν
376 631 456 665 φύσιν
471 632 572 668 ταύτην
589 632 769 667 παραγαγὼν,
785 632 872 663 οὕτως

93 677 170 712 ἑαυτῴ
196 678 242 703 καὶ
261 678 321 708 ταῖς
342 677 396 703 τῶν
414 677 542 712 μαθητῶν
557 678 717 712 προσανέχει
733 677 869 708 σπουδαῖς,

91 722 158 748 οὐδὲν
173 722 256 756 αὐτῆς
267 721 313 747 τοῦ
329 721 395 748 Θεοῦ
408 722 549 757 ἐνεργείας
562 722 635 757 αὐτῷ
647 721 808 758 γενήσεσθαι
818 722 872 748 τῶν

91 767 191 803 ἀγαθῶν
205 767 332 802 νομίζων,
349 768 546 803 προτιμοτέραν
562 770 676 795 ποιεῖται
692 769 741 804 τῆς
756 777 872 804 προσευ-

90 814 135 849 χῆς
150 813 197 849 τὴν
212 814 340 849 σπουδὴν,
361 814 407 840 τὸν
420 814 500 840 αὑτὸν
516 814 615 850 τρόπον
628 813 713 840 καὶτὰ
722 814 802 840 λοιπὰ
818 814 871 840 τῶν

90 859 305 895 ἐπιτηδευμάτων
320 860 448 895 ἐκκρούει
467 859 515 895 τὴν
530 860 593 894 περὶ
610 860 643 886 τὰ
662 860 747 895 μείζω
762 860 809 886 καὶ
825 860 872 886 οὺ-

89 905 163 941 ράνια
177 905 226 940 τῆς
241 906 328 941 ψυχῆς
344 905 482 940 ἀσχολίαν,
498 907 530 940 τῇ
541 905 595 931 τῶν
609 905 771 940 σωματικῶν
786 913 814 931 τε
826 905 873 931 καὶ

88 952 183 986 γηΐνων
199 951 328 986 φροντίδι.
354 951 403 977 Διὰ
424 951 503 977 τοῦτο
526 951 609 986 πολλὴ
626 951 695 977 κατὰ
711 951 756 977 τὸν
778 950 834 986 βίον
854 952 871 986 ἠ

88 997 213 1033 ἁμαρτία,
230 997 273 1023 ἀεὶ
286 999 346 1028 ταῖς
360 996 528 1031 προσθήκαις
542 996 588 1022 ἐπὶ
599 997 628 1023 τὸ
641 996 732 1031 μεῖζον
742 996 871 1029 αὔξουσα,

88 1043 183 1074 πάσαις
204 1045 264 1074 ταῖς
288 1042 473 1078 ἀνθρωπίναις
496 1042 624 1074 σπουδαῖς
646 1042 870 1077 ἐμπεπλεγμένη,

87 1089 148 1115 διότι
165 1088 232 1124 λήθη
249 1088 296 1124 τοῦ
309 1088 375 1114 Θεοῦ
393 1090 560 1123 κατακρατεῖ
571 1088 625 1113 τῶν
643 1088 761 1120 πάντων,
780 1088 826 1114 καὶ
843 1088 872 1114 τὸ

85 1135 134 1170 τῆς
148 1135 230 1170 εὐχῆς
253 1121 354 1168 ἀγαθὸν
369 1135 425 1166 τοῖς
439 1134 593 1169 ἀνθρώποις
609 1133 663 1160 τῶν
687 1134 871 1168 σπουδαζομέ-

86 1188 137 1206 νων
153 1180 183 1206 οὺ
210 1179 420 1213 συνεφάπτεται·
436 1180 468 1214 τῇ
489 1179 608 1214 ἐμπορίᾳ
630 1179 833 1215 συνεισέρχεται

85 1225 232 1258 πλεονεξία.
255 1225 398 1257 Πλεονεξία
414 1225 442 1251 δέ
458 1226 531 1251 ἔστιν
547 1225 763 1260 εἰδωλολατρεία.
779 1225 872 1256 Οὕτως

83 1272 99 1297 ὁ
111 1271 229 1305 γεωργὸς
243 1271 273 1296 ού
288 1272 347 1301 ταῖς
359 1270 522 1304 ἀναγκαίαις
536 1270 641 1305 χρείαις
657 1272 809 1305 συμμετρεῐ
824 1271 872 1306 τὴν

84 1317 252 1352 γεωπονίαν·
281 1316 339 1343 ἀλλ’
366 1316 409 1342 ἀεὶ
432 1315 499 1352 πρὸς
522 1316 556 1342 τὰ
580 1315 664 1342 πλείω
689 1315 733 1350 τὴν
755 1316 873 1351 σπουδὴν

84 1363 258 1395 ἑπεκτείνων,
275 1362 375 1398 πολλὴν
389 1362 480 1388 δίδωσι
491 1364 523 1397 τῇ
536 1362 658 1397 ἁμαρτίᾳ
672 1361 719 1388 τοῦ
733 1361 872 1396 ἐπιτηδεύ-

85 1418 168 1445 ματος
181 1409 292 1441 εἴσοδον,
303 1409 358 1440 τοῑς
368 1408 518 1443 ἀλλοτρίοις
534 1407 777 1442 ὲκπλατυνὸμενος.
790 1407 872 1433 Ὅθεν

83 1457 111 1482 at
126 1454 336 1489 δυσθεράπευτοι
359 1453 471 1488 φύονται
489 1453 658 1487 φιλονεικίαι,
677 1453 808 1487 περὶτῶν
823 1453 872 1487 τῆς

82 1501 134 1536 γῆς
159 1488 229 1536 ὅρων
250 1500 482 1535 ἁντεγειρομένων
499 1488 639 1535 ἀλλήλοις,
663 1499 717 1526 τῶν
742 1502 776 1535 τῇ
791 1499 872 1534 ὁμοίᾳ

82 1547 152 1582 νόσῳ
177 1547 226 1582 τῆς
247 1546 403 1579 πλεονεξίας
428 1536 653 1582 κεκρατημένων.
685 1545 824 1572 Ἐντεῦθεν
847 1545 872 1570 οἱ

82 1592 174 1627 Θυμοὶ,
190 1592 236 1619 καὶ
249 1593 276 1618 αἱ
292 1591 360 1627 πρὸς
374 1592 404 1618 τὸ
418 1592 502 1618 κακὸν
520 1592 614 1627 ὁρμαὶ,
631 1592 678 1618 καὶ
694 1592 722 1617 αἰ
737 1591 873 1626 καταλλή-

81 1638 136 1664 λων
152 1637 349 1672 ἐπιχειρήσεις,
371 1637 467 1672 αἵματι
482 1637 528 1663 καὶ
545 1637 618 1671 φόνῳ
642 1635 772 1667 πολλάκις
796 1634 873 1662 καθί-

82 1691 207 1710 στανται.
231 1682 364 1714 Ὡσαύτως
388 1683 415 1709 αἱ
433 1683 497 1719 περὶ
517 1682 551 1709 τὰ
567 1682 729 1717 δικαστήρια
749 1681 872 1712 σπουδαὶ,

80 1729 142 1760 ταῖς
155 1728 335 1764 πολυτρόποις
348 1728 497 1765 ἁμαρτίαις
513 1727 689 1763 ὑπηρετοῦσι,
707 1726 804 1762 μυρίας
823 1726 873 1760 τῆς

80 1773 191 1805 ἀδικίας
201 1773 369 1809 ,συνηγορίας
382 1773 568 1809 εὐρίσκουσαι.
593 1772 622 1799 Ὁ
635 1772 791 1808 δικαστὴςῆ
804 1772 874 1799 ἑκὼν

80 1819 152 1855 πρὸς
169 1819 198 1846 τὸ
221 1819 318 1854 λῆμμα
331 1819 377 1846 τδν
397 1818 444 1845 τοῦ
465 1818 568 1845 δικαίου
585 1817 667 1852 ζυγὸν
684 1818 838 1851 ἀπέκλινεν,
855 1818 871 1854 ἥ

79 1865 218 1896 ἀκουσίως
229 1865 262 1900 τῇ
274 1864 420 1900 περιεργίᾳ
434 1864 488 1891 τῶν
502 1863 550 1899 τὴν
562 1863 692 1898 ἀλήθειαν
706 1861 874 1898 συγχεόντων

79 1909 304 1945 παρακρουσθεὶς
323 1909 372 1944 τὴν
391 1909 498 1936 ἀδικίαν
513 1909 659 1945 ἐκύρωσεν.
676 1910 731 1936 Kal.
747 1910 774 1936 τί
789 1910 821 1937 ἄν
833 1919 874 1942 τις

77 1955 114 1982 τὰ
126 1955 191 1981 καθ’
203 1955 317 1981 ἕκαστον
330 1954 414 1989 λέγοι,
431 1954 464 1980 δι’
477 1953 515 1981 ὦν
529 1956 546 1991 ἡ
569 1955 689 1991 ἁμαρτία
707 1955 874 1990 πολυσχιδῶς

77 2000 130 2028 καὶ
150 1999 326 2034 πολυτρόπως
343 2001 376 2034 τῇ
393 1999 550 2036 ἀνθρωπίνῃ
573 2000 629 2036 ζωῇ
652 2001 873 2036 καταμίγνυται;

77 2041 136 2075 Ἷις
152 2043 240 2070 αἴτιον
251 2043 325 2070 οὐδὲν
341 2043 435 2079 ἔτερόν
447 2044 531 2076 ἐστιν,
546 2044 562 2080 ἢ
577 2045 608 2071 τὸ
623 2045 660 2080 μὴ
674 2046 875 2081 συμπαραλαμ-

76 2088 213 2117 ϐάνεσθαι
234 2089 310 2124 παρὰ
327 2089 382 2115 τῶν
402 2089 553 2125 ἀνθρώπων
580 2091 628 2126 τὴν
645 2091 692 2117 τοῦ
716 2091 782 2118 Θεοῦ
803 2101 874 2128 συμ-

75 2135 200 2162 πάθειαν
216 2135 283 2170 πρὸς
301 2134 335 2161 τὰ
348 2135 377 2161 ὲν
389 2135 467 2171 χερσὶ
481 2135 695 2171 σπουδαζόμενα.

920 177 946 200 ct
957 174 1111 208 operarius,
1143 174 1180 200 ita
1202 173 1248 208 qui
1283 173 1393 200 dicendi
1417 172 1540 201 studium
1569 168 1708 204 sectatur,

920 216 1076 252 litterisque
1102 225 1135 244 ac
1161 217 1316 252 disciplinis
1339 217 1500 245 liberalibus
1517 224 1627 252 operam
1645 217 1710 248 dat,

922 264 961 290 ita
973 264 1112 298 litigator:
1128 266 1165 291 ita
1179 266 1224 292 cui
1235 265 1377 299 judicandi
1389 272 1489 292 munus
1500 264 1621 296 obvenit,
1635 263 1711 298 quis-

920 318 972 345 que
992 311 1020 337 in
1042 310 1080 342 id,
1094 311 1166 346 quod
1189 312 1217 338 in
1243 312 1371 339 manibus
1397 311 1489 344 habet,
1519 311 1611 338 studio
1634 314 1710 337 totus

920 356 1083 384 incumbens
1107 357 1282 384 obliviscitur
1296 365 1406 392 operam
1425 357 1491 384 dare
1517 356 1645 389 orationi,
1661 355 1710 382 da-

920 408 1047 428 mnosum
1066 402 1099 428 ad
1115 409 1171 428 rem
1187 403 1354 437 propositam
1375 403 1426 430 sibi
1453 403 1567 434 ducens,
1585 403 1608 429 si
1636 403 1710 428 circa

920 446 1005 473 Deum
1022 452 1175 482 occupatus
1192 448 1238 474 sit.
1251 447 1317 474 Nam
1339 449 1386 483 qui
1404 453 1490 475 artem
1509 448 1618 483 quidem
1632 455 1710 474 exer-

921 497 974 524 cet,
991 493 1114 520 inutilem
1133 494 1280 528 quamdam
1297 499 1323 521 et
1336 494 1501 521 inefﬁcacem
1523 502 1579 521 rem
1601 493 1634 520 ad
1648 501 1711 528 pro-

920 539 1039 573 positum
1055 546 1137 573 opus,
1148 539 1270 566 divinum
1283 540 1416 566 auxilium
1429 547 1490 567 esse
1501 544 1593 574 putat;
1606 539 1710 566 idcirco

921 586 1023 613 omissa
1041 586 1175 617 oratione,
1197 586 1226 612 in
1250 586 1378 613 manibus
1393 593 1468 620 spem
1496 586 1582 620 ponit,
1607 585 1710 612 oblitus

921 631 1030 658 interim
1051 631 1122 665 ejus,
1139 631 1185 666 qui
1200 639 1297 658 manus
1311 632 1396 659 dedit.
1409 631 1540 659 Similiter
1557 632 1638 658 ctiam
1654 631 1708 662 ille,

922 677 969 712 qui
1000 677 1124 704 adhibita
1144 685 1221 709 cura,
1245 678 1395 705 orationem
1413 678 1521 713 egregie
1547 678 1686 711 componit
1701 696 1709 708 ,

921 730 975 749 non
993 723 1097 757 cogitat
1112 723 1145 750 de
1170 731 1213 756 eo,
1226 724 1271 758 qui
1287 723 1339 751 sibi
1366 723 1518 750 orationem
1539 722 1632 750 dedit:
1661 723 1710 750 sed

922 768 1001 803 quasi
1015 769 1135 802 seipsum
1161 769 1189 795 in
1219 769 1290 795 hanc.
1316 773 1442 795 naturam
1475 769 1643 803 produxerit,
1673 769 1710 796 ita

923 814 980 842 suis
993 821 1161 849 suorumque
1177 814 1376 849 discipulorum
1392 815 1489 841 studiis
1515 815 1636 842 intentus
1656 818 1709 845 est,

923 867 955 887 ac
972 859 1041 886 nihil
1056 860 1108 887 sibi
1129 860 1163 886 ab
1180 860 1283 886 auxilio
1301 860 1348 887 Dei
1365 860 1499 886 bonorum
1528 861 1711 888 obventurum

923 913 984 933 esse
995 905 1172 936 existimans,
1187 905 1307 932 studium
1318 905 1442 932 oratione
1457 905 1636 940 praestabilius
1650 912 1712 932 esse

923 953 1008 980 ducit.
1027 952 1067 979 Ad
1085 952 1211 979 eumdem
1230 952 1340 979 modum
1369 952 1451 979 etiam
1476 952 1578 987 reliqua
1608 952 1710 984 studia,
1730 963 1735 969 κ

923 997 1022 1028 cilicia,
1046 1000 1129 1032 atque
1146 997 1276 1024 exercitia
1299 997 1371 1028 vita',
1387 1005 1453 1024 cura
1468 998 1654 1032 corporalium
1679 1005 1712 1024 ac

924 1047 1096 1070 terrenarum
1113 1050 1216 1075 rerum,
1240 1042 1448 1077 occupationem
1464 1043 1548 1069 animi
1573 1043 1647 1070 circa
1668 1051 1712 1070 res

923 1089 1041 1123 majores
1070 1092 1153 1123 atque
1176 1088 1304 1115 caelestes
1328 1093 1480 1115 excernunt
1510 1092 1537 1115 et
1562 1089 1712 1123 expellunt.

923 1133 1027 1160 Idcirco
1048 1132 1169 1159 abundat
1197 1133 1225 1159 in
1253 1132 1308 1158 vita
1337 1135 1482 1166 peccatum
1509 1132 1713 1166 adjectionibus

923 1185 1030 1212 semper
1047 1178 1074 1205 in
1099 1177 1187 1212 majus
1204 1185 1366 1212 augescens,
1394 1181 1421 1204 et
1437 1177 1565 1205 omnibus
1583 1178 1712 1206 humanis

923 1224 1022 1252 studiis
1053 1224 1240 1258 implicatum.
1274 1224 1401 1258 quoniam
1429 1223 1530 1250 oblivio
1558 1223 1603 1250 Dei
1639 1227 1713 1251 tenet

923 1277 1028 1302 omnes,
1045 1270 1218 1296 etorationis
1233 1269 1334 1296 bonum
1356 1270 1438 1296 rebus
1459 1269 1540 1296 seriis
1562 1270 1597 1296 ab
1624 1269 1713 1296 homi-

925 1317 1006 1343 nibus
1024 1324 1078 1342 non
1097 1316 1180 1343 sinml
1193 1316 1349 1344 adhibetur.
1364 1315 1423 1342 Una
1447 1323 1509 1342 cum
1528 1315 1714 1350 negotiatione

923 1361 1074 1396 ingreditur
1103 1360 1227 1388 avaritia.
1252 1360 1372 1387 Avaritia
1400 1368 1465 1387 vero
1493 1359 1710 1386 simulacrorum

923 1407 1014 1435 cultus
1031 1409 1074 1433 est
1085 1406 1130 1432 “‘.
1155 1406 1192 1432 ita
1209 1406 1328 1441 agricola
1340 1405 1535 1440 agriculturam
1551 1404 1715 1431 necessariis

924 1454 1020 1482 usibus
1034 1460 1088 1479 non
1107 1452 1228 1482 metitur.
1246 1451 1294 1479 sed
1310 1451 1343 1478 ad
1365 1451 1443 1486 plura
1460 1450 1581 1477 studium
1608 1457 1716 1484 semper

924 1498 1083 1530 intendens,
1108 1497 1173 1524 dum
1202 1495 1299 1523 alienis
1324 1495 1426 1523 llnibus
1458 1495 1624 1530 usurpandis
1649 1502 1716 1522 suos

924 1551 1005 1579 agros
1021 1544 1104 1571 latius
1119 1543 1234 1578 profert,
1260 1549 1389 1576 magnum
1411 1541 1515 1568 aditum
1534 1544 1646 1575 peccato
1665 1541 1716 1567 ad-

923 1597 1020 1618 versus
1035 1588 1103 1616 illud
1119 1587 1239 1616 studium
1257 1592 1339 1622 atque
1356 1587 1513 1614 institutum
1533 1587 1594 1613 vitae
1610 1585 1716 1621 patefa.

924 1637 972 1664 cit.
991 1634 1068 1662 Unde
1085 1635 1180 1662 sedatu
1200 1637 1283 1668 atque
1297 1633 1451 1668 compositu
1467 1633 1593 1661 ditiiciles
1621 1630 1731 1660 oriun-'

924 1684 969 1708 tur
982 1679 1174 1707 contentiones
1189 1682 1217 1706 et
1234 1679 1312 1710 lites,
1329 1679 1363 1706 de
1379 1678 1479 1705 ﬁnibus
1497 1686 1625 1713 agrorum
1645 1679 1717 1706 inter

925 1734 984 1754 sese
997 1732 1107 1753 mutuas
1121 1724 1326 1752 controversias
1352 1724 1540 1752 excitantibus
1556 1725 1600 1757 iis,
1616 1725 1663 1759 qui
1678 1725 1717 1751 si-

925 1771 984 1799 mili
996 1771 1119 1798 avaritiw
1133 1770 1229 1797 morbo
1245 1773 1383 1796 tenentur.
1396 1763 1539 1802 Hinc'iraa,
1553 1769 1617 1796 hinc
1631 1770 1717 1804 impe-

925 1821 970 1844 tus
988 1816 1022 1843 ad
1038 1815 1140 1842 malum
1154 1835 1162 1848 ,
1186 1815 1250 1841 hinc
1266 1814 1380 1841 aliorum
1397 1814 1529 1841 adversus
1554 1814 1622 1841 alios
1637 1821 1717 1841 cona-

925 1868 970 1891 tus
994 1869 1010 1889 a
1026 1861 1160 1897 sanguine
1178 1865 1205 1888 et
1221 1860 1294 1888 caede
1325 1867 1512 1895 saepenumero
1535 1860 1643 1888 initium
1667 1867 1716 1894 su-

924 1912 1014 1936 munt.
1042 1907 1176 1935 Similiter
1200 1914 1290 1942 opera:
1306 1906 1467 1942 judiciariaa.
1497 1906 1562 1933 dum
1587 1911 1716 1934 sexcenta

925 1959 1008 1990 atque
1037 1953 1143 1980 inﬁnita
1170 1952 1326 1988 iniquitatis
1354 1955 1382 1979 et
1399 1952 1543 1987 iniustitia:
1561 1952 1717 1987 patrocinia

925 2000 1102 2035 excogitant,
1132 1998 1218 2025 variis
1251 1997 1372 2033 peccatis
1411 1997 1598 2025 subserriunt.
1627 1997 1716 2026 Iudex

927 2052 974 2075 aut
992 2054 1042 2075 sua
1059 2049 1157 2080 sponte
1176 2045 1210 2072 ad
1224 2049 1358 2079 quxstum
1376 2043 1489 2079 justitia:
1506 2044 1603 2071 libram
1623 2044 1715 2072 detor-

929 2098 1006 2129 quet,
1024 2095 1070 2119 aut
1084 2096 1180 2119 contra
1202 2091 1369 2118 voluntatem
1396 2090 1480 2117 nimia
1509 2090 1660 2118 subtilitate
1684 2098 1716 2117 ac

890 2136 915 2165 D
932 2138 1073 2172 diligentia
1086 2130 1412 2172 supervacua‘veritatem
1424 2135 1651 2163 confundentium
1669 2135 1717 2162 de-

75 2184 191 2215 ceptus,
213 2179 286 2214 quod
310 2179 443 2214 iniustum
459 2183 486 2206 et
519 2179 643 2215 iniquum
661 2185 712 2212 est,
735 2181 870 2214 decernit.
891 2183 1055 2218 comprobat
1069 2187 1152 2217 atque
1171 2182 1326 2208 conlirmat.
1343 2180 1376 2208 Et
1408 2180 1473 2216 quid
1494 2181 1590 2208 attinet
1622 2181 1717 2216 singu-

75 2226 160 2253 latim
170 2232 317 2260 exponere,
334 2225 436 2259 quibus
450 2224 532 2252 rebus
549 2225 748 2260 multipliciter,
777 2228 926 2263 multisque
959 2227 1049 2255 modis
1081 2231 1223 2262 peccatum
1265 2225 1391 2253 humanae
1413 2227 1475 2252 vitae
1501 2225 1719 2254 commiscetur?

74 2271 165 2305 cujus
183 2270 286 2305 peccati
310 2270 384 2297 nulla
405 2270 459 2297 alia
486 2277 569 2297 causa
585 2275 638 2302 est,
656 2278 737 2306 quam
756 2272 829 2307 quod
846 2273 881 2300 ad
899 2281 943 2306 ea,
961 2280 1022 2308 quae
1041 2273 1068 2300 in
1090 2271 1216 2299 manibus
1249 2271 1361 2304 habent,
1385 2276 1412 2298 et
1451 2270 1574 2299 studiose
1599 2275 1718 2300 tractant

75 2317 205 2352 negotia,
222 2316 344 2343 divinum
355 2317 437 2344 etiam
452 2316 585 2343 auxilium
602 2316 726 2345 homines
751 2326 805 2345 non
833 2319 916 2346 simul
931 2319 1061 2347 adhibent
1075 2321 1102 2346 et
1117 2321 1271 2345 assumunt.

123 2363 191 2390 Ἐὰν
204 2362 271 2398 εὐχὴ
288 2363 338 2398 τῆς
362 2363 482 2398 σπουδῆς
501 2364 707 2399 προηγήσηται,
723 2366 739 2401 ή
753 2366 877 2402 ἁμαρτία

75 2409 204 2446 πάροδον
219 2409 290 2436 κατὰ
307 2411 358 2444 τῆς
376 2408 466 2445 ψυχῆς
482 2410 531 2445 οὺχ
544 2411 666 2446 εὑρήσει,
685 2411 742 2446 Τῆς
757 2412 810 2448 γὰρ
829 2412 876 2440 τοῦ

73 2454 153 2482 Θεοῦ
169 2455 279 2491 μνήμης
293 2455 322 2481 ὲν
338 2456 370 2490 τῇ
392 2455 491 2490 καρδία⁸
505 2456 720 2492 καθιδρυμένης,
741 2457 876 2494 ἄπρακτοι

76 2501 216 2536 μένουσιν
229 2502 256 2527 αἱ
268 2500 315 2527 τοῦ
327 2501 512 2535 ἀντικειμένου
525 2501 642 2529 ἐπίνοιαι
655 2512 661 2518 ·
680 2503 818 2538 πανταχοῦ
828 2505 878 2539 τῆς

73 2546 261 2581 δικαιοσύνης
278 2547 306 2573 ὲν
321 2548 377 2578 τοῖς
391 2546 657 2582 ἀμφισϐητουμένοις
672 2549 876 2585 μεσιτευούσης.

80 2594 204 2629 Ἑπέχει
222 2593 267 2619 καὶ
281 2593 325 2620 τὸν
342 2593 462 2628 γεωργὸν
479 2594 529 2629 τῆς
549 2595 686 2630 ἁμαρτίας
699 2596 715 2631 ’1)
729 2596 876 2633 προσευχὴ,

72 2642 107 2668 ἐν
133 2639 222 2674 ὀλίγῳ
246 2639 295 2674 τῆς
318 2640 369 2674 γῆς
392 2639 454 2671 τοὺς
471 2640 592 2675 καρποὺς
617 2640 815 2675 πλεονάζουσα,
839 2642 876 2674 ὡς

74 2686 188 2722 μηκέτι
214 2686 248 2720 τῇ
269 2684 315 2711 τοῦ
340 2685 460 2717 πλείονος
485 2683 618 2722 ὲπίθυμίᾳ
642 2688 804 2714 συνεισιέναι
826 2687 875 2722 τὴν

117 2767 158 2783 η·
173 2766 282 2808 Cploss.
296 2775 338 2799 ιιι.
356 2768 382 2796 5.

965 2366 1043 2400 Quod
1058 2365 1081 2394 si
1096 2365 1185 2392 oratio
1204 2365 1343 2400 negotium
1373 2366 1556 2400 pra‘cesserit.
1575 2370 1718 2400 peccatum

929 2413 1062 2440 adversus
1087 2412 1207 2439 animam
1228 2411 1332 2439 aditum
1347 2419 1402 2439 non
1431 2412 1563 2439 inveniet.
1579 2411 1626 2440 Dei
1643 2412 1718 2440 enim

929 2459 1061 2486 memoria
1074 2458 1102 2485 in
1124 2457 1209 2485 corde
1224 2457 1276 2485 lixa
1294 2462 1377 2493 atque
1400 2457 1524 2491 fundata,
1550 2458 1628 2485 irrita
1651 2466 1718 2486 con-

929 2504 990 2532 silia
1004 2504 1155 2532 adversarii
1174 2508 1296 2537 manent,
1310 2504 1419 2538 justitia
1440 2512 1500 2532 sese
1517 2505 1633 2532 mediam
1655 2505 1719 2533 ubi-

930 2558 983 2585 que
1015 2550 1210 2578 controversiis
1242 2550 1458 2585 interponente;
1490 2551 1618 2585 prohibet
1653 2551 1718 2578 item

931 2596 1077 2631 agricolam
1093 2604 1106 2622 a
1123 2600 1235 2630 peccato
1257 2597 1356 2629 oratio,
1389 2597 1417 2623 in
1440 2597 1539 2632 exiguo
1550 2597 1608 2631 agri
1637 2597 1719 2623 modo

931 2642 1038 2670 fructus
1056 2641 1254 2676 multiplicans,
1273 2650 1307 2669 ne
1319 2646 1414 2677 postea
1432 2642 1549 2676 amplius
1576 2648 1630 2668 una
1653 2647 1714 2666 cum

932 2688 994 2723 plus
1011 2687 1129 2716 habendi
1147 2687 1295 2722 cupiditate
1315 2693 1454 2722 peccatum
1482 2687 1656 2722 ingrediatur.
1678 2685 1717 2713 lta
