1978 3068
264 87 333 114 Ηξό

930 83 1092 111 GltEGORll
1115 84 1135 110 N
1142 83 1260 111 YSSLM

1807 81 1818 107 1
1829 81 1876 108 ΙΞῶ

261 145 362 176 viator,
380 143 416 169 ita
433 143 480 177 qui
497 142 697 176 expeditionem
715 141 756 168 vel
772 141 880 175 nuptias
891 145 969 176 parat
984 150 990 167 :
1007 141 1043 166 ita

1097 142 1242 176 ἁμαρτίαν.
1256 140 1348 172 (ιύτως
1363 142 1376 167 ὁ
1389 140 1536 175 ὁὸοιπόρος,
1552 139 1636 170 οὕτως
1649 139 1663 165 ὁ
1674 138 1720 164 ἐπὶ
1733 139 1876 174 στρατείαν

262 190 418 225 quicunque
433 188 553 214 animum
577 187 610 214 ad
634 187 743 222 aliquod
770 187 908 222 negotium
932 187 1043 220 adjecit,

263 233 284 260 si
310 240 376 258 cum
403 232 527 258 oratione
547 232 688 266 quodlibet
714 235 786 266 agat,
810 238 940 265 prospero
964 235 1046 265 atque

263 276 332 302 felici
349 284 478 303 sneeesw
495 276 664 311 negotiorum
685 284 698 302 a
725 275 864 310 peccando
879 275 1042 307 abducetur,

261 322 337 348 nullo
351 321 508 348 adversario
524 322 642 348 animam
666 321 698 347 ad
728 321 823 348 vilium
842 319 977 347 trahente.
997 321 1044 347 Sin

261 370 352 392 autem
372 366 467 392 relicto
483 366 550 397 Deo,
575 366 683 400 negotio
702 370 773 392 totus
803 365 925 392 intentus
952 365 1043 398 fuerit,

259 411 373 438 ontnino
389 419 500 438 necesse
512 415 563 442 est,
584 414 641 437 uta
660 410 714 437 Deo
732 414 854 437 remotus
868 418 930 437 cum
945 411 1044 437 adver-

260 457 335 484 sario
349 465 463 491 prorsus
479 463 610 484 versetur.
633 456 744 484 Reccdit
769 460 859 482 autem
873 464 888 482 a
918 455 983 488 Deo,
998 455 1043 490 qui

261 512 309 539 per
324 505 475 531 orationem
495 512 556 532 sese
581 504 635 531 Deo
651 512 703 530 non
721 503 874 537 conjungit.
894 503 963 537 Ergo
993 503 1043 529 hoc

260 550 337 585 prius
352 551 475 577 oratione
486 550 602 577 docendi
616 550 692 579 estis,
710 549 781 583 quod
801 557 908 583 semper
924 556 1004 575 orare
1019 553 1044 574 et

261 603 316 622 non
330 596 472 630 defatigari
486 600 609 630 oporteat
620 596 651 620 ι’.
667 595 718 621 Per
733 595 883 621 orationem
895 595 966 620 enirn
982 602 1043 620 cum

261 640 317 668 Deo
336 650 397 668 esse
410 642 556 676 contingit.
574 643 607 667 At
623 641 668 676 qui
685 649 745 668 cum
764 640 819 668 Deo
832 645 884 673 est,
899 641 933 666 ab
949 640 1044 667 adver-

261 687 335 714 sario
355 691 475 714 remotus
491 691 544 714 est.
562 686 656 713 Oratio
672 686 810 720 pudicitia)
832 685 988 720 praesidium
1004 688 1044 710 at-

261 740 314 766 que
332 736 452 760 tutamen
468 736 520 763 est,
535 732 581 758 ira:
597 731 759 763 moderatio,
778 731 914 765 superbiae
941 729 1045 758 sedatio

260 784 342 813 atque
360 779 505 812 repressio,
523 778 686 812 injuriarum
715 777 819 804 tenacis
835 776 972 803 memoria:
997 783 1045 802 ex-

261 824 398 859 purgatio,
413 823 521 850 invidiae
551 822 715 857 proﬂigatio,
743 821 885 856 injustitiaa
910 820 1043 852 sublatio,

226 876 231 882 ‘
261 870 408 904 impietatis
424 869 571 896 correctio.
595 868 689 895 Oratio
705 875 854 902 corporum
881 867 966 894 robur
991 869 1043 898 est,

261 914 430 941 abundantia
444 913 552 945 domus,
566 918 639 940 recta
655 913 725 947 juris
739 920 771 939 ac
788 913 876 947 legunt
893 912 920 938 in
935 911 1046 938 civitate

260 960 431 991 constitutio,
450 959 523 993 regni
537 958 620 990 vireS,
642 958 704 985 belli
727 958 888 992 trophzeum,
908 957 983 992 pacis
1000 963 1044 984 se-

261 1004 381 1036 curitas,
411 1003 602 1031 dissidentium
635 1003 806 1035 conciliatio.
834 1003 1044 1037 coujunetorum

260 1050 442 1077 conservatio.
464 1049 557 1076 Oratio
568 1049 736 1084 virginitatis
751 1049 870 1084 sigillum
882 1054 933 1079 est,
949 1048 1046 1075 matri-

261 1095 344 1122 monii
363 1094 441 1126 tides,
458 1095 611 1121 viatoribus
627 1099 752 1126 sentum,
780 1095 976 1122 dormientium
991 1102 1046 1127 ,ουν

261 1145 335 1172 stos,
362 1140 533 1175 vigilantium
558 1140 669 1172 ﬁducia,
697 1140 877 1175 agricolarum
907 1140 1044 1173 fertilitas,

262 1185 446 1220 navigantium
465 1185 550 1212 satus.
571 1184 666 1212 Oratio
695 1192 805 1212 reorum
819 1190 847 1213 et
861 1192 973 1213 causam
1001 1185 1045 1212 di-

261 1230 380 1257 centium
395 1230 521 1262 patrona,
539 1229 684 1256 noxiorum
696 1237 728 1256 ac
743 1229 896 1256 vinctorum
915 1230 1046 1257 relaxatio

262 1279 343 1310 atque
371 1275 481 1307 solutio,
513 1275 688 1310 fatigatorum
712 1275 838 1310 requies,
869 1276 1044 1304 maerentium

261 1321 425 1352 consolatio,
437 1319 611 1355 gaudentium
624 1319 707 1346 animi
723 1319 878 1352 delectatio,
894 1320 1046 1354 lugentium

261 1365 401 1397 solatium,
421 1365 532 1400 nuptias
551 1364 774 1391 contrahentium
797 1371 909 1396 corona,
930 1363 1046 1390 natalitii

263 1410 323 1437 festi
336 1410 493 1443 celebratio,
503 1410 676 1438 tnorientium
697 1409 791 1437 funus.
811 1408 916 1441 Oratio,
929 1417 1045 1436 conver-

262 1455 332 1482 satio
347 1454 597 1489 sermocinatioque
618 1461 680 1481 cum
706 1453 762 1482 Deo
789 1458 842 1486 est,
873 1455 961 1482 visum
977 1454 1045 1482 etl‘u-

262 1500 393 1534 gientium
411 1500 616 1534 contemplatio,
640 1507 734 1527 eorum
755 1508 815 1535 qua:
842 1500 1045 1535 concupiscun-

262 1550 317 1578 tur,
333 1550 406 1572 certa
420 1544 487 1572 tides
499 1554 505 1571 :
519 1545 641 1580 ejusdem
657 1553 718 1572 cum
736 1546 839 1581 angelis
854 1546 966 1574 honoris
981 1554 1047 1574 con-

263 1591 341 1623 ditio,
356 1591 490 1618 bonorum
506 1598 670 1625 progressus
685 1595 712 1618 et
728 1591 938 1624 incrementum,
960 1593 1046 1620 malo-

263 1645 324 1664 rum
351 1636 506 1668 subversio,
540 1640 714 1670 peccatorum
740 1637 905 1669 emendatio,
923 1646 1046 1673 priesen-

263 1682 331 1708 tium
360 1681 486 1712 fructus,
521 1681 673 1708 futurorum
704 1683 921 1716 comprehensio.
953 1683 1047 1710 Oratio

262 1727 337 1755 Jona:
353 1728 461 1762 quidem
486 1731 575 1754 cetum
601 1727 713 1754 domum
742 1727 884 1756 eﬂ‘ecit”:
905 1729 1046 1756 Ezechiam

264 1781 327 1801 vero
342 1782 373 1800 ex
395 1775 481 1808 portis
497 1774 593 1800 mortis
611 1773 644 1800 ad
666 1774 751 1801 vitam
778 1774 885 1802 reduxit
899 1774 938 1802 “z
958 1776 1046 1803 tribus

263 1823 354 1847 autem
376 1819 597 1846 adolescentibus
624 1819 651 1846 in
671 1824 783 1846 ventum
810 1825 947 1847 rorantem
972 1820 1048 1847 llam-

262 1873 334 1892 mam
356 1865 489 1892 convertit
502 1865 542 1898 ";
571 1864 704 1892 Israelitis
725 1865 858 1893 adversus
881 1866 1047 1895 Amalecitas

263 1911 412 1945 troplmum
430 1912 516 1937 erexit
532 1911 564 1942 ¹⁶,
584 1915 609 1937 et
626 1915 734 1938 centum
762 1912 903 1946 octoginta
925 1913 1047 1947 quinque

263 1956 347 1982 ini-ilia
363 1956 539 1990 Assyriorum
555 1965 607 1982 una
622 1961 702 1984 nocte
716 1957 807 1992 gladio
823 1958 953 1985 invisibili
985 1967 1047 1993 pro-

263 2002 361 2029 stravit
373 2002 405 2028 ".
426 2002 513 2036 Atque
527 2007 654 2029 sexcenta
671 2009 768 2038 prmter
788 2004 843 2030 haec
864 2013 896 2031 ex
919 2005 961 2036 iis,
987 2013 1047 2039 quae

261 2047 316 2081 jam
331 2047 500 2078 acciderunt,
513 2048 635 2081 exempla
653 2048 716 2075 licet
731 2048 869 2076 invenire:
887 2050 986 2084 quibus
997 2058 1046 2086 pa-

264 2094 318 2120 lam
334 2094 372 2125 tit,
388 2094 457 2120 nihil
472 2102 503 2121 ex
521 2095 564 2125 iis,
580 2103 640 2128 quae
661 2103 708 2130 per
725 2095 794 2122 hanc
812 2096 894 2123 vitam
918 2097 1046 2123 coluntur

1061 812 1081 838 Β
1097 821 1221 852 σικακίας
1249 821 1413 856 καθάρσιον,
1439 821 1536 855 φθόνου
1567 819 1724 855 καθαίρεσις
1738 840 1745 851 ,

1095 187 1111 221 ἢ
1129 187 1217 221 γάμον
1233 185 1404 221 στελλόμενος
1414 195 1420 200 ·
1440 186 1525 217 οὕτως
1539 186 1592 216 πᾶς
1606 183 1729 210 ὁστισοῦν
1741 183 1794 210 τῶν
1810 183 1876 218 πρός

1094 240 1120 258 τι
1134 232 1183 266 τὴν
1198 232 1284 266 ὁρμὴν
1304 231 1427 266 ἐχόντων,
1445 232 1468 257 εἰ
1484 231 1542 266 μετ’
1557 230 1639 265 εὐχῆς
1654 230 1768 256 ἕκαστον
1788 229 1876 264 πράτο

1094 285 1175 307 τοιτο,
1191 279 1224 312 τῇ
1243 277 1310 311 πρὸς
1325 277 1355 303 τὸ
1379 276 1593 312 σπουδαζόμενον
1611 275 1700 310 εύοόίᾳ
1723 274 1770 300 τοῦ
1789 275 1877 309 ἁμαρ-

1094 322 1183 348 τάνειν
1199 323 1434 357 ἀποτραπήσεται,
1458 321 1562 352 οὐδενὸς
1586 319 1705 346 ἐναντίου
1726 319 1774 354 τὴν
1790 319 1877 354 ψυχὴν

1094 367 1161 401 πρὸς
1183 366 1267 398 πάθος
1293 366 1476 398 καθέλκοντος.
1500 366 1531 392 Εἰ
1550 365 1577 392 δὲ
1601 364 1721 395 ἀποστὰς
1743 362 1788 390 ’τοῦ
1810 363 1876 389 Θεοῦ

1094 412 1153 443 ὅλος
1167 412 1270 446 γένοιτο
1284 412 1332 445 τῆς
1347 412 1463 447 σπουδῆς
1472 431 1478 443 ,
1495 412 1599 445 ἀνάγκη
1615 411 1688 436 πᾶσα
1704 409 1749 435 τὸν
1763 408 1815 440 ἔξω
1830 408 1876 434 τοῦ

1095 458 1161 484 Θεοῦ
1174 458 1237 484 ὅντα
1252 459 1279 485 ἔν
1290 458 1329 493 τῷ
1345 457 1457 493 ἐναντίῳ
1473 458 1579 488 παντως
1593 454 1674 482 εἶναι.
1687 454 1839 489 Χωρίζεται
1849 453 1877 480 δὲ

1094 504 1140 530 τοῦ
1163 504 1240 535 Θεοῦ,
1258 505 1272 530 ὁ
1290 504 1326 539 μὴ
1341 504 1481 530 ωνὰπτων
1494 503 1588 529 ἑαυτὸν
1608 502 1651 529 διὰ
1673 501 1827 536 προσευχῆς
1839 499 1878 534 τῷ

1094 549 1163 584 Θεῷ.
1186 549 1290 575 Οὐκοῦν
1307 549 1384 576 τοῦτο
1399 549 1451 584 χρὴ
1477 547 1608 584 πρότερον
1629 547 1703 582 ἡμᾶς
1724 545 1878 580 διδαχθῆναι

1093 594 1132 630 τῷ
1146 595 1227 630 λόγῳ,
1242 596 1282 621 ὃτι
1297 596 1337 622 δεῖ
1356 595 1469 621 πάντοτε
1485 592 1692 629 προσεύχεσθαι,
1711 591 1757 618 καὶ
1767 591 1811 633 μὴ
1833 591 1879 616 ὲκ-

1095 641 1199 665 κακεῖν.
1229 639 1276 665 Ἐκ
1298 639 1351 674 γὰρ
1375 638 1421 665 τοῦ
1443 637 1639 673 προσεύχεσθαι
1657 636 1824 670 περιγίνεται
1848 634 1879 661 τὸ

1097 685 1164 718 μετὰ
1185 685 1253 711 Ε)εοῦ
1278 683 1356 711 εἶναι.
1376 685 1405 710 Ὀ
1427 683 1454 710 δὲ
1478 684 1545 718 μετὰ
1558 683 1624 709 Θεοῦ
1638 682 1685 713 ὢν,
1698 682 1744 708 τοῦ
1759 682 1877 708 ἀντικει-

1097 730 1176 764 μένου
1191 730 1362 766 κεχώρισται.
1382 729 1520 766 Προσευχὴ
1536 729 1711 764 σωφροσύνης
1728 729 1783 754 ἐστὶ
1799 728 1879 762 φυλα-

1096 776 1216 811 κτήριον,
1231 776 1316 812 θυμοῦ
1334 777 1513 811 παιδαγωγία,
1531 776 1614 810 τύφου
1634 773 1794 809 καταστολὴ.
1811 782 1877 808 μνη-

1774 818 1878 848 ἀδικίας

1096 865 1243 900 ἀναίρεσις.
1265 867 1391 898 ἀσεϐείας
1409 866 1603 901 ἐπανόρθωσις.
1623 864 1764 900 Προσευχὴ
1788 863 1879 898 σωμά-

1094 918 1148 936 των
1173 911 1245 936 ἐστὶν
1271 912 1356 946 ἰσχὺς,
1376 911 1464 942 οἰκίας
1486 911 1605 946 εύθηνία,
1629 910 1732 941 πόλεως
1755 909 1877 944 εὐνομία.

1096 955 1233 990 βασιλείας
1247 957 1356 992 κράτος,
1373 957 1490 992 πολέμου
1506 957 1644 992 τρόπαιον,
1660 957 1770 991 εἰρήνης
1790 956 1878 989 ἀσφά-

1095 1001 1153 1028 λεια
1166 1021 1173 1031 .
1196 1002 1250 1028 τῶν
1273 1002 1420 1029 διεστώτων
1445 1002 1608 1038 συναγωγὴ,
1629 1001 1682 1028 τῶν
1706 1001 1878 1028 συνεστώτων

1094 1047 1218 1082 διαμονή.
1243 1048 1384 1083 Προσευχὴ
1399 1048 1546 1083 παρθενίας
1565 1048 1622 1073 ἐστὶ
1645 1047 1772 1082 σφραγὶς,
1789 1046 1877 1081 γάμου

1095 1092 1196 1124 πίστις,
1213 1092 1361 1128 ὁδοιπόροις
1376 1092 1466 1124 ὅπλον,
1494 1091 1670 1127 κοιμωμένων
1685 1090 1781 1125 φύλαξ.
1796 1092 1879 1126 ἐγρη-

1095 1137 1213 1172 γορότων
1235 1138 1348 1173 θάρσος,
1372 1138 1501 1174 γεωργῶν
1526 1138 1649 1173 εύφορία,
1666 1137 1879 1172 ναυτιλλομένων

1096 1183 1226 1218 σωτηρία.
1251 1183 1391 1219 Προσευχὴ
1411 1183 1577 1219 κρινομένων
1592 1184 1750 1220 συνήγορος,
1769 1183 1879 1218 δεδεμέ-

1095 1236 1148 1254 νων
1159 1228 1259 1260 ἄνεσις,
1272 1229 1450 1264 κεκμηκότων
1465 1230 1628 1261 ἀνάπαυσις,
1641 1229 1816 1264 λυπουμένων
1828 1237 1879 1254 πα-

1097 1275 1224 1310 ραμυθία,
1242 1275 1389 1310 χαιρόντων
1402 1274 1530 1310 θυμηδία,
1553 1274 1721 1301 πενθούντων
1738 1274 1879 1310 παράκλη-

1097 1328 1147 1352 σις,
1162 1321 1322 1355 γαμούντων
1337 1319 1477 1354 στέφανος,
1492 1319 1636 1354 γενεθλίων
1657 1319 1746 1355 ἑορτὴ,
1761 1319 1880 1355 ἀποθνη-

1097 1365 1214 1391 σκόντων
1229 1365 1362 1399 ἐντάφιον.
1378 1365 1519 1401 Προσευχὴ
1535 1365 1602 1392 Θεοῦ
1620 1365 1722 1400 ὁμιλία,
1737 1365 1791 1391 τῶν
1801 1365 1880 1400 ἀορά-

1095 1419 1150 1437 των
1178 1409 1278 1445 θεωρία
1297 1419 1304 1425 ·
1331 1411 1384 1437 τῶν
1403 1411 1607 1446 ἐπιθυμούντων
1631 1411 1810 1447 πληροφορία,
1826 1411 1880 1437 τῶν

1095 1456 1218 1490 ἀγγέλων
1233 1457 1370 1492 ὁμοτιμία,
1388 1457 1441 1483 τῶν
1456 1457 1547 1484 καλῶν
1561 1456 1695 1492 προκοπὴ,
1716 1456 1770 1483 τῶν
1786 1456 1879 1484 κακῶν

1097 1502 1246 1538 ἀνατροπὴ,
1261 1503 1315 1530 τῶν
1331 1504 1539 1539 ἁμαρτανόντων
1552 1503 1701 1538 διόρθωσις,
1715 1503 1770 1529 τῶν
1780 1503 1880 1538 παρόνι

1095 1557 1150 1575 των
1163 1549 1320 1580 ἀπόλαυσις,
1336 1548 1389 1575 τῶν
1407 1549 1555 1584 μελλόντων
1568 1549 1722 1579 ὑπόστασις.
1740 1547 1880 1583 Προσευχὴ

1095 1593 1135 1630 τῷ
1150 1595 1199 1630 μὲν
1220 1595 1305 1630 Ίωνᾷ.
1322 1595 1353 1621 τὸ
1367 1595 1448 1630 κῆτος
1460 1592 1532 1621 οἶκον
1545 1594 1685 1629 ἐποίησεν·
1701 1593 1746 1620 τὸν
1759 1593 1786 1620 δὲ
1808 1593 1880 1625 Ἐζε-

1097 1641 1158 1667 κίαν
1172 1641 1260 1667 αὐτῶν
1275 1640 1366 1668 πυλῶν
1378 1640 1424 1667 τοῦ
1438 1641 1551 1668 θανάτου
1568 1640 1636 1676 πρὸς
1649 1639 1698 1675 τὴν
1712 1639 1784 1674 ζωὴν
1797 1641 1880 1666 ὲπαν-

1097 1686 1199 1721 ήγαγεν
1209 1695 1215 1701 ·
1230 1688 1285 1718 τοῖς
1302 1687 1329 1713 δὲ
1345 1687 1417 1721 τριξῆ¹
1429 1686 1500 1718 νέοις
1514 1687 1554 1717 εἰς
1565 1685 1673 1721 πνεῦμα
1684 1685 1816 1722 δροσῶδες
1831 1685 1880 1720 τὴν

1098 1732 1183 1766 φλόγα
1213 1732 1341 1768 ἔτρεψεν·
1368 1733 1414 1759 καὶ
1433 1733 1488 1764 τοῖς
1523 1732 1701 1767 Ἰσραηλίταις
1732 1731 1803 1758 κατὰ
1826 1731 1880 1758 τῶν

1103 1778 1290 1814 Ἀμαληκιτῶν
1313 1779 1444 1814 ἀνέστησε
1465 1778 1612 1814 τρόπαιον·
1645 1778 1691 1804 καὶ
1712 1777 1762 1810 τὰς
1784 1777 1880 1804 ἑκατὸν

1097 1823 1259 1858 ὁγδοήκοντα
1283 1824 1329 1850 καὶ
1347 1823 1427 1850 πέντε
1452 1823 1571 1858 χιλιάδας
1592 1821 1645 1849 τῶν
1666 1822 1814 1857 Ἀσσυρίων
1831 1822 1881 1856 μιᾷ

1097 1870 1173 1896 νυκτὶ
1186 1871 1219 1904 τῇ
1234 1870 1341 1904 ἀοράτῳ
1355 1869 1486 1904 ῥομφαίᾳ,
1503 1869 1701 1904 κατέστρωσεν.
1722 1868 1776 1894 Καὶ
1794 1868 1880 1903 μυρία

1098 1916 1166 1950 πρὸς
1179 1915 1284 1946 τούτοις
1306 1915 1378 1943 ἐςτιν
1392 1915 1482 1949 εὑρεῖν
1501 1915 1533 1941 ὲκ
1554 1914 1607 1940 τῶν
1624 1914 1674 1949 ἤδη
1690 1913 1880 1949 γεγενημένων

1097 1961 1131 1988 τὰ
1152 1961 1347 1995 ὑποδείγματα,
1363 1960 1395 1986 δι’
1411 1957 1448 1986 ὧν
1475 1960 1590 1995 φανερὸν
1604 1959 1725 1994 γίνεται,
1746 1959 1776 1986 τὸ
1798 1959 1881 1994 μηδὲν

1096 2007 1146 2041 τῆς
1168 2006 1318 2042 προσευχῆς
1339 2003 1408 2032 εἶναι
1431 2005 1485 2032 τῶν
1517 2005 1585 2032 κατὰ
1610 2005 1659 2040 τὴν
1685 2005 1756 2040 ζωὴν
1783 2005 1881 2041 τιμίων

1096 2053 1241 2088 ἀνώτερον.
1266 2052 1346 2078 Ἀλλὰ
1362 2051 1456 2088 καιρὸς
1480 2051 1512 2078 ἂν
1530 2051 1573 2086 εἴη
1591 2051 1657 2086 πρὸς
1671 2051 1754 2086 αὐτὴν
1766 2051 1815 2087 ήδη
1830 2051 1881 2088 τὴν

1098 2099 1248 2134 προσευχὴν
1261 2097 1441 2133 ἀσχοληθῆναι
1452 2105 1460 2112 ·
1478 2097 1575 2132 μᾶλλον
1591 2097 1619 2123 δὲ
1638 2097 1732 2132 μικρὸν
1744 2097 1783 2122 ἔτι
1796 2106 1882 2132 προσ-

263 2143 290 2166 et
307 2139 332 2165 in
347 2139 434 2173 pretio
450 2146 523 2172 sunt,
548 2140 665 2165 orationi
695 2145 834 2174 prmstare.
856 2139 909 2168 Sed
939 2145 1044 2176 tempus

1099 2143 1188 2178 θῶμεν
1204 2142 1242 2178 τῷ
1263 2143 1344 2178 λόγῳ,
1357 2143 1397 2169 ὃτι
1409 2142 1512 2169 πολλῶν
1523 2142 1570 2168 καὶ
1584 2142 1759 2168 παντοδαπῶν
1770 2142 1881 2176 ἀγαθῶν

253 2185 355 2213 'fuerit,
372 2184 427 2218 jam
450 2185 500 2218 ipsi
528 2185 644 2211 orationi
672 2193 782 2219 operam
811 2186 896 2213 dare:
921 2187 1045 2221 quinimo

264 2228 404 2263 paululum
422 2229 502 2255 etiam
520 2230 640 2255 sermoni
662 2229 752 2256 adhuc
779 2230 950 2264 adjiciamus,
974 2231 1045 2266 quod

264 2280 326 2300 cum
348 2273 432 2299 multa
446 2281 477 2299 ac
493 2273 568 2300 varia
585 2281 599 2299 a
629 2273 718 2300 dirimi
749 2274 836 2308 gratia
865 2275 936 2301 bona
967 2275 1045 2303 nobis

263 2318 421 2352 obtigerint,
434 2326 517 2344 unum
535 2319 585 2345 hoc
597 2319 631 2345 ad
647 2320 855 2347 retributionem
868 2328 974 2353 eorutn,
985 2330 1045 2356 qum

264 2363 429 2397 accepimus,
455 2363 595 2394 habemus,
617 2368 646 2390 ut
663 2372 710 2398 per
727 2366 877 2392 orationem
903 2367 1004 2400 pariter
1019 2372 1046 2394 et

264 2408 413 2443 gratiarum
432 2408 577 2441 actionem,
601 2408 801 2437 benefactorem
827 2419 1042 2439 remunerentur.

306 2453 619 2490 Existimoigitur,qnod
628 2455 650 2482 si
659 2456 699 2482 vel
709 2462 845 2491 pertotam
862 2457 944 2483 vitam
962 2465 1045 2484 orau-

262 2499 297 2526 do
311 2504 391 2533 atque
407 2499 510 2533 gratias
523 2499 628 2533 agendo
642 2501 898 2529 sermocinationem
911 2511 972 2529 cum
990 2503 1045 2531 Deo

263 2544 465 2575 continuemns,
483 2548 589 2571 tantum
606 2545 640 2572 ab
655 2553 697 2576 ea,
720 2553 801 2582 quam
818 2546 875 2574 ﬁeri
892 2555 940 2582 par
960 2552 1043 2580 esset,

262 2590 442 2617 retributione
458 2591 578 2617 abfutnri
597 2592 693 2623 sitnus,
709 2597 840 2627 qnantutn
855 2593 877 2620 si
893 2602 942 2621 nec
956 2594 1044 2621 omni-

262 2643 298 2663 no
312 2636 421 2671 quidem
438 2636 473 2663 ab
501 2636 580 2663 initio
610 2638 780 2664 remunerari
795 2637 996 2666 benefactorem
1016 2639 1044 2666 in

300 2736 321 2751 ¹¹
337 2735 404 2762 Luc.
420 2744 496 2768 xvnt,
516 2736 541 2762 l.

581 2738 602 2753 ¹³
625 2737 687 2766 Jon.
705 2739 764 2773 “,5
782 2747 842 2774 sqq.

264 2770 287 2787 "
301 2770 333 2798 ιν
351 2771 415 2803 Reg.
442 2778 498 2802 XIX,
512 2771 555 2798 55.

881 2739 903 2756 ⁸⁸
915 2739 948 2767 1V
969 2739 1034 2775 Reg.
1053 2748 1099 2772 xx,
1115 2741 1131 2768 5
1143 2747 1203 2775 sqq.

1100 2188 1174 2224 παρὰ
1203 2189 1252 2223 τῆς
1288 2188 1363 2219 θείας
1389 2188 1498 2223 χάριτος
1522 2188 1587 2222 ἡμῖν
1623 2186 1820 2222 ὑπαρξάντων,
1851 2186 1881 2213 ἓν

1098 2235 1176 2261 τοῦτο
1195 2234 1262 2269 πρὸς
1284 2234 1415 2261 ἀντίδοσιν
1435 2230 1472 2259 ὧν
1496 2232 1645 2267 εἰλήφαμεν
1660 2232 1768 2266 ἔχομεν,
1792 2231 1823 2258 τὸ
1836 2232 1882 2258 διὰ

1099 2278 1252 2313 προσευχῆς
1265 2285 1295 2303 τε
1318 2277 1365 2304 καὶ
1389 2277 1560 2312 εὐχαριστίας
1575 2277 1618 2303 τὸν
1639 2276 1785 2312 εύεργέτην
1801 2276 1881 2311 ἀμεί-

1098 2325 1202 2350 ὕεσθαι.

1134 2456 1282 2491 Λογίζομαι
1304 2457 1392 2483 τοίνυν
1411 2458 1452 2483 ὅτι
1466 2457 1517 2483 κᾶν
1533 2457 1606 2491 πάσῃ
1620 2457 1651 2492 τῇ
1676 2455 1731 2491 ζωῇ
1750 2455 1796 2491 τὴν
1811 2456 1881 2491 πρὸς

1097 2502 1142 2528 τὸν
1167 2502 1232 2528 Θεὸν
1255 2502 1362 2537 ὁμιλίαν
1379 2503 1642 2538 συμπαρατείνωμεν
1656 2501 1882 2536 εὐχαριστοῦντες

1098 2549 1144 2575 καὶ
1156 2549 1376 2583 προσευχόμενοι,
1392 2549 1516 2576 τοσοῦτον
1533 2549 1582 2583 τῆς
1599 2548 1668 2575 κατὰ
1683 2547 1732 2583 ’τὴν
1746 2547 1883 2574 ἀντίδοσιν

1098 2593 1175 2626 ἀξίας
1190 2593 1400 2629 ἀπολειπόμεθα,
1418 2596 1479 2621 ὅσον
1496 2595 1520 2620 εἰ
1545 2594 1611 2629 μηδὲ
1626 2593 1674 2628 τὴν
1696 2594 1782 2628 ἀρχὴν
1806 2593 1883 2620 ἀντι-

1098 2639 1188 2666 δοῦναι
1201 2639 1239 2674 τῷ
1253 2639 1384 2677 εὐεργέτῃ
1399 2640 1636 2676 προεθυμήθημεν.
1660 2639 1704 2665 Ἐν
1720 2639 1793 2675 τρισὶ
1807 2639 1882 2674 τμή-

1243 2741 1264 2756 ¹⁵
1279 2739 1346 2766 Dan.
1363 2747 1382 2771 ι,
1400 2739 1436 2766 25
1449 2747 1510 2774 sqq.
1551 2738 1572 2754 ⁸⁵
1585 2737 1670 2766 Exod.
1684 2745 1751 2770 xvn,
1768 2737 1798 2764 tl
1816 2745 1880 2773 sqq.
