1978 3068
91 91 180 137 μεθ’

556 107 600 134 ΒΕ
616 107 791 135 ORATIONE
811 105 986 134 DOMINICA.
1006 106 1039 128 -'—
1057 106 1187 135 ORATIO
1207 105 1227 132 1.

1644 106 1711 134 ιιεσ

92 174 155 201 μασι
175 165 206 191 τὸ
222 164 346 200 χρονικὺν
362 164 501 199 μετρεῖται
516 163 663 198 διάστημα,
686 163 724 198 τῷ
746 171 876 199 παρῳχη-

929 164 1049 190 animum
1081 163 1296 190 induxissemus.
1327 161 1355 188 lu
1388 165 1445 189 tres
1473 166 1564 196 partes
1592 163 1711 197 spatium

90 211 157 243 κότι,
175 210 213 246 τῷ
237 209 373 242 ἐνεστῶτι,
391 210 438 236 καὶ
452 209 493 244 τῷ
510 209 642 244 μέλλοντι.
673 209 717 235 Ἑν
734 211 790 240 τοῖς
803 209 877 244 τρισὶ

90 256 192 288 τούτοις
217 257 233 291 ὴ
258 256 400 291 εὐεργεσία
423 255 470 281 τοῦ
498 255 602 290 Κυρίου
628 255 873 290 καταλαμὸάνεται.

97 300 157 327 Ἐὰν
170 300 200 326 τὺ
215 299 330 331 ἐνεστὼς
345 299 450 335 λογίσῃ,
465 300 493 326 ὲν
508 299 582 334 αὐτῷ
599 299 647 335 ζῇς
661 307 668 315 ·
696 300 742 326 ἐὰν
762 299 792 326 τὸ
815 300 878 335 μὲλ-

90 346 143 379 λον,
162 345 264 377 ἐκεῖνός
289 353 329 371 σοι
346 345 400 372 τῶν
415 345 647 380 προσδοκωμένων
664 345 740 376 ἐλπίς
752 353 759 360 ”
785 346 833 372 ἐὰν
847 345 877 371 τὸ

91 391 234 427 παρελθὸν,
248 391 297 417 οὐκ
313 391 344 418 ἂν
358 389 391 426 ἧς
407 391 471 425 πρὶν
485 391 517 417 ἂν
534 391 598 426 παρ’
613 391 718 417 ἐκείνου
740 391 874 425 γενέσθαι.

91 437 294 473 Εὺηργετήθης,
311 437 377 463 αὐτὸ
391 437 420 463 τὸ
433 437 557 470 γενέσθαι
574 437 639 471 παρ’
656 437 759 463 ἐκείνου
776 436 874 466 λαϐὼν,

91 484 136 509 καὶ
149 483 293 517 γενόμενος
307 482 504 518 εὐηργετήθης,
527 483 556 508 ὲν
571 482 645 517 αὐτῷ
659 482 713 514 ζῶν
728 482 773 509 καὶ
789 482 878 508 κινού-

91 536 180 562 μενος,
197 526 287 558 καθώς
301 535 382 561 φησιν
395 527 409 552 ὁ
429 526 587 557 Ἀπόστολος
598 534 604 540 ⁸
619 526 646 552 at
658 526 712 552 τῶν
727 525 877 560 μελλόντων

91 573 194 604 ἐλπίδες
215 573 263 607 τῆς
286 573 370 607 αὐτῆς
381 572 522 608 ἐνεργείας
539 573 680 608 ῇρτηνται.
703 572 739 598 Σὺ
754 571 781 598 δὲ
797 571 877 606 μόνον

90 618 135 644 τοῦ
151 618 296 649 ἐνεστῶτος
319 615 343 643 εἷ
367 617 470 653 κύριος.
496 617 577 643 Ὥστε
594 616 644 644 κᾶν
663 617 807 651 διαπαντὸς
830 617 876 642 ευ-

91 664 226 700 χιριστῶν
238 664 276 699 τῷ
293 663 352 699 Θεῷ
367 663 404 699 μὴ
416 664 553 700 διαλίπῃς,
569 663 647 699 μόγις
665 664 711 690 τοῦ
732 663 877 694 ἐνεστῶτος

90 709 290 745 ἀποπληρώσῃς
307 709 354 744 τὴν
379 708 469 743 χάριν,
492 708 552 734 οὔτε
577 707 623 734 τοῦ
649 707 799 743 μέλλοντος,
816 707 877 734 οὒτε

89 755 135 782 τοῦ
151 755 344 790 παρῳχηκότος
357 755 478 780 ἐπίνοιαν
492 753 655 789 ἐξευρίσκων
670 753 730 779 τινὰ
746 753 812 788 πρὸς
829 753 877 788 τὴν

89 800 142 826 τῶν
158 800 388 835 χρεωττουμένων
405 799 549 826 ἀντίδοσιν.
578 799 674 833 Ἡμεῖς
698 797 726 824 δὲ
751 798 877 824 τοσοῦτον

89 847 138 881 τῆς
158 846 227 873 κατᾶ
243 846 357 880 δύναμιν
383 844 556 880 εὐχαριστίας
574 843 793 878 ἀπολειπόμενοι,
816 843 875 870 οὐδὲ
892 832 914 860 Β

90 893 153 927 περὶ
178 892 208 918 τὸ
228 892 340 918 δυνατὸν
372 890 594 925 εὐγνωμονοῦμεν
609 910 616 921 ,
639 890 669 916 οὐ
693 889 764 923 λέγω
787 891 876 916 πᾶσαν

90 938 213 974 ἡμέραν,
239 937 294 964 ἀλλ’
311 937 370 964 οὐδὲ
393 936 536 963 πολλοστὸν
554 936 602 970 τῆς
622 936 727 971 ἡμέρας
749 937 780 970 τῇ
806 935 877 962 κατὰ

89 983 154 1010 Θεὸν
171 983 387 1018 ἀποκληροῦντες
403 981 493 1016 σχολῇ.
509 981 556 1012 Τίς
575 990 618 1016 μοι
634 981 681 1014 τὴν
696 981 747 1016 γῆν
761 981 877 1007 ὑπεστό-

91 1037 170 1064 ρεσε;
200 1029 248 1060 Τίς
272 1028 386 1063 βάσιμον
408 1027 442 1053 δι’
466 1026 588 1058 ἐπινοίας
614 1027 662 1062 τὴν
688 1027 773 1062 ὑγρὰν
797 1026 877 1060 φύσιν
899 1036 905 1042 ο

88 1074 233 1108 ὲποίησεν;
258 1073 306 1104 Τίς
322 1072 405 1108 ἔπηξε
421 1080 466 1108 μοι
486 1071 532 1098 τὸν
549 1072 661 1107 οὐρανὸν
675 1071 712 1103 ὡς
730 1071 876 1106 καμάραν;

89 1120 136 1151 Τίς
158 1119 282 1153 δᾳδουχεῖ
299 1127 343 1154 μοι
357 1118 406 1153 τὴν
419 1118 466 1144 τοῦ
483 1118 559 1153 ἡλίου
572 1117 701 1152 λαμπάδα
714 1125 721 1149 ;
747 1116 795 1148 Τίς
811 1117 878 1142 ἁπο-

90 1164 192 1190 στέλλει
208 1164 297 1198 πηγὰς
313 1165 340 1189 ὲν
356 1162 508 1198 φάραγξιν;
523 1162 570 1194 Τίς
583 1162 714 1197 ἡτοίμασε
729 1162 784 1192 τοῖς
794 1169 878 1187 ποτα-

91 1210 150 1244 μοῖς
164 1210 212 1240 τὰς
232 1208 353 1241 διόδους;
380 1208 428 1239 Τίς
455 1216 500 1243 μοι
525 1207 574 1241 τὴν
596 1206 649 1233 τῶν
672 1206 777 1240 ἀλόγων
802 1205 877 1238 ζώων

90 1255 242 1290 ὑπηρεσίαν
264 1253 431 1286 ὑπέζευξεν;
456 1254 504 1285 Τίς
529 1261 561 1288 με
588 1252 662 1279 κόνιν
685 1252 786 1286 ἄψυχον
801 1251 876 1282 ὄντα,

47 1300 162 1363 Ἀζωῆς
175 1309 204 1326 τε
220 1300 267 1326 καὶ
283 1299 400 1330 διανοίας
416 1299 537 1334 μετέχειν
552 1299 693 1334 ὲποίησενς
707 1298 755 1330 Τίς
767 1298 812 1325 τὸν
825 1307 878 1331 πη-

93 1346 133 1363 ιλυ
147 1345 240 1363 nni-mnu
268 1345 327 1363 νηιέ
341 1345 430 1363 civ/mn
445 1344 493 1363 «In:
509 1345 580 1363 Heln“
604 1346 775 1363 vnnnv-rinn-
794 1344 878 1363 llr/It-

90 1345 133 1372 λδν
147 1345 250 1376 τοῦτον,
268 1345 327 1372 κατ’
341 1345 432 1371 εἰκόνα
445 1344 493 1371 τοῦ
509 1345 580 1371 θείου
604 1346 775 1380 χαρακτῆρος
794 1344 878 1379 ἑμέρ-

90 1399 197 1425 φωσεν;
222 1391 269 1422 Τίς
286 1391 462 1426 συγχεθείσαν
477 1391 505 1416 ὲν
530 1390 591 1424 ἐμοὶ
613 1390 656 1416 διὰ
678 1389 727 1424 τῆς
743 1389 878 1425 ἁμαρτίας

90 1435 139 1471 τὴν
160 1435 235 1462 θείαν
252 1436 344 1462 εἰκόνα
363 1436 443 1462 πάλιν
457 1436 496 1467 εἰς
519 1435 567 1470 τὴν
583 1434 699 1470 ἀρχαίαν
723 1435 878 1470 ἐπανήγαγε

91 1481 187 1516 χάριν;
204 1482 251 1512 Τίς
266 1481 450 1513 ἐξοικισθέντα
465 1489 498 1516 με
513 1480 560 1506 τοῦ
579 1479 751 1515 παραδείσου,
770 1480 817 1507 καὶ
831 1479 878 1506 τοῦ

93 1525 171 1558 ξύλου
183 1526 232 1561 τῆς
247 1525 318 1561 ζωῆς
331 1526 384 1558 ἔξω
398 1527 550 1561 γενόμενον,
565 1526 611 1553 καὶ
630 1525 669 1560 τῷ
685 1526 813 1562 βαράθρῳ
827 1526 876 1561 τῆς

91 1571 187 1607 ὑλικῆς
199 1572 271 1606 ζωῆς
287 1572 521 1606 συγκαλυφθέντα,
544 1572 590 1598 ἐπὶ
605 1571 654 1606 τὴν
669 1571 780 1607 πρώτην
804 1571 877 1597 ἕλκει

93 1617 296 1652 μακαριότητα;
317 1618 376 1643 Οὐκ
393 1617 477 1643 ἐστιν
498 1618 513 1643 ὁ
531 1616 658 1648 συνιὼν,
677 1616 759 1651 φησὶν
776 1616 878 1651 ἠΓρα-

91 1662 139 1696 φή.
155 1660 193 1687 Ἦ
205 1663 259 1697 γὰρ
271 1661 302 1688 ἂν
318 1662 385 1697 πρὸς
399 1661 622 1696 ταῦταίόρῶντες,
648 1661 762 1696 ἄληκτον
783 1661 815 1688 ἂν
832 1661 879 1687 καὶ

90 1707 301 1735 ἀκατάπαυστον
311 1708 340 1734 ὲν
351 1707 431 1734 παντὶ
445 1707 482 1742 τῷ
497 1705 545 1741 τῆς
559 1706 631 1742 ζωῆς
644 1707 818 1742 διαστήματι,
830 1706 879 1741 τὴν

91 1752 265 1788 εὐχαριστίαν
289 1751 519 1786 ἀπεπληροῦμεν·
546 1751 605 1778 νυνὶ
619 1751 646 1777 δὲ
668 1751 736 1786 πρὸς
754 1751 833 1785 μόνον
849 1751 880 1777 τὸ

43 1822 46 1824 .
91 1799 182 1826 ὑλικὸν
197 1799 273 1825 πᾶσα
296 1798 388 1834 σχεδὸν
408 1798 557 1834 ἐγρήγορεν
577 1798 594 1832 ἡ
616 1797 772 1832 ἀνθρωπίνη
788 1796 878 1831 φύσις.

90 1844 164 1879 Πρὸς
178 1843 256 1870 τοῦτο
270 1844 287 1878 ὴ
308 1843 408 1878 σπουδή
422 1851 428 1858 ”
455 1844 484 1869 ἐν
498 1842 584 1877 τούτῳ
600 1843 616 1878 ἡ
630 1841 768 1877 προθυμία
784 1849 791 1857 ·
815 1842 880 1877 περὶ

88 1889 175 1916 ταῦτα
186 1889 260 1924 καὶὴ
275 1889 366 1924 μνήμη
382 1888 429 1915 καὶ
448 1889 464 1924 ή
479 1889 556 1920 ἐλπὶς
572 1888 746 1922 καταγίνεται
756 1897 763 1903 ³
779 1888 879 1920 ᾶῡπνός

89 1934 149 1960 ἐστι
165 1934 211 1959 καὶ
225 1933 373 1968 ἀκοίμητος
390 1933 457 1969 πρὸς
474 1933 524 1968 τὴν
535 1933 582 1959 τοῦ
598 1933 720 1964 πλείονος
732 1934 880 1969 ἐπιθυμίαν

89 1980 106 2013 ἡ
123 1978 281 2014 ἀνθρωπίνη
296 1979 376 2012 φύσις
392 1979 420 2005 ὲν
432 1979 513 2005 παντὶ
530 1979 681 2014 πράγματι,
694 1980 722 2006 ὲν
732 1976 754 2013 ᾧ
767 1979 879 2007 δυνατὸν

89 2025 164 2049 ἐστιν
177 2023 349 2058 ἐξευρεθῆναι
365 2024 395 2050 τὸ
415 2024 495 2050 πλέον
507 2032 514 2039 ·
539 2024 594 2050 εἴτε
608 2024 678 2051 κατὰ
692 2025 772 2060 τιμήν
788 2034 817 2051 τε
833 2026 880 2052 καὶ

87 2069 179 2102 δόξαν,
197 2069 250 2095 εἴτε
265 2070 335 2095 κατὰ
346 2069 394 2105 τὴν
408 2070 462 2095 τῶν
478 2069 625 2105 χρημάτων
638 2071 806 2105 περιουσίαν,
823 2072 879 2099 εἴτε

88 2115 162 2142 κατὰ
178 2115 228 2150 τὴν
241 2116 288 2142 τοῦ
305 2115 391 2151 θυμοῦ
404 2117 492 2148 νόσον,
510 2116 647 2151 πανταχοῦ
666 2117 732 2152 πρὸς
746 2117 777 2144 τὸ
798 2117 879 2145 πλέον

89 2163 119 2188 ἐν
145 2161 248 2194 τούτοις
264 2164 281 2198 ή
306 2163 385 2197 φύσις
411 2163 513 2198 βλέπει.
543 2163 603 2190 Τῶν
624 2163 653 2190 δὲ
674 2164 807 2199 ἀληθινῶν
831 2165 877 2192 τοῦ

928 210 1061 245 temporis
1079 209 1231 241 dividitur;
1253 208 1279 235 in
1295 208 1472 242 prmteritum,
1490 216 1611 243 praesens
1627 213 1654 236 et
1668 209 1713 236 t'u-

928 260 1033 282 turum.
1052 255 1081 282 In
1099 255 1188 282 tribus
1207 255 1249 282 liis
1262 253 1423 282 beneﬁcium
1440 254 1546 281 Domini
1561 254 1713 289 deprehen-

926 301 1025 334 ditur;
1046 301 1068 328 si
1096 301 1168 336 quod
1195 308 1315 335 praesens
1341 305 1384 327 est
1413 299 1642 332 consideraveris,
1664 308 1713 335 per

927 348 1018 382 ipsum
1034 347 1122 374 vivis:
1145 347 1169 373 si
1194 346 1328 378 futurum,
1352 346 1398 372 ille
1422 346 1470 372 tibi
1489 353 1582 373 earum
1609 354 1711 377 rerum,

927 401 987 428 qua:
1002 397 1066 420 sunt
1082 393 1108 419 in
1120 393 1335 427 exspectatione,
1350 399 1412 426 spes
1426 395 1467 419 est
1479 401 1485 418 :
1496 391 1518 418 si
1534 392 1712 427 praeteritum,

927 447 982 466 non
1002 446 1090 471 esses,
1111 439 1163 466 nisi
1176 439 1251 473 prius
1262 439 1296 466 ab
1307 439 1352 466 illo
1367 438 1455 466 l‘actus
1471 446 1557 466 esses.
1571 438 1598 465 ld
1611 439 1712 473 ipsum,

928 485 1002 520 quod
1017 489 1099 512 natus
1123 493 1165 518 es,
1199 485 1232 511 ab
1259 485 1305 512 illo
1321 485 1482 512 beneﬁcium
1508 486 1648 520 accepisti.
1673 485 1713 511 Ac

928 535 1074 566 postquam
1098 535 1178 558 natus
1203 539 1244 562 cs,
1271 531 1404 557 beneﬁcio
1428 530 1558 562 ailiecris,
1583 531 1647 557 dum
1666 538 1714 565 per

928 576 1004 603 illum
1019 580 1046 603 et
1062 576 1142 607 vivis,
1159 581 1186 603 et
1206 577 1335 610 moveris,
1358 581 1388 604 ut
1414 577 1503 611 inquit
1524 576 1712 611 Apostolus”.

929 621 1031 648 Rerum
1053 621 1206 648 futurarum
1223 629 1286 655 spes
1302 629 1336 648 ex
1353 621 1448 648 eadem
1467 621 1586 648 edit-acia
1604 621 1712 656 pendet.

929 665 970 693 Tu
986 673 1051 694 vero
1066 666 1151 693 solius
1168 667 1313 700 praesentis
1328 674 1441 701 compos
1456 674 1497 694 es.
1520 667 1613 701 Itaque
1631 666 1652 693 si
1673 666 1714 692 vel

928 719 976 746 per
989 719 1070 739 omne
1085 719 1171 746 usque
1185 715 1294 746 tempus
1306 712 1368 739 vita:
1380 713 1482 747 gratias
1497 720 1578 747 agere
1592 711 1646 738 Deo
1659 719 1713 738 non

928 756 1121 787 intermiseris,
1138 757 1181 783 vix
1200 756 1343 790 praesentis
1359 756 1491 791 temporis
1523 757 1637 791 gratiam
1666 764 1714 784 ex-

928 801 1036 836 plehis:
1058 808 1120 828 cum
1140 800 1249 827 interim
1267 801 1369 827 nullam
1393 801 1529 828 'rationem
1560 800 1714 835 excogitare

929 847 1029 881 possis,
1047 854 1101 881 qua
1114 846 1156 873 vel
1173 845 1257 873 l‘uturi
1271 846 1313 873 vel
1329 846 1457 880 prteteriti
1475 847 1606 880 temporis
1621 845 1714 873 debita

927 896 1150 926 compeuscutur.
1167 890 1222 918 Nos
1238 896 1340 924 alitem,
1359 892 1405 926 qui
1421 895 1528 917 tantum
1548 891 1680 919 absumus
1699 900 1714 918 ιι

927 941 1062 972 potestate
1078 936 1175 964 debitae
1192 937 1341 971 gratiarum
1361 937 1487 969 actionis,
1504 944 1538 963 ne
1554 937 1580 963 iu
1604 944 1636 964 eo
1653 937 1716 972 qui-

927 983 1000 1015 dem,
1015 982 1087 1017 quod
1103 990 1118 1009 a
1133 982 1212 1010 nobis
1229 982 1287 1009 ﬁeri
1302 986 1402 1016 potest,
1420 981 1504 1008 animi
1520 982 1714 1015 gratiludinem

927 1031 1103 1062 praestamus,
1119 1035 1173 1054 non
1188 1027 1251 1055 dico
1270 1031 1358 1054 totum
1374 1027 1461 1058 diem.
1477 1027 1524 1054 sed
1539 1035 1574 1054 ne
1591 1028 1715 1062 exiguam

928 1072 1038 1107 quidem
1053 1072 1107 1099 diei
1138 1076 1242 1107 partem
1270 1072 1407 1099 vocationi
1425 1072 1523 1099 divina:
1552 1073 1714 1100 tribuentes.

927 1117 995 1149 Quis
1011 1116 1077 1143 mihi
1094 1121 1195 1143 terram
1208 1116 1383 1144 substravit?
1398 1115 1466 1148 Quis
1483 1117 1604 1151 perviam
1630 1115 1717 1144 soler-

928 1163 966 1188 tia
982 1165 1064 1196 atque
1077 1161 1213 1188 industria
1230 1165 1357 1188 naturam
1373 1161 1512 1188 humidam
1544 1161 1629 1189 fecit?
1648 1161 1716 1194 Quis

929 1207 986 1234 [iin
1006 1207 1071 1234 mihi
1090 1207 1189 1234 celum
1202 1210 1333 1241 tanquam
1348 1207 1507 1234 cameram?
1524 1207 1592 1239 Quis
1608 1207 1717 1242 prazfert

928 1254 996 1281 mihi
1011 1253 1098 1280 facem
1118 1253 1208 1281 solis?
1225 1253 1293 1286 Quis
1309 1253 1409 1280 emittit
1429 1245 1561 1281 fontes‘in
1584 1254 1718 1282 convalui—

927 1299 1002 1327 bus?
1018 1299 1084 1332 Quis
1098 1299 1204 1333 paravit
1226 1299 1353 1326 amnibus
1368 1299 1469 1330 alveos,
1488 1306 1537 1334 per
1566 1306 1636 1334 quos
1666 1298 1716 1327 de-
1751 1324 1755 1327 .

927 1344 1062 1371 currant?
1082 1343 1150 1376 Quis
1168 1343 1235 1370 mihi
1252 1343 1398 1370 brutorum
1416 1343 1575 1370 animalium
1593 1343 1718 1370 ministe-

928 1391 997 1418 rlum
1015 1390 1132 1425 subjecit
1143 1390 1154 1416 ?
1167 1389 1234 1422 Quis
1249 1396 1292 1416 me
1306 1396 1369 1416 cum
1386 1388 1475 1424 pulvis
1501 1388 1643 1416 inanimus
1669 1397 1714 1416 es—

928 1444 996 1468 sem,
1013 1436 1073 1463 vitae
1088 1435 1190 1470 pariter
1202 1439 1229 1462 et
1246 1434 1346 1461 mentis
1361 1434 1520 1469 participem
1535 1433 1622 1462 fecit?
1644 1434 1712 1467 Quis

929 1483 981 1510 hoc
995 1482 1081 1509 lutum
1107 1481 1142 1509 ad
1160 1481 1305 1516 imaginem
1327 1481 1421 1516 ﬁgurae
1443 1480 1542 1508 divina:
1567 1479 1716 1507 formavit?

931 1528 998 1561 Quis
1013 1526 1160 1562 imaginem
1174 1526 1295 1554 divinam
1313 1533 1361 1560 per
1375 1531 1518 1561 peccatum
1541 1525 1569 1552 in
1585 1533 1629 1553 me
1651 1533 1718 1553 con-

928 1574 1019 1601 fusam
1033 1573 1066 1600 ad
1084 1573 1231 1607 pristinum
1248 1579 1347 1600 rursus
1361 1572 1486 1599 decorem
1503 1571 1634 1599 reduxit?
1647 1571 1715 1605 Quis

928 1627 972 1646 me
985 1619 1093 1654 pulsum
1107 1618 1247 1653 paradiso,
1266 1621 1295 1645 et
1309 1617 1383 1651 ligno
1396 1618 1458 1644 vitae
1477 1618 1626 1652 privatum,
1646 1622 1673 1645 et
1689 1619 1718 1645 in

929 1663 1088 1692 barathrum
1107 1663 1258 1690 materialis
1272 1663 1335 1689 vitae
1352 1663 1519 1694 demersum.
1549 1664 1581 1691 ad
1599 1664 1718 1699 primam

928 1710 1013 1736 trahit.
1028 1708 1245 1736 beatitudinem?
1261 1707 1322 1735 Non
1341 1713 1378 1734 est
1398 1709 1445 1743 qui
1460 1709 1610 1744 intelligat,
1628 1710 1718 1744 inquit

931 1754 1074 1790 Scriptura
1086 1756 1117 1782 ".
1135 1754 1203 1781 Nam
1218 1753 1352 1788 profecto,
1368 1755 1390 1781 si
1402 1755 1458 1781 haec
1474 1754 1717 1788 perpenderemus,

930 1802 1116 1829 continentem
1134 1805 1161 1827 et
1173 1800 1323 1831 assiduam,
1339 1808 1388 1835 per
1400 1808 1482 1827 omne
1499 1801 1561 1827 vitae
1578 1801 1698 1836 spatium
1709 1820 1717 1832 ,

930 1847 1078 1882 gratiarum
1096 1846 1231 1873 actionem
1250 1849 1444 1880 praestaremus
1459 1854 1466 1872 :
1484 1852 1556 1873 nunc
1572 1853 1637 1873 vero
1652 1846 1678 1872 in
1690 1846 1718 1873 id

932 1895 1033 1925 solum,
1064 1891 1308 1928 quod_maleriale
1336 1895 1388 1922 est,
1407 1891 1497 1918 omnis
1522 1892 1717 1926 propemodum

932 1939 1052 1966 humana
1074 1937 1196 1972 invigilat
1215 1942 1322 1964 natura.
1345 1936 1404 1963 Huc
1424 1936 1559 1964 intentum
1587 1937 1718 1969 studium,

930 1986 957 2012 in
973 1985 1025 2013 hoc
1040 1988 1170 2018 occupata
1185 1982 1268 2009 animi
1284 1983 1472 2018 promptitudo
1486 1986 1568 2018 atque
1590 1983 1719 2011 alacritas

930 2035 990 2059 est:
1008 2031 1081 2058 circa
1098 2030 1155 2057 haec
1171 2033 1198 2057 et
1217 2030 1349 2057 memoria
1366 2033 1391 2056 et
1414 2036 1477 2064 spes
1489 2033 1634 2062 versatur;
1657 2037 1720 2064 per—

930 2077 1038 2112 vigilet
1062 2076 1196 2103 insomnis
1212 2075 1245 2102 ad
1263 2075 1325 2109 plus
1348 2075 1465 2102 habendi
1487 2075 1665 2110 cupiditatem
1692 2075 1719 2102 in

930 2123 1004 2150 omni
1019 2122 1140 2157 negotio,
1157 2121 1183 2148 in
1197 2128 1252 2156 quo
1263 2120 1439 2148 commodum
1454 2121 1604 2155 excogitari
1618 2125 1717 2154 potest,

931 2169 1049 2196 humana
1066 2171 1162 2194 natura
1179 2170 1240 2198 est;
1256 2166 1314 2193 sive
1331 2165 1366 2193 de
1383 2165 1487 2193 honore
1503 2169 1530 2193 et
1547 2166 1645 2200 gloria.
1661 2165 1725 2202 sive

89 2207 158 2234 Θεοῦ
183 2208 302 2242 ἀγαθῶν,
327 2208 405 2243 λόγος
429 2209 526 2241 οὐδεὶς,
546 2208 608 2235 οὔτε
631 2209 684 2235 τῶν
699 2210 876 2245 φαινομένων,

931 2215 964 2242 de
981 2214 1060 2248 copia
1076 2213 1254 2248 pecuniarum
1270 2216 1384 2246 agatur:
1403 2211 1462 2239 sive
1476 2219 1506 2238 ea
1520 2219 1564 2238 res
1583 2211 1719 2246 pertineat

87 2251 152 2279 cli-ts
168 2252 221 2278 τῶν
236 2253 457 2289 ἐπηγγελμένων.
491 2253 570 2280 Ἀλλὰ
591 2254 686 2289 καιρὸς
710 2254 743 2280 ἂν
768 2255 810 2289 εἴη
831 2255 878 2282 καὶ

87 2297 144 2325 τῶν
158 2299 206 2333 τῆς
219 2300 373 2335 προσευχῆς
389 2299 518 2336 ῥημάτων
530 2299 659 2332 κατιδεῖν,
677 2300 714 2332 ὡς
729 2300 786 2327 ἔστι
797 2301 876 2328 δυνα-

87 2343 146 2374 τὸν,
163 2343 211 2379 τὴν
222 2345 351 2372 διάνοιαν.

931 2259 964 2286 ad
984 2260 1031 2286 ira:
1061 2258 1197 2289 morbum,
1225 2256 1254 2284 in
1274 2257 1317 2284 his
1333 2256 1462 2283 omnibus
1488 2256 1522 2283 ad
1544 2255 1718 2283 commodum

930 2309 1028 2332 natura
1043 2303 1166 2337 respicit.
1186 2301 1320 2329 Verorum
1338 2305 1429 2328 autem
1447 2301 1493 2328 Dei
1511 2301 1644 2329 bonorum
1661 2301 1722 2327 uul-

935 2350 959 2377 la
977 2350 1046 2377 ratio
1061 2349 1187 2381 habetur,
1208 2356 1297 2383 neque
1320 2348 1522 2382 apparentium,
1543 2355 1631 2382 neque
1654 2354 1719 2382 pro-

89 2388 252 2417 missorum.
286 2389 338 2418 Sed
362 2396 469 2426 tempus
499 2391 593 2425 fuerit,
622 2391 706 2419 etiam
732 2392 878 2421 verborum
917 2395 1051 2423 orationis
1076 2398 1210 2430 quantum
1234 2394 1295 2429 ejus
1331 2393 1390 2421 ﬁeri
1413 2397 1519 2428 potest,
1545 2393 1721 2420 considerare

87 2435 264 2463 sententiam.

124 2481 209 2515 Δῆλον
220 2481 273 2516 γὰρ
284 2482 324 2508 ὅτι
336 2481 366 2508 τὸ
379 2484 471 2518 τυχεῖν
483 2480 520 2510 ὧν
531 2484 692 2521 βουλόμεθα,
710 2484 755 2511 διὰ
767 2483 815 2511 τοῦ
832 2493 884 2520 μα-

87 2525 146 2552 θεῖν
154 2526 227 2558 ὃπως
237 2528 369 2562 προσήκει
378 2529 511 2555 ποιεῖσθαι
519 2530 568 2565 τὴν
576 2531 695 2566 αἴτησιν,
703 2529 881 2564 περιγίνεται.

87 2571 138 2603 Τίς
152 2569 199 2598 οὖν
214 2572 230 2607 ἡ
244 2572 355 2607 διδαχὴ;
372 2575 620 2609 Προσευχόμενοι,
636 2576 712 2610 φησὶ,
725 2575 883 2610 1191.80210-

86 2617 254 2651 λογήσητε,
270 2617 370 2652 ὥσπερ
381 2620 409 2645 οι
421 2619 543 2646 ἐθνικοί.
561 2621 672 2648 Δοκοῦσι
684 2622 739 2656 γὰρ
750 2621 790 2647 ὅτι
803 2622 832 2648 ἐν
845 2622 878 2656 τῇ

87 2662 237 2698 πολυλογίᾳ
249 2664 337 2692 αὐτῶν
347 2666 614 2702 εἰσακουσθήσονται.
630 2668 706 2703 Τάχα
719 2668 766 2702 μὲν
776 2665 822 2693 οὖν
832 2667 874 2693 αὒ-

87 2707 166 2734 τὸθεν
177 2708 233 2743 ἔχει
243 2709 273 2735 τὸ
287 2710 370 2744 σαφὲς
383 2712 399 2746 ἡ
410 2712 458 2746 τῆς
469 2711 642 2744 διδασκαλίας
654 2713 765 2746 διάνοια,
777 2712 879 2747 γυμνό-

126 2799 149 2816 ⁶³
166 2800 227 2826 Act.
241 2807 307 2832 vvit,
321 2801 365 2828 28.
405 2802 427 2818 ¹⁰
441 2801 520 2830 liom.
538 2811 578 2834 ιιι,
602 2804 643 2830 ll.

681 2804 705 2820 ²⁰
722 2803 814 2831 Matth.
833 2810 869 2835 vl,
890 2802 916 2828 Ἰ.

966 2482 1145 2517 Perspicuum
1161 2485 1207 2518 est
1223 2481 1309 2513 enim.
1328 2480 1401 2516 quod
1418 2481 1441 2509 si
1457 2480 1636 2510 didicerimus
1648 2490 1720 2518 quo-

931 2528 1012 2556 modo
1027 2528 1186 2564 petitionem
1211 2527 1331 2555 formare
1350 2527 1507 2560 conveniat,
1524 2527 1618 2555 licebit
1639 2529 1720 2557 nobis

931 2581 992 2609 quae
1015 2574 1143 2601 volumus
1175 2573 1333 2608 impetrare.
1356 2573 1487 2605 Qumnam
1516 2577 1560 2601 est
1582 2574 1666 2609 igitur
1687 2582 1719 2601 ea

929 2619 1074 2647 doctrina?
1087 2619 1211 2650 Oronten,
1222 2618 1321 2653 inquit.
1336 2627 1368 2645 ne
1384 2619 1443 2646 sitis
1457 2618 1622 2654 βαττολόγοι,
1640 2620 1720 2647 siculi

933 2665 1053 2700 gentiles.
1069 2665 1246 2692 Arbitrantur
1258 2664 1331 2692 enim
1343 2672 1373 2692 se
1393 2669 1504 2700 propter
1515 2665 1719 2700 multiloquium

934 2719 1014 2738 suum
1042 2711 1201 2739 exauditum
1226 2711 1260 2737 iri
1277 2711 1312 2738 ὀ.
1332 2710 1372 2738 Ac
1394 2712 1529 2739 sententia
1543 2711 1654 2747 quidem
1670 2710 1719 2737 do-
