1978 3068
261 101 326 128 "21

873 95 901 123 S.
919 94 1082 122 GREGORII
1101 92 1146 120 ΝΥ
1153 92 1249 120 SSENI

1805 85 1877 114 ’1123

257 159 354 186 ctrina!
369 157 483 185 forsitan
503 164 550 191 per
566 161 626 182 sese
642 155 785 189 perspicua
803 159 856 187 est,
876 158 970 188 utpote
988 161 1038 180 nu~

1091 160 1169 187 τερον
1184 153 1248 187 ἡμῖν
1271 150 1421 181 ἐκτεθεῖσα,
1442 148 1488 174 καὶ
1502 147 1576 174 οὐδὲν
1593 145 1706 181 δεομένη
1722 145 1770 180 τῆς
1783 145 1878 170 λεπτο-

258 203 301 230 dis
325 203 416 229 verbis
440 202 520 228 nobis
541 201 675 235 exposita,
695 207 745 226 nec
763 200 846 226 ullam
869 199 1040 226 subtiliorem

257 248 415 274 desiderans
452 246 711 278 considerationem,
748 250 929 280 pra‘terquaut
969 243 1041 277 qttod

256 301 344 327 opera:
361 293 476 327 pretium
495 296 536 320 est
552 300 682 327 quarere,
694 291 758 326 quid
778 291 913 325 signiﬁcet
928 289 1041 316 verbum

257 338 428 372 Ballologiw,
465 341 494 364 ut
523 338 659 364 intellecta
693 337 837 368 sententia,
867 336 983 362 vitemus
1015 334 1041 361 id

255 385 328 418 quod
359 384 472 411 vetitutu
499 387 526 410 et
559 383 733 410 interdictum
758 386 811 409 est.
835 381 952 408 Videtur
978 387 1042 415 ergo

257 430 323 456 mihi
343 431 480 465 castigare
499 430 666 456 inllationcm
682 432 764 462 atque
781 432 916 454 tumorem
930 426 1039 457 mentis,

255 483 416 511 eorumque,
445 476 492 510 qui
519 483 578 503 sese
605 474 684 501 vanis
706 474 904 509 cupiditatibus
931 473 1042 499 immer-

255 526 332 555 gant,
357 522 503 556 reprimere
519 527 600 556 atque
616 527 792 555 compescere
807 519 996 549 ambitionetn,
1015 522 1042 545 et

255 566 358 593 idcirco
377 567 547 601 peregrinam
575 570 600 593 et
620 574 716 593 novam
734 567 806 592 bane
821 565 970 592 dictionem
994 571 1042 590 ex-

254 613 390 646 cogitasse
407 613 439 639 ad
456 612 621 647 argue-udam
647 612 795 638 amentiam
816 619 922 642 eorum,
939 610 986 644 qui
1000 610 1042 636 va-

255 665 351 684 ttaruttt
379 658 479 692 pariter
508 663 535 684 et
565 657 702 684 inutilium
726 665 818 684 rerum
844 656 1041 691 cupiditatibus

253 703 380 730 diﬂluunt
403 709 482 739 atque
506 704 709 731 distrahuntur.
731 703 799 730 Nam
831 703 971 736 cordatus,
993 703 1042 729 do—

254 752 317 775 ctus
344 753 370 776 et
396 750 562 784 prudctts,ct
577 750 720 776 utilitatem
738 749 790 776 sibi
809 750 976 784 propositam
994 750 1038 776 lta-

254 795 321 822 bcns
348 803 438 822 sermo
449 814 456 826 ,
482 796 592 830 proprie
623 803 713 823 sermo
738 795 860 826 dicitur;
875 800 901 822 at
917 804 976 830 qua:
992 804 1040 830 per

254 841 362 868 iuanetu
385 841 552 876 voluptatem
578 841 776 875 cupiditatibus
797 841 875 868 vanis
894 842 973 875 quasi
992 850 1039 869 su-

255 887 431 920 perfunditur
452 887 551 917 oralio,
576 894 630 914 non
642 887 761 921 amplius
775 886 864 921 λόγος,
879 886 906 913 id
923 891 964 914 est
981 895 1039 914 ser-

253 941 313 963 mo.
331 933 378 960 sed
401 933 562 968 βαττο).ογία
581 937 623 960 est
637 934 732 968 (quasi
745 934 832 965 dicas,
848 934 947 969 lingua:
962 935 1040 962 volu-

253 977 356 1009 bilitas,
373 985 400 1005 et
420 986 508 1005 ranus
533 979 635 1013 sermo)
659 983 688 1006 ttt
711 979 812 1013 aliquis
825 978 918 1007 Graece
941 980 1039 1007 ntelius

252 1028 371 1051 mentem
397 1025 539 1059 explicans
564 1022 801 1058 ἁὶιθτίι,φλυαρία
816 1035 821 1052 ε
837 1025 889 1052 hoc
903 1030 945 1052 est
960 1027 1039 1060 quasi

254 1070 331 1098 dicas
357 1070 562 1098 eﬂ‘ervescentia
596 1074 677 1104 atque
702 1069 818 1097 elIutitio
847 1080 854 1097 :
883 1070 964 1105 λῆρος
993 1071 1039 1097 καὶ

253 1115 402 1151 φλήναφος,
434 1115 486 1143 hoc
513 1121 554 1143 est
568 1115 748 1143 deliramenta
769 1120 851 1151 atque
865 1124 952 1151 nugm,
969 1124 1001 1143 ac
1015 1117 1038 1144 si

251 1159 324 1193 quod
338 1160 413 1187 aliud
432 1160 597 1187 vocabulum
609 1159 743 1195 ejusmodi
760 1160 969 1195 signiﬁcationis
985 1167 1037 1189 cst.

251 1203 323 1238 Quid
339 1205 422 1240 igitur
447 1205 527 1232 nobis
552 1212 643 1232 sermo
662 1205 800 1233 consulit?
815 1205 852 1233 Ne
874 1207 944 1234 idem
966 1215 1039 1234 com-

251 1251 393 1278 mittamus
419 1245 586 1285 in'tcmpore
602 1251 772 1283 orationum,
794 1252 884 1286 qualis
903 1253 930 1279 in
947 1257 1038 1281 mente

251 1296 418 1324 furiosorum
435 1305 467 1323 ac
481 1297 629 1325 delirorum
647 1297 764 1324 absurda
779 1298 948 1332 perturbatio
972 1307 1039 1326 con-

251 1343 341 1370 ﬂatur.
372 1342 606 1375 Quemadmodum
645 1343 717 1369 enirn
752 1347 842 1370 mente
879 1343 1038 1378 imperfecta

251 1389 356 1424 praediti
369 1409 377 1421 ,
402 1397 456 1415 non
471 1389 592 1423 cogitant
607 1393 636 1414 ut
650 1388 753 1423 aliquid
782 1389 833 1415 sibi
855 1397 887 1416 ex
903 1391 1037 1417 sententia

249 1434 389 1465 obveniat,
406 1433 454 1460 sed
474 1441 524 1467 pro
547 1433 664 1460 arbitrio
682 1433 826 1460 felicitates
838 1433 971 1468 quasdatn
984 1434 1037 1461 sibi

1091 197 1173 232 τέρας
1199 197 1401 230 κατανοήσεως,
1426 194 1494 229 πλὴν
1518 193 1592 226 ἄξιον
1616 191 1756 223 ἐξετάσαι,
1778 189 1804 215 τί
1829 197 1876 222 ση-

1093 244 1183 278 μαίνει
1204 244 1251 278 τῆς
1277 242 1451 278 βαττολογίας
1472 241 1502 267 τὸ
1525 241 1618 275 ῥῆμα,
1641 239 1678 270 ὡς
1696 238 1727 265 ἂν
1750 237 1878 272 μαθόντες

1092 290 1140 326 τὴν
1166 290 1294 322 διάνοιαν,
1324 289 1375 321 ἔξω
1401 287 1447 315 τοῦ
1473 285 1697 322 ἀπηγορευμένον
1720 283 1876 321 γενοίμεθα.

1092 337 1172 362 Δοκεῖ
1196 337 1284 363 τοίνυν
1313 344 1357 371 μοι
1380 333 1556 369 σωφρονίζειν
1579 332 1628 367 τὴν
1653 330 1807 366 χαυνότητα
1830 328 1879 362 τῆς

1091 382 1210 413 διανοίας
1224 401 1230 413 ,
1247 382 1294 408 καὶ
1315 381 1467 407 συστέλλειν
1483 379 1536 406 τῶν
1552 380 1610 407 ταῖς
1636 377 1764 408 ματαίαις
1784 374 1879 401 ἐπιθυ-

1093 427 1169 462 μίαις
1183 427 1398 462 ἐμϐαθυνόντων,
1417 426 1464 453 καλ¹
1479 425 1521 452 διὰ
1532 424 1609 451 τοῦτο
1622 423 1670 458 τὴν
1686 423 1763 457 ξένην
1778 422 1879 454 ταύτην

1092 473 1142 507 τῆς
1170 473 1270 504 λέξεως
1294 472 1466 507 καινοτομίαν
1486 469 1681 505 ἐξευρηκέναι,
1706 468 1753 494 ἐπὶ
1776 466 1880 500 ἐλέγχῳ

1092 518 1142 552 τῆς
1158 517 1249 548 ἀνοίας
1263 517 1316 543 τῶν
1331 517 1394 552 περὶ
1407 516 1440 542 τὰ
1454 515 1578 549 ἀνωφελῆ
1593 522 1623 540 τε
1639 513 1686 540 καὶ
1705 512 1806 547 μάταια
1819 511 1880 541 ταῖς

1093 562 1248 597 ἐπιθυμίαις
1263 562 1452 596 διαχεομένων.
1475 560 1503 587 Ὀ
1518 559 1572 594 γὰρ
1584 559 1696 594 ἔμφρων
1707 566 1736 583 τε
1758 557 1804 583 καὶ
1818 564 1879 582 συν-

1091 609 1161 640 ετὸς,
1177 609 1224 635 καὶ
1251 608 1317 643 πρὸς
1336 608 1365 634 τὸ
1384 608 1517 642 χρήσιμον
1532 606 1638 640 βλέπων
1658 604 1735 638 λόγος
1747 623 1754 634 ,
1777 602 1880 637 κυρίως

1091 654 1200 687 λέγεται
1217 653 1294 686 λόγος
1305 661 1311 667 ·
1326 654 1339 679 ὁ
1353 652 1382 678 δὲ
1395 653 1453 683 ταῖς
1471 651 1654 684 ἀνυπάρκτοις
1669 647 1826 682 ἐπιθυμίαις
1836 647 1880 672 διὶι

1090 701 1139 735 τῆς
1153 699 1338 726 ἀνυποστάτου
1354 698 1448 733 ἡδονῆς
1459 697 1643 731 ἐπιχεόμενος,
1655 695 1705 720 οὐκ
1720 693 1776 719 ἔστι
1789 692 1878 725 λόγος,

1091 746 1159 773 ἀλλὰ
1178 745 1353 781 βαττολογία·
1370 745 1407 775 ὡς
1425 744 1456 770 ἄν
1478 752 1520 774 τις
1546 740 1771 776 Ἑλληνικώτερον
1790 739 1879 774 ἑρμη-

1092 793 1176 819 νεύων
1194 793 1264 818 είττοι
1277 791 1322 818 τὸν
1334 790 1405 821 νοῦν,
1423 789 1551 824 φλυαρία,
1565 789 1611 816 καὶ
1625 788 1706 823 λῆρος
1721 787 1767 813 καὶ
1778 785 1879 819 φλήναα

1092 839 1156 872 φος¹,
1171 838 1218 864 καὶ
1236 839 1263 864 εἴ
1281 846 1307 864 τι
1331 837 1394 863 ἄλλο
1409 837 1457 870 τῆς
1479 835 1606 869 τοιαύτης
1623 833 1770 868 σημασίας.
1788 831 1818 858 Τί
1833 829 1879 858 οὖν

1091 886 1155 919 ἡμῖν
1176 883 1353 919 συμϐουλεύει
1368 883 1381 909 ὁ
1394 883 1490 916 λόγος;
1510 881 1546 916 μὴ
1564 880 1661 907 ταύτὸν
1672 880 1786 914 πάσχειν
1795 879 1823 904 ἐν
1839 877 1878 911 τῷ

1091 931 1178 966 καιρῷ
1193 931 1245 957 τῶν
1262 928 1432 965 προσευχῶν,
1457 924 1511 953 οἷον
1528 928 1557 952 ἐν
1576 928 1608 961 τῇ
1630 925 1683 951 τῶν
1700 924 1805 959 νηπίων
1821 923 1878 949 δια-

1090 977 1149 1012 νοίᾳ
1173 976 1331 1002 συνίσταται
1352 973 1447 1005 πάθος.
1473 973 1576 1007 Ὠσπερ
1594 971 1647 1006 γὰρ
1664 971 1688 996 οἱ
1709 969 1813 1000 ἀτελεῖς
1829 968 1877 1004 τὴν

1083 1023 1207 1049 ’διάνοιαν
1217 1042 1224 1054 ,
1240 1022 1290 1056 οὐχ
1305 1021 1380 1052 ὅπως
1396 1019 1428 1046 ἇν
1442 1027 1469 1045 τι
1485 1018 1589 1052 γένοιτο
1603 1017 1657 1043 τῶν
1677 1015 1748 1042 κατὰ
1764 1014 1877 1049 γνώμην

1090 1069 1178 1095 αὐτῶν
1196 1067 1360 1098 ἐπινοοῦσιν,
1372 1065 1438 1093 ἀλλὰ
1454 1066 1515 1091 κατ’
1534 1062 1658 1097 ἐξουσίαν
1675 1062 1822 1097 εὐκληρίας
1838 1069 1879 1086 τι-

1090 1115 1138 1146 νὰς
1155 1115 1261 1145 ἐαυτοῖς
1280 1112 1491 1143 ἀναπλάττουσι,
1509 1109 1663 1145 θησαυροὺς
1677 1109 1724 1135 καὶ
1741 1106 1878 1142 βασιλείας

1091 1160 1138 1187 καὶ
1155 1160 1247 1191 πόλεις
1263 1159 1382 1193 μεγάλας
1399 1158 1458 1188 ταῖς
1473 1154 1669 1191 προσηγορίαις
1684 1154 1774 1180 αὐτῶν
1785 1154 1879 1178 ἐπονο‹

1091 1206 1251 1241 μαζομένας
1268 1204 1468 1238 ὑποτιθέμενοι,
1487 1203 1525 1232 είς
1539 1202 1627 1227 ἐκεῖνο
1642 1198 1710 1226 εἶναι
1726 1200 1758 1234 τῇ
1775 1198 1879 1232 διανοίᾳ

1091 1252 1282 1286 φαντάζονται,
1300 1250 1368 1284 ὅπερ
1383 1249 1415 1275 ἂν
1431 1248 1523 1278 αὐτοῖς
1538 1248 1554 1282 ὴ
1574 1245 1721 1281 ματαιότης
1737 1244 1791 1269 τῶν
1804 1243 1879 1275 λογι-

1091 1298 1167 1332 σμῶν
1182 1296 1344 1331 ὑπογράφῃ·
1368 1295 1420 1321 εἰσὶ
1440 1294 1469 1320 δέ
1483 1301 1556 1324 τινες
1573 1292 1597 1318 οἳ
1619 1290 1666 1318 καὶ
1683 1288 1879 1324 νεανικώτερον

1089 1343 1137 1378 τῆς
1158 1341 1336 1377 ματαιότητος
1349 1339 1450 1373 ταύτης
1466 1335 1720 1371 ἀντιλαμϐάνονται,
1734 1333 1781 1359 καὶ
1794 1332 1879 1367 ὑπερ-

1090 1389 1187 1419 ϐάντες
1209 1387 1242 1414 τὰ
1264 1387 1350 1421 μέτρα
1371 1386 1420 1420 τῆς
1444 1383 1563 1418 φύσεως,
1586 1381 1682 1416 πτηνοῖ
1706 1380 1844 1413 γίνονται,
1859 1377 1876 1412 ἢ

1090 1433 1161 1460 κατὰ
1185 1433 1247 1463 τοὺς
1265 1420 1391 1465 γαστέρας
1412 1428 1578 1462 λάμπουσιν,
1604 1425 1621 1459 ἣ
1649 1423 1700 1458 ὅρη
1722 1422 1766 1448 διὰ
1787 1420 1879 1456 χειρὸς

251 1479 366 1514 ﬁngunt,
383 1479 528 1512 thesauros
544 1482 571 1506 et
589 1479 709 1513 nuptias,
725 1483 752 1506 ct
764 1467 858 1513 regna,
871 1487 1038 1514 magnasque

1091 1479 1229 1515 φέρουσιν,
1247 1477 1320 1512 ἢτὺν
1334 1474 1449 1510 οὐρανὸν
1465 1473 1570 1502 ἑαυτοῖς
1587 1469 1763 1499 ὁδοποιοῦσιν,
1779 1468 1796 1502 ἢ
1811 1467 1880 1502 πρὸς

251 1525 373 1559 ipsorum
407 1524 636 1559 appellationibus
671 1525 880 1559 cognominatas
912 1526 1038 1554 civitates

252 1570 306 1598 sibi
343 1573 539 1605 proponentes,
566 1569 593 1595 in
613 1575 645 1596 eo
666 1576 696 1596 se
711 1571 814 1596 versari
834 1570 861 1597 in
876 1575 966 1598 mente
989 1579 1038 1598 sua

251 1615 446 1651 imaginantur,
465 1615 649 1649 quodcunque
665 1615 860 1649 cogitationum
877 1617 983 1644 vanitas
998 1617 1038 1644 eis

252 1662 428 1697 suggesserit,
448 1661 572 1688 nonnulli
592 1668 657 1688 vero
674 1662 755 1688 etiam
780 1662 971 1690 vehementius
987 1663 1039 1690 hac

252 1708 372 1735 vanitate
387 1708 505 1742 correpti
525 1711 601 1739 sunt,
620 1714 652 1734 ac
678 1707 789 1734 modum
810 1711 916 1734 naturae
941 1716 1038 1743 super-

250 1754 350 1789 gressi,
383 1754 425 1781 vel
453 1754 579 1781 volucres
604 1754 753 1786 exsistunt,
777 1754 819 1781 vel
840 1754 983 1782 stellarum
1010 1755 1039 1783 in

212 1812 216 1813 ν
253 1800 361 1827 tuodum
381 1800 484 1831 lucent,
503 1800 546 1826 vel
561 1804 669 1827 montes
682 1800 709 1826 in
721 1800 848 1827 manibus
862 1804 979 1836 gestant,
996 1802 1036 1829 vel

252 1846 353 1873 ccelum
369 1846 420 1873 sibi
435 1845 557 1880 pervium
571 1844 685 1877 faciunt,
707 1845 749 1872 vel
768 1845 800 1872 ad
815 1845 975 1873 innumeros
990 1854 1038 1874 us-

251 1899 305 1927 que
318 1899 406 1931 annos
417 1892 513 1918 vivunt
523 1891 638 1926 juvenes
649 1899 683 1918 ex
695 1891 808 1919 senibus
823 1891 970 1920 evadentes
985 1901 992 1919 :
1007 1900 1039 1920 ac

251 1945 422 1973 quaecunque
442 1937 496 1964 alia
513 1937 579 1963 talia
597 1937 685 1972 magis
704 1937 879 1969 vecordibus,
900 1938 1038 1965 bullarum

252 1985 280 2011 in
297 1984 418 2016 modum,
437 1991 507 2010 vana
526 1987 609 2018 atque
641 1983 732 2010 inania
753 1984 881 2018 ﬁgmenta
903 1983 932 2010 in
954 1984 1039 2011 corde

253 2030 457 2064 ingenerantur.
486 2027 521 2055 Ut
548 2028 632 2062 igitur
647 2029 674 2054 in
701 2028 783 2054 rebus
797 2028 925 2062 get-endis
939 2028 963 2055 is
989 2029 1037 2063 qui

252 2082 307 2102 non
319 2082 351 2102 ea
380 2074 492 2109 cogitat,
522 2081 570 2109 per
595 2081 656 2108 quas
681 2074 732 2101 sibi
751 2073 913 2100 deliberanti
935 2074 1036 2109 aliquid

253 2120 317 2148 boni
340 2119 491 2154 contingat,
516 2119 562 2147 sed
594 2119 674 2146 vanis
699 2119 897 2154 cupiditatibus
921 2119 1037 2154 nequid-

253 2174 335 2201 quam
353 2166 527 2197 immoratur,
545 2165 645 2192 stullus
665 2165 775 2200 quidem
801 2169 828 2193 et
841 2166 924 2193 miser
941 2170 993 2197 est,
1009 2166 1038 2193 in

253 2213 310 2241 haec
342 2212 477 2240 insomnia
505 2212 677 2239 occasionem
702 2211 905 2238 deliberationis
934 2211 1037 2246 aliquid

253 2258 362 2294 agendi,
388 2258 461 2293 quod
494 2264 527 2284 ex
556 2264 607 2284 usu
633 2257 680 2290 sit,
703 2256 846 2284 insumens
866 2266 872 2283 :
891 2257 928 2283 ita
943 2256 990 2291 qui
1009 2256 1037 2283 in

253 2309 374 2339 tempore
400 2303 532 2331 orationis
556 2303 585 2330 itt
609 2310 640 2330 ea
659 2310 721 2337 quae
746 2302 844 2330 anima:
867 2302 1036 2335 conducunt,

253 2351 378 2378 intentus
404 2357 458 2377 non
479 2353 531 2381 est,
550 2349 597 2377 sed
611 2349 719 2377 vitiosis
730 2353 757 2377 et
767 2349 935 2384 perturbatis
952 2349 1037 2376 animi

254 2396 297 2424 sui
317 2394 436 2422 motibus
457 2394 542 2421 Deum
559 2395 674 2430 obsequi
691 2395 821 2430 postulat,
843 2399 960 2430 nugator
974 2395 1037 2430 qui-

253 2441 314 2468 dem
336 2447 430 2470 revera
455 2443 537 2474 atque
560 2439 710 2467 blaterator
725 2440 886 2475 est,quippe
899 2440 945 2474 qui
965 2443 1037 2472 oret,

253 2490 284 2514 ut
308 2485 380 2513 Deus
400 2493 514 2513 suarum
537 2485 701 2520 ineptiarum
719 2489 746 2513 et
760 2486 912 2512 vanitatqu
929 2484 1038 2519 adjutor

254 2538 282 2560 et
294 2531 421 2559 minister
437 2532 493 2558 ﬁat.
507 2531 593 2564 Quale
605 2530 735 2566 quiddam
753 2530 880 2566 (exempli
895 2530 993 2566 gratia)
1011 2529 1039 2556 in

255 2577 373 2604 medium
394 2575 478 2603 aﬂ‘ero
491 2575 619 2603 :Accedit
637 2575 737 2610 aliquis
755 2574 788 2601 ad
804 2574 888 2601 Deum
907 2582 955 2609 per
977 2581 1040 2601 ora-

255 2621 368 2653 tionem,
383 2624 410 2648 et
426 2627 481 2647 non
497 2627 629 2655 perpensa
643 2619 715 2655 apud
733 2619 854 2646 animum
871 2618 1040 2646 sublimitate

255 2668 382 2703 potentia).
398 2667 431 2694 ad
444 2675 526 2702 quam
545 2666 663 2698 accedit,
678 2665 804 2700 turpibus
817 2669 843 2692 et
860 2663 981 2692 sordidis
992 2671 1040 2698 pc-

256 2713 401 2740 titionibus
421 2712 592 2746 majestatem
616 2711 736 2738 divinam
762 2710 910 2737 dedecorat
935 2708 1040 2744 impru-

255 2758 336 2785 dens.
352 2757 386 2785 Ut
402 2759 423 2784 si
439 2758 500 2792 quis
515 2764 570 2792 prae
586 2757 669 2784 tritinia
686 2761 847 2792 paupertate
865 2760 913 2783 aut
928 2754 1040 2783 rustici-

256 2808 310 2831 tate
339 2811 404 2831 vasa
426 2811 458 2831 ex
483 2804 539 2830 luto
554 2803 658 2835 ﬁctilia,
676 2803 796 2837 pretiosa
824 2807 916 2837 putet;
943 2801 1040 2829 deinde

1092 1513 1236 1562 μυριοστὸν
1253 1521 1409 1558 διαρκοῦσιν
1428 1519 1498 1550 ἔτος,
1517 1518 1573 1543 νέοι
1589 1517 1620 1542 ἐκ
1633 1514 1755 1542 παλαιῶν
1770 1513 1881 1548 γινόμε-

1089 1559 1147 1597 νοι·
1164 1570 1180 1604 ἢ
1195 1570 1245 1595 ὅσα
1264 1567 1332 1595 ἄλλα
1345 1565 1459 1593 τοιαῦτα
1477 1565 1534 1594 τοῖς
1550 1559 1776 1596 νηπιωδεστέροις
1792 1559 1880 1584 τίκτει

1090 1613 1290 1651 πομφολυγὼδη
1299 1613 1346 1639 καὶ
1357 1611 1467 1638 διάκενα
1477 1611 1493 1644 ἡ
1508 1608 1605 1643 καρδία
1621 1606 1682 1640 ποιή
1688 1605 1881 1640 ματα.”Ω;περ

1089 1663 1178 1689 τοίνυν
1198 1661 1226 1686 ἐν
1238 1661 1293 1690 τοῖς
1314 1659 1475 1693 πράγμασιν
1492 1656 1505 1681 ὁ
1531 1654 1568 1689 μὴ
1589 1653 1674 1680 ταῦτα
1685 1651 1859 1686 λογιζόμενος
1870 1670 1880 1681 ν

1089 1708 1122 1734 δι’
1137 1704 1174 1733 ὧν
1191 1706 1224 1732 ἂν
1240 1704 1343 1739 γένοιτό
1358 1712 1383 1729 τι
1402 1701 1504 1736 ἀγαθὸν
1517 1699 1572 1726 τῶν
1591 1697 1803 1734 βουλευομένων,
1821 1695 1879 1722 ἀλλ’

1090 1748 1285 1785 ἐμματαιάζων
1304 1748 1363 1778 ταῖς
1381 1745 1565 1780 ἁνυπάρκτοις
1580 1742 1750 1777 ἐπιθυμίαις,
1766 1741 1881 1776 ἀνόητός

1089 1804 1131 1827 τις
1142 1796 1198 1821 ἐστι
1212 1794 1258 1820 καὶ
1268 1793 1369 1825 ἄθλιος,
1383 1791 1427 1818 τὸν
1435 1791 1483 1817 τοῦ
1494 1789 1596 1825 πρᾶξαί
1607 1798 1633 1815 τι
1644 1788 1698 1814 τῶν
1708 1787 1740 1813 λυ
1746 1786 1881 1813 σιτελούν-

1090 1850 1144 1867 των
1173 1838 1371 1875 βουλεύσασθαι
1398 1837 1504 1872 καιρδν,
1529 1836 1584 1866 τοῖς
1614 1833 1747 1864 ἐνυπνίοις
1775 1831 1881 1862 τούτοις

1090 1886 1314 1922 προσαναλίσκων
1325 1894 1331 1899 ·
1353 1883 1439 1914 οὕτως
1453 1883 1467 1909 ὁ
1488 1883 1517 1908 ὲν
1532 1879 1620 1915 καιρῷ
1637 1878 1793 1915 προσευχῆς
1810 1877 1880 1912 πρὸς

1089 1933 1124 1959 τὰ
1143 1931 1317 1967 συμφέροντα
1335 1931 1368 1965 τῇ
1382 1929 1455 1964 ψυχῇ
1473 1927 1510 1962 μὴ
1532 1926 1696 1960 τεταμένος,
1721 1923 1790 1951 ἀλλὰ
1811 1923 1880 1958 πρὸς

1089 1978 1138 2010 τὰς
1159 1977 1294 2012 ἐμπαθεῖς
1314 1976 1364 2010 τῆς
1385 1973 1504 2004 διανοίας
1518 1973 1639 2007 κινήσεις
1661 1968 1877 1996 συνδιατίθεσθαι

1088 2024 1134 2050 τὸν
1142 2023 1207 2049 Θεὸν
1222 2021 1316 2055 ἀξιῶν,
1331 2020 1414 2056 λῆρός
1425 2019 1466 2050 τίς
1477 2020 1552 2044 ἐστιν
1576 2018 1614 2048 ὡς
1627 2012 1734 2051 ἀληθῶς
1749 2016 1796 2042 καὶ
1810 2015 1876 2050 βατ-

1088 2068 1213 2102 τολόγος,
1225 2066 1278 2093 τῶν
1299 2066 1371 2092 ίδίων
1390 2064 1579 2100 ματαιοτήτων
1595 2060 1726 2097 συνεργὸν
1743 2061 1788 2087 καὶ
1803 2061 1877 2095 ὑπη-

1092 2115 1171 2150 ρέτην
1197 2114 1241 2140 τὸν
1265 2112 1331 2139 Θεὸν
1356 2110 1478 2146 γίνεσθαι
1504 2109 1730 2145 προσευχόμενος.
1761 2105 1825 2133 Οίόν
1852 2115 1880 2133 τι

1055 2159 1077 2186 D
1089 2159 1161 2194 λέγω
1174 2167 1179 2172 ·
1194 2157 1324 2193 Πρόσεισί
1340 2165 1382 2188 τις
1395 2155 1439 2182 διὰ
1459 2154 1615 2190 προσευχῆς
1630 2152 1669 2188 τῷ
1685 2152 1744 2187 Θεῴ
1754 2172 1761 2184 ,
1778 2152 1825 2178 καὶ
1841 2152 1879 2186 μὴ

1091 2205 1260 2240 κατανοήσας
1265 2205 1295 2239 τῇ
1305 2203 1408 2237 διανοίᾳ
1413 2203 1443 2229 τὸ
1453 2201 1519 2236 ὕψος
1529 2200 1578 2235 τῆς
1585 2200 1725 2234 δυνάμεως
1763 2198 1881 2233 προσέρ-

1091 2260 1178 2287 χεται,
1191 2249 1316 2276 λανθάνει
1331 2248 1502 2283 καθυϐρίζων
1515 2247 1545 2274 τὸ
1558 2245 1670 2281 μέγεθος
1681 2245 1741 2275 ταῖς
1753 2245 1879 2278 αἰσχραῖς

1092 2298 1138 2324 καὶ
1152 2297 1295 2326 ταπειναῖς
1310 2294 1363 2321 τῶν
1379 2294 1526 2329 αἰτήσεων.
1539 2292 1645 2326 Ὥσπερ
1662 2291 1694 2318 ἂν
1708 2291 1735 2316 εί
1743 2299 1785 2322 τις
1802 2289 1836 2317 τὰ
1847 2290 1881 2315 ἐκ

1091 2342 1176 2377 πηλοῦ
1193 2341 1277 2375 σκεύη
1290 2340 1323 2366 δι’
1338 2337 1488 2374 ὑπερϐολὴν
1503 2336 1598 2367 πενίας
1612 2335 1628 2370 ἢ
1645 2334 1787 2368 ἀγροικίας
1800 2333 1882 2368 τίμια

1091 2384 1219 2421 νομίζων,
1242 2384 1338 2410 ἔπειτα
1363 2382 1468 2418 βασιλεῖ
1489 2379 1656 2416 προσελθὼν,
1683 2377 1814 2409 πλούτους
1833 2377 1882 2404 καὶ

1093 2430 1234 2466 ἀξιώματα
1253 2429 1389 2464 διανέμειν
1409 2426 1618 2463 προαιρουμένῳ
1628 2433 1634 2440 ·
1649 2426 1663 2451 ὁ
1679 2425 1708 2451 δὲ
1723 2422 1882 2451 καταλιπὼν

1092 2476 1142 2507 τὰς
1158 2475 1300 2511 βασιλικὰς
1317 2475 1451 2509 αἰτήσεις,
1466 2472 1537 2505 ἀξιοῖ
1548 2471 1593 2498 τὸν
1607 2470 1732 2497 τοσοῦτον
1745 2469 1785 2504 τῷ
1799 2468 1883 2501 ἀξιώ-

1094 2531 1174 2557 ματι,
1198 2521 1283 2557 πηλὸν
1308 2520 1494 2548 διαπλάσαντα
1518 2517 1630 2553 ποιῆσαί
1653 2525 1679 2543 τι
1701 2515 1755 2542 τῶν
1781 2515 1882 2550 ἐκείνῳ

1092 2566 1370 2603 καταθυμίων·οὒτως
1389 2566 1435 2593 καὶ¹
1451 2567 1465 2592 ὁ
1483 2564 1654 2594 ἀπαιδεύτως
1677 2564 1709 2597 τῇ
1727 2562 1793 2597 εὐχῇ
1810 2560 1884 2596 χρώ-

1095 2622 1174 2649 μενος
1184 2634 1191 2646 ,
1206 2612 1237 2639 οὐ
1248 2612 1316 2648 πρὸς
1333 2612 1364 2638 τὸ
1377 2611 1442 2646 ὒψος
1453 2609 1499 2637 τοῦ
1518 2609 1633 2640 διδόντος
1645 2607 1740 2634 ἑαυτὸν
1753 2607 1862 2641 ἐπαίρει
1873 2625 1882 2637 ,

1093 2660 1162 2686 ἀλλὰ
1186 2658 1253 2694 πρὸς
1270 2658 1300 2684 τὸ
1316 2657 1442 2684 ταπεινόν
1456 2665 1486 2683 τε
1502 2657 1549 2682 καὶ
1566 2655 1659 2690 γήϊνον
1671 2653 1722 2688 τῆς
1738 2652 1804 2683 ίδίας
1820 2653 1882 2678 ὲπι-

1094 2705 1192 2740 θυμίας
1205 2705 1253 2739 τὴν
1269 2703 1344 2731 Θείαν
1355 2703 1467 2737 δύναμιν
1481 2701 1632 2735 καταϐῆναι
1650 2699 1745 2725 ποθεῖ·
1759 2697 1806 2724 καὶ
1820 2697 1883 2723 τού-

1093 2760 1139 2778 του
1156 2752 1235 2786 χάριν
1247 2750 1294 2782 τὰς
1307 2749 1440 2785 ἐμπαθεῖς
1454 2748 1542 2783 ὁρμὰς
1552 2745 1687 2782 προτείνει
1703 2743 1742 2779 τῷ
1752 2743 1800 2774 τὰς
1811 2751 1882 2778 καρ-

1094 2799 1152 2830 δίας
1177 2798 1312 2833 βλέποντι,
1336 2796 1386 2831 οὐχ
1403 2796 1475 2827 ὅπως
1493 2794 1526 2821 ἂν
1544 2790 1721 2828 θεραπεύσειε
1741 2789 1773 2815 τὰ
1790 2789 1882 2816 ἄτοπα
