1978 3068
118 98 176 126 H29

587 94 631 122 DE
650 94 828 123 ORATIONE
847 93 1023 122 DOMINICA.
1041 108 1075 112 —
1091 93 1221 121 ORATIO
1237 93 1258 120 Ι.

1670 95 1736 122 1150

115 159 157 193 τῆς
171 157 289 188 διανοίας
307 157 442 191 κινήματα
455 163 460 170 ·
475 155 532 182 ἀλλ’
545 156 618 188 ὅπως
632 156 664 183 ἃν
680 156 764 191 χείρω
778 156 892 190 γένοιτο,

952 154 979 181 id
995 161 1085 189 regem
1102 153 1205 181 solidas
1228 152 1338 180 divitias
1357 158 1383 181 et
1405 152 1555 188 dignitates
1570 153 1737 182 distribuere

115 204 149 235 είς
159 203 236 238 ἔργον
257 202 305 237 τῆς
323 202 443 237 πονηρᾶς
457 201 546 235 ὁρμῆς
562 200 606 227 διὰ
619 201 668 236 τῆς
686 201 829 235 συνεργίας
846 200 894 226 τοῦ

114 249 175 275 Θεοῦ
191 247 404 283 προσελθούσης.
425 247 535 282 Ἐπειδὴ
556 246 610 282 γὰρ
624 248 639 273 ὁ
655 247 728 273 δεῖνα
745 247 834 278 λυπεῖ,
848 245 894 272 καί

116 303 155 328 μοι
173 294 305 320 διάκειται
321 292 461 328 δυσμενῶς
480 293 497 328 ἡ
522 292 636 327 καρδία,
662 291 785 324 Πάταξον
805 291 894 322 αὐτὸν,

116 340 148 375 τῷ
165 340 224 375 Θεῷ
242 340 329 373 λέγει,
345 339 424 374 μόνον
439 339 489 365 οὐκ
511 339 599 365 ἐκεῖνο
619 338 698 373 βοῶν,
716 338 756 364 ὅτι
776 338 813 364 Τὸ
830 338 896 372 ὲμδν

113 385 192 416 πάθος
209 386 238 411 ἐν
263 385 304 411 σοὶ
321 384 458 418 γενέσθω,
481 384 497 420 ἡ
517 383 584 419 ἐμοῦ
608 383 692 410 κακία
715 383 762 409 ἐπὶ
785 383 815 410 σὲ
836 383 895 409 δια-

114 432 191 467 ϐήτω.
218 431 261 462 Ὠς
277 431 331 466 γὰρ
349 431 376 456 ὲν
388 431 447 462 ταῖς
464 429 648 465 ἀνθρωπίναις
664 430 763 465 μάχαις
775 430 825 456 οὐκ
839 430 896 456 ἔστι

115 475 359 511 ουμμαχῆσαίτινα
375 474 414 510 τῷ
427 474 468 500 ἐν).
485 475 571 510 μέρει,
586 474 622 509 μὴ
638 473 896 509 συμπαροξυνθέντα

114 521 149 555 τῷ
172 520 342 556 ὀργιζομένῳ
370 520 441 547 κατὰ
464 519 511 546 τοῦ
538 519 790 555 προσπαλαίοντοςο
825 519 897 546 οὕτω

114 565 188 600 δῆλον
205 566 246 592 ὅτι
261 566 274 591 ὁ
290 564 361 592 κατὰ
374 565 419 591 τοῦ
437 564 534 601 ἐχθροῦ
550 564 595 591 τὸν
610 564 675 591 Θεὸν
693 564 786 596 κινῶν,
801 573 896 601 συνορ-

113 610 234 646 γισθῆναι
254 609 423 646 παρακαλεῖ,
439 610 486 636 καὶ
511 608 557 636 τοῦ
575 608 662 644 θυμοῦ
684 609 812 637 κοινωνὸν
824 610 898 643 γενέ-

113 656 179 682 σθαι.
198 656 282 682 Τοῦτο
295 656 323 682 δέ
336 656 394 682 ἐστι
407 655 437 682 τὺ
451 656 492 686 εἰς
504 654 590 686 πάθος
604 656 696 681 πεσεῖν
711 655 741 682 τὺ
750 655 837 687 Θεῖον,
851 656 897 683 καὶ

112 702 177 728 κατὰ
192 701 332 736 ἄνθρωπον
342 700 507 736 διατεθῆναι,
519 701 567 727 καὶ
581 701 621 731 είς
634 700 752 736 θηριώδη
765 701 897 736 ἀπήνειαν

112 749 141 775 ἐκ
155 749 204 783 τῆς
219 748 325 784 ἀγαθῆς
343 747 451 782 φύσεως
470 746 695 782 μεταποιηθῆναι.
715 746 808 779 Οὕτως
823 748 837 774 ὁ
856 747 897 774 δο-

113 794 250 830 ξτμανῶιν
276 794 362 825 οὕτως
384 794 397 820 ὁ
417 794 446 820 ὲν
473 793 649 829 ὑπερηφανίᾳ
667 793 698 819 τὸ
719 793 800 820 πλέον
824 793 897 829 ἔχειν

949 205 1074 234 paratum
1101 200 1226 231 accedat,
1252 203 1335 233 atque
1360 199 1471 227 omissis
1489 199 1522 226 iis
1539 199 1631 231 rebus,
1646 207 1707 235 qua:
1721 208 1737 227 a

949 251 1013 278 rege
1028 244 1082 278 peti
1098 243 1207 273 solent.
1236 247 1312 270 tanta
1334 243 1468 278 dignitate
1482 243 1626 279 przedilum
1647 249 1735 280 roget,

949 293 980 316 ut
1002 291 1035 316 ex'
1056 289 1112 316 luto
1130 289 1245 317 subacto
1270 292 1352 324 atque
1372 289 1539 317 concinnato
1560 289 1661 317 efﬁciat
1687 291 1738 319 alie

948 335 1026 370 quid,
1042 335 1116 370 quod
1137 335 1190 362 sibi
1212 335 1287 362 cordi
1304 335 1340 362 sit
1363 344 1370 362 :
1390 335 1427 362 ita
1449 335 1531 363 etiam
1547 335 1571 363 is
1587 337 1633 371 qui
1652 336 1739 371 impe-

949 381 1001 408 rite
1013 381 1098 408 utitur
1110 381 1244 413 oratione,
1263 388 1317 408 non
1331 381 1366 408 ad
1380 381 1472 409 dantis
1489 380 1661 408 altitudinem
1678 389 1739 409 sese

949 426 1050 460 erigit,
1064 425 1112 453 sed
1127 425 1160 452 ad
1176 426 1313 459 sordidas.
1330 424 1449 454 humiles
1467 430 1494 454 et
1513 430 1615 453 terram
1630 427 1740 462 sapien-

950 475 990 498 tes
1003 471 1170 505 cupiditales
1186 479 1251 499 suas
1268 472 1389 500 divinam
1406 473 1557 508 potentiam
1573 473 1740 501 descendere

950 517 1097 550 desiderat,
1116 522 1197 553 atque
1211 518 1293 554 hujus
1307 519 1346 546 rei
1363 519 1450 554 gratia
1465 519 1580 548 vitiosos
1593 525 1618 547 et
1632 524 1740 553 pertur-

949 564 1029 591 batos
1045 564 1129 590 animi
1150 564 1268 599 impetus
1281 568 1309 591 et
1328 568 1419 592 motus
1439 565 1523 592 corda
1538 565 1661 592 cernenti
1680 573 1740 600 pro-

950 609 1013 640 fert,
1031 617 1086 636 non
1107 614 1137 637 ut
1165 616 1244 638 sanet
1269 610 1404 638 absurdos
1423 611 1507 638 animi
1523 615 1624 642 motus,
1643 611 1690 638 sed
1709 614 1739 637 ut

949 655 1054 681 auxilio
1071 655 1130 687 Dei,
1145 661 1342 691 repnesentato
1356 664 1441 691 pravo
1460 657 1572 692 impetu,
1588 657 1738 685 deteriores

950 700 1117 729 efficiantur.
1132 701 1269 734 Quoniam
1294 703 1368 730 enim
1391 702 1437 730 ille
1453 703 1585 731 molestus
1600 708 1641 731 est
1658 707 1739 738 atque

949 744 1011 771 odio
1023 752 1071 772 cor
1091 753 1181 773 meum
1199 746 1314 780 laborat,
1331 747 1445 775 Percute
1458 754 1532 781 eum;
1548 749 1581 776 ad
1594 749 1679 776 Deum
1696 749 1739 775 dl-

950 790 1002 822 cit,
1024 790 1104 817 modo
1131 798 1185 818 non
1205 791 1273 819 illud
1295 793 1418 820 clamans
1433 803 1440 821 :
1457 794 1532 822 Meus
1548 795 1632 822 animi
1648 799 1740 823 motus

111 839 247 875 ἐπιθυμῶν
257 847 263 854 ·
282 841 296 867 ὸ
308 840 336 866 ἐν
350 841 383 875 τῇ
400 839 552 875 διαδικασίᾳ
567 839 634 874 πρὸς
648 839 697 874 τὴν
715 839 793 875 νίκην
811 840 893 866 σπεύ-

957 843 973 861 n
987 839 1014 862 te
1029 835 1074 868 sit,
1089 843 1121 863 ac
1136 844 1195 864 mea
1208 837 1312 865 malitia
1324 842 1406 873 atque
1416 840 1537 875 nequitia
1554 841 1587 868 ad
1606 845 1632 868 te
1650 845 1741 869 trans-

111 887 160 912 διον
175 895 179 901 ·
194 887 208 912 ὁ
227 886 257 912 ἐν
273 887 330 918 τοῖς
349 887 494 921 γυμνικοῖς
516 885 603 920 ἀγῶσι
623 885 692 920 πρὸς
704 885 750 912 τὸν
769 885 900 920 στέφανον

111 931 301 966 ἐπειγόμενος·
314 931 328 957 ὁ
343 932 372 957 ὲν
383 931 507 967 θεάτροις
522 931 571 966 τῆς
587 930 726 966 εὐφημίας
743 930 882 957 ἀντιποιοὺ
892 945 900 950 -

112 987 187 1014 μενος
196 987 202 993 ·
218 978 347 1010 πολλάκις
357 978 385 1004 δὲ
396 978 443 1004 καὶ
455 978 469 1003 ὁ
480 977 547 1013 πρὸς
560 977 590 1004 τδ
605 977 740 1009 λυσσῶδες
750 977 800 1012 τῆς
812 978 901 1012 νεότη-

110 1033 152 1056 τος
171 1024 257 1055 πάθος
278 1019 574 1059 ἐκτετηκώς.’Πάντες
596 1019 669 1049 οὗτοι
696 1022 745 1057 οὐχ
769 1022 843 1054 ὅπως
868 1022 901 1049 ἂν

111 1069 161 1101 ἔξω
188 1069 236 1095 τοῦ
266 1068 480 1103 ἐπικρατοῦντος
512 1068 729 1103 ἀρρωστήματος
760 1068 898 1101 γένοιντο,

112 1114 277 1149 προσάγουσι
294 1112 354 1148 Θεῷ
376 1112 426 1144 τὰς
440 1112 547 1147 δεήσεις
560 1132 568 1144 ,
585 1112 642 1138 ἀλλ’
657 1112 731 1143 ὅπως
747 1112 778 1138 ἂν
795 1113 835 1143 εἰς
851 1112 900 1138 πέ-

112 1168 159 1194 ρας
178 1159 268 1191 αὐτοῖς
284 1160 300 1194 ὴ
319 1158 395 1190 νόσος
408 1158 478 1185 ἔλθοι
491 1166 498 1173 ·
519 1159 565 1185 καὶ
581 1157 610 1184 τὸ
623 1158 783 1192 διαμαρτεῖν
797 1157 900 1184 τούτων

111 1206 170 1232 ἀντὶ
194 1206 336 1241 συμφορᾶς
360 1204 475 1236 ἕκαστος
504 1204 663 1239 κρίνοντες,
692 1204 899 1239 βαττολογοῦσιν

110 1251 202 1282 εντως.
212 1250 341 1286 συνεργὸν
349 1250 398 1285 τῆς
408 1249 529 1277 κατὰτὺν
539 1250 599 1276 νοῦν
610 1249 765 1286 ἀρρωστίας
774 1249 901 1283 γενέσθαι

110 1298 154 1324 τὸν
168 1298 234 1325 Θεὸν
250 1297 417 1329 ἱκετεύοντες
429 1305 436 1312 ⁸
455 1297 502 1324 καὶ
518 1297 549 1323 τὸ
569 1297 678 1324 πάντων
692 1295 900 1332 χαλεπώτατον,

110 1344 150 1370 ὅτι
162 1343 230 1378 πρὸς
242 1343 290 1375 τὰς
302 1343 426 1375 ἐναντίας
437 1342 525 1378 ὁρμὰς
534 1342 667 1370 κινεῖσθαι
678 1343 709 1369 τὸ
719 1343 796 1370 Θεϊον
811 1342 902 1375 αὐτοῖς

112 1389 303 1424 ἐπιθυμοῦσιν,
319 1389 359 1420 είς
373 1388 522 1423 ἀγριότητα
536 1388 583 1414 καὶ
597 1388 802 1424 φιλανθρωπίαν
825 1388 902 1424 μερί-

111 1433 201 1466 ζοντες
220 1433 267 1460 τοῦ
286 1433 354 1460 Θεοῦ
377 1433 426 1469 τὴν
448 1433 597 1469 ἐνέργειαν.
617 1434 665 1461 Ὃν
684 1433 740 1470 γὰρ
759 1434 838 1461 ἱῖλεων
855 1434 902 1461 καὶ

110 1481 197 1515 πρᾶον
217 1480 390 1515 ἐπιζητοῦσιν
412 1480 519 1515 ἑαυτοῖς
543 1478 628 1512 εἶναι,
651 1480 744 1507 τοῦτον
759 1481 856 1517 πικρόν
871 1490 901 1508 τε

112 1527 159 1553 καὶ
174 1526 266 1561 ἀπηνῆ
280 1527 336 1558 τοῖς
347 1525 454 1561 ἐχθροῖς
471 1526 561 1553 αὐτῶν
577 1527 762 1563 ἐπιδειχθῆναι
778 1536 902 1563 παρακα-

109 1573 210 1600 λοῦσιν.
228 1573 259 1599 Ὢ
279 1572 330 1606 τῆς
345 1572 437 1603 ἀνδίας
452 1572 506 1598 τῶν
529 1572 780 1607 βαττολογούντωνῐ
796 1574 821 1599 εί
845 1573 902 1610 γὰρ

109 1618 225 1649 ἐκείνοις
241 1618 347 1654 ἀπηνὴς
360 1620 374 1645 ὁ
388 1618 454 1650 Θεὸς
465 1639 472 1651 ,
487 1619 547 1645 οὐδὲ
560 1619 602 1645 σοι
620 1619 728 1651 πάντως
740 1620 854 1655 ἥμερος.
871 1619 902 1645 Et

108 1663 136 1690 δὲ
150 1664 196 1690 ἐπὶ
211 1663 258 1690 σοῦ
272 1663 340 1699 πρὸς
355 1663 430 1690 ἔλεον
442 1663 529 1699 ῥέπει,
546 1664 616 1690 κατὰ
627 1671 659 1697 γε
671 1664 720 1699 τὴν
735 1664 784 1699 σὴν
795 1663 901 1696 ἐλπίδα,

109 1709 170 1740 πῶς
192 1710 225 1736 ἂν
253 1709 432 1745 μεταϐάλοιτο
456 1709 524 1744 πρὸς
549 1709 702 1736 τούναντίον
724 1711 764 1740 εἰς
791 1710 903 1744 πικρίαν

111 1755 295 1791 μεθαρμᾶζων
323 1755 369 1782 τὸν
384 1755 478 1786 ἐλεον;
501 1754 581 1781 Ἀλλὰ
598 1754 651 1790 πρὸ
669 1755 760 1790 χειρὸς
779 1755 833 1782 τῶν
847 1756 902 1791 ἐρι-

110 1801 212 1828 στικῶν
231 1802 247 1837 ἡ
269 1801 336 1837 πρὸς
354 1801 384 1828 τὸ
404 1800 523 1827 τοιοῦτον
535 1800 680 1832 ἀντίθεσις.
696 1801 784 1833 Εὐθὺς
798 1801 852 1837 γὰρ
863 1802 903 1833 είς

111 1847 276 1882 συνηγορίαν
293 1847 341 1882 τῆς
356 1845 461 1873 ἑαυτῶν
481 1846 593 1881 πικρίας
612 1846 662 1878 τὰς
682 1848 715 1873 ἐκ
731 1848 780 1882 τῆς
795 1855 902 1882 προφη-

108 1892 186 1924 τείας
205 1892 295 1926 φωνὰς
311 1891 526 1927 παρατίθενται·
546 1892 592 1918 τὸν
606 1891 688 1918 Δαειδ
703 1892 825 1919 ἐκλιπεῖν
840 1894 903 1924 τοὺς

108 1936 289 1972 ἁμαρτωλοὺς
307 1935 441 1962 ποθοῦντα
453 1956 459 1968 ,
477 1935 523 1962 καὶ
543 1936 675 1972 αίο-χύνην
702 1937 748 1964 καὶ
769 1937 903 1973 ἐντροπὴν

98 1973 165 2007 ’τῶν
189 1981 294 2016 ἐχθρῶν
312 1981 526 2016 κατευχόμενοψ
547 1981 593 2008 τὸν
621 1982 756 2018 Ἱερεμίαν
777 1983 840 2010 ἰδεῖν
854 1982 904 2019 τὴν

110 2026 189 2061 παρὰ
207 2026 265 2061 Θεῷ
283 2026 422 2062 ἐκδίκησιν
435 2028 467 2054 ὲκ
483 2027 536 2054 τῶν
554 2028 682 2056 ἐναντίων
701 2029 902 2065 ἐπιθυμοῦντα·

109 2073 158 2099 τὸν
180 2073 258 2108 Ὠσηὲ
277 2073 383 2109 μήτραν
402 2073 584 2108 ἀτεκνοῦσαν,
601 2075 648 2102 καὶ
665 2077 784 2111 μαστοὺς
803 2076 904 2112 ξηροὺς

108 2118 223 2154 δοθῆναι
249 2120 304 2151 τοῖς
325 2119 432 2154 ἐχθροῖς
454 2120 591 2155 δεόμενον.
609 2121 664 2147 Καὶ
684 2121 770 2148 πολλὰ
792 2121 904 2148 τοιαῦτα

109 2165 253 2201 σποράδην
267 2166 382 2201 κείμενα
395 2167 455 2198 ταῖς
466 2166 559 2200 ἁγίαις
575 2167 699 2202 Γραιραίς
713 2166 901 2201 ἀναλέγονται,

110 2211 303 2247 συνιστάμενοι
317 2212 347 2238 τὸ
358 2211 412 2238 δεῖν
431 2211 485 2238 τῶν
499 2212 628 2239 ἐναντίων
647 2212 836 2247 κατεύχεσθαι,
858 2213 905 2239 καὶ

109 2257 163 2292 τῆς
181 2259 285 2285 ἑαυτῶν
301 2258 413 2293 πικρίας
431 2258 560 2293 συνεργὸν
570 2257 697 2292 γενέσθαι
713 2258 758 2285 τοῦ
777 2257 845 2284 Θεοῦ
856 2257 905 2293 τὴν

110 2303 280 2340 ἁγαθότητα.
298 2304 367 2331 Ἀλλ’
379 2305 459 2340 ἡμεῖς
468 2304 506 2336 ὡς
518 2304 550 2331 ἂν
562 2306 594 2331 ὲκ
605 2305 723 2340 παρόδου
737 2305 799 2335 τοὺς
811 2306 843 2331 ἐκ
855 2305 906 2340 τῆς

109 2350 243 2386 τοιαύτης
269 2352 397 2387 ἀφορμῆς
417 2351 486 2386 πρὸς
507 2350 537 2377 τὸ
557 2350 678 2377 ἐναντίον
704 2349 906 2385 ὀδηγουμένους

111 2395 273 2431 παύσαιμεν
294 2396 533 2432 βαττολογοῦντας,
545 2395 628 2422 τοῦτο
647 2396 710 2431 περὶ
722 2395 839 2422 ἑκάστου
852 2394 906 2422 τῶν

112 2441 358 2476 μνημονευθέντων
369 2441 594 2476 παραθησόμεθα.

950 884 1004 907 eat.
1032 879 1067 907 Ut
1089 881 1162 914 enim
1186 882 1214 909 in
1238 883 1379 910 hominum
1402 884 1473 912 inter
1496 893 1527 913 se
1548 886 1664 921 prmliis,
1684 894 1741 914 non

951 929 1042 960 potest
1062 926 1163 962 aliquis
1186 927 1234 955 uni
1248 929 1319 963 parti
1341 929 1473 958 auxilium
1493 930 1579 965 ferre,
1609 932 1662 960 nisi
1686 941 1740 960 una

951 979 1013 998 cum
1029 971 1166 1001 irascente
1189 974 1271 1002 simul
1295 975 1323 1002 in
1338 975 1528 1005 adversarium
1542 978 1698 1007 concitatus
1714 983 1742 1006 et

951 1018 1134 1046 exacerbatus
1162 1019 1218 1046 sit:
1237 1020 1273 1047 ita
1308 1021 1485 1056 perspicuum
1517 1028 1570 1055 est,
1596 1024 1670 1058 quod
1694 1025 1740 1060 qui

954 1063 1039 1090 Deum
1066 1069 1220 1093 commovet
1238 1065 1373 1094 adversus
1390 1067 1545 1100 inimicum.
1566 1077 1629 1097 eum
1648 1075 1739 1106 rogat,

952 1112 982 1136 ut
1006 1116 1061 1136 una
1079 1109 1226 1142 irascatur,
1243 1114 1270 1138 et
1286 1110 1334 1138 irae
1350 1112 1442 1139 socius
1458 1113 1514 1140 ﬁat.
1536 1113 1564 1141 ld
1581 1118 1671 1143 autem
1687 1121 1740 1148 est,

951 1157 978 1182 in
994 1157 1227 1190 perturbationem
1246 1157 1370 1186 incidere
1394 1167 1495 1187 numen
1513 1160 1648 1194 divinum,
1661 1166 1688 1189 et
1700 1162 1743 1189 af-

953 1201 997 1228 fici
1022 1209 1099 1230 more
1119 1203 1250 1236 humano,
1275 1208 1357 1239 atque
1379 1212 1412 1232 ex
1430 1205 1502 1233 bona
1516 1212 1614 1234 natura
1636 1207 1662 1234 in
1679 1207 1743 1236 feri-

953 1254 1016 1274 nam
1034 1248 1168 1276 szcvitiam
1193 1251 1387 1278 transmutari.
1412 1251 1451 1279 Ita
1466 1253 1512 1288 qui
1535 1253 1629 1288 gloriae
1646 1254 1742 1283 insana

953 1293 1081 1328 cupidine
1105 1299 1236 1329 vexatur;
1258 1296 1295 1323 ita
1319 1298 1367 1332 qui
1392 1298 1519 1333 superbia
1535 1299 1670 1328 excellere
1682 1305 1742 1328 stu-

952 1338 1022 1372 det;
1046 1340 1093 1375 qui
1122 1341 1149 1367 in
1170 1341 1295 1376 judiciali
1318 1343 1517 1378 disceptatione
1538 1345 1571 1372 ad
1597 1346 1741 1375 victoriam

953 1383 1084 1419 festinat;
1113 1386 1160 1421 qui
1179 1387 1207 1413 in
1232 1388 1368 1423 gymnicis
1388 1390 1588 1418 certaminibus
1608 1391 1641 1419 ad
1660 1399 1743 1420 θοι-ον

953 1438 1016 1458 nam
1032 1435 1178 1466 properat;
1203 1433 1248 1468 qui
1267 1433 1294 1460 in
1310 1434 1425 1462 theatris
1442 1434 1548 1464 faustas
1569 1438 1744 1465 acclamatio-

953 1485 1003 1505 nes
1028 1476 1149 1505 atiectat.
1167 1478 1245 1514 Saepe
1263 1485 1353 1508 autem
1368 1481 1450 1508 etiam
1472 1482 1495 1509 is
1509 1483 1556 1518 qui
1571 1488 1682 1518 propter
1699 1484 1743 1511 in~

955 1531 1052 1552 sanum
1069 1524 1226 1559 juventutis
1248 1526 1374 1554 morbum
1390 1528 1561 1556 contabescit
1578 1539 1584 1557 :
1607 1537 1702 1558 onmes
1715 1531 1743 1558 hi

955 1578 1010 1598 non
1036 1575 1066 1598 ut
1089 1579 1132 1605 eo,
1160 1580 1216 1607 quo
1236 1577 1375 1606 tenentur,
1401 1573 1497 1602 morbo
1512 1574 1671 1609 liberentur,
1688 1575 1744 1604 Deo

954 1623 1050 1651 preces
1064 1616 1192 1651 oii'erunt,
1214 1619 1261 1646 sed
1286 1624 1316 1646 ut
1345 1619 1381 1646 ad
1408 1619 1489 1647 tinem
1513 1621 1626 1648 morbus
1648 1629 1743 1649 eorum

954 1661 1131 1696 perducatur,
1155 1667 1183 1690 et
1206 1663 1385 1698 compleatur.
1402 1665 1492 1700 Atque
1509 1666 1567 1693 haec
1581 1666 1603 1694 si
1620 1667 1744 1694 obtinere

955 1714 1011 1734 non
1032 1707 1150 1742 possint,
1168 1709 1358 1737 calamitosum
1374 1710 1493 1745 quisque
1509 1711 1562 1739 sibi
1573 1711 1742 1745 judicantes.

955 1751 1092 1780 blaterant
1113 1761 1218 1788 revera,
1243 1758 1273 1781 ut
1287 1754 1386 1782 mentis
1399 1762 1456 1783 suae
1472 1756 1558 1783 morbi
1574 1757 1683 1792 adjulor
1698 1759 1744 1791 sit,

956 1798 1010 1826 Deo
1034 1800 1221 1834 supplicantes
1240 1809 1247 1828 :
1267 1808 1299 1828 ac
1311 1800 1386 1836 quod
1409 1802 1532 1829 omnium
1550 1803 1744 1838 gravissimum

955 1849 1008 1878 est,
1026 1845 1060 1872 ad
1087 1852 1170 1880 quam
1197 1847 1316 1875 maxime
1337 1847 1492 1876 contrarios
1513 1853 1603 1876 motus
1622 1849 1743 1878 divinum

955 1898 1057 1918 numen
1078 1891 1131 1919 sibi
1160 1893 1264 1920 moveri
1282 1894 1495 1928 concupiscunt,
1518 1895 1545 1921 in
1562 1894 1697 1923 feritatem
1718 1886 1747 1924 et

955 1936 1163 1970 humanitatem,
1175 1937 1326 1965 efficaciam
1341 1937 1386 1966 Dei
1401 1938 1560 1973 partientes.
1574 1939 1659 1972 Quem
1672 1940 1746 1967 enim

955 1982 1104 2018 propitium
1119 1987 1146 2010 et
1160 1983 1255 2012 mitem
1278 1984 1331 2011 sibi
1351 1992 1411 2012 esse
1432 1984 1600 2018 desiderant,
1621 1993 1684 2013 eum
1700 1994 1746 2014 as-

957 2035 1051 2063 perum
1067 2031 1094 2056 et
1124 2028 1256 2057 immitem
1279 2029 1399 2058 inimicis
1426 2031 1485 2058 suis
1508 2030 1566 2058 fieri
1591 2035 1700 2066 rogant.
1724 2030 1746 2059 0

957 2072 1150 2100 blaterantium
1167 2073 1350 2101 dementiam!
1367 2074 1435 2102 Nam
1451 2076 1474 2103 sl
1492 2074 1564 2103 Deus
1584 2075 1637 2104 illis
1658 2076 1747 2103 immi-

956 2119 1003 2150 tis,
1028 2126 1062 2146 ne
1084 2119 1134 2146 tibi
1162 2119 1274 2154 quidem
1303 2127 1418 2155 prorsus
1448 2121 1574 2156 placidus
1602 2121 1664 2148 erit.
1697 2120 1746 2149 Siu

957 2169 1049 2191 autem
1075 2165 1103 2192 in
1127 2169 1164 2198 te,
1184 2169 1216 2192 ut
1240 2170 1316 2193 certe
1339 2173 1448 2201 speras,
1476 2167 1509 2194 ad
1527 2166 1745 2201 misericordiam

957 2218 1110 2246 propensus
1133 2216 1200 2239 est:
1226 2212 1364 2246 quomodo
1386 2212 1414 2239 in
1437 2212 1607 2240 contrarium
1626 2212 1745 2239 mutabi-

957 2259 1012 2288 tur,
1028 2256 1061 2284 ad
1074 2257 1206 2284 saevitiam
1220 2257 1440 2285 miscricordiam
1456 2258 1625 2285 traducens?
1645 2257 1697 2285 Sed
1711 2258 1746 2285 ad

957 2301 1009 2328 hoc
1021 2301 1048 2328 in
1067 2306 1194 2337 promptu
1207 2303 1444 2331 contentiosorum
1461 2303 1600 2338 oppositio
1616 2302 1743 2331 est.Pro-

956 2347 1032 2375 tinus
1057 2348 1129 2376 enim
1160 2348 1193 2376 ad
1221 2348 1451 2383 patrocinandum
1473 2357 1530 2377 sua:
1549 2349 1691 2376 acerbitati
1714 2357 1747 2376 ex

956 2394 1101 2429 prophetia
1121 2394 1282 2430 desumptas
1306 2403 1389 2423 voces
1412 2399 1570 2431 proponunt
1589 2405 1595 2422 :
1619 2394 1748 2422 Davidem

961 2439 1078 2468 deiicere
1097 2445 1257 2475 peccatores
1281 2441 1499 2474 desiderantem,
1525 2446 1552 2469 et
1577 2441 1707 2477 pudorem
1723 2445 1750 2468 ct

110 2486 306 2514 confusionem
343 2485 464 2513 inimicis
486 2486 683 2520 imprecantem
698 2485 720 2500 "
735 2495 741 2512 :
778 2483 938 2518 Jeremiam,
958 2485 1107 2513 vindictam
1122 2491 1150 2514 et
1165 2494 1261 2521 poenas
1278 2494 1294 2514 a
1314 2486 1370 2515 Deo
1387 2487 1421 2515 de
1438 2487 1604 2516 adversariis
1627 2493 1750 2523 sumptas

111 2536 212 2563 videre
235 2534 388 2569 cupientem
403 2533 426 2549 “
450 2543 455 2560 :
475 2533 573 2561 Oseam
616 2532 725 2559 vulvam
748 2532 871 2560 sterilem
898 2535 927 2559 et
946 2531 1030 2559 ubera
1050 2533 1125 2560 sicea
1167 2533 1287 2562 inimicis
1301 2534 1362 2561 dari
1383 2538 1523 2569 rogantem
1539 2534 1572 2560 ".
1601 2535 1640 2561 Ae
1664 2534 1750 2560 multa

109 2582 181 2608 talia
197 2581 299 2615 passim
321 2579 347 2606 in
356 2580 459 2607 sanctis
477 2579 628 2614 Scripturis
643 2580 731 2614 posita
752 2579 896 2614 colligunt,
917 2579 989 2614 quod
1010 2579 1178 2608 adversariis
1210 2581 1369 2616 imprecari,
1389 2585 1416 2608 et
1431 2589 1488 2609 sua:
1505 2581 1627 2616 ipsorum
1641 2581 1750 2608 saevitia.-

110 2627 266 2655 bonitatem
299 2625 345 2653 Dei
375 2625 536 2661 adjutricem
565 2625 719 2654 adsciscere
752 2630 889 2661 oporteat,
903 2626 1112 2654 eoneludentes.
1129 2626 1231 2655 Verum
1253 2635 1314 2659 nos.
1331 2631 1361 2655 ut
1373 2627 1462 2655 obiter
1475 2635 1581 2659 eorum,
1599 2627 1645 2662 qui
1661 2634 1693 2654 ex
1709 2630 1748 2653 ta-

112 2675 131 2700 li
152 2673 299 2699 Occasione
322 2673 349 2700 in
376 2672 544 2700 contrarium
564 2671 745 2705 deducantur,
776 2673 877 2707 ineptis
903 2680 936 2700 ac
955 2673 1034 2701 vanis
1057 2674 1233 2702 sermonibus
1261 2676 1343 2701 linem
1360 2675 1546 2710 imponamus,
1567 2674 1618 2700 hoc
1639 2671 1671 2698 ad
1694 2671 1750 2699 sin-

110 2724 191 2759 gula.
213 2730 273 2757 quze
293 2726 440 2748 memorata
459 2726 534 2753 sunt,
551 2721 577 2747 in
592 2720 711 2748 medium
728 2721 904 2748 adducemus.

152 2814 176 2829 ²¹
197 2812 268 2840 Psal.
286 2820 310 2839 lx
323 2832 329 2843 ,
348 2812 358 2838 1
377 2820 438 2846 sqq.

276 2858 412 2890 ΡΑτιιοι.
426 2858 484 2889 Gn.
502 2858 612 2890 XLIV.

477 2812 498 2827 ²’
516 2810 616 2838 Jcrem.
637 2819 653 2838 ι
665 2831 672 2844 ,
691 2811 734 2838 17.
773 2811 795 2827 ’³
814 2810 876 2840 Osc.
893 2818 918 2838 Ix
931 2831 938 2844 ,
953 2810 969 2838 6
985 2818 1045 2846 sqq.

1553 2853 1590 2884 36
