1978 3068
273 137 336 166 “Si

888 134 916 162 S.
932 133 1095 162 GREGORH
1118 133 1260 160 N‘I’SSENI

1829 134 1898 162 “32

305 193 401 220 Nullus
420 199 452 218 ex
470 199 532 218 rere
550 191 664 223 sanctis,
682 198 696 218 a
720 196 815 218 sancto
837 191 941 226 Spiritu
958 192 1055 219 divini~

1146 192 1239 223 Οὐδεὶς
1254 192 1307 218 τῶν
1321 191 1428 226 ἀληθῶς
1443 192 1537 225 ἁγίων,
1555 191 1609 218 τῶν
1621 191 1660 226 τῷ
1674 191 1744 226 ἁγίῳ
1757 192 1898 227 Πνεύματι

269 245 313 266 tus
328 238 447 268 alilatis,
473 245 590 272 quorum
613 237 686 264 dicta
711 236 803 264 divina
821 237 995 264 ordinatione
1023 237 1055 264 ad

270 283 483 310 admonitionem
503 282 705 316 insequentium
729 282 870 310 hominum
899 284 1054 318 perscripta

271 333 344 359 sunt,
357 327 459 361 aliquid
478 327 541 353 ntali
559 327 609 354 sibi
628 327 718 354 studio
735 327 866 355 habuisse
881 328 1056 355 demonstra-

271 373 364 406 bitur;
382 373 428 400 sed
452 374 583 404 omnium,
606 381 666 408 qua:
689 373 722 400 ah
740 373 807 408 ipsis
829 374 901 400 dicta
918 378 992 406 sunt,
1010 374 1054 401 in-

271 419 356 446 tentio
370 423 451 452 atque
469 419 613 446 consilium
633 423 738 454 spectat
754 419 787 445 ad
813 419 1011 446 correctionem
1029 423 1056 446 et

270 464 485 491 emendationem
503 464 666 490 vitiositatis
681 468 763 499 atqtte
779 464 898 497 ntalitire,
915 471 976 499 quae
991 468 1056 491 tttne

270 513 296 538 in
311 516 407 537 natura
426 511 542 545 vigebat.
557 510 791 543 Quemadmodum
821 511 903 546 igitur
927 511 982 544 ille,
1008 510 1055 546 qui

269 561 338 589 orat,
365 564 399 584 ne
419 557 472 584 sint
499 560 674 591 aegrotantes.
703 564 735 583 ne
760 557 815 584 sint
843 561 972 591 egentes,
1000 564 1055 583 non

271 603 409 628 hominum
423 601 573 631 interitum,
590 601 638 628 scd
661 601 748 627 morbi
773 606 799 628 et
819 603 950 636 egestatis
972 602 1057 629 aboli-

270 649 368 674 tionem
387 646 443 673 lieri
459 647 535 681 cupit
551 655 557 672 :
575 646 610 672 ita
625 646 718 676 etiam,
739 646 802 674 dum
817 648 934 682 quisque
947 651 1057 675 sancto-

270 701 329 719 rum
346 696 436 723 orant,
455 695 485 719 ut
501 692 538 723 id,
556 692 627 727 quod
644 696 751 720 natura;
765 693 909 720 adversum
925 698 950 720 et
963 693 1056 720 inimi-

270 746 332 764 ctttn
360 742 422 769 est,
448 737 482 764 ad
508 737 648 765 interitum
678 738 839 773 redigatur,
871 739 1056 774 suspicionem

271 782 485 816 imperitioribus
509 783 640 817 praebent,
667 784 745 818 quasi
777 784 908 811 adversus
932 784 1056 812 homines

270 829 382 855 saeviant
408 833 436 855 et
462 829 614 855 exacerbati
644 829 708 855 sint.
736 828 803 855 Nam
831 833 858 856 et
883 829 1054 857 Psalmorum

1109 237 1343 273 θεοφορουμένων,
1359 233 1395 263 ὧν
1407 238 1434 264 αί
1453 238 1546 273 ῥήσεις
1561 237 1631 263 κατὰ
1651 237 1726 264 Θείαν
1743 238 1899 273 οἰκονομίαν

1108 283 1148 314 είς
1179 283 1321 310 νουθεσίαν
1343 283 1397 309 τῶν
1421 283 1520 316 ἐφεξῆς
1545 283 1748 318 ἀνεγράφησαν,
1774 284 1819 310 ἐπί
1845 293 1898 311 τινι

1107 328 1185 363 κακῷ
1206 329 1255 364 τὴν
1277 329 1393 363 σπουδὴν
1414 328 1483 364 ἔχων
1499 328 1718 364 ἐπιδειχθήσεται
1731 337 1737 343 ’
1758 330 1826 356 ἀλλὰ
1845 332 1898 362 πᾶς

1108 375 1198 405 αὐτοῖς
1210 375 1224 400 ὁ
1237 374 1336 406 σκοπὸς
1358 374 1412 401 τῶν
1423 375 1525 408 λόγων,
1540 374 1609 410 πρὸς
1621 374 1762 410 διόρθωσιν
1779 376 1828 410 τῆς
1843 377 1899 408 ἐμ.-

1107 419 1318 454 πολιτευομένης
1339 421 1370 455 τῇ
1389 419 1468 454 φύσει
1482 420 1581 451 κακίας
1598 419 1700 454 βλέπει.
1722 414 1827 456 ’Ὠσπερ
1843 422 1899 448 τοί-

1107 474 1155 491 νυν
1178 466 1192 491 ὁ
1214 465 1360 500 εὐχόμενος
1376 465 1413 500 μὴ
1426 463 1495 492 εἶναι
1510 465 1665 498 νοσοῦντας,
1685 466 1721 501 μὴ
1738 464 1806 492 εἶναι
1826 476 1901 494 πτω-

1109 511 1240 546 χεύοντας
1251 531 1258 543 ,
1275 511 1306 537 οὐ
1318 511 1372 537 τῶν
1385 510 1536 546 ἀνθρώπων
1551 511 1702 546 ἀναίρεσιν,
1714 511 1780 538 ἀλλὰ
1794 513 1842 547 τῆς
1861 513 1900 539 νό-

1109 564 1155 582 σου
1169 556 1215 582 καὶ
1230 556 1278 591 τῆς
1298 556 1434 590 πτωχείας
1447 556 1600 591 ἀφανισμὸν
1612 557 1739 592 ἐπιθυμεῖ
1751 559 1878 591 γενέσθαι
1890 568 1896 574 ·

1107 601 1178 628 οὕτω
1194 602 1241 628 καὶ
1254 601 1308 628 τῶν
1326 602 1411 636 ἁγίων
1423 602 1547 634 ἕκαστος,
1565 603 1596 629 τὺ
1608 604 1641 638 τῇ
1654 603 1733 637 φύσει
1747 604 1841 639 ἐχθρὸν
1851 605 1899 631 καὶ

1108 648 1236 683 πολέμιον
1265 649 1305 679 είς
1335 648 1487 684 ἀφανισμὸν
1514 648 1599 675 ἐλθεῖν
1619 649 1651 676 δι’
1673 649 1756 684 εὐχῆς
1780 650 1897 685 ἔχοντες,

1108 694 1234 720 ὖπόνοιαν
1250 695 1306 725 τοῖς
1327 694 1563 730 ἀπαιδευτοτέροις
1578 695 1752 730 παρέχουσιν,
1770 696 1808 728 ὡς
1828 697 1899 722 κατά

1108 739 1259 774 ἀνθρώπων
1270 735 1518 775 πικραινόμενοί’τε
1531 740 1577 766 καὶ
1592 740 1810 775 χαλεπαίνοντες.
1824 743 1857 768 ~0
1868 751 1897 768 τε

1108 785 1162 820 γὰρ
1171 785 1321 821 Ψαλμῳδὺς
1329 784 1424 818 εἰπὼν,
1433 785 1472 812 ὅτι
1482 785 1653 812 Ἐκλίποιεν
1663 786 1825 821 ἁμαρτωλοὶ
1839 788 1897 815 ἀπὸ

1108 830 1162 864 τῆς
1177 829 1232 865 γῆς
1251 830 1299 856 καὶ
1313 830 1428 864 ἄνομοι,
1449 830 1528 858 ὥστε
1547 831 1590 866 μὴ
1606 832 1753 867 ὑπάρχειν
1769 834 1879 866 αὐτούς
1890 842 1896 849 ·

270 875 387 908 scriptor
402 881 464 901 cum
488 874 557 901 dixit
579 873 737 901 :Tollantur
760 879 910 908 peccatore:
927 879 952 902 et
973 876 1055 910 iniqui

1108 877 1158 911 τὴν
1174 876 1310 912 ἁμαρτίαν
1322 876 1457 903 ἐκλείπειν
1471 878 1517 903 καὶ
1529 878 1642 912 ἀνομίαν
1655 878 1772 913 εῠχεται.
1791 880 1827 906 Οὐ
1846 880 1896 915 γὰρ

269 919 301 946 de
318 925 399 951 terra.
415 925 443 946 ut
459 928 510 946 non
533 920 584 946 sint
599 920 641 951 ’λς
659 925 689 947 ιιι
708 926 849 955 peccatum
873 926 900 949 et
926 922 1056 957 iniquitas

269 964 408 995 deﬁciant,
424 968 495 991 orat.
514 963 572 991 Non
598 965 670 991 enim
698 965 778 992 homo
802 965 942 994 hominum
969 968 1057 996 hostis

268 1014 330 1036 ost:
349 1010 394 1036 sed
412 1010 505 1037 liberae
521 1009 670 1038 voluntatis
696 1015 786 1039 mottts
807 1013 839 1038 ad
865 1013 1014 1047 nequitiam
1030 1018 1057 1041 et

270 1055 411 1087 malitiam,
436 1055 496 1081 loco
522 1054 608 1082 hostis
640 1055 782 1083 constituit
809 1056 835 1083 id
859 1057 931 1091 quod
958 1062 1056 1085 natura

268 1100 444 1134 conjunctum
461 1104 512 1137 est.
532 1099 566 1127 L't
586 1100 687 1127 malum
705 1101 787 1136 igitur
801 1102 920 1135 deﬁciat,
937 1108 1007 1131 orat.
1023 1104 1057 1131 At

269 1144 349 1171 homo
362 1144 462 1171 malum
477 1152 531 1171 non
543 1149 595 1171 est.
609 1144 752 1177 Quomodo
763 1147 835 1174 enim
848 1140 949 1175 tnaium
963 1148 1054 1182 fuerit,

269 1190 294 1216 id
308 1189 380 1224 quod
398 1189 462 1216 boni
476 1190 654 1217 simulacrum
678 1196 705 1219 et
720 1192 921 1220 imitamentum
942 1194 1006 1222 est?
1020 1194 1056 1221 Ita

267 1237 349 1262 etiam
366 1236 388 1263 si
405 1236 535 1270 pudorem
557 1241 584 1264 et
603 1237 792 1265 coniusionem
817 1239 937 1268 initnicis
957 1241 1057 1276 impre-

268 1284 354 1310 cetur,
384 1280 504 1307 ostendit
530 1280 578 1308 tibi
604 1285 742 1308 catervam
760 1282 992 1318 adversariorum,
1009 1285 1055 1320 qui

268 1324 301 1350 ab
333 1325 461 1352 invisibili
490 1325 602 1352 inimico
636 1331 761 1358 stantes,
791 1328 873 1354 vitam
908 1329 1056 1356 humanam

268 1376 438 1405 oppugnant.
454 1370 605 1406 De-quihus
623 1372 704 1398 etiatn
722 1370 825 1400 Paulus
844 1374 953 1408 planius
966 1375 1054 1410 loqui-

269 1421 323 1447 tur,
341 1417 439 1443 luctam
453 1417 534 1444 nobis
549 1425 608 1445 esse
625 1418 719 1445 dicens
731 1419 863 1447 adversus
875 1422 1055 1457 principatus,

268 1461 400 1489 adversus
413 1467 561 1497 potestates
571 1467 598 1490 et
612 1467 733 1491 rectores
747 1465 829 1499 hujus
845 1467 949 1499 mundi,
962 1468 1057 1496 adver-

270 1515 317 1533 sus
347 1507 504 1541 spiritualcs
540 1508 728 1543 improbitates
771 1510 799 1537 in
834 1512 992 1541 cmlestibus
1021 1514 1053 1541 ³⁵.

1108 922 1250 958 ἄνθρωπος
1269 921 1421 958 ἀνθρώπων
1447 923 1590 957 πολέμιος,
1608 923 1664 950 ἀλλ’
1685 925 1700 959 ἡ
1715 926 1783 951 κατὰ
1800 925 1896 952 κακίαν

1107 968 1157 1003 τῆς
1172 968 1358 1004 προαιρέσεως
1375 969 1482 1003 κίνησις
1501 969 1538 1001 εἰς
1556 969 1653 1005 ἐχθροῦ
1666 971 1742 1003 τάξιν
1755 971 1785 997 τὸ
1797 972 1829 1006 τῇ
1847 971 1897 1005 ῳύ-

1109 1022 1149 1040 σει
1166 1014 1338 1049 συνημμένον
1356 1013 1530 1050 κατέστησεν.
1550 1015 1586 1041 Τὸ
1606 1015 1690 1042 κακὸν
1705 1016 1794 1042 τοίνυν
1810 1017 1896 1043 ἐκλεί-

1109 1069 1170 1086 πειν
1186 1060 1294 1095 εῧχεται
1304 1081 1311 1094 ,
1327 1061 1342 1087 ὁ
1358 1059 1385 1087 δὲ
1399 1060 1541 1095 ἄνθρωπος
1565 1061 1649 1088 κακον
1668 1062 1718 1088 οὐκ
1734 1062 1806 1089 ἐστιν
1818 1070 1825 1077 ·
1839 1062 1897 1094 πῶς

1107 1106 1162 1142 γὰρ
1183 1106 1215 1138 5g
1235 1107 1276 1142 εἴη
1297 1107 1383 1133 κακὸν
1402 1107 1448 1133 τοῦ
1465 1108 1566 1142 ἀγαθοῦ
1591 1108 1621 1134 τὸ
1642 1108 1782 1144 ὁμοίωμα;
1804 1109 1897 1140 Οὕτως
1915 1103 1951 1152 ><

1108 1153 1158 1180 κᾶν
1172 1153 1302 1188 αἰσχύνην
1317 1153 1364 1180 καὶ
1380 1153 1514 1189 ἐντροπὴν
1526 1154 1580 1180 τῶν
1597 1154 1701 1189 ἐχθρῶν
1720 1155 1895 1190 κατεύχηται,

1110 1198 1232 1224 δείκνυσί
1248 1207 1288 1225 σοι
1305 1194 1334 1225 τὸ
1347 1201 1439 1233 στῖφος
1453 1199 1506 1226 τῶν
1524 1200 1661 1232 ἐναντίων,
1675 1200 1728 1227 τῶν
1744 1202 1774 1228 ἐκ
1790 1201 1835 1228 τοῦ
1852 1202 1897 1228 ἀο-

1109 1243 1191 1278 ράτου
1209 1243 1305 1279 ἐχθροῦ
1321 1245 1352 1279 τῇ
1379 1244 1536 1280 ἀνθρωπίνῃ
1553 1245 1813 1280 προσπολεμούντων
1828 1246 1894 1282 ζωῇ.

1107 1289 1175 1324 Περὶ
1190 1285 1227 1315 ὧν
1245 1289 1290 1315 καὶ
1310 1289 1324 1315 ὁ
1340 1289 1446 1320 Παῦλος
1464 1291 1632 1326 γυμνότερον
1645 1290 1810 1326 διεξέρχεται
1826 1313 1832 1323 ,
1848 1293 1896 1326 τὴν

1107 1334 1195 1369 πάλην
1210 1334 1296 1368 λέγων
1314 1333 1382 1361 εἶναι
1403 1336 1469 1370 ἡμῖν
1494 1335 1561 1370 πρὸς
1578 1336 1626 1368 τὰς
1645 1337 1741 1371 ἀρχὰς,
1759 1337 1828 1372 πρὸς
1847 1338 1896 1369 τὰς

1107 1381 1231 1414 ἐξουσίας
1244 1381 1362 1412 καὶτοὺς
1377 1382 1601 1417 κοσμοκράτορας
1613 1382 1659 1409 τοῦ
1674 1383 1775 1418 κόσμου
1789 1384 1895 1414 τούτου,

1108 1426 1176 1461 πρὸς
1196 1426 1229 1453 τὰ
1246 1426 1416 1462 πνευματικὰ
1439 1428 1488 1462 τῆς
1506 1428 1638 1463 πονηρίας
1661 1430 1689 1455 ὲν
1709 1430 1764 1461 τοῖς
1780 1430 1894 1465 ἐπουρα-

1107 1471 1182 1503 νίοις.
1200 1471 1256 1503 Τὰς
1273 1471 1460 1507 δαιμονιώδεις
1481 1473 1628 1504 ἐπιϐουλὰς
1641 1495 1647 1504 ,
1664 1474 1697 1500 δι’
1713 1471 1749 1500 ὧν
1765 1475 1896 1509 ἐπάγεται

1107 1518 1163 1549 τοῖς
1180 1517 1333 1552 ἀνθρώποις
1349 1518 1382 1544 τὰ
1397 1518 1502 1554 πονηρὰ
1521 1519 1590 1555 πρὸς
1615 1520 1752 1556 ἁμαρτίαν
1772 1521 1898 1556 συμπτώ-

271 1551 456 1580 ι).ι·ηιοηὶςιςοε
483 1553 554 1580 enim
587 1554 722 1588 insidias,
748 1563 796 1591 per
825 1565 894 1592 quas
918 1559 1053 1587 malitiosa

1109 1572 1181 1599 ματα
1197 1585 1204 1596 ,
1231 1563 1370 1599 συντυχίαι
1396 1563 1550 1598 θυμώδεις,
1579 1565 1729 1601 ἐπιθυμιῶν
1755 1567 1894 1602 ἀφορμαὶ.

269 1597 427 1625 tatninibus
454 1598 487 1625 ad
516 1604 658 1633 peccatum
687 1601 853 1630 adhibentur
878 1604 1054 1639 oﬂ'endicula,

270 1650 433 1677 congressus
450 1643 585 1676 iracundi,
601 1646 780 1680 cupiditatum
799 1650 919 1680 occasio,
937 1650 1055 1683 invidiae,

268 1688 334 1720 odii,
355 1688 499 1723 superbiae,
523 1690 665 1717 taliumvev
680 1693 813 1720 malorum
836 1695 972 1722 materia:
1000 1695 1057 1724 hate

268 1741 329 1760 cum
342 1741 457 1769 magnus
468 1733 604 1770 Propheta
616 1737 689 1764 videt
703 1738 923 1775 uniuscujusque
936 1741 1055 1768 animam

268 1779 424 1807 insidiando
448 1781 726 1816 circumeursitantia,
745 1785 779 1811 ad
811 1785 941 1820 pudorem
969 1786 1055 1821 redigi

270 1831 407 1860 precatur,
423 1827 470 1862 qui
484 1828 526 1855 his
541 1828 660 1857 inimicis
678 1830 854 1865 imprecetur.
884 1831 941 1859 Hoc
964 1836 1054 1860 autem

269 1873 335 1899 nihil
351 1877 393 1900 est
410 1873 497 1905 aliud.
511 1882 593 1909 quam
609 1879 638 1902 ut
655 1875 713 1909 ipse
737 1882 870 1904 servetur.
887 1878 1056 1905 Natttraliter

259 1919 339 1947 .cnim
354 1919 465 1950 accidit,
483 1923 512 1946 ut
532 1920 566 1950 is.
583 1920 629 1954 qui
645 1920 673 1947 in
690 1922 841 1950 certamine
863 1922 944 1950 lucta:
966 1923 1056 1951 victus

268 1965 314 1996 sit,
337 1964 372 1993 ob
399 1964 505 1998 lapsum
541 1972 621 1992 suttm
647 1965 790 1999 pudeliat:
825 1967 1055 2001 quemadmodum

269 2010 357 2036 victor
374 2014 469 2036 contra
493 2014 605 2044 propter
619 2011 760 2038 victoriam
784 2012 899 2040 laetatur.
927 2014 965 2040 Ac
981 2014 1053 2048 quod

270 2054 326 2081 haec
347 2053 383 2080 ita
404 2061 465 2081 sese
492 2055 623 2086 habeant,
649 2056 783 2085 orationis
808 2058 895 2085 forma
920 2058 1052 2088 declarat.

271 2098 434 2131 Erubescaut
459 2100 551 2134 enim,
578 2100 686 2135 inquit,
719 2107 744 2129 et
776 2103 976 2137 confundantur
1009 2107 1053 2140 qui

268 2148 388 2179 quierunt
415 2145 532 2172 animum
559 2154 644 2173 meam
659 2147 692 2174 '°.
708 2147 766 2175 Non
790 2149 863 2176 enim
888 2150 1054 2186 itnprecatur

269 2191 312 2222 iis,
325 2191 370 2226 qui
394 2190 524 2218 damnum
550 2192 577 2219 in
603 2194 726 2227 pecuniis
748 2194 846 2223 aderre
868 2203 916 2231 per
940 2197 1053 2225 insidias

268 2239 403 2263 conantur
416 2244 423 2262 :
438 2239 486 2262 aut
503 2236 548 2268 iis,
564 2237 611 2271 qui
627 2238 661 2265 de
675 2238 774 2268 ﬁnibus
794 2247 923 2275 agrorum
943 2246 1054 2269 contro-

270 2283 386 2308 versiam
402 2285 513 2308 movent
527 2291 534 2308 :
547 2286 594 2309 aut
607 2283 650 2315 iis,
663 2285 707 2318 qui
727 2285 754 2312 in
767 2290 850 2320 caput
860 2286 921 2321 ejtts
933 2287 1053 2322 aliquam

268 2326 398 2353 malitiam
431 2326 596 2362 designant:
621 2329 669 2357 sed
697 2331 742 2366 qui
774 2331 908 2360 adversus
934 2334 1053 2361 animam

267 2371 383 2399 insidias
400 2375 532 2400 struunt:
549 2374 648 2402 anima:
663 2380 753 2404 autem
770 2377 907 2410 insidiari,
921 2379 987 2414 quid
1012 2383 1054 2406 est

265 2418 350 2449 aliud,
365 2418 419 2445 nisi
435 2426 450 2445 a
464 2417 519 2446 Deo
537 2419 683 2448 alienare?
697 2421 783 2451 Porro
796 2432 850 2452 non
864 2425 944 2452 aliter
960 2425 1054 2452 anima

266 2464 385 2490 humana
409 2471 423 2490 a
446 2463 501 2490 Deo
517 2464 664 2500 alienatur,
680 2475 761 2502 quam
778 2476 827 2504 per
840 2470 967 2497 vitiosam
988 2469 1053 2498 aiieo

264 2510 395 2537 ctionem.
413 2510 547 2543 Quoniam
559 2511 642 2546 igitur
654 2521 755 2542 numen
769 2515 892 2543 divinum
908 2517 1053 2551 perturba-

267 2556 350 2583 tionis
365 2563 397 2583 ac
411 2557 470 2583 vitii
485 2564 594 2593 semper
609 2567 708 2595 expers
723 2565 779 2592 est,
789 2562 836 2597 qui
852 2562 879 2589 in
890 2561 958 2590 vitio
971 2567 1053 2598 atque

267 2599 474 2633 perturbatione
498 2608 605 2636 semper
637 2608 783 2637 versatur,
814 2613 829 2632 a
857 2606 1053 2640 conjunctione

264 2645 351 2673 divini
364 2645 486 2674 numinis
498 2652 668 2682 segregatum
678 2648 718 2677 Ne
734 2650 817 2686 igitur
831 2651 857 2678 id
872 2651 923 2679 sibi
933 2653 1050 2685 accidat,

266 2691 396 2726 pudorem
411 2693 577 2720 adversariis
597 2694 775 2730 imprecatur.
794 2697 851 2725 Hoc
874 2704 963 2727 autem
983 2700 1053 2727 nihil

265 2738 337 2765 aliud
355 2743 406 2769 est,
419 2744 500 2772 quam
519 2738 661 2768 victoriam
682 2743 735 2770 sibi
767 2744 800 2771 de
817 2743 943 2772 hostibus
959 2753 1052 2780 prcca-

1108 1607 1205 1641 φθόνου
1220 1607 1268 1634 καὶ
1283 1609 1378 1643 μίσους
1392 1609 1439 1635 καὶ
1451 1609 1641 1644 ὑπερηφανίας
1652 1630 1658 1640 ,
1674 1611 1720 1636 καὶ
1738 1611 1791 1636 τῶν
1808 1611 1903 1638 τοιού-ι

1106 1663 1160 1680 των
1177 1653 1270 1681 κακῶν
1286 1654 1422 1686 ὑπόθεσις·
1437 1655 1522 1682 ταῦτα
1536 1655 1607 1691 ὁρῶν
1626 1657 1640 1682 ὁ
1652 1656 1739 1691 μέγας
1750 1657 1897 1692 Προφήτης

1107 1699 1156 1734 τὴν
1177 1699 1292 1726 ἑκάστου
1311 1700 1398 1735 ψυχὴν
1413 1700 1445 1726 δι’
1462 1701 1608 1736 ἐπιϐουλῆς
1624 1703 1817 1738 περιτρέχοντα
1828 1724 1834 1736 ,
1858 1705 1896 1735 εἰς

1110 1745 1240 1781 αἰσχύνην
1260 1745 1346 1772 ἐλθεῖν
1360 1745 1478 1780 εῠχεται,
1497 1747 1510 1772 ό
1524 1747 1594 1774 κατὰ
1608 1747 1661 1774 τῶν
1675 1747 1779 1783 ἐχθρῶν
1796 1749 1897 1775 τούτων

1110 1791 1264 1827 εὐχόμενος.
1282 1791 1366 1819 Τοῦτο
1376 1792 1403 1819 δέ
1417 1793 1474 1819 ἐστι
1483 1793 1513 1819 τὺ
1521 1792 1626 1830 αὐτὶ[ν]
1634 1792 1805 1830 διασωθῆναι.
1821 1795 1897 1822 Κατὰ

1110 1837 1190 1871 φύσιν
1202 1838 1256 1873 γὰρ
1267 1838 1397 1872 ἐπάγεται
1408 1839 1446 1875 τῷ
1461 1839 1603 1875 ἡττηθέντι
1616 1840 1687 1867 κατὰ
1698 1841 1746 1876 τὴν
1762 1841 1851 1876 πάλην
1868 1842 1898 1868 τὸ

1109 1883 1319 1919 ὲπαισχυνθῇναι
1331 1885 1370 1919 τῷ
1384 1885 1510 1921 πτώματι
1520 1887 1614 1918 αὑτοῦ.
1630 1887 1667 1918 ὡς
1682 1888 1728 1915 καὶ
1739 1888 1776 1924 τῷ
1787 1889 1897 1916 νικῶντι

1107 1928 1138 1954 τὸ
1157 1928 1204 1955 ἐπὶ
1226 1930 1259 1964 τῇ
1280 1930 1341 1966 νίκῃ
1362 1931 1535 1964 ἀγάλλεσθαι.
1562 1934 1617 1960 Καὶ
1637 1935 1677 1962 ὅτι
1703 1935 1788 1962 ταῦτα
1810 1935 1897 1968 οὕτως

1109 1973 1173 2008 ἔχει,
1187 1974 1262 2009 δηλοῖ
1271 1975 1319 2010 τῆς
1329 1975 1412 2011 εὐχῆς
1424 1977 1455 2003 τὸ
1469 1975 1546 2010 εἶδος.
1560 1980 1816 2014 ΑΙσχυνθήτωσην
1831 1982 1897 2017 γὰρ.

1110 2019 1193 2053 φησὶ,
1211 2019 1260 2046 καὶ
1278 2020 1514 2053 ὲντραπήτωσιιν
1538 2024 1565 2050 οἱ
1585 2023 1741 2058 ᾣῖτοῦντὲς
1756 2035 1816 2059 μου
1839 2025 1897 2060 τὴν

1109 2063 1225 2098 ψυχήν.
1240 2065 1278 2091 Οὐ
1295 2065 1350 2101 γὰρ
1370 2067 1530 2103 κατεύχεται
1551 2068 1604 2096 τῶν
1622 2071 1662 2101 εἰς
1678 2072 1827 2106 χρημάτων
1848 2072 1896 2108 ζη-

1111 2108 1175 2143 μίαν
1200 2109 1436 2145 ὲπιϐουλευόντων,
1457 2113 1473 2148 ἢ
1490 2114 1552 2150 περὶ
1573 2117 1624 2151 γῆς
1646 2116 1716 2152 ὅρων
1734 2117 1895 2153 διαμψισϐη-

1109 2155 1237 2190 τούντων,
1249 2156 1265 2192 ἢ
1282 2157 1336 2184 τῶν
1349 2159 1418 2186 κατὰ
1430 2159 1477 2186 τοῦ
1493 2160 1617 2196 σώματος
1632 2162 1713 2189 αὐτοῦ
1727 2163 1825 2190 κακίαν
1836 2165 1895 2190 ἐπι-

1108 2200 1287 2237 δεικνυμένων
1299 2203 1376 2230 τινά·
1399 2204 1467 2231 ἀλλὰ
1481 2205 1535 2232 τῶν
1551 2207 1638 2242 ψυχὴν
1657 2202 1895 2236 ἐπιϐουλευόντων.

1108 2245 1161 2281 Τῆς
1180 2246 1208 2272 δὲ
1232 2247 1320 2283 ψυχῆς
1345 2249 1475 2285 ἐπιϐουλὴ
1489 2250 1529 2282 τίς
1543 2251 1624 2286 ἄλλη,
1643 2253 1667 2279 εί
1683 2253 1720 2288 μὴ
1735 2253 1802 2279 Θεοῦ
1816 2254 1895 2280 ἀλλο-

1107 2291 1233 2327 τρίωσις;
1256 2293 1453 2330 Ἀλλοτριοῦται
1463 2296 1491 2322 δὲ
1504 2297 1558 2324 ἀπὸ
1569 2297 1635 2325 Θεοῦ
1650 2299 1806 2334 ἀνθρωπίνη
1822 2300 1896 2334 ψυχὴ

1107 2337 1157 2364 οὐκ
1173 2337 1271 2371 ἄλλως,
1287 2340 1304 2375 ἢ
1316 2340 1360 2367 διὰ
1374 2342 1422 2376 τῆς
1434 2342 1572 2377 ὲμπαθοῧς
1585 2344 1740 2377 διαθέσεως.
1762 2346 1838 2372 Ἐπεὶ
1850 2344 1897 2373 οὖν

1108 2383 1212 2416 ἀπαθὲς
1230 2385 1260 2412 τδ
1275 2385 1351 2413 Θεϊον
1366 2387 1491 2420 πάντοτε,
1512 2389 1526 2415 ὁ
1540 2389 1583 2416 ἀεὶ
1597 2390 1626 2416 ἐν
1646 2390 1726 2417 πάθει
1739 2392 1896 2427 γινόμενος,

1108 2429 1158 2463 τῆς
1172 2430 1240 2466 προς
1258 2431 1287 2458 τὸ
1299 2431 1375 2459 Θεῖον
1397 2434 1542 2468 συναφείας
1556 2435 1782 2471 ἀποσχοινίζεται.
1806 2438 1849 2470 Ὠς
1864 2439 1896 2465 ἂν

1107 2471 1153 2500 οὖν
1170 2475 1206 2510 μὴ
1229 2475 1306 2502 τοῦτο
1320 2477 1419 2508 πάθοι,
1438 2478 1570 2513 αἰσχύνην
1590 2479 1644 2507 τῶν
1667 2482 1899 2510 ἀντιπαλαιόντων

1108 2519 1230 2555 εὔχεται.
1255 2521 1341 2548 Τοῦτο
1358 2522 1386 2548 δὲ
1406 2523 1482 2550 οὐδὲν
1504 2524 1567 2551 ἄλλο
1580 2526 1692 2561 ἐστἰν,ἢ
1710 2528 1797 2563 ἑαυτῷ
1818 2529 1896 2563 νίκην

1105 2567 1175 2593 κατὰ
1191 2567 1245 2593 τῶν
1266 2568 1402 2602 πολεμίων
1423 2570 1598 2604 ἐπεύξασθαι·
1624 2573 1647 2598 οἰ
1671 2572 1698 2599 δὲ
1719 2573 1843 2609 πολέμιοι
1863 2577 1899 2603 τὰ

1106 2612 1179 2648 πάθη
1193 2614 1269 2640 εἰσιν.
1287 2614 1379 2647 Οὕτως
1393 2617 1407 2643 ὁ
1430 2617 1564 2653 Ἱερεμίας
1577 2618 1655 2654 ζῆλον
1673 2620 1723 2654 τῆς
1742 2620 1896 2654 θεοσεϐείας

1107 2657 1187 2692 ἔχων,
1203 2659 1443 2695 είδωλομανοῦντος
1457 2663 1605 2698 τηνικαῦτα
1620 2665 1667 2691 τοῦ
1684 2665 1815 2700 βασιλέως
1826 2687 1832 2698 ,
1849 2671 1896 2696 καὶ

1107 2703 1162 2730 τῶν
1177 2705 1339 2741 ὑποχειρίων
1355 2708 1429 2743 αὐτῷ
1445 2709 1704 2746 συνδιατραφέντων,
1721 2713 1770 2738 οὐκ
1789 2712 1856 2739 ἴδιόν
1871 2722 1897 2740 τι

1108 2749 1252 2784 θεραπεύει
1265 2752 1359 2786 πάθος,
1368 2753 1435 2781 ἀλλὰ
1448 2755 1511 2790 περὶ
1524 2756 1571 2782 τοῦ
1580 2757 1669 2784 κοινοῦ
1679 2757 1733 2784 τῶν
1744 2758 1898 2794 ἀνθρώπων

299 2828 321 2844 ¹²
339 2828 410 2857 Psal.
426 2838 450 2858 rx
463 2851 469 2863 ,
489 2832 529 2860 l8.
568 2833 590 2849 ’³
612 2832 710 2868 Epltes.
729 2841 752 2860 \‘I
767 2855 773 2866 ,
790 2834 832 2861 Η.
872 2835 896 2850 ’⁸
915 2833 987 2862 Psal.
1005 2842 1045 2868 vt,
1065 2834 1108 2863 Η.
