1978 3068
85 106 143 135 “53

544 100 588 128 DE
606 98 782 128 ORATIONE
799 96 975 124 DOMINICA.
994 110 1030 115 —
1047 93 1176 122 ORATIO
1194 94 1214 120 l.

1622 90 1690 119 illi

86 162 199 198 προσάγει
221 160 271 196 τὴν
295 160 396 197 δέησιν,
427 160 460 194 τῇ
488 158 558 186 κατὰ
580 158 636 185 τῶν
658 157 874 192 ἀσεϐησάντωνι

926 163 947 180 ηε
965 153 1059 180 hostes
1074 158 1140 180 vero
1164 149 1386 186 perturbationes
1411 153 1438 176 et
1462 148 1529 175 vitia
1555 152 1629 176 sunt.
1646 149 1693 177 Sic

84 210 154 245 ὁρμῇ,
179 207 251 235 ἅπαν
276 205 490 242 σωφρονισθῆναι.
516 205 599 238 ἀξιῶν
618 205 649 231 τὺ
674 204 852 239 ἀνθρώπινον.

91 255 211 285 Ὡσαύτως
227 253 255 280 δὲ
269 253 317 280 καὶ
335 254 349 279 ὁ
364 253 517 287 προφήτης,
539 251 569 283 ὃς
589 251 635 278 καὶ
655 249 856 285 πολυγονοῖδσαν

85 302 136 327 τότε
145 300 188 335 τὴν
204 299 305 326 κακίαν
324 300 353 325 ἐν
373 299 429 330 τοῖς
456 296 634 332 Ἰσραηλίταις
648 295 728 330 ὁρῶν.
745 294 857 330 ἀτεκνίᾳ

85 347 181 378 δικαίως
192 345 376 377 καταδικάζει,
386 343 490 374 καὶτὰς
502 342 603 377 πικρὰς
614 341 698 376 θηλὰς
708 341 757 376 τῆς
768 341 857 376 ἁμαρ-

86 392 137 423 τίας
147 391 308 427 ξηρανοῆναι
325 389 514 425 βούλεται,ὡς
529 388 562 415 ἂν
579 388 646 423 μήτε
666 388 784 414 τίκτοιτο
801 387 858 418 τοῖς

86 436 226 472 ἀνθρώποις
236 436 267 462 τὸ
281 435 365 462 κακὸν
375 455 382 466 ,
398 435 467 470 μήτε
482 433 618 468 τρέφοιτο,
639 432 687 459 Διὰ
703 431 781 458 τοῦτο
793 439 859 466 προ-

87 485 170 518 φήτης,
186 481 241 514 Δὸς
252 481 364 513 αὐτοῖς,
380 480 456 514 φησὶ.
474 480 572 512 Κύριε,
587 477 704 512 μήτραν
718 476 859 504 ἀτεκνοῦ-

86 528 205 559 damnat
217 527 353 562 μαστοὺς
365 527 487 559 ξηροὺς.
504 525 558 551 Καὶ
570 523 597 550 εἴ
609 532 650 555 τις
666 523 743 554 ἄλλος
763 523 791 548 ἐν
804 523 860 553 τοῖς

86 574 161 608 ἁγίοις
178 573 302 608 εὑρεθείη
317 571 434 603 τοιοῦτος
451 570 544 604 λόγος,
563 569 649 605 θυμοῦ
666 577 726 595 τινα
744 575 861 602 κατηγο-

87 621 141 655 ρίαν
152 619 197 646 καὶ
217 619 354 654 σημασίαν
369 618 448 652 ἔχων,
463 616 531 652 πρὸς
545 616 593 651 τὴν
606 615 733 650 τοιαύτην
754 615 861 645 πάντως

85 668 192 694 διάνοιαν
209 666 315 700 βλέπει,
331 665 347 700 ὴ
364 664 480 699 ἐξορίςοι
499 663 530 690 τὸ
544 663 643 694 κακὸν,
660 663 709 688 οὐκ
726 660 862 696 ἐπιτρίϐοι

86 713 126 739 τὸν
136 712 282 747 ἄνθρωπον.
295 709 367 742 Θεὸς
375 709 505 737 θάνατον
517 709 572 734 οὑκ
579 707 732 740 ἐποίησεν.
743 705 863 736 Ἀκούεις

87 757 131 792 τῆς
144 757 302 791 ἀποφάσεως
314 764 320 788 ;
334 755 396 786 Πῶς
407 752 454 781 οὖν
469 754 508 785 είς
521 753 565 779 τὸν
577 752 649 779 κατὰ
658 752 712 778 τῶν
731 751 803 778 ἰδίων
816 751 865 777 αὑ-

86 803 127 830 τοῦ
138 802 236 838 ἐχθρῶν
254 801 366 828 θάνατον
380 799 546 835 παρακαλεῖν
564 798 657 833 ἔμελλε
671 797 715 823 τὸν
729 796 805 828 Θεὸν,
819 797 864 822 τὸν

905 198 1039 227 Jeremias
1069 197 1225 226 vehementi
1257 202 1284 224 et
1319 195 1426 223 ardenti
1455 195 1568 230 pietatis
1601 202 1694 223 amore

910 245 1052 280 praeditus,
1065 244 1166 272 insano
1179 243 1388 271 simulacrorum
1406 241 1491 268 cultui
1507 240 1599 268 dedito
1621 249 1694 276 rege.

896 291 954 326 equi
973 295 1039 318 tunc
1067 290 1219 326 regnabat,
1242 293 1270 320 et
1296 288 1415 316 subditis
1440 287 1535 314 eodem
1560 294 1622 313 cum
1650 287 1696 314 illo

908 343 1002 364 errore
1016 336 1148 363 involutis
1169 342 1278 369 unaque
1305 333 1454 368 perversis,
1477 340 1532 360 non
1554 332 1696 368 proprium

911 381 1024 417 aliquod
1040 380 1244 408 incommodum
1261 384 1348 410 curat,
1364 378 1412 406 sed
1429 386 1478 413 pro
1493 377 1632 404 communi
1647 377 1698 404 ho-

910 427 1014 454 minum
1029 427 1102 454 bono
1119 426 1172 454 Deo
1188 432 1284 461 preces
1302 424 1392 455 offert.
1414 431 1515 459 rogans
1528 427 1557 450 ut
1581 431 1628 458 per
1648 423 1700 450 im-

910 476 1014 507 petum,
1027 471 1072 506 qui
1089 471 1219 498 adversus
1232 478 1289 502 eos,
1305 469 1351 504 qui
1366 469 1512 504 impietate
1524 477 1553 496 se
1565 468 1700 496 contami-

911 521 1034 548 nassent.
1050 517 1247 551 susciperetur,
1262 516 1421 542 universum
1437 522 1524 550 genus
1549 515 1699 541 humanum

912 563 945 590 ad
961 563 1105 590 sanitatem
1122 561 1299 589 reduceretur
1311 561 1343 587 ".
1361 560 1495 587 Similiter
1510 564 1600 587 autem
1616 560 1700 587 etiam

912 608 1046 642 propheta
1060 606 1155 639 Oseas,
1180 613 1243 634 cum
1261 606 1333 633 inter
1359 605 1498 633 lsraelilas
1522 605 1700 633 vitiositatem

913 657 993 688 atque
1008 653 1138 680 malitiam
1152 656 1217 679 tunc
1230 652 1376 680 fecundam
1396 659 1458 680 esse
1477 651 1590 685 videret,
1604 652 1702 679 merito

914 700 1057 727 sterilitate
1069 706 1116 726 eos
1133 699 1306 731 condemnat,
1329 702 1357 726 et
1372 699 1471 726 acerba
1490 699 1593 734 peccati
1619 700 1702 725 ubera

915 752 1041 773 arescere
1055 745 1122 776 vult,
1137 749 1165 771 ut
1180 752 1268 779 neque
1279 748 1452 777 nasceretur,
1470 753 1560 779 neque
1584 745 1703 771 aleretur

917 791 1017 818 malum
1034 791 1200 818 hominibus.
1218 791 1324 818 Idcirco
1348 792 1481 826 propheta
1501 800 1506 816 :
1524 791 1575 822 Da,
1604 792 1702 825 inquit,

87 827 324 882 θανάτου
345 827 484 880 ἐνεργείας
502 827 661 878 ἀλλότριου
676 842 713 868 Οὐ
734 841 864 877 τέρπεται

928 837 982 867 llis,
1000 836 1121 867 Domine.
1136 836 1239 864 vulvam
1254 837 1380 868 sterilem,
1398 841 1423 864 et
1436 837 1516 863 ubera
1532 837 1602 863 sicca
1616 837 1650 862 ⁸³.
1667 837 1705 863 Ac

87 893 126 918 ἐπ’
142 890 260 925 ἀπωλείᾳ
277 889 395 922 ζώντων.
420 887 501 914 Ἀλλὰ
525 885 702 921 βαττολογῶν,
725 885 772 911 καὶ
794 884 864 911 κατὰ

87 937 135 964 τῶν
147 937 216 964 ίδίων
233 935 337 971 ἐχθρῶν
351 935 400 970 τὴν
412 933 459 960 τοῦ
472 932 539 960 Θεοῦ
551 930 756 966 φιλανθρωπίαν
777 938 866 966 παρα-

87 983 172 1013 κινῶν,
187 980 382 1017 ἐπιτερφθῆναι
398 981 458 1010 ταῖς
471 977 654 1014 ἀνθρωπίναις
665 976 745 1002 αὐτὸν
761 973 862 1010 σὺμφο-

88 1030 144 1064 ραῖς
156 1027 338 1061 ἐγκελεύεται.

918 882 940 909 si
955 882 1017 916 quis
1033 882 1103 909 alius
1116 881 1143 909 in
1159 881 1264 910 sanctis
1279 882 1415 917 ejusmodi
1434 891 1524 911 sermo
1538 883 1705 913 inveniatur,

919 928 966 963 qui
991 929 1059 955 iram
1082 928 1175 963 aliquo
1198 929 1280 956 modo
1296 933 1392 964 arguat
1404 933 1486 964 atque
1508 928 1654 964 signiﬁcet,
1672 928 1706 954 ad

919 974 1054 1008 ejusmodi
1077 975 1188 1002 omnino
1203 975 1366 1002 sententiam
1394 979 1508 1008 spectat,
1525 981 1586 1009 qua:
1611 974 1707 1000 vitium

921 1019 1046 1054 expellat.
1059 1028 1112 1047 non
1129 1021 1265 1048 hominem
1280 1021 1419 1049 conﬁciat.
1443 1021 1557 1048 Mortem
1571 1020 1640 1047 Deus
1657 1027 1709 1046 non

87 1074 143 1107 fecit
159 1075 190 1100 '9.
221 1072 306 1099 Audis
339 1069 524 1099 sententiam?
546 1066 688 1101 Quomodo
717 1066 800 1101 igitur
825 1065 853 1092 in
886 1069 999 1092 mortem
1021 1073 1135 1093 suorum
1161 1067 1248 1101 ipsius
1271 1067 1446 1094 inimicorum
1468 1070 1614 1102 rogaturus
1636 1069 1709 1093 esset

90 1120 179 1152 Deum,
192 1118 237 1153 qui
255 1125 269 1144 a
284 1117 379 1144 mortis
391 1115 509 1143 efﬁcacia
523 1115 630 1141 alienus
643 1113 702 1140 est?
716 1111 775 1139 Non
791 1111 943 1138 delectatur
960 1110 1112 1145 perditione
1128 1112 1262 1139 vivorum.
1276 1112 1310 1139 At
1326 1113 1349 1140 is
1365 1113 1411 1147 qui
1428 1112 1552 1144 blaterat,
1572 1116 1599 1139 et
1615 1112 1710 1139 adver-

88 1176 134 1195 sus
146 1174 209 1194 suos
223 1166 348 1192 inimicos
360 1163 558 1191 humanitatem
575 1161 621 1188 Dei
637 1161 766 1191 concitat,
787 1159 912 1186 hortatur
929 1166 1002 1190 eum,
1017 1163 1047 1185 ut
1063 1160 1262 1188 calamitatibus
1283 1160 1422 1188 hominum
1437 1162 1596 1190 delectetur.
1671 1157 1675 1158 ⁷

127 1211 193 1237 Ἀλλ’
209 1211 259 1246 ἤδη
274 1211 354 1241 τινὲς,
372 1210 449 1244 φησὶ,
470 1209 516 1236 καί
538 1208 630 1244 ἀρχῶν
644 1208 691 1235 καὶ
712 1206 808 1242 τιμῶν,
824 1204 871 1232 καὶ

87 1257 198 1284 πλούτου
224 1255 389 1291 ἠξιώθησαν,
414 1256 480 1290 εί)χῇ
500 1255 568 1290 πρὸς
593 1253 671 1280 τοῦτο
691 1251 869 1288 χρησάμενοι,

87 1303 132 1330 καὶ
150 1302 281 1335 θεοφιλεῖς
297 1299 366 1327 εἶναι
385 1301 429 1327 διὰ
444 1302 493 1335 τῆς
507 1300 633 1333 τοιαύτης
649 1298 793 1334 εὺκληρίας
819 1297 871 1323 ὑπ-

86 1349 242 1383 ενοήθησαν.
270 1347 332 1378 Πῶς
355 1344 401 1373 οὖν
424 1346 566 1380 ἀπείργεις
580 1346 662 1380 ἡμᾶς,
677 1343 748 1370 εἴποι
769 1351 810 1374 τις
828 1342 871 1374 ἂν,

87 1395 150 1429 περὶ
164 1394 217 1420 τῶν
230 1393 357 1420 τοιούτων
376 1392 524 1428 προσάγειν
547 1391 586 1426 τῷ
601 1390 660 1425 Θεῷ
679 1390 728 1422 τὰς
748 1389 872 1424 Sequens;

86 1440 154 1466 ἀλλὰ
167 1439 197 1466 τὸ
213 1439 262 1474 μὲν
274 1438 361 1465 πάντα
376 1437 451 1469 θείας
465 1437 580 1471 ἐξῆφθαι
593 1435 701 1471 βουλῆς,
710 1436 756 1462 καὶ
771 1434 874 1462 ἄνωθεν

86 1485 284 1520 οίκονομείσθαι
305 1484 350 1510 τὸν
369 1484 431 1519 τῇδε
453 1483 519 1518 βίον,
544 1484 626 1510 παντὶ
650 1482 728 1517 δῆλόν
742 1482 811 1513 ἐστι,
828 1480 875 1507 καὶ

86 1532 136 1559 οὐκ
151 1532 183 1559 ἄν
198 1539 239 1560 τις
256 1530 376 1558 ἀντείποι
391 1529 430 1565 τῷ
452 1529 533 1564 λόγῳ.
554 1528 613 1555 Τῶν
630 1528 659 1554 δέ
675 1527 802 1554 τοιούτων
825 1526 875 1561 τῆς

87 1577 171 1611 εὐχῆς
188 1575 406 1610 κατορθωμάτων
434 1575 516 1606 ἄλλας
544 1574 633 1605 αἰτίας
655 1573 804 1608 ἐμάθομεν,
827 1572 877 1606 οὺχ

62 1635 67 1638 -
87 1621 126 1652 ὡς
141 1619 230 1654 ἀγαθὰ
245 1619 353 1650 πάντως
369 1619 416 1645 τοῦ
433 1618 500 1645 Θεοῦ
526 1617 611 1644 ταῦτα
632 1618 688 1648 τοῖς
710 1615 815 1642 αἰτοῦσι
832 1614 876 1640 νέ-

88 1674 202 1701 μοντος·
219 1665 276 1692 ἀλλ’
292 1666 330 1697 ὼς
347 1665 379 1692 ἂν
400 1664 444 1691 διὰ
459 1663 562 1690 τούτων
587 1663 723 1698 βεϐαιωθῇ
738 1663 794 1693 τοῖς
814 1662 878 1689 ἐπι-

88 1711 274 1747 πολαιοτέροις
284 1713 301 1746 ἠ
314 1711 381 1746 πρὸς
398 1709 443 1737 τὸν
459 1709 525 1736 Θεὸν
538 1709 638 1740 πίστις,
654 1709 702 1736 καὶ
718 1709 777 1735 κατ’
788 1708 879 1742 ὀλίγον

87 1759 117 1784 ἐν
136 1759 196 1788 ταῖς
212 1756 388 1792 μικροτέραις
401 1755 454 1781 τῶν
469 1755 613 1790 αἰτήσεων,
628 1754 659 1780 τὸ
678 1754 824 1780 ἐπακούειν
834 1754 879 1780 τὸν

88 1803 157 1830 Θεὸν
172 1802 225 1829 τῶν
241 1801 351 1828 ἰκεσιῶν
369 1802 401 1836 τῇ
418 1802 500 1836 πείρᾳ
517 1799 707 1835 μανθάνοντες,
722 1798 880 1834 ἀνέλθοιμέν

88 1857 157 1875 ποτε
174 1847 242 1884 πρὸς
257 1847 306 1882 τὴν
322 1846 374 1872 τῶν
391 1844 500 1880 ὑψηλῶν
523 1854 555 1871 τε
581 1845 628 1871 καὶ
651 1843 812 1879 θεοπρεπῶν
827 1844 879 1870 δω-

88 1895 223 1930 ρημάτων
249 1891 407 1927 ἐπιθυμίαν.
435 1891 568 1926 Καθάπερ
587 1890 634 1916 ἐπὶ
661 1890 714 1916 τῶν
739 1889 880 1925 ἡμετέρων

87 1939 195 1965 τέκνων
202 1937 308 1973 ὁρῶμεν
318 1945 324 1951 ·
334 1937 351 1964 ἃ.
360 1936 427 1967 τέως
437 1936 486 1971 μὲν
493 1937 525 1971 τῇ
538 1935 652 1971 μητρῴᾳ
662 1935 730 1971 θηλῇ
745 1934 882 1970 προσφύε-

88 1991 136 2009 ται
146 2000 154 2012 ,
168 1983 229 2008 ὅσον
247 1982 358 2016 χωρεῖὴ
383 1980 473 2015 φύσις,
490 1979 616 2007 τοσοῦτον
629 1980 704 2015 παρὰ
718 1981 767 2014 τῆς
786 1987 882 2014 γεννη-

89 2027 215 2062 σαμένης
235 2025 423 2060 ἐπιζητοῦντα·
441 2027 465 2052 εί
480 2026 508 2052 δέ
523 2025 720 2060 ὐπανδρυνθείη
732 2025 762 2052 τὸ
775 2027 880 2060 νήπιον,

88 2071 138 2098 καί
154 2079 217 2105 τινα
233 2069 382 2105 προσλάϐοι
403 2069 449 2096 τοῦ
466 2069 632 2104 φθέγγεσθαι
652 2069 776 2105 δύναμιν,
797 2078 882 2096 κατα-

88 2118 189 2151 φρονεῖ
205 2115 256 2151 μὲν
276 2115 326 2150 τῆς
343 2115 440 2152 θηλῆς,
453 2116 529 2151 ζητεῖ
549 2116 578 2142 δέ
592 2124 618 2142 τι
635 2115 764 2148 τοιοῦτον,
782 2115 798 2150 ἢ
815 2123 882 2150 προ-

87 2162 201 2196 κόμιον,
217 2161 234 2196 ἢ
255 2161 371 2195 ἱμάτιον,
387 2161 405 2196 ἥ
418 2169 478 2187 τινα
489 2160 611 2192 τοιαῦτα,
629 2158 671 2192 οἷς
683 2161 698 2186 ὀ
712 2161 766 2187 τῶν
780 2160 883 2197 νηπίων

86 2205 232 2242 ὀφθαλμὸς
247 2206 424 2241 ἐπιτέρπεται
434 2214 442 2222 ·
462 2206 572 2233 ἐπειδὰν
585 2207 614 2233 δὲ
628 2206 668 2238 είς
684 2206 792 2242 ἡλικίαν
805 2206 880 2241 ἔλθῃ,

87 2251 137 2278 καὶ
156 2251 308 2287 συναυξηθῇ
328 2251 365 2287 τῷ
378 2251 511 2287 σώματιὴ
528 2251 642 2284 διάνοια,
653 2252 714 2278 τότε
731 2251 819 2283 πάσας
833 2250 884 2283 τὰς

85 2296 222 2327 παιδικὰς
244 2295 391 2331 ἐπιθυμίας
408 2295 574 2328 καταλιπὼν,
596 2296 629 2323 τὰ
654 2296 693 2331 τῷ
711 2296 806 2331 τελείῳ
825 2296 884 2330 βλέ-

85 2350 179 2367 ποντα
198 2341 248 2376 βίῳ
263 2342 338 2376 παρὰ
354 2342 407 2368 τῶν
423 2341 523 2376 γονέων
541 2342 699 2377 αἰτήσεται·
716 2341 787 2368 οὕτω
810 2342 856 2368 καὶ
869 2342 884 2368 ὁ

84 2386 160 2417 Θεὸς
180 2385 278 2418 ἐθίζων
296 2386 341 2413 τὸν
363 2387 504 2423 ἄνθρωπον
522 2387 567 2414 διὰ
583 2387 692 2414 πάντων
713 2387 782 2422 πρὸς
802 2387 884 2414 αὑτὸν

85 2432 217 2468 βλέπειν,
241 2432 284 2458 διὰ
306 2432 385 2458 τοῦτο
406 2433 536 2464 πολλάκις
558 2432 618 2460 οὐδὲ
635 2433 690 2460 τῶν
715 2433 885 2469 μικροτέρων

83 2477 228 2512 αἰτήσεων
247 2477 362 2511 ἀνήκοος
378 2477 492 2509 γίνεται,
506 2477 544 2509 ὡς
559 2477 592 2504 ἂν
607 2478 654 2504 ἐπὶ
669 2479 702 2513 τῇ
716 2478 771 2504 τῶν
788 2477 887 2512 ὑψηλο-

82 2522 182 2558 τέρων
202 2521 334 2557 ἐπιθυμία
353 2521 397 2548 διὰ
412 2523 461 2558 τῆς
483 2523 512 2549 ἐν
527 2524 582 2555 τοῖς
606 2525 712 2559 μικροῖς
727 2524 886 2559 εὐεργεσίας

83 2568 138 2594 τὸν
161 2568 330 2604 τετυχηκότα
346 2568 394 2603 τῆς
409 2567 518 2603 χάριτος
540 2569 762 2604 προσκαλέσαιτο.
783 2569 839 2597 Καὶ
854 2570 886 2597 σὺ

83 2613 198 2645 τοίνυν,
212 2614 235 2639 εί
251 2614 264 2640 ὁ
287 2613 361 2641 δεῖνα
382 2614 476 2648 γέγονε
500 2613 560 2649 θείᾳ
578 2615 690 2650 προνοίᾳ
707 2615 841 2651 γνώριμός
855 2624 886 2642 τε

85 2658 139 2684 καὶ
167 2658 347 2693 περίϐλεπτος
372 2659 402 2692 ἐξ
425 2659 625 2695 ἀφανεστέρων,
650 2660 666 2695 ἢ
693 2660 756 2688 ἄλλο
777 2670 803 2688 τι
833 2661 886 2688 τῶν

84 2703 168 2730 κατὰ
182 2703 228 2730 τὸν
238 2703 292 2730 ϐίον
303 2703 396 2731 τοῦτον
411 2704 630 2739 ἐπιζητουμένων
643 2706 786 2741 ὲκτίσατο,
799 2707 887 2743 ἀρχὴν

963 1204 1060 1232 Verum
1079 1205 1147 1241 jam,
1161 1207 1260 1242 inquit,
1278 1207 1404 1235 nonnulli
1425 1208 1507 1234 etiam
1534 1207 1707 1242 principatus

924 1255 951 1278 et
964 1251 1080 1280 honores
1095 1273 1102 1285 ,
1126 1257 1152 1280 et
1180 1253 1289 1282 divitias
1313 1254 1452 1281 consecuti
1479 1257 1542 1281 sunt
1557 1275 1563 1286 ,
1587 1253 1712 1293 oratione

926 1297 959 1324 ad
972 1297 1023 1325 hoc
1040 1298 1093 1332 usi,
1116 1303 1142 1326 et
1161 1299 1196 1327 ob
1215 1299 1349 1334 ejusmodi
1369 1299 1534 1333 felicitatem,
1555 1299 1611 1327 Deo
1635 1301 1712 1328 citari

926 1350 987 1370 esse
997 1344 1146 1372 existimati
1161 1349 1236 1373 sunt.
1248 1345 1391 1378 Quomodo
1404 1345 1485 1381 igitur
1503 1346 1632 1381 prohibes
1646 1354 1708 1379 nos,

927 1388 1027 1417 dixerit
1055 1391 1165 1425 aliquis,
1184 1391 1217 1419 de
1233 1392 1371 1426 ejusmodi
1390 1393 1472 1420 rebus
1495 1400 1591 1427 preces
1612 1393 1712 1421 oﬂerre

933 1433 1006 1462 Deo?
1034 1436 1180 1463 Enimvero
1197 1437 1289 1464 omnia
1312 1438 1422 1473 quidem
1448 1439 1566 1474 pendere
1584 1447 1598 1466 a
1621 1439 1714 1467 divino

929 1480 1055 1513 consilio,
1070 1485 1151 1516 atque
1161 1489 1279 1517 superne
1295 1484 1350 1519 regi
1365 1481 1435 1511 han'c
1451 1485 1534 1511 vitam
1564 1488 1714 1518 terrenam,

929 1533 1011 1553 nemo
1038 1526 1169 1561 ignorat:
1191 1536 1242 1556 nec
1263 1529 1410 1564 quisquam
1433 1530 1552 1557 orationi
1576 1532 1719 1559 contradi-

927 1572 1008 1604 xerit,
1022 1572 1071 1599 sed
1091 1573 1185 1600 talium
1207 1575 1341 1602 orationis
1361 1582 1540 1602 Stlccessuum
1557 1575 1626 1603 alias
1649 1584 1717 1603 cau-

930 1625 976 1645 sas
1007 1617 1155 1646 didicimus
1171 1627 1178 1645 z
1194 1619 1325 1646 nimirum
1353 1620 1426 1654 quod
1452 1628 1506 1648 non
1535 1622 1612 1656 quasi
1639 1622 1712 1649 bona
1736 1654 1739 1658 ,

930 1670 1043 1697 prorsus
1063 1663 1217 1698 petentibus
1238 1664 1295 1691 hrec
1317 1664 1387 1692 Deus
1408 1665 1520 1700 tribuat,
1539 1660 1586 1694 sed
1603 1671 1633 1694 ut
1651 1661 1717 1695 sint-

930 1708 1088 1742 plicioribus
1106 1715 1154 1742 per
1171 1708 1229 1736 hate
1253 1709 1351 1736 ﬁducia
1371 1717 1435 1745 erga
1460 1711 1541 1738 Deum
1559 1712 1717 1740 stabiliatnr

930 1758 955 1780 et
970 1753 1158 1785 confirmetur,
1170 1761 1202 1780 ac
1217 1754 1348 1788 paulatim
1366 1763 1415 1790 per
1436 1757 1555 1784 minores
1571 1758 1717 1792 petitiones

930 1796 1098 1830 experientia
1115 1797 1186 1832 'ipsa
1208 1798 1359 1831 discentes,
1384 1800 1457 1834 quod
1485 1801 1622 1836 supplices
1645 1801 1717 1830 Deus

930 1843 1068 1875 exaudiat,
1082 1844 1221 1878 erigamur
1232 1844 1340 1872 tandem
1351 1845 1497 1880 aliquando
1510 1847 1543 1873 ad
1557 1847 1717 1875 sublimium

931 1887 1034 1922 pariter
1054 1891 1081 1915 et
1104 1888 1189 1915 Deum
1213 1887 1368 1916 decentium
1396 1890 1529 1918 donorum
1551 1891 1718 1920 desiderium

932 1937 1014 1967 atque
1032 1933 1220 1969 cupiditatem.
1238 1935 1473 1968 Quemadmodum
1493 1937 1520 1964 in
1538 1937 1640 1965 nostris
1656 1938 1720 1965 libe-

932 1979 971 2007 ris
986 1978 1119 2012 videmus,
1134 1981 1181 2014 qui
1204 1981 1282 2008 initio
1307 1981 1417 2016 quidem
1440 1982 1569 2011 uberibus
1587 1984 1720 2011 maternis

933 2024 1080 2058 adhaerent,
1103 2030 1233 2060 quantum
1255 2031 1351 2054 natura
1372 2028 1456 2063 capit,
1474 2032 1580 2056 tantum
1598 2037 1612 2056 a
1633 2034 1720 2058 matre

933 2069 1115 2105 requirentes.
1131 2070 1209 2103 Quod
1229 2071 1252 2098 si
1275 2071 1366 2100 infans
1384 2073 1542 2106 adoleverit,
1557 2079 1583 2101 et
1599 2074 1720 2109 aliquam

934 2114 1091 2143 facultatem
1107 2115 1235 2151 loquendi
1255 2117 1369 2153 adeptus
1381 2118 1474 2150 fuerit,
1493 2127 1638 2146 mammam
1658 2120 1721 2154 qui—

897 2176 921 2205 υ
935 2162 996 2189 dem
1015 2162 1130 2197 respuit,
1150 2163 1247 2196 quaerit
1264 2167 1354 2190 autem
1380 2163 1481 2198 aliquid
1504 2164 1656 2199 ejusmodi.
1679 2166 1721 2193 vel

935 2215 1041 2234 comam
1057 2208 1253 2243 appositiliam,
1267 2209 1308 2236 vel
1329 2209 1453 2244 pallium,
1470 2211 1512 2238 vel
1533 2211 1623 2246 aliqua
1644 2213 1721 2245 talia.

935 2254 1035 2288 quibus
1050 2252 1196 2280 infantium
1210 2255 1282 2281 oculi
1294 2254 1481 2289 delectantur;
1494 2257 1542 2284 sed
1561 2257 1606 2284 ubi
1624 2257 1657 2285 ad
1677 2258 1724 2286 lir-

935 2299 1048 2326 miorem
1065 2303 1171 2326 aetatem
1193 2301 1357 2334 pervenerit,
1371 2305 1398 2329 et
1415 2309 1493 2330 mens
1510 2310 1563 2330 una
1579 2310 1640 2331 cum
1662 2311 1724 2332 cor-

935 2352 1001 2380 pore
1016 2345 1144 2382 creverit,
1161 2350 1226 2373 tunc
1242 2348 1371 2376 omnibus
1393 2349 1546 2383 puerilibus
1567 2350 1666 2378 studiis
1685 2355 1726 2378 at-

936 2398 990 2425 que
1003 2390 1150 2418 desideriis
1166 2392 1288 2424 omissis,
1301 2401 1332 2421 ea
1346 2402 1407 2429 quae
1423 2395 1456 2422 ad
1470 2395 1620 2430 perfectam
1641 2397 1723 2424 vitam

938 2439 1075 2470 spectant,
1099 2443 1114 2462 a
1139 2437 1301 2471 parentibus
1334 2439 1471 2474 petiturus
1489 2445 1556 2468 est:
1579 2440 1616 2468 ita
1641 2442 1723 2469 etiam

938 2480 1020 2513 Deus,
1035 2481 1083 2516 qui
1099 2489 1149 2517 per
1175 2483 1267 2510 omnia
1291 2484 1429 2512 hominem
1446 2485 1479 2513 ad
1505 2494 1567 2514 sese
1588 2487 1726 2522 respicere

937 2527 1100 2558 assuefacit,
1119 2527 1223 2555 idcirco
1236 2536 1424 2564 saepenumero
1443 2538 1477 2557 ne
1494 2531 1649 2559 minoribus
1665 2532 1726 2567 qui-

938 2572 1000 2599 dem
1016 2572 1196 2607 petitionibus
1209 2581 1290 2601 aures
1302 2575 1425 2609 praebere
1439 2575 1557 2610 fastidit,
1573 2581 1601 2603 ut
1615 2577 1649 2604 ad
1665 2578 1726 2605 sub-

940 2617 1079 2645 limiorum
1098 2626 1195 2646 rerum
1206 2619 1385 2652 desiderium,
1405 2628 1454 2656 per
1472 2629 1619 2656 parvarum
1633 2630 1724 2648 rerum

940 2665 1111 2699 largitionem
1137 2672 1212 2696 eum,
1239 2667 1286 2700 qui
1302 2666 1355 2693 hoc
1378 2666 1542 2695 beneﬁcium
1561 2663 1725 2696 consecutus

940 2709 1036 2742 fuerit,
1057 2709 1166 2738 invitet.
1180 2710 1213 2737 Et
1227 2714 1256 2738 tu
1275 2710 1371 2746 igitur,
1396 2712 1419 2740 si
1440 2712 1486 2740 ille
1506 2716 1533 2739 et
1563 2713 1607 2740 ille
1634 2712 1725 2739 divina

131 2792 159 2809 ³⁷
180 2793 278 2821 Jere.n.
298 2803 323 2829 χ,
342 2794 353 2822 Ι
373 2802 432 2830 sqq.
471 2795 493 2811 "
514 2795 576 2823 Ose.
594 2803 637 2827 ix,
655 2795 696 2822 Η.
735 2797 757 2812 "
778 2796 841 2831 Sap.
859 2804 878 2831 I,
896 2797 939 2826 15.
