1978 3068
299 133 368 162 μσς
934 130 963 158 S.
984 129 1080 158 οπερ

1147 130 1148 133 “
1167 130 1313 159 NYSSENI
1864 133 1874 160 Ι
1883 132 1928 161 156

298 191 471 226 providentia
484 189 588 217 nobilis
603 193 631 217 et
644 189 763 217 illustris
780 189 906 216 obscuris
924 189 1079 224 parentibut

1148 189 1155 225 ἢ
1176 189 1302 223 πλοῦτον,
1320 190 1337 226 ἢ
1355 189 1544 226 περιφάνειαν,
1562 191 1618 217 νόει
1632 191 1679 218 τὸν
1703 189 1814 222 σκοπὸν,
1828 190 1869 217 ὄτι
1891 199 1929 218 σοι

297 244 374 266 ortus
388 237 485 269 evasit,
509 241 555 263 aut
572 237 675 272 aliquid
697 237 770 264 aliud
796 245 828 264 ex
849 237 884 263 iis
903 236 996 268 rebus,
1024 243 1078 271 qua

1148 235 1277 268 ιπόδειξις
1294 236 1344 271 τῆς
1364 236 1485 272 μεγάλης
1507 236 1647 272 δυνάμεως
1668 236 1715 263 τοῦ
1740 236 1807 263 Θεοῦ
1827 237 1844 272 ἡ
1869 236 1929 271 περῖ

298 293 342 311 res
355 292 402 318 per
420 285 490 311 hanc
502 285 588 311 vitam
603 287 782 319 expetuntur,
807 283 966 318 acquisivit.
985 282 1079 318 princi-

1149 279 1226 307 ταῦτα
1240 280 1430 315 φιλανθρωπία
1442 281 1557 315 γίνεται,
1580 281 1624 309 ἳνα
1643 281 1687 308 διὰ
1701 281 1748 308 τοῦ
1761 283 1855 316 τυχεῖν
1877 281 1930 308 τῶν

297 335 402 365 patum,
432 331 474 357 vel
490 329 614 361 divitias,
640 333 688 356 aut
709 328 916 360 claritudinem,
941 328 1078 356 consider:

1149 325 1273 353 ταιδικῶν
1294 326 1470 363 ἀθυρμάτων,
1484 327 1548 362 περὶ
1563 327 1616 354 τῶν
1632 327 1762 362 μειζόνων
1775 328 1822 354 καὶ⁸
1834 327 1930 354 τελειο-

296 383 416 411 quonam
433 375 490 402 haec
517 379 653 410 spectent,
677 375 819 407 nimirum,
849 375 922 409 quod
941 382 989 408 per
1012 381 1077 401 eam,

1148 372 1224 408 ιέρων
1237 373 1416 409 προσαγάγῃς
1430 372 1468 408 τῷ
1483 373 1571 409 Πατρὶ
1583 373 1633 405 τὰς
1647 374 1776 409 αἰτήσεις.
1797 373 1889 400 Ταῦτα
1903 373 1929 399 δέ

296 429 356 455 quae
372 421 445 448 circa
465 420 516 447 has
531 427 574 446 res
588 423 712 454 apparet,
730 419 935 446 humanitatem
952 419 979 446 in
999 419 1077 446 rebus

917 427 935 446 n
952 419 979 446 in
999 419 1084 446 rebus
1139 418 1214 446 ἐστιν
1227 419 1277 446 ὅσα
1294 420 1334 451 είς
1351 419 1440 455 ψυχὴν
1457 420 1534 456 φέρει
1549 420 1579 446 τὸ
1596 420 1698 455 κέρδος.

297 468 403 502 rnagnis
421 467 468 494 tibi
486 467 608 501 potentia
621 466 668 493 Dei
680 466 898 497 demonstratur,
911 470 941 494 ut
956 474 1006 501 per
1039 466 1102 498 hoc,
1124 466 1197 501 quod
1234 466 1476 500 animadverteris,
1493 474 1544 494 nec
1560 467 1682 494 ludicras
1697 466 1808 501 quidem
1823 473 1855 492 ac
1866 473 1929 500 pue—

297 513 362 540 riles
378 520 422 540 res
440 512 543 539 frustra
568 519 583 538 a
602 511 656 539 Deo
672 512 740 547 peti,
756 512 790 539 de
825 511 980 547 majoribus
999 519 1031 538 ac
1064 510 1281 547 periectioribus
1294 512 1368 540 Patri
1386 519 1481 547 preces
1504 511 1625 546 offeras;
1651 512 1708 540 lucc
1741 517 1832 540 autem
1867 515 1930 539 sunt

296 568 338 590 ea,
351 566 412 594 quae
427 559 527 586 anima:
550 558 656 585 lucrum
676 558 804 585 aﬂ'crunt.

331 605 437 632 Etenim
455 605 648 632 stultissimum
666 603 759 636 fuerit,
777 604 799 631 si
816 604 884 639 quis
900 604 1035 632 accedens
1047 603 1082 631 ad

1173 603 1228 630 Kal.
1246 604 1300 639 γὰρ
1313 602 1346 629 ἂν
1361 603 1404 638 εἴη
1419 602 1472 629 τῶν
1483 602 1673 636 ἀλογωτάτων,
1693 602 1877 638 προσελθόντα
1893 603 1929 638 τῷ

295 651 392 681 Deum,
412 657 427 676 ο
446 650 613 684 sempiterno
636 649 803 684 temporaria
830 654 918 685 roget,
944 657 959 676 a
976 650 1074 677 caslest

1147 648 1197 684 ἒεῷ
1214 649 1304 685 ζητεῖν
1323 647 1399 684 παρὰ
1423 647 1470 675 τοῦ
1495 648 1580 674 ἀϊδίου
1603 648 1639 674 τὰ
1666 649 1829 684 πρόσκαιρα.
1856 650 1928 684 παρά

295 700 415 727 terrena,
427 695 461 721 ab
473 692 615 721 Altissimo
626 694 740 721 humilia
754 701 780 722 et
795 695 914 729 abjecta,
924 695 958 723 ab
976 704 1021 729 co,
1038 703 1074 730 qu

1149 694 1185 721 τοῦ
1213 694 1374 730 ἐπουρανίου
1396 694 1430 720 τὰ
1443 693 1562 728 ἐπίγεια,
1581 693 1655 729 παρὰ
1679 693 1726 720 τοῦ
1752 694 1878 729 Ὑψίστου
1898 695 1930 721 τὰ

295 748 410 774 regnum
427 739 560 766 caelorum
573 739 701 775 largitur,
717 740 788 768 hanc
801 746 936 768 terrenam
953 746 980 769 et
995 741 1076 768 humi

1147 740 1306 776 (αμαίζηλα,
1323 739 1398 776 παρά
1412 739 1459 766 τοῦ
1475 739 1615 774 βασιλείαν
1627 739 1747 775 οὐρανῶν
1759 739 1928 776 δωρουμένου

297 786 348 812 lem
378 785 558 818 felicitatem;
591 786 626 813 ab
637 794 670 813 eo
692 787 740 822 qui
758 787 875 822 largitur
892 795 923 815 ea
941 795 1002 822 quae
1016 788 1075 823 erip

1146 786 1189 822 τὴν
1214 787 1312 822 γηῒνην
1330 785 1431 821 ταύτην
1456 785 1502 813 καὶ
1522 785 1652 821 ταπεινὴν
1671 785 1827 822 εὐκληρίαν,
1855 787 1927 822 παρά

297 840 350 859 non
368 836 494 867 possunt,
507 832 541 859 ad
559 832 688 867 exiguum
705 837 814 868 tempus
830 834 982 861 alienarum
994 841 1078 861 rerun

1147 832 1187 859 τοῦ
1205 832 1372 867 ἅναφαίρετα
1389 831 1578 867 χαριζομένου,
1592 831 1642 867 τὴν
1663 833 1692 858 ἐν
1711 831 1794 867 ὀλίγῳ
1816 832 1870 858 τῶν
1885 833 1928 859 ἀλ-

297 886 377 904 usum
394 887 400 904 :
417 884 533 912 quarum
549 876 707 904 necessaria
724 877 833 911 quidem
851 877 1002 912 ademptio,
1024 883 1077 904 tem

1147 877 1251 913 ιοτρίων
1277 877 1385 912 χρῆσιν,
1416 873 1454 903 ῶν
1487 875 1621 910 ἀναγκαία
1650 876 1700 911 μὲν
1729 878 1746 912 ἡ
1775 877 1928 913 ἀφαίρεσις,

297 924 424 958 porarius
444 931 509 950 vero
535 922 711 955 usufructus,
739 927 767 950 et
788 923 944 958 periculosa
969 923 1078 950 adminit

1146 922 1304 958 πρόσκαιρος
1327 921 1356 948 δὲ
1375 922 1392 956 ὴ
1409 921 1569 952 ἀπόλαυσις,
1596 921 1764 953 ἐπικίνδυνος
1777 921 1837 957 δὲή
1857 923 1927 949 οἰκο-

297 968 395 995 stratio
410 972 462 995 est.
478 967 597 995 Pulchre
611 971 703 994 autem
721 974 770 1002 per
787 967 971 1001 adiectionem
995 970 1078 994 osten-

1146 967 1217 1003 σομία
1229 976 1236 984 '
1248 967 1337 999 καλῶς
1354 967 1383 994 δὲ
1399 967 1549 1002 παρίστησι
1568 968 1601 1002 τῇ
1615 966 1757 1003 προσθήκῃ
1773 967 1803 994 τὸ
1819 967 1927 1000 ἄτοπον,

296 1014 335 1040 dit
353 1013 563 1045 absurditatem,
589 1020 651 1040 cum
669 1012 756 1040 dixit:
780 1012 854 1040 Sicut
869 1011 989 1048 gentiles.
1016 1011 1077 1038 Nan

1146 1013 1231 1047 ιὶπὼν,
1253 1013 1368 1047 Ὥσπερ
1392 1013 1420 1039 οἱ
1436 1012 1558 1052 ἐθνικοί.
1582 1012 1618 1038 Τὸ
1634 1012 1687 1049 γὰρ
1703 1013 1766 1047 περὶ
1780 1012 1815 1039 τὰ
1836 1013 1927 1047 φαινό-

294 1059 321 1085 iu
338 1067 382 1085 res
399 1063 561 1094 apparentes
584 1057 708 1086 studium
729 1056 856 1084 conferre
882 1058 1023 1092 proprium
1043 1065 1072 1084 es

1145 1067 1206 1085 LSVG.
1220 1059 1269 1094 τὴν
1285 1058 1403 1094 σπουδὴν
1416 1057 1488 1093 ἔχειν
1504 1058 1568 1085 ἴδιόν
1583 1058 1641 1084 ἐστι
1657 1057 1710 1084 τῶν
1730 1058 1866 1094 μηδεμίαν
1882 1058 1926 1085 τοῦ

294 1112 401 1135 eorum,
416 1107 463 1139 qui
481 1105 585 1131 nullam
600 1103 652 1131 sibi
672 1103 758 1130 futuri
782 1103 876 1130 saculi
891 1110 967 1138 spem
984 1110 1075 1138 propo-

1146 1103 1279 1135 ιέλλοντος
1301 1102 1398 1134 αἰῶνος
1422 1103 1527 1134 ἑαυτοῖς
1542 1103 1743 1138 ὑποτιθεμένων
1767 1102 1872 1135 ἐλπίδα,
1892 1103 1927 1139 μὴ

295 1155 374 1181 nunt,
392 1158 445 1177 non
460 1150 556 1185 judicii
570 1153 748 1182 metum,non
764 1149 898 1185 gehennae
912 1149 1011 1180 minas,
1028 1156 1076 1176 nor

1146 1149 1252 1184 ιρίσεως
1282 1148 1374 1183 φόϐον,
1404 1148 1440 1184 μὴ
1466 1149 1577 1184 γεέννης
1601 1148 1731 1184 ἀπειλὴν.
1754 1149 1791 1185 μὴ
1818 1149 1927 1183 ἀγαθῶν

295 1197 429 1224 bonorum
444 1195 689 1232 exspectationem,
709 1203 764 1223 non
779 1195 856 1222 aliud
872 1194 1024 1230 quidquam
1037 1202 1076 1222 eo

1146 1193 1312 1230 προσδοκίαν,
1338 1193 1375 1229 μὴ
1392 1193 1455 1220 ἄλλο
1481 1202 1508 1219 τι
1534 1193 1590 1220 τῶν
1608 1193 1679 1220 κατά
1706 1193 1756 1229 τὴν
1782 1194 1927 1221 ἀνάστασιν

293 1249 353 1268 rum
370 1249 431 1276 quae
455 1245 577 1276 tempore
604 1240 817 1267 resurrectionis
843 1232 1004 1274 sperantur,
1035 1247 1071 1274 qu

1146 1237 1334 1273 ηλπιξομὲνων,
1361 1237 1385 1264 οἳ
1403 1238 1581 1273 βοσκημάτων
1605 1238 1682 1274 δίκην
1700 1238 1766 1274 πρὸς
1787 1239 1832 1266 τὸν
1858 1248 1927 1275 παρ-

292 1287 374 1314 sicuti
395 1294 495 1321 pecora
507 1285 541 1312 ad
568 1289 733 1320 praesentem
756 1284 841 1312 vitam
862 1284 961 1312 intenti
992 1284 1073 1320 quod.

1146 1292 1198 1310 ιντα
1215 1283 1332 1318 ὁρῶντες
1354 1283 1429 1319 βίον,
1454 1284 1523 1320 ὅπερ
1539 1284 1573 1310 ἂν
1597 1284 1688 1320 λαιμῷ
1704 1285 1749 1311 καὶ
1774 1285 1863 1322 κοιλίᾳ
1881 1287 1927 1313 καὶ

292 1340 403 1367 ermque
419 1332 491 1368 gula:
511 1339 543 1358 ac
557 1331 656 1361 ventri,
669 1330 840 1365 reliquisque
858 1329 985 1365 corporis
1003 1329 1073 1356 volui

1144 1331 1193 1361 ταῖς
1218 1329 1325 1361 λοιπαῖς
1343 1329 1390 1356 τοῦ
1408 1329 1531 1365 σώματος
1548 1330 1725 1365 ἡδυπαθείαις
1748 1331 1925 1367 χαρίζωνται,

291 1379 412 1414 ptatibus
426 1378 570 1412 indulgere
592 1377 712 1411 possint,
738 1376 765 1403 id
792 1376 820 1403 in
843 1379 920 1410 parte
944 1375 1072 1402 bonorun

1144 1374 1211 1402 ωῦτο
1225 1375 1253 1401 ἐν
1272 1374 1381 1409 ἀγαθῶν
1402 1375 1523 1410 κρίνουσι
1543 1376 1635 1412 μοίρᾳ,
1663 1377 1680 1412 ἢ
1712 1377 1739 1403 τὸ
1768 1377 1925 1413 πρωτεῦσαί

292 1425 394 1455 locant,
413 1423 455 1450 vel
471 1422 659 1457 principatum
687 1422 759 1449 inter
791 1421 899 1456 aliquos
928 1425 1034 1453 tenere,
1053 1426 1073 1448 et

1146 1430 1224 1454 ἰνων,
1239 1421 1287 1447 καὶ
1304 1420 1333 1447 τὸ
1353 1421 1423 1456 ὑπὲρ
1439 1421 1501 1452 τοὺς
1514 1421 1623 1454 λοιποὺς
1639 1423 1809 1458 νομισθῆναι,
1829 1423 1846 1458 ἢ
1864 1423 1927 1450 πολ-

287 1469 404 1504 reliquis
420 1472 552 1503 prasstare
575 1467 671 1499 videri,
689 1467 730 1494 vel
768 1467 862 1494 multis
883 1466 1017 1493 incubare
1039 1470 1065 1492 ta

1144 1468 1189 1498 κοῖς
1203 1467 1416 1502 ἐπικαθευδῆσαι
1430 1467 1582 1500 ταλάντοις,
1598 1468 1615 1503 ἢ
1640 1468 1666 1494 εί
1683 1477 1709 1495 τι
1728 1468 1791 1495 ἄλλο
1806 1469 1856 1503 τῆς
1872 1470 1925 1504 βιο-

292 1513 389 1544 lentis,
413 1517 459 1539 aut
474 1513 497 1539 si
514 1512 581 1547 quid
597 1511 672 1538 aliud
684 1510 718 1538 de
728 1511 810 1545 hujus
824 1509 917 1538 saeculi
938 1509 1073 1537 fraudibus

1143 1514 1213 1549 ιικῆς
1229 1514 1337 1550 ἀπάτης
1360 1514 1449 1541 ἐστίν’
1464 1513 1505 1546 οἷς
1532 1516 1558 1541 εῐ
1581 1524 1623 1547 τις
1645 1516 1679 1543 ἃν
1699 1517 1765 1553 λέγῃ
1788 1518 1852 1552 περὶ
1875 1517 1924 1552 τῆς

291 1558 461 1592 estzquibus
474 1557 497 1585 si
514 1557 578 1592 quis
592 1556 626 1584 de
650 1556 742 1583 futura
760 1563 809 1590 spe
823 1555 908 1587 dicat,
929 1555 1011 1590 plane
1031 1562 1072 1582 nu-

1143 1558 1284 1593 ιελλοὺσης
1301 1559 1418 1590 ἐλπίδος,
1431 1559 1512 1594 λῆρος
1532 1559 1661 1595 ἄντικρυς
1679 1558 1748 1588 εἶναι
1771 1561 1852 1593 δοκεῖ,
1873 1571 1924 1589 πα-

288 1608 368 1638 gator
385 1610 446 1630 esse
467 1602 584 1634 videtur,
610 1601 770 1637 paradisum
797 1605 825 1629 et
846 1608 973 1636 regnum,
987 1604 1014 1628 et
1025 1607 1068 1629 cae

1144 1603 1258 1630 »ἀδεισον
1278 1603 1325 1630 καὶ
1342 1603 1490 1638 βασιλείαν,
1506 1604 1553 1631 καὶ
1568 1605 1690 1641 οὐρανῶν
1710 1606 1858 1643 διαγωγὴν,
1879 1608 1925 1634 καὶ

288 1649 386 1675 .lcstem
413 1648 621 1680 habitationem,
651 1651 678 1675 et
703 1646 840 1681 ejusmodi
866 1654 911 1674 res
931 1654 1069 1682 exponens

1142 1648 1168 1675 τὰ
1184 1649 1296 1676 τοιαῦτα
1317 1649 1530 1685 διεξερχόμενος.
1553 1651 1661 1686 Ἐπειδὴ
1678 1652 1766 1679 τοίνυν
1782 1652 1848 1680 ἴδιόν
1867 1654 1923 1681 ἐστι

291 1693 425 1726 Quoniam
438 1694 520 1730 igitur
534 1692 676 1729 proprium
693 1697 735 1721 est
750 1700 859 1725 eorum,
869 1692 917 1728 qui
935 1699 1011 1727 spem
1025 1699 1072 1719 nm

1144 1693 1187 1720 rth
1210 1694 1246 1730 μὴ
1267 1695 1382 1729 ἑχόντων
1400 1695 1494 1721 ἐλπίδα
1514 1695 1544 1721 τὸ
1563 1697 1778 1732 προστετηκέναι
1800 1699 1833 1734 τῇ
1854 1707 1925 1735 παρ-

293 1739 406 1771 habent,
432 1743 462 1767 ut
490 1739 620 1774 pruenti
638 1738 702 1766 vita:
726 1738 914 1765 adhaarescaut
934 1740 961 1765 et
981 1736 1072 1764 addict

1143 1739 1201 1777 ιύσῃ
1216 1739 1285 1776 ζωῇ,
1305 1740 1394 1772 καλῶς
1408 1740 1442 1767 τὰ
1456 1741 1571 1775 περιττὰ
1585 1742 1632 1768 καὶ
1646 1743 1747 1777 μάταια
1763 1743 1813 1778 τῆς
1827 1744 1924 1770 ἐπιθυ-

292 1787 363 1818 sint,
377 1789 451 1813 recte
461 1792 629 1820 supervacua
641 1791 674 1812 ac
687 1791 756 1811 vana
766 1783 913 1816 desideria,
927 1790 988 1818 quae
1004 1783 1073 1810 volu‘

1142 1785 1208 1818 ιίας,
1223 1785 1241 1812 ἀ
1257 1785 1290 1812 δι’
1305 1786 1388 1821 εὐχῆς
1403 1786 1503 1814 οἴονται
1527 1787 1676 1822 κατορθοῦν
1690 1788 1795 1820 ἑαυτοῖς
1815 1791 1842 1816 οἱ
1863 1790 1923 1824 φιλ-

290 1832 357 1866 ptati
389 1831 497 1858 addicti
522 1839 570 1866 per
597 1831 752 1858 orationem
776 1837 806 1857 se
832 1829 1010 1857 confecturos
1029 1829 1071 1857 sib

1143 1831 1230 1867 jaovtn,
1248 1831 1303 1858 τῶν
1317 1831 1430 1859 ἐθνικῶν
1446 1832 1461 1858 ό
1474 1832 1551 1866 λόγος
1565 1831 1634 1860 εῐναί
1650 1834 1787 1867 φησι,τῶν
1802 1836 1924 1871 νομιζόν-

290 1886 352 1905 esse
371 1881 477 1911 putant,
499 1877 640 1912 gentilium
656 1884 727 1909 esse,
755 1876 897 1911 Scriptura
917 1875 996 1908 dicit,
1022 1875 1071 1903 exit

1143 1886 1186 1903 των
1203 1878 1235 1904 ἐκ
1247 1878 1294 1904 τοῦ
1311 1878 1506 1914 προσλιπαρεῖν
1523 1878 1587 1914 περὶ
1601 1879 1656 1905 τῶν
1668 1879 1776 1906 ἀτόπων
1793 1881 1924 1916 συνεργὸν

290 1924 459 1950 stimantium
481 1930 511 1950 se
527 1922 561 1950 de
579 1923 661 1951 rebus
694 1922 822 1950 absurdis
842 1922 954 1950 assidue
980 1930 1013 1949 ac
1039 1929 1071 1950 se

1142 1923 1179 1949 ;π“ι
1203 1923 1237 1950 τὰ
1265 1923 1302 1959 μὴ
1326 1923 1419 1951 δέοντα
1444 1924 1474 1951 τὸ
1504 1924 1580 1951 Θείον
1606 1925 1687 1958 ἕξειν.
1711 1925 1825 1952 Δοκοῦσι
1850 1927 1923 1962 γὰρ,

289 1969 354 1996 dulo
371 1969 492 2004 rogando
502 1973 700 1997 consecuturos
713 1976 785 2000 esse,
798 1972 829 1995 ut
844 1976 946 1996 numen
956 1968 1070 1995 divinun

1144 1969 1232 2003 :qalv,
1261 1969 1307 1996 ὄτί
1327 1970 1356 1996 ἐν
1385 1971 1418 2005 τῇ
1451 1971 1599 2006 πολυλογίᾳ
1626 1970 1715 1998 αὐτῶν
1745 1972 1925 2007 εἰσακουσθή-

289 2015 329 2041 eis
345 2014 378 2041 ad
394 2022 437 2042 res
450 2022 504 2041 non
518 2018 609 2042 rectas
622 2022 710 2049 neque
721 2014 893 2041 necessarias
914 2014 1015 2040 auxilio
1032 2014 1068 2040 sit

1143 2021 1233 2041 rovmt.
1260 2014 1340 2041 Ἀλλά
1364 2015 1451 2042 ταῦτα
1475 2016 1525 2051 μὲν
1547 2015 1565 2043 ἀ
1590 2016 1630 2042 δεῖ
1649 2016 1803 2050 γινώσκειν,
1829 2017 1864 2043 δι’
1886 2015 1924 2044 ῶν

290 2059 454 2087 Existimant
473 2060 546 2086 enim
556 2080 563 2090 ,
585 2060 690 2094 inquit,
707 2067 737 2087 se
751 2063 862 2095 propter
875 2059 1071 2094 multiloquiun

1142 2058 1313 2095 ηξητάσαμεν,
1329 2060 1516 2096 ἐδιδάχθημεν.
1533 2062 1600 2088 Οἴαν
1616 2061 1643 2088 δὲ
1656 2063 1788 2098 προσήκει
1809 2063 1848 2098 τῷ
1863 2063 1923 2098 Θεῷ

291 2113 370 2132 suum
388 2105 546 2133 exauditum
564 2106 607 2133 iri.
625 2104 722 2133 Verum
742 2105 799 2132 haec
815 2104 937 2140 quidem,
951 2112 1013 2138 quae
1032 2112 1072 2132 co-

1139 2105 1280 2140 ντροσάγειν
1303 2106 1352 2142 τὴν
1374 2107 1475 2142 δέησιν,
1497 2108 1526 2134 ἐν
1550 2109 1605 2140 τοῖς
1619 2108 1718 2144 ἐφεξῆς
1737 2109 1920 2144 ἀκουσόμεθα,

291 2150 378 2184 gitare
390 2155 470 2184 atque
486 2149 653 2185 perpendere
668 2153 787 2184 oportet,
802 2156 851 2183 per
865 2156 907 2179 ea,
920 2156 981 2183 qute
997 2156 1072 2176 seru.

1139 2151 1222 2187 (ἀριτι
1245 2151 1292 2178 τοῦ
1317 2152 1419 2188 Κυρίου
1437 2153 1515 2188 ἡμῶν
1533 2153 1619 2188 Ἰησοῦ
1634 2154 1762 2190 Χριστοῦ,
1780 2151 1803 2188 ᾧ
1819 2155 1834 2190 ἡ
1858 2155 1920 2188 δόξα

291 2194 338 2221 tati
355 2202 450 2222 sumus
469 2199 495 2222 et
518 2193 699 2225 ostendimus,
723 2193 812 2221 edocti
835 2201 931 2220 sumus
947 2203 953 2220 :
967 2193 1072 2228 qualem

1138 2195 1177 2222 tui.
1191 2196 1221 2222 τὸ
1235 2196 1346 2232 κράτος,
1364 2197 1404 2227 εἰς
1419 2197 1483 2229 τοὺς
1497 2197 1598 2230 αίῶνας
1612 2198 1665 2225 τῶν
1685 2198 1799 2226 αἰώνων.
1822 2200 1919 2235 Ἀμήν.

290 2244 379 2267 autem
406 2240 548 2268 conveniat
584 2239 682 2267 oﬂ‘crre
707 2239 761 2266 Deo
783 2238 978 2274 precationem,
1004 2239 1031 2267 in
1066 2241 1246 2276 sequentibus
1278 2242 1433 2276 audiamus,
1459 2245 1546 2279 gratia
1591 2243 1697 2271 Domini
1742 2245 1827 2272 nostri
1854 2244 1920 2272 Jesu

287 2286 398 2317 Christi.
415 2284 460 2313 cui
479 2285 563 2321 gloria
580 2290 607 2313 et
622 2285 766 2319 imperium
787 2285 814 2312 in
836 2284 935 2312 saecula
955 2285 1129 2313 saeculorum.
1152 2287 1248 2315 Amen.
1904 2293 1909 2298 '

588 2345 716 2374 ORATIO
743 2347 772 2374 ll.

1439 2353 1547 2379 ΛΟΓΟΣ
1566 2352 1602 2381 B'.

464 2402 546 2430 Pater
561 2407 658 2433 noster,
670 2403 715 2436 qui
728 2411 754 2430 es
770 2403 796 2429 in
813 2403 895 2430 cwlis.

1262 2407 1357 2442 Πάτερ
1374 2408 1458 2442 ἡμῶν
1472 2409 1489 2435 ό
1507 2409 1541 2435 ὲν
1556 2409 1617 2442 τοῖς
1633 2411 1779 2444 οιῗιρανοῗς.

319 2462 388 2491 Cum
401 2470 517 2499 magnus
532 2463 576 2490 illc
591 2462 697 2498 Moyses
711 2463 744 2490 ad
760 2471 819 2491 eam
835 2472 976 2493 sacrorum
989 2465 1073 2494 disci-

1165 2469 1229 2496 ’Ότε
1247 2470 1386 2505 προσῆγεν
1398 2471 1412 2496 ό
1428 2471 1514 2506 μέγας
1528 2471 1649 2507 Μωῦσῆς
1668 2474 1700 2507 τῇ
1718 2475 1788 2499 κατά
1808 2473 1840 2500 τὸ
1855 2474 1918 2510 ὄρος

288 2509 400 2544 plinam,
431 2517 491 2544 qum
523 2509 549 2536 in
579 2513 671 2537 monte
701 2510 906 2545 instituebatur,
941 2513 1069 2548 populum

1137 2515 1310 2550 ,ιυσταγωγίᾳ
1323 2517 1368 2542 τὸν
1392 2516 1559 2552 Ἰσραηλίτην
1577 2516 1651 2549 λαὸν,
1672 2519 1703 2544 οὐ
1724 2519 1855 2555 πρότερον
1869 2515 1918 2547 αὖ·

286 2555 463 2583 lsraeliticum
479 2555 636 2586 adduceret,
663 2564 716 2583 non
742 2556 818 2591 prius
834 2565 881 2584 eos
899 2559 1067 2593 apparitione

1137 2559 1188 2590 τοὺς
1211 2560 1261 2594 τῆς
1285 2559 1443 2594 θεοφανείας
1464 2561 1589 2596 ἠξίωσεν,
1615 2561 1679 2596 πρὶν
1698 2562 1793 2598 ἁγνείᾳ
1818 2572 1847 2590 τε
1871 2564 1918 2590 καὶ

285 2599 332 2628 Dei
349 2601 445 2636 dignos
470 2600 613 2635 judicavit,
639 2609 724 2636 quam
754 2602 856 2629 indicta
882 2602 1066 2631 observationt

1134 2605 1349 2640 τεριρῤαντισμῷ
1371 2606 1549 2641 νομοθετῆσαι
1567 2606 1606 2642 τῷ
1622 2607 1679 2643 λαῷ
1698 2608 1729 2634 τὸ
1749 2608 1915 2645 καθάρσιον·

284 2647 430 2678 castitatis,
446 2651 473 2674 et
490 2648 650 2682 aspersione
662 2655 748 2682 aquas,
773 2647 875 2682 populo
901 2649 1065 2683 puriﬁcatio-

1136 2650 1172 2676 ιαὶ
1188 2650 1248 2677 οὐδὲ
1261 2650 1348 2682 οὕτως
1363 2651 1517 2686 ἐθάρσησαν
1539 2652 1590 2687 τῆς
1612 2651 1687 2684 θείας
1710 2653 1851 2689 δυνάμεως
1866 2655 1917 2691 τὴν

284 2701 345 2721 nem
368 2693 425 2729 lege
439 2692 576 2720 sanxisset
591 2702 598 2720 :
617 2700 648 2719 ac
665 2699 698 2719 ne
725 2693 765 2720 sic
779 2692 890 2727 quidem
908 2693 1006 2721 divinas
1020 2701 1065 2728 po.

1140 2695 1284 2729 μφάνειαν,
1299 2695 1369 2722 ἀλλὰ
1385 2696 1453 2730 πρὸς
1469 2696 1522 2722 πᾶν
1540 2696 1752 2732 κατεπλάγησαν
1772 2697 1802 2724 τὸ
1819 2698 1917 2732 φαινό-

282 2740 374 2766 tentia:
405 2738 601 2774 apparitionem
617 2738 817 2777 sustlnuertutt,
837 2738 884 2766 sed
905 2739 938 2765 ad
961 2746 1060 2766 omnen

1134 2749 1214 2772 ιενον,
1229 2741 1259 2767 τὸ
1274 2741 1339 2775 πῦρ,
1355 2741 1401 2767 τὸν
1417 2740 1524 2774 γνόφον,
1539 2741 1585 2767 τὸν
1604 2742 1717 2776 καπνὸν,
1735 2742 1785 2774 τὰς
1800 2742 1915 2777 σάλπιγ-

283 2784 378 2811 i'acicm
395 2788 422 2811 et
448 2788 588 2818 aspectum
613 2790 720 2815 eorum,
749 2791 810 2818 qua:
834 2784 1011 2819 apparebant,
1036 2784 1064 2810 ad

1134 2794 1174 2818 νας
1184 2794 1191 2801 ·
1208 2786 1254 2813 καὶ
1266 2787 1333 2822 πρὸς
1341 2786 1450 2818 τούτους
1465 2786 1546 2814 πάλιν
1561 2787 1756 2824 ἀποστραφεὶς,
1765 2788 1858 2823 ἠξίουν
1869 2789 1915 2816 τὸν

281 2829 382 2864 ignem,
398 2828 432 2856 ad
448 2824 600 2864 caliginem,
617 2828 651 2856 ad
665 2827 780 2862 fumum,
804 2829 837 2856 ad
853 2829 942 2862 tubas,
959 2829 1062 2857 attoniti

1132 2831 1271 2867 νομοθέτην
1286 2832 1377 2863 αὐτοῖς
1393 2832 1506 2868 μεσίτην
1520 2833 1644 2867 γενέσθαι
1666 2833 1711 2860 τοῦ
1727 2833 1799 2861 θείου
1813 2834 1913 2871 βουλή-
