1978 3068
84 103 142 131 “57

527 105 570 133 DE
590 103 763 132 ORATIONE
784 104 958 134 DOMINICA.
979 121 1013 128 —-
1031 105 1208 142 ORATIO‘II.

1616 103 1684 132 “58

84 167 163 194 ματος,
177 159 215 192 ὼς
234 160 283 196 οὐχ
305 161 398 198 ἱκανῆς
424 162 505 199 οὔσης
529 163 578 198 τῆς
603 164 743 199 δυνάμεως
763 165 852 191 αὐτῶν

906 169 984 200 atque
1000 165 1116 200 perculsi
1132 169 1195 193 sunt
1211 175 1216 192 :
1235 168 1261 192 et
1282 164 1313 191 ad
1331 171 1391 191 sese
1407 171 1504 191 rursus
1519 164 1631 195 reversi,
1647 164 1684 190 le—

83 204 246 239 προσεγγίσαι
260 205 299 241 τῷ
314 206 382 242 Θεῷ,
399 207 445 234 καὶ
457 207 531 234 θείαν
545 208 695 244 ἐμφάνειαν
713 208 848 242 δέξασθαι.

88 250 112 276 '0
122 249 146 276 δὲ
158 250 288 288 ἡμέτερος
306 252 462 287 νομοθέτης,
481 253 526 280 καὶ¹
541 254 640 289 Κύριος
653 254 732 289 ήμῶν
751 254 852 289 Ἰησοῦς

81 295 192 331 Χριστὸς,
220 297 368 332 προσάγειν
385 299 460 333 ἡμᾶς
485 300 517 334 τῇ
544 299 604 335 θείᾳ
623 300 712 335 χάριτι
737 300 850 335 μέλλων,

81 341 133 376 οὐχὶ
148 341 249 368 Σίναιον
264 343 330 378 ἡμῖν
344 343 407 379 ὄρος
422 344 460 379 τῷ
474 344 544 380 λόγῳ
558 346 750 380 παραδείκνυσι
761 346 852 382 γνόφῳ

81 386 283 422 κεκαλυμμένον,
299 388 345 415 καὶ
361 389 427 424 πυρὶ
445 390 649 425 καπνιζόμενον,
664 391 723 418 οὐδὲ
738 391 852 426 σαλπίγ-

81 439 129 465 γων
148 432 247 466 φωνὰς
265 433 370 469 ἄσημόν
392 443 418 461 τι
432 436 478 462 καὶ
498 438 716 472 καταπληκτικὸν
730 438 852 472 ἀπηχού-

81 484 132 507 σοις1
145 476 201 503 οὐδὲ
221 478 381 514 τριημέροις
402 480 532 514 ἁγνείαις,
550 481 597 507 καὶ
612 481 686 508 ’ύδατι
710 482 794 517 ῥύπον
807 483 853 509 ὲκ-

80 521 194 548 πλύνοντι
216 522 266 558 τὴν
290 523 380 559 ψυχὴν
407 526 572 561 ἐκκαθάρας,
601 527 661 554 οὑδὲ
688 528 777 554 πᾶσαν
803 529 853 565 τὴν

79 567 215 602 ἐκκλησίαν
231 569 260 595 ὲν
274 570 306 604 τῇ
332 570 455 606 ὑπωρείᾳ
471 572 637 606 καταλιπὼν,
654 573 694 599 ἐνὶ
713 573 785 608 μόνῳ
802 573 852 609 τὴν

78 610 160 637 ἄνοδον
183 611 229 638 ἐπὶ
252 612 301 648 τὴν
323 615 445 649 κορυφὴν
461 615 508 642 τοῦ
526 616 604 651 ὅρους
628 615 779 652 χαρίζεται,
803 614 851 654 τὴν

79 655 278 693 κεκαλυμμένην
301 658 340 694 τῷ
362 659 453 696 γνόφῳ
469 660 507 696 τῷ
525 664 573 697 τὴν
592 661 672 695 δόξαν
687 661 753 689 Θεοῦ
775 672 852 697 περι-

78 700 232 734 κρύπτοντι·
248 702 317 730 ἀλλὰ
337 704 445 739 πρῶτον
470 706 518 740 μὲν
537 706 596 733 ἀντὶ
612 706 658 733 τοῦ
679 707 757 743 ὅρους
771 709 852 735 αὐτὸν

77 745 163 780 ἀνάγει
175 747 220 773 τὸν
233 747 355 783 οὐρανὸν,
371 749 451 784 βατδν
464 752 520 783 τοῖς
539 751 691 787 ἀνθρώποις
703 753 785 780 αὐτὸν
807 753 851 780 διὰ

77 791 121 826 τῆς
133 792 229 828 ἀρετῆς
244 795 417 829 καταστήσας
427 804 433 810 ·
448 796 540 823 ἔπειτα
561 797 589 824 δὲ
605 798 634 824 οὐ
652 798 752 830 θεατὰς
772 799 851 834 μόνον

77 836 122 870 τῆς
135 836 206 869 Θείας
220 838 370 874 δυνάμεως,
389 840 456 873 an;
481 841 527 868 καὶ
543 843 686 874 κοινωνοὺς
700 843 852 879 ἀπεργάζε-
867 841 889 868 Β

77 889 128 914 ται,
143 882 188 909 καὶ
208 883 248 915 είς
263 886 421 919 συγγένειαν
432 887 531 922 τρόπον
545 888 604 915 τινὰ
623 889 673 924 τῆς
689 889 853 925 ὑπερκειμέ-

76 935 122 962 νης
134 927 236 961 φύσεως
249 930 312 962 τοὺς
324 932 483 966 προσιόντας
496 933 557 967 ἄγει
567 941 574 949 ·
591 933 650 960 οὐδὲ
666 935 757 970 γνόφῳ
770 944 854 962 κατα-

76 972 184 1008 κρύπτει
209 974 259 1010 τὴν
285 976 470 1012 ὑπερέχουσαν
494 978 583 1012 δόξαν,
607 979 644 1012 ὼς
667 980 854 1016 δυσθεώρητον

74 1019 127 1050 τοῖς
137 1018 313 1055 ἁναζητοῠσιν
335 1019 415 1055 εἶναι,
434 1022 501 1050 ἀλλὰ
516 1023 555 1058 τῷ
575 1024 706 1059 τηλαυγεῖ
719 1027 788 1061 φωτὶ
803 1027 854 1062 τῆς

74 1063 240 1096 διδασκαλίας
255 1065 299 1091 τὸν
322 1066 420 1101 γνόφον
442 1069 644 1103 καταφωτίσας,
661 1070 708 1097 ἐπὶ
723 1071 853 1107 λαμπρᾶς

73 1109 177 1144 αἰθρίας
201 1111 256 1142 τοῖς
283 1111 413 1147 καθαροῖς
435 1113 484 1148 τὴν
504 1114 626 1149 καρδίαν,
645 1115 695 1150 τὴν
716 1115 853 1151 ἄφραστον

73 1154 148 1187 δόξαν
162 1155 329 1191 καθορᾶσθαι
351 1157 493 1193 ἐποίησεν·
518 1159 591 1195 ὕδωρ
610 1160 638 1187 δὲ
657 1161 852 1196 περιρραίνειν,

73 1199 122 1225 οὐκ
140 1199 169 1232 ἐξ
185 1200 331 1235 ἀλλοτρίων
350 1203 488 1237 ναμάτων,
513 1204 581 1231 ἀλλὰ
598 1205 629 1232 τὸ
640 1206 669 1232 ὲν
685 1207 750 1241 ήμίν
763 1207 853 1239 αὐτοῖς

72 1245 203 1281 ἀναϐρύον
235 1246 392 1282 χαρίζεται,
418 1247 473 1275 εἴτε
498 1249 546 1281 τὰς
569 1250 623 1277 τῶν
647 1250 792 1286 ὀφθαλμῶν
812 1261 854 1284 τις

71 1290 142 1324 λέγει
159 1292 258 1326 πηγὰς,
276 1293 330 1319 εἴτε
353 1293 402 1330 τὴν
424 1294 547 1330 καθαρὰν
561 1296 611 1331 τῆς
630 1298 744 1333 καρδίας
766 1299 854 1325 συνεί-

71 1334 156 1369 δησιν,
174 1335 307 1371 μηδεμίαν
323 1336 379 1364 ίλὺν
393 1338 446 1364 ἀπὸ
459 1340 508 1374 τῆς
527 1340 638 1376 ἐννόμου
659 1342 713 1369 τῶν
727 1343 854 1378 γαμετῶν

70 1380 188 1415 ὁμιλίας,
212 1381 268 1408 ἀλλ’
285 1382 338 1408 ἀπὺ
364 1383 454 1419 πάσης
473 1385 568 1421 ὑλικῆς
591 1395 621 1413 τε
645 1388 693 1414 καὶ
716 1389 854 1424 ὲμπαθοῦς

69 1425 213 1458 διαθέσεως
238 1427 435 1464 νομοθετήσας,
468 1429 539 1457 οὕτω
572 1432 777 1467 προσάγει’διὰ
804 1435 855 1470 τῆς

70 1472 223 1515 προσευχῇς
235 1472 274 1507 τῷ
289 1473 358 1508 Θεῷ.
374 1473 448 1510 Αὕτη
462 1476 516 1511 γὰρ
532 1476 585 1504 τῶν
599 1478 731 1514 ῥημάτων
744 1481 761 1515 ὴ
776 1479 855 1507 δύνα-

70 1525 126 1551 μις,
139 1516 171 1543 δι’
187 1513 225 1544 ὧν
236 1518 295 1553 οὐχὶ¹
313 1519 405 1553 φωνάς
415 1529 491 1552 τινας
506 1521 535 1548 ἐν
559 1523 703 1556 συλλαϐαῖς
717 1513 852 1560 ὲκῲωνου-

70 1560 155 1595 μένας
171 1561 341 1598 μανθάνομεν
361 1563 405 1589 διὰ
417 1564 463 1590 τοῦ
480 1564 570 1599 λόγου,
588 1566 646 1592 ἀλλ’
663 1567 783 1594 ἐπίνοιαν
805 1571 855 1604 τῆς

69 1607 137 1641 πρὸς
154 1607 200 1634 τὸν
215 1607 281 1636 Θεὸν
295 1608 453 1642 ἁναὸάσεως
469 1610 503 1638 δι’
516 1611 620 1647 ὑψηλῆς
641 1613 778 1645 πολιτείας
789 1623 854 1642 κατ-

68 1653 246 1690 ωρθωμένην.

903 210 1059 246 gislatorcm
1080 210 1220 246 rogabant,
1237 214 1265 237 ul
1282 209 1305 237 is
1320 209 1451 236 mediator
1467 208 1536 243 ipsis
1558 212 1585 234 et
1599 207 1683 234 intur-

903 256 1015 284 nuntius
1029 256 1127 283 divina).
1144 255 1291 283 voluntatis
1302 250 1459 288 exsisteret,
1473 253 1551 289 quasi
1563 253 1687 288 ipsorum

904 301 974 328 vires
992 300 1024 327 ad
1040 299 1312 335 appropinquandnm
1335 298 1399 332 Deo,
1413 298 1587 332 divinamque
1603 304 1685 332 appa-

903 346 1028 374 ritionem
1048 346 1246 380 excipiendam,
1264 345 1330 372 satis
1349 344 1452 375 idonea:
1467 343 1685 377 sullicientesqnc

903 399 957 418 non
971 391 1104 419 essent”.
1119 391 1152 418 At
1168 395 1262 418 noster
1278 391 1426 426 legislator,
1444 390 1576 416 Dominus
1592 393 1685 416 noster

902 435 982 464 Iesus
1000 436 1138 468 Christus,
1157 436 1190 462 ad
1207 435 1327 462 divinam
1351 435 1464 470 gratiam
1487 442 1538 461 nos
1553 434 1686 461 adductu-

903 490 961 512 rus,
976 490 1029 509 non
1042 486 1162 509 montem
1178 481 1253 508 Sinai
1273 481 1351 509 nobis
1372 481 1487 516 caligine
1499 479 1646 507 obductum
1659 483 1686 506 et

903 528 965 563 igne
979 527 1154 562 furnigantem
1180 527 1304 554 oratione
1319 529 1517 561 praemonstrat,
1541 533 1628 559 neque
1644 529 1687 550 tu-

904 574 1000 601 barum
1016 581 1097 600 voces
1115 574 1262 600 obscurum
1281 573 1410 608 quiddam
1433 577 1514 607 atque
1538 572 1685 599 terriﬁcum

903 623 1073 650 resonantes,
1099 626 1187 654 neque
1209 618 1291 646 tridui
1315 618 1453 649 castitate,
1466 622 1492 645 et
1508 615 1578 651 aqua
1592 616 1687 644 sordes

902 666 1011 693 eluente
1024 666 1140 692 animam
1156 668 1298 700 expurgat,
1314 671 1401 698 neque
1419 663 1492 690 omni
1507 662 1639 690 concione
1652 661 1686 688 ad

903 712 1008 738 radices
1024 711 1124 738 montis
1139 710 1243 742 rcliCta,
1259 710 1305 737 uni
1325 709 1376 737 soli
1391 708 1424 735 ad
1439 716 1570 735 cacumen
1585 700 1685 734 montis

902 756 1017 791 caligine
1036 755 1148 791 gloriam
1164 755 1210 782 Dei
1234 758 1340 790 tegi-nte
1362 753 1570 786 circumfusum,
1592 760 1687 779 ascen—

903 809 962 829 sum
989 801 1114 835 largitur,
1140 800 1186 828 sed
1203 801 1319 835 primum
1345 799 1455 834 quidem
1478 807 1527 833 pro
1544 803 1635 825 monte
1651 798 1684 824 ad

903 847 992 882 ipsum
1007 847 1118 880 coelum,
1149 846 1221 881 quod
1240 853 1287 880 per
1301 845 1427 872 virtutem
1447 844 1569 880 pervium
1598 843 1688 870 homi-

903 891 983 919 nibus
997 890 1094 923 eﬁ‘ccit,
1109 890 1248 923 subducit;
1258 889 1355 917 deinde
1363 896 1428 917 vero
1444 896 1498 916 non
1520 891 1688 922 spectatores

903 937 992 964 solum
1008 936 1106 964 divinze
1120 937 1255 971 potentiae,
1270 935 1446 963 vcrumetiam
1462 934 1553 961 socios
1577 937 1604 960 et
1627 940 1689 968 par-

903 983 999 1017 ticipes
1024 981 1098 1014 facit,
1118 986 1144 1009 et
1161 982 1193 1008 ad
1214 982 1406 1014 cognationem
1423 979 1624 1015 quodammodo
1642 986 1689 1006 su-

887 1024 994 1063 perna!
1017 1031 1120 1053 natura:
1148 1026 1309 1053 accedentes
1338 1024 1413 1052 ducit
1435 1033 1442 1051 :
1461 1031 1551 1058 neque
1570 1023 1689 1058 caligine

903 1072 1103 1108 praecellentem
1128 1072 1242 1107 gloriam
1269 1070 1424 1102 abscondit,
1450 1073 1481 1096 ut
1501 1069 1686 1104 contemplatu

903 1118 1020 1146 diﬁicilis
1037 1117 1239 1152 requirentibus
1253 1116 1289 1144 sit
1305 1126 1311 1143 :
1328 1115 1374 1143 sed
1388 1116 1463 1143 claro
1474 1115 1577 1142 lumine
1592 1114 1690 1141 doctri-

903 1172 946 1192 ηαδ
962 1164 1077 1199 caligine
1095 1163 1231 1193 discussa,
1251 1162 1278 1188 in
1296 1161 1387 1188 lucida
1407 1168 1439 1187 ac
1454 1159 1597 1195 splendida
1613 1166 1689 1186 sere-

904 1210 988 1236 nitate
1010 1216 1078 1244 puro
1095 1208 1178 1235 corde
1194 1207 1316 1242 praeditis
1335 1205 1548 1234 inenarrabilem
1573 1204 1688 1240 gloriam

904 1253 1126 1289 conspiciendam
1157 1253 1273 1288 praebet;
1298 1259 1397 1287 aquam
1419 1255 1510 1278 autem
1537 1250 1570 1276 ad
1593 1256 1689 1283 asper-

904 1299 1034 1336 gendum,
1059 1306 1115 1326 non
1140 1306 1173 1325 ex
1200 1297 1296 1325 alienis
1315 1297 1392 1330 rivis,
1419 1296 1466 1324 sed
1485 1296 1511 1322 in
1525 1295 1604 1322 nobis
1622 1293 1690 1329 ipsis

905 1344 1098 1373 scaturientem
1112 1343 1238 1378 largitur,
1269 1343 1326 1370 sive
1350 1342 1491 1369 oculorum
1516 1340 1578 1375 quis
1601 1339 1690 1366 fontes

904 1390 986 1421 dicat,
1018 1389 1077 1418 sive
1091 1396 1187 1424 puram
1218 1388 1310 1415 cordis
1336 1386 1533 1414 conscientiam
1554 1386 1658 1412 nullum
1675 1392 1690 1411 a

905 1435 1052 1463 vitiositate
1076 1439 1157 1469 atque
1176 1433 1280 1460 malitia
1303 1433 1396 1459 limum
1422 1431 1595 1458 invehentem
1615 1436 1690 1456 :non

906 1482 993 1509 solum
1011 1484 1101 1507 autem
1117 1487 1131 1506 a
1148 1479 1222 1506 licita
1235 1486 1351 1506 uxorum
1361 1476 1577 1508 consuetudine,
1589 1475 1637 1503 sed
1657 1475 1691 1501 ab

907 1525 980 1553 omni
999 1524 1131 1551 materiali
1151 1524 1254 1558 pariter
1269 1531 1301 1549 ac
1321 1522 1419 1549 vitiosa
1445 1520 1588 1548 aﬁ‘ectione
1614 1519 1690 1546 insti-

907 1575 963 1598 tuta
975 1570 1103 1605 puritate,
1119 1570 1156 1596 ita
1177 1577 1224 1604 per
1240 1569 1391 1595 orationem
1409 1566 1533 1594 homines
1555 1565 1588 1592 ad
1605 1564 1691 1592 Deum

908 1616 1025 1644 adducit.
1043 1615 1105 1642 Haec
1122 1618 1162 1642 est
1182 1615 1254 1642 enim
1271 1613 1417 1641 verborum
1439 1613 1492 1644 vis,
1517 1611 1616 1647 quibus
1637 1618 1692 1637 non

906 1669 987 1689 voces
999 1660 1143 1696 quasdam,
1169 1667 1230 1695 quae
1256 1667 1305 1694 per
1333 1659 1452 1694 syllabas
1472 1657 1692 1692 pronunticntur,

68 1706 118 1734 per
139 1706 292 1728 sermonem
312 1700 456 1736 discimus,
491 1701 539 1729 sed
554 1703 687 1730 rationem
699 1704 862 1734 ascendendi
876 1707 910 1734 ad
938 1707 1033 1739 Deum,
1062 1714 1110 1742 per
1130 1706 1246 1733 sublime
1280 1705 1435 1732 institutum
1458 1704 1520 1730 vitae
1540 1701 1691 1729 confectam

67 1748 96 1772 et
111 1745 275 1780 expeditam.

106 1791 215 1823 Ἔξεστι
237 1791 266 1818 δὲ
289 1791 323 1818 δι’
337 1792 427 1818 αὐτῶν
448 1792 501 1819 τῶν
520 1793 570 1828 τῆς
594 1795 749 1830 προσευχῆς
769 1794 856 1828 λόγων

67 1838 119 1873 τὴν
134 1837 209 1864 θείαν
225 1838 416 1872 μυσταγωγίαν
430 1840 604 1874 κατανοῆσαι.
623 1840 712 1867 Ὅταν
731 1841 858 1875 προσεύ-

66 1885 176 1918 χησθε,
187 1883 278 1918 φησίν·
292 1883 342 1910 οὐκ
355 1881 441 1916 εἶπεν,
456 1884 539 1911 Ὅταν
548 1885 676 1921 εΰχησθε,
689 1887 757 1920 ἀλλ’,
770 1888 858 1914 Ὅταν

65 1928 290 1962 προσεύχησθε·
306 1927 344 1959 ὡς
357 1927 403 1954 τοῦ
418 1928 488 1955 κατὰ
510 1929 559 1964 τὴν
578 1929 660 1964 εὐχὴν
675 1930 723 1965 ήδη
741 1938 859 1966 προκατ-

65 1972 223 2008 ορθωθῆναι
249 1974 442 2008 προσήκοντος,
472 1974 536 2009 πρὶν
567 1974 611 2001 διὰ
633 1975 685 2010 τῆς
706 1976 859 2010 προσευχῆς

63 2018 106 2054 τῷ
121 2017 184 2052 Θεῷ
198 2018 386 2053 προσεγγίσαι.
405 2019 453 2051 Τίς
475 2019 503 2046 δὲ
527 2019 581 2045 τῶν
597 2019 737 2055 ὀνομάτων
757 2020 858 2047 τούτων

64 2063 140 2091 κατὰ
160 2063 191 2090 τὸ
206 2063 400 2099 σημαινόμενόν
420 2065 478 2090 ἐστι
497 2064 629 2100 διαφορά;
644 2066 704 2092 Ὅτι
717 2066 784 2101 εὐχὴ
808 2066 859 2101 μέν

63 2111 143 2137 ἐστιν
159 2109 310 2144 ἐπαγγελία
325 2109 398 2141 τινὸς
416 2109 470 2136 τῶν
484 2110 544 2136 κατ’
559 2110 722 2147 εὑσέϐει[ανι
733 2112 859 2147 ἀφιερου-

945 1795 1020 1823 Licet
1036 1798 1125 1822 autem
1140 1801 1188 1829 per
1205 1794 1264 1828 ipsa
1288 1793 1370 1820 verba
1384 1793 1516 1821 orationis
1527 1800 1693 1828 cognoscere

910 1841 1029 1868 divinam
1041 1847 1181 1868 sacrorum
1199 1839 1373 1874 disciplinam
1385 1843 1466 1875 atque
1483 1839 1692 1867 institutionem.

911 1887 976 1914 Cum
988 1886 1177 1920 oratis,inquit
1186 1886 1220 1918 “,
1235 1893 1289 1912 non
1302 1885 1379 1917 dixit,
1388 1886 1451 1912 ὅταν
1464 1885 1590 1921 εὖχησθε,
1603 1885 1629 1913 id
1641 1891 1694 1917 est,

912 1940 972 1960 cum
991 1936 1053 1960 vota
1070 1931 1169 1965 facitis,
1180 1932 1239 1965 sed,
1250 1933 1315 1960 ὅταν
1323 1932 1520 1968 προσεύχησθε,
1535 1933 1562 1959 id
1575 1936 1617 1960 est
1632 1941 1693 1959 cum

911 1978 1012 2008 oratis;
1029 1977 1109 2011 quasi
1123 1977 1161 2009 id,
1173 1977 1245 2012 quod
1266 1977 1299 2004 ad
1311 1981 1403 2004 votum
1427 1977 1554 2012 pertinet,
1574 1977 1693 2004 ofﬁcium

909 2023 965 2058 jam
993 2027 1056 2050 ante
1086 2023 1234 2057 praestitum
1265 2029 1325 2050 esse
1353 2022 1508 2054 conveniat,
1534 2023 1697 2057 priusquam

911 2076 959 2103 per
973 2068 1123 2095 orationem
1143 2068 1216 2095 Deus
1232 2068 1355 2095 adeatur.
1383 2067 1436 2094 Sed
1454 2074 1577 2102 quaenam
1596 2068 1694 2094 horum

912 2115 1062 2146 nominum,
1079 2113 1150 2149 quod
1177 2114 1209 2140 ad
1234 2113 1461 2148 signiﬁcationem
1487 2113 1595 2144 attinet,
1621 2112 1694 2139 diﬁe-

65 2156 170 2191 μένων’
188 2155 324 2190 προσευχὴ
335 2155 363 2182 δὲ
378 2155 485 2191 αἴτησις
494 2155 614 2190 ἀγαθῶν,
632 2156 702 2191 μετὰ
719 2153 855 2192 ἱκετηρίας

909 2158 1015 2186 rentia?
1031 2159 1109 2194 εὐχή,
1127 2158 1154 2185 id
1171 2162 1223 2188 est,
1253 2161 1344 2184 votum
1370 2157 1479 2191 quidem
1494 2156 1641 2191 promissio
1655 2161 1697 2183 est

63 2201 264 2237 προσαγομένη
278 2202 347 2237 Θεῷ.
370 2202 446 2228 Ἐπεὶ
460 2199 505 2228 οὖν
522 2202 676 2238 παρρησίας
692 2203 757 2238 ἡμῖν
767 2203 858 2238 χρεία,

62 2248 132 2274 ὅταν
149 2247 305 2283 προσίωμεν
321 2247 391 2283 Θεῷ,
414 2248 464 2279 τὰς
485 2248 554 2283 ὑπὲρ
577 2248 631 2274 τῶν
650 2247 858 2275 λυσιτελούντων

64 2293 213 2328 ἱκετηρίας
227 2293 393 2328 ποιούμενοι,
410 2293 567 2327 ἀναγκαίως
582 2293 613 2319 τὸ
628 2293 697 2319 κατὰ
712 2293 760 2328 τὴν
778 2293 859 2328 εὐχὴν

63 2338 273 2374 προηγήσετοιι,
310 2338 353 2364 ἵνα
378 2338 409 2364 τὸ
440 2339 504 2373 παρ’
528 2337 632 2364 ἑαυτῶν
658 2337 859 2369 ἐκτελέσαντες,

62 2384 157 2415 οὕτως
184 2382 356 2418 θαρσοῦντες,
380 2383 412 2409 τὸ
437 2383 512 2418 παρὰ
537 2383 585 2410 τοῦ
611 2383 678 2410 Θεοῦ
706 2382 857 2410 ἀντιλαϐεῖν

61 2428 246 2464 ἀξιώσωμεν.
269 2428 316 2455 Διό
329 2437 410 2464 φησιν
429 2430 443 2456 ὁ
462 2429 617 2465 Προφήτης,
630 2429 672 2456 ὅτι
692 2429 750 2462 Τὰς
768 2428 860 2463 εὐχάς

60 2485 126 2510 μου
141 2474 290 2502 ἀποδώσω
308 2482 368 2505 σοι.
386 2474 422 2506 ἇς
444 2474 591 2502 διέστειλε
612 2475 649 2502 τὰ
675 2475 762 2510 χείλη
781 2484 857 2510 μου·

62 2522 126 2553 καὶ,
147 2521 298 2553 Εὔξασθε,
312 2520 361 2547 καὶ
380 2519 506 2548 ἀπόδοτε
522 2522 619 2555 Κυρίῳ
635 2521 675 2554 τῷ
691 2521 752 2554 Θεῷ
762 2521 857 2556 ἡμῶν.

61 2567 126 2594 Καὶ
146 2565 280 2601 πολλαχοῦ
301 2567 350 2601 τῆς
366 2565 477 2601 Γραφῆς
495 2565 544 2600 τὴν
557 2565 683 2601 τοιαύτην
706 2566 780 2593 ἐστιν
795 2566 858 2593 ἰδεῖν

60 2613 117 2648 τῆς
135 2613 221 2647 εὐχῆς
241 2612 388 2646 σημασίαν,
403 2611 441 2642 ὡς
455 2611 555 2645 γνῶναι
577 2612 659 2647 ἡμᾶς,
675 2613 714 2639 ὅτι
728 2612 794 2648 εὐχὴ
809 2613 858 2647 μέν

61 2659 140 2688 ἔστι,
160 2656 250 2689 καθὼς
266 2657 383 2693 εἴρηται,
400 2657 573 2693 χαριστήριος
594 2658 760 2693 δωροφορίας
774 2659 859 2692 ἐπαγ-

62 2703 161 2738 γελία·
179 2703 196 2738 ἡ
210 2702 238 2728 δὲ
257 2702 402 2738 προσευχὴ,
419 2703 469 2738 τὴν
486 2703 554 2738 μετὰ
568 2702 616 2737 τὴν
628 2703 798 2738 ἐκπλήρωσιν
809 2705 858 2738 τῆς

102 2792 130 2809 ³ο
154 2791 238 2820 Exod.
257 2801 319 2827 XIX,
341 2793 371 2820 l5
384 2800 442 2829 sqq.

910 2201 1028 2236 alicujus
1043 2202 1091 2233 rei,
1105 2209 1165 2236 qum
1185 2201 1295 2235 pietatis
1309 2201 1420 2228 nomine
1443 2200 1584 2228 dedicetur
1603 2205 1630 2227 et
1649 2207 1694 2228 sa-

909 2249 965 2275 cris
989 2247 1142 2274 destinetur
1157 2256 1163 2273 :
1177 2246 1313 2281 προσευχή
1331 2250 1433 2279 autem,
1460 2245 1488 2273 id
1511 2249 1563 2278 est,
1595 2245 1694 2278 oratio,

910 2297 952 2320 est
969 2293 1063 2328 petitio
1080 2293 1226 2324 bonorum,
1250 2299 1311 2326 qua:
1338 2291 1393 2319 Deo
1414 2299 1475 2318 cum
1495 2291 1696 2326 supplicatione

911 2339 1038 2367 otl'ertur.
1052 2338 1188 2371 Quoniam
1214 2338 1298 2372 igitur
1314 2336 1414 2364 ﬁducia
1430 2336 1521 2370 nobis,
1553 2341 1583 2364 ut
1610 2337 1696 2364 libere

911 2386 1064 2420 loquamur,
1079 2387 1276 2418 opusest,cum
1291 2383 1469 2418 supplicaturi
1480 2389 1528 2417 pro
1545 2382 1697 2409 commodis

909 2430 1011 2458 nostris
1027 2429 1061 2456 ad
1075 2428 1159 2456 Deum
1182 2427 1349 2462 accedimus,
1378 2427 1545 2460 necessario,
1564 2427 1638 2462 quod
1660 2427 1694 2454 ad

909 2479 1001 2503 votum
1021 2475 1148 2510 pertinet,
1163 2473 1281 2502 oﬂicium
1302 2473 1447 2508 praecedet,
1474 2477 1502 2500 ut
1517 2481 1560 2505 eo,
1589 2473 1661 2507 quod
1681 2480 1696 2499 a

912 2521 992 2548 nobis
1003 2519 1129 2556 praestari
1144 2520 1268 2553 decebat,
1282 2519 1372 2547 cilicio
1387 2518 1485 2551 functi,
1513 2519 1550 2545 ita
1563 2518 1695 2552 deinceps

911 2567 1080 2595 conﬁdenter
1105 2567 1220 2594 invicem
1244 2573 1260 2593 a
1294 2565 1349 2593 Deo
1372 2565 1534 2593 beneﬁcium
1559 2568 1695 2598 petamus.

911 2611 1093 2644 Quamobrem
1108 2610 1243 2645 Propheta
1259 2619 1266 2637 :
1290 2609 1357 2636 Vota
1372 2617 1442 2640 mea,
1473 2609 1573 2643 inquit,
1597 2607 1698 2641 perm].

913 2665 971 2684 vam
995 2656 1052 2690 tibi,
1083 2664 1141 2691 qace
1166 2654 1238 2682 labia
1262 2662 1320 2682 mea
1351 2657 1565 2688 nuncupaverunt
1577 2653 1614 2684 ³¹;
1643 2655 1695 2678 et:

920 2703 984 2730 Vota
1003 2702 1092 2736 facile,
1104 2710 1134 2728 ac
1150 2699 1287 2734 persolvite
1306 2699 1419 2726 Domino
1435 2699 1488 2726 Deo
1505 2702 1588 2725 vestro
1604 2697 1638 2723 ³³.
1658 2696 1696 2723 Ac

483 2794 502 2809 ³¹
525 2793 618 2821 Matth.
636 2801 679 2827 νι,
697 2793 730 2826 7;
751 2793 816 2821 Luc,
832 2801 855 2820 xl

910 2814 915 2820 .
955 2794 976 2808 "
996 2792 1068 2820 Ινδοὶ.
1087 2799 1149 2826 va,
1166 2792 1208 2819 t3.
1248 2791 1269 2807 ³³
1288 2789 1359 2818 ιἐίιί.
1380 2796 1460 2820 Lxxv.
1479 2787 1520 2814 12.
