1978 3068
295 121 368 150 H59

918 125 945 152 S.
967 125 1130 154 GREGORII
1149 126 1293 155 NYSSENI

1845 129 1911 156 “60

287 182 381 209 multis
398 181 424 208 in
443 181 512 209 locis
535 181 683 217 Scriptura:
697 182 832 217 ejusmodi
856 185 905 220 τῆς
922 186 1016 222 εὐχῆς,
1047 185 1074 213 id

1134 187 1290 221 ςπαγγελίας
1306 187 1343 222 τῷ
1359 187 1418 223 Θεῷ
1432 186 1576 223 γινομένην
1590 187 1720 223 πρόσοδον
1733 187 1911 223 διερμηνεὺει.

284 231 338 257 est,
355 227 408 254 voti
427 227 654 262 significationem
674 228 767 256 videre
787 228 860 262 licet,
877 234 907 256 ut
920 237 1073 265 cognosca-

287 279 359 304 mus,
371 271 444 307 quod
462 277 554 300 votum
572 273 682 308 quidem
697 274 744 306 sit,
763 279 792 301 ut
804 275 886 302 modo
898 275 1000 303 dictum
1020 281 1073 308 est,

287 317 350 345 doni
366 326 416 353 pro
430 319 581 353 gratiarum
598 319 706 347 actione
722 319 853 347 oil'erendi
872 319 943 347 facta
954 322 1074 355 promis-

287 364 330 391 sio
343 364 495 399 επροσευχή
505 364 610 398 vero,id
621 369 663 392 est
672 375 678 392 :
687 365 787 399 oratio,
797 373 870 397 cum,
883 366 928 400 qui
939 371 1001 401 post
1011 374 1076 401 pro-

288 409 364 436 missi
382 410 567 444 impletiouem
588 410 619 437 ad
638 409 721 438 Deum
739 411 777 443 fit,
800 412 904 438 aditum
924 413 1074 447 significat.

289 454 374 482 Docet
405 456 486 490 igitur
502 465 552 484 nos
566 465 670 490 sermo,
686 465 721 485 ne
739 458 817 492 prius
833 458 935 493 aliquid
948 463 1075 492 petamus

289 507 305 526 a
323 500 387 533 Deo,
403 509 484 536 quam
498 501 609 536 aliquod
619 503 644 529 ei
658 510 759 531 munus
770 507 914 539 acceptum
928 508 955 531 et
965 509 1074 539 gratum

289 546 479 573 obtulerimus.
500 546 605 582 Vovere
631 549 704 575 enim
734 549 811 583 prius
839 552 958 583 oportet,
976 549 1075 577 deinde

289 600 369 619 orare
389 601 394 618 :
414 592 527 626 perinde
551 600 584 619 ac
606 593 629 620 si
650 594 713 627 quis
731 593 806 621 dicat
827 598 977 622 sementem
997 595 1076 630 prius

289 638 359 670 fieri,
373 646 455 673 quam
468 638 577 666 fructus
593 639 700 674 percipi
714 644 852 674 oportere.
874 639 945 674 Ergo
960 640 1016 667 voti
1031 647 1076 667 se-

289 683 363 710 mina
374 684 451 718 prius
469 683 601 719 dejicere,
627 689 710 719 atque
725 685 760 712 ita
777 693 810 712 ex
830 684 948 719 dejeclis
963 685 1076 713 semini-

289 728 341 755 bus
354 729 464 756 adultas
487 729 544 762 jam
559 734 643 764 atque
668 733 790 756 maturas
820 729 912 764 fruges
937 730 1077 764 percipere

1126 231 1252 258 Διδάσκει
1268 230 1314 258 οὖν
1341 233 1438 267 ἡμᾶςό
1463 232 1550 266 λόγος,
1579 233 1615 268 μὴ
1630 232 1761 268 πρότερον
1783 232 1913 259 αἰτεῖσθαί

1126 285 1152 303 τι
1172 277 1247 312 παρὰ
1259 277 1306 303 τοῦ
1332 277 1411 311 Θεοῦ,
1425 278 1490 313 πρὶν
1506 277 1580 313 αύτῷ
1598 286 1625 304 τι
1641 277 1695 304 τῶν
1712 278 1912 314 κεχαρισμένων

1127 323 1324 358 δωροφορῆσαι.
1355 323 1490 356 Εὖξασθαι
1521 325 1575 358 γὰρ
1607 325 1659 360 χρὴ
1689 324 1829 360 πρότερον,
1857 322 1912 351 εἶτα

1128 368 1345 403 προσεύξασθαι·
1362 369 1399 401 ὡς
1416 370 1442 396 εἴ
1454 378 1496 401 τις
1511 369 1584 404 λέγει
1598 369 1776 406 προηγεῖσθαι
1788 370 1838 405 τὴν
1852 378 1912 396 σπο-

1131 413 1180 448 ρὰν
1194 415 1242 449 τῆς
1258 414 1434 450 ἐπικαρπίας.
1453 414 1558 442 Οὐκοῦν
1578 415 1631 450 χρὴ
1643 414 1806 442 καταϐαλεῖν
1821 414 1912 450 πρότε-

1129 468 1175 494 ρον
1188 461 1238 495 τῆς
1251 460 1332 496 εὐχῆς
1349 461 1382 488 τὰ
1398 461 1553 496 σπέρματα,
1578 461 1625 487 καὶ
1645 460 1731 492 οὕτως
1753 459 1913 494 αὺξηθείσαν

1127 505 1176 540 τὴν
1191 504 1343 540 καταϐολὴν
1358 506 1412 532 τῶν
1425 507 1589 541 σπερμάτων
1601 505 1797 541 καρπώσασθαι
1813 506 1857 532 διὰ
1868 507 1913 541 τῆς

1128 552 1282 587 προσευχῆς
1305 552 1354 587 τὴν
1370 552 1449 587 χάριν
1473 551 1712 587 ἀντιλαμϐάνοντα.
1734 551 1779 583 Ὠς
1800 549 1847 578 οὖν
1867 551 1915 577 οὐκ

1128 596 1262 631 ἐσομένης
1283 596 1312 622 ἐν
1339 597 1481 632 παρρησίᾳ
1505 598 1553 632 τῆς
1581 595 1736 628 ἐντεύξεως,
1759 597 1783 622 εἰ
1811 595 1848 631 μὴ
1871 596 1916 622 ἐπὶ

1129 641 1315 677 προληφθεισῃ
1340 642 1406 678 εὐχῇ
1430 651 1482 669 τινι
1497 643 1545 669 καὶ
1567 641 1720 677 δωροφορίᾳ
1746 642 1763 677 ἡ
1789 641 1915 677 πρόσοδος

1129 687 1244 721 γένοιτο,
1254 687 1411 721 ἀναγκαίως
1428 689 1445 723 ή
1465 688 1533 723 εὐχὴ
1551 689 1600 723 τῆς
1619 688 1773 722 προσευχῆς
1793 686 1915 722 προηγή-

1132 740 1217 759 σεται.

289 777 407 808 oportet,
444 781 493 809 per
517 775 669 802 orationem
707 774 957 802 remunerationem
985 774 1155 809 accipiendo.
1189 777 1307 805 Proinde
1339 778 1418 813 quasi
1450 778 1617 813 colloquium
1650 784 1712 805 cum
1732 777 1831 804 fiducia
1861 776 1916 804 fieri

289 828 344 847 nou
362 820 467 854 possit,
483 820 536 847 nisi
558 828 604 855 per
625 820 784 855 prmcedens
810 820 921 853 aliquod
944 824 1037 848 votum
1064 825 1092 848 et
1121 821 1234 856 donum,
1263 825 1356 853 aditus
1376 824 1466 852 factus
1492 825 1539 856 sit,
1561 824 1720 852 necessario
1746 828 1839 850 votum
1859 830 1917 850 ora-

290 867 390 892 tionem
408 864 551 900 praecedet.

325 910 409 943 Quasi
419 910 565 945 igiturjam
576 910 627 938 hoc
639 910 795 939 confectum
808 915 891 944 esset,
904 911 1034 939 Dominus
1044 911 1078 938 ad
1095 915 1115 942 Β

289 955 438 990 discipulos
455 955 492 982 ait
508 964 514 982 :
533 955 599 982 Cum
613 956 709 987 oratis,
726 955 805 983 dicite
816 964 826 983 :
837 955 916 983 Pater
927 957 1079 992 noster,qui

289 1010 316 1029 es
328 1003 355 1028 in
365 1001 437 1028 cratis
447 1001 479 1027 ³⁸.
493 1016 528 1021 -
540 1001 604 1034 Quis
615 1001 688 1028 dabit
699 1001 764 1028 mihi
772 1002 830 1029 alas
845 1007 970 1037 tanquam
981 1003 1081 1029 colum-

291 1047 441 1082 bw2inquit
451 1047 549 1074 alicubi
564 1055 679 1082 magnus
691 1047 736 1075 ille
749 1047 835 1075 David
861 1049 888 1076 in
903 1048 1019 1076 Psalmis
1039 1049 1079 1076 "z

290 1094 407 1121 dixerim
421 1094 503 1121 etiam
521 1093 590 1128 ipse,
607 1101 700 1128 parem
723 1101 819 1121 vocem
832 1094 957 1122 emittere
970 1102 1053 1123 ausus
1073 1106 1079 1122 :

291 1139 358 1173 Quis
387 1140 462 1166 dabit
479 1139 544 1166 milii
561 1140 619 1167 alas
633 1140 695 1167 illas
709 1140 743 1167 ad
768 1140 830 1173 hoc,
846 1144 876 1167 ut
895 1141 997 1175 possim
1027 1149 1081 1168 una

291 1192 352 1212 cum
371 1185 541 1212 sublimitate
569 1185 734 1220 praestantiae
763 1185 969 1222 majestatisque
983 1186 1081 1213 verbo-

291 1238 351 1257 rum
367 1233 457 1257 mente
469 1230 624 1264 subvolare,
639 1234 669 1257 ut
681 1234 783 1258 terram
794 1230 903 1266 quidem
917 1237 1025 1258 omnem
1043 1239 1083 1258 re-

292 1276 424 1310 linquam,
440 1279 634 1311 transeamque
648 1284 755 1304 omnem
773 1284 865 1304 aerem
881 1277 908 1303 in
926 1277 1018 1304 medio
1034 1276 1079 1304 fu-

291 1329 365 1353 sum.
383 1329 517 1356 assequar
531 1325 622 1349 autem
638 1319 783 1349 aetlieream
797 1321 1041 1356 pulchritudinem,
1056 1327 1083 1350 et

292 1367 324 1394 ad
351 1367 441 1394 sidera
457 1367 583 1400 evadam,
616 1371 643 1394 et
676 1374 784 1394 omnem
806 1367 833 1394 in
870 1367 904 1395 iis
928 1367 1023 1395 ordine
1050 1375 1083 1395 ac

291 1413 398 1440 retioue
418 1412 552 1448 digestum
581 1416 709 1439 ornatum
737 1412 902 1446 inspiciam,
929 1419 961 1439 ac
992 1420 1026 1440 ne
1054 1413 1082 1440 in

293 1458 335 1485 his
361 1458 471 1494 quidem
499 1459 666 1490 consistam,
697 1458 745 1486 sed
776 1458 833 1485 haec
860 1459 942 1486 etiam
967 1466 1079 1494 percur-

292 1511 362 1536 ram,
375 1509 401 1531 ει
413 1508 491 1531 extra
503 1504 605 1535 omnia,
622 1511 681 1538 quae
692 1508 719 1531 et
733 1509 877 1531 moventur
889 1508 916 1531 et
929 1509 1082 1536 mutantur,

292 1548 416 1580 evadam,
439 1553 520 1583 atque
537 1549 663 1575 stabilem
681 1556 813 1583 assequar
829 1553 954 1576 naturam
982 1557 1015 1576 ac
1032 1557 1080 1584 pos

293 1593 405 1620 tentiam
425 1582 602 1626 immobilem,
623 1598 650 1620 et
675 1593 702 1620 in
717 1582 807 1627 scipsa
835 1597 975 1625 statutam,
988 1582 1082 1627 ﬁxam,
1096 1582 1118 1612 θ

293 1638 432 1665 fundatam
447 1642 529 1673 atque
543 1638 687 1671 firmatam,
703 1640 796 1666 omnia
811 1638 955 1666 ducentem
983 1639 1084 1674 pariter

294 1687 375 1717 atque
381 1683 511 1710 ferentem
518 1691 688 1718 quascunque
696 1684 844 1716 exsistunt,
852 1684 1084 1720 omnia,inquam,

293 1737 355 1764 qua:
381 1729 416 1756 ab
436 1729 614 1757 inenarrabili
644 1730 785 1757 voluntate
812 1731 912 1758 divina:
942 1731 1085 1766 sapientiae

293 1776 428 1811 pendent;
443 1779 472 1802 ut
485 1777 519 1803 ab
533 1776 662 1811 omnibus
674 1784 734 1811 quae
744 1777 882 1804 alternant
896 1783 923 1804 et
935 1782 1084 1807 mutantur.

295 1829 386 1850 mente
403 1823 498 1857 procul
527 1814 662 1855 remotus,
690 1823 718 1850 in
746 1824 909 1852 immutabili
934 1825 1036 1859 pariter
1059 1829 1085 1853 et

295 1868 426 1895 immobili
442 1869 538 1896 anima:
554 1872 626 1896 statu
642 1877 714 1902 eum,
733 1870 779 1904 qui
806 1877 857 1898 nec
871 1871 982 1902 mutari,
994 1878 1043 1897 nec
1058 1871 1085 1898 in

295 1915 410 1942 alterum
429 1915 546 1948 perverti
577 1920 677 1950 potest,
698 1923 746 1950 per
763 1916 846 1943 animi
865 1917 1029 1943 sententiam
1044 1921 1085 1944 at-

295 1967 349 1994 que
367 1959 500 1994 judicium
529 1960 606 1994 prius
635 1961 778 1988 c0ueiliem
800 1965 827 1989 et
846 1960 1009 1989 familiarem
1024 1962 1087 1989 red-

296 2006 358 2032 dam
374 2005 486 2033 :deinde
500 2014 563 2033 vero
578 2007 696 2034 maxime
711 2007 838 2034 familiari
853 2013 879 2034 et
890 2007 977 2034 amica
992 2008 1087 2042 appel-

297 2051 398 2078 latione
413 2051 535 2078 invocem
546 2051 672 2078 acdicam
684 2062 691 2080 ι
702 2051 800 2080 Pater?
811 2052 879 2080 Nam
893 2053 967 2088 quali
984 2053 1086 2081 dicenti

296 2104 366 2130 opus
380 2097 535 2124 estanimol
556 2102 656 2132 quanta
673 2098 790 2125 ﬁducia!
811 2100 885 2133 quali
897 2100 1084 2128 conscientia!

297 2147 327 2170 ut
346 2143 391 2170 ubi
408 2142 504 2175 Deum,
529 2143 619 2178 quoad
639 2143 700 2178 ejus
719 2144 777 2171 ﬁeri
794 2148 895 2179 potest,
916 2154 964 2180 per
978 2154 1026 2173 eas
1041 2154 1088 2181 ap-

297 2191 460 2226 pellationes
473 2199 534 2226 quae
550 2193 577 2218 in
595 2192 641 2218 illo
660 2192 929 2226 animadvertuntur,
957 2194 992 2221 ad
1007 2194 1089 2222 intel-

1172 912 1214 944 Ὧς
1224 910 1270 939 οὖν
1284 913 1334 948 ήδη
1344 911 1680 948 τούτουκατορθωθέντος,
1693 911 1760 947 φησὶ
1776 911 1845 946 πρὸς
1859 911 1918 942 τοὺς

1132 958 1256 994 μαθητὰς
1276 960 1291 986 ὁ
1310 959 1411 994 Κύριος
1424 968 1432 976 ο
1456 960 1549 986 Ὅταν
1568 958 1789 992 προσώχησθε,
1804 956 1917 990 λέγετε·

1130 1005 1225 1039 Πάτερ
1243 1004 1337 1039 ἡμῶν,
1353 1007 1370 1031 ὀ
1388 1005 1422 1031 ἐν
1435 1005 1497 1037 τοῖς
1510 1003 1698 1038 οὐρανοῖς.--
1708 1003 1755 1035 Τίς
1769 1002 1859 1028 δώσει
1869 1009 1918 1036 μοι

1130 1050 1278 1086 πτέρυγας
1301 1050 1373 1078 ὡσεὶ
1394 1049 1589 1085 περιστερᾶς;
1611 1049 1678 1084 φησι
1698 1057 1750 1075 που
1765 1047 1814 1082 τῆς
1832 1047 1920 1082 ψαλμ-

1130 1097 1210 1132 ῳδίας
1225 1098 1240 1123 ό
1254 1096 1340 1132 μέγας
1355 1096 1450 1123 Δαϐίδ·
1470 1096 1574 1131 εἴποιμι
1587 1096 1610 1122 δ’
1620 1095 1653 1122 ἂν
1663 1094 1710 1121 καὶ
1724 1093 1806 1124 αὐτὸς
1822 1093 1920 1128 τολμή-

1132 1152 1182 1175 σας
1196 1143 1245 1179 τὴν
1262 1143 1322 1177 ἴσην
1339 1143 1446 1178 φωνήν·
1464 1143 1511 1173 Τίς
1528 1140 1608 1168 δώσει
1624 1149 1669 1176 μοι
1695 1140 1834 1175 πτέρυγας
1848 1138 1920 1165 ἐκεί-

1130 1198 1189 1221 νας,
1205 1189 1273 1224 πρὸς
1285 1188 1316 1214 τὸ
1337 1188 1484 1223 δυνηθῆναι
1507 1186 1545 1222 τῷ
1568 1186 1629 1221 ὕψει
1650 1186 1700 1221 τῆς
1720 1185 1774 1212 τῶν
1791 1184 1921 1221 ῥημάτων

1133 1235 1317 1270 μεγαλοφυῖας
1342 1235 1545 1269 συνανατπῆναι
1573 1233 1646 1260 κατὰ
1674 1233 1810 1265 διάνοιαν;
1839 1231 1920 1257 Ὥστε

1131 1281 1292 1307 καταλιπεῖν
1308 1281 1357 1315 μὲν
1367 1280 1416 1315 τὴν
1433 1280 1485 1315 γῆν
1497 1280 1597 1311 πᾶσαν,
1609 1278 1771 1315 διαπερᾶσαι
1787 1286 1817 1303 τε
1833 1278 1922 1303 πάντα

1131 1327 1176 1353 τὸν
1192 1328 1220 1354 ὲν
1237 1327 1312 1362 μέσῳ
1323 1327 1471 1362 κεχυμένον
1483 1327 1567 1362 ἀέρα’
1581 1325 1743 1353 καταλαϐεῖν
1754 1325 1783 1352 δὲ
1801 1324 1831 1350 τδ
1847 1324 1920 1350 αἰθέ-

1133 1381 1190 1408 ριον
1207 1373 1313 1407 κάλλος,
1341 1373 1388 1399 καὶ
1407 1373 1453 1399 ἐπὶ
1467 1373 1501 1399 τὰ
1518 1373 1605 1408 ἄστρα
1623 1372 1742 1407 -φθάσαι,
1762 1370 1810 1398 καὶ
1831 1371 1923 1396 πᾶσαν

1131 1418 1180 1453 τὴν
1193 1419 1223 1444 ὲν
1234 1417 1325 1449 αὐτοῖς
1338 1417 1517 1452 διακόσμησιν
1533 1417 1653 1444 κατιδεῖν
1665 1425 1672 1431 ο
1689 1415 1783 1449 στῆναι
1805 1414 1834 1440 δὲ
1855 1414 1923 1449 μηδὲ

1133 1465 1161 1491 ὲν
1176 1463 1291 1496 τούτοις,
1306 1463 1374 1490 ἀλλὰ
1386 1463 1528 1497 διεξελθεῖν
1540 1463 1586 1489 καὶ
1601 1462 1646 1489 διὰ
1662 1461 1773 1493 τούτων,
1790 1461 1838 1487 καὶ
1855 1459 1924 1486 πάν-

1132 1519 1187 1538 των
1200 1510 1255 1537 τῶν
1271 1509 1438 1544 κινουμένων
1453 1509 1500 1536 καὶ
1521 1507 1726 1544 μεθισταμένων
1756 1506 1834 1537 ὲκτδς
1850 1505 1924 1540 γενέ-

1135 1557 1207 1589 σθαι,
1224 1557 1272 1584 καὶ
1288 1556 1449 1583 καταλαϐεῖν
1459 1556 1509 1591 τὴν
1523 1554 1645 1581 ἑστῶσαν
1659 1553 1749 1588 φύσιν,
1758 1553 1807 1587 τὴν
1823 1553 1924 1586 ἀμετα-

1135 1603 1244 1638 κίνητον
1259 1602 1383 1638 δύναμιν,
1399 1602 1448 1637 τὴν
1462 1601 1507 1635 ἀφ’
1528 1600 1627 1634 ἑαυτῆς
1650 1597 1861 1634 καθιδρυμένην,
1875 1595 1924 1630 τὴν

1135 1649 1223 1676 πάντα
1232 1648 1351 1682 ἄγουσαν
1364 1656 1394 1674 τε
1406 1647 1452 1674 καὶ
1463 1646 1608 1681 φέρουσαν,
1621 1645 1672 1671 ὅσα
1682 1645 1710 1670 ὲν
1724 1643 1762 1678 τῷ
1775 1640 1843 1669 εἶναί
1856 1643 1924 1671 ἐστι,

1136 1696 1224 1722 πάντα
1248 1695 1283 1721 τὰ
1295 1694 1342 1720 τοῦ
1354 1693 1493 1729 ἀφράστου
1505 1691 1656 1726 θελήματος
1672 1690 1721 1725 τῆς
1738 1688 1812 1720 θείας
1829 1688 1926 1722 σοφίας

1136 1740 1236 1776 ὲξηρτη
1242 1741 1321 1776 μένα·
1332 1739 1402 1766 ὥστε
1414 1739 1522 1765 πάντων
1537 1736 1734 1771 ἀλλοιουμένων
1743 1743 1772 1761 τε
1789 1734 1837 1760 καὶ
1862 1734 1928 1768 μεθ-

1138 1787 1288 1822 ισταμένων
1308 1786 1403 1821 πόρρω
1418 1786 1451 1820 τῇ
1464 1784 1568 1819 διανοίᾳ
1581 1782 1736 1817 γενόμενος,
1753 1781 1781 1807 ὲν
1800 1780 1929 1816 ἀτρέπτῳ

1135 1841 1165 1859 τε
1181 1833 1228 1859 καὶ
1244 1831 1348 1858 ἀκλινετ
1361 1833 1394 1866 τῇ
1409 1831 1459 1866 τῆς
1480 1829 1569 1865 ψυχῆς
1590 1827 1767 1859 καταστάσει,
1783 1826 1829 1852 τὸν
1848 1826 1930 1860 ἄτρεο

1136 1886 1202 1904 πτον
1225 1877 1272 1904 καὶ
1296 1877 1475 1904 ἀναλλοίωτον
1489 1875 1533 1903 διὰ
1551 1876 1600 1910 τῆς
1613 1873 1725 1909 γνώμης
1737 1872 1871 1907 πρότερον
1889 1872 1930 1898 οἱ·

1136 1922 1312 1954 κειώσασθαι,
1343 1919 1392 1948 εἶθ’
1418 1920 1488 1947 οὕτω
1515 1921 1548 1955 τῇ
1579 1918 1732 1952 οἱκειοτάτῃ
1756 1915 1931 1952 προσηγορίᾳ.

1137 1967 1350 1994 ἐπικαλέσασθαι
1381 1966 1427 1993 καὶ
1457 1967 1553 1997 εἰπεῖν,
1585 1964 1700 1998 Πάτερ;
1722 1962 1788 1994 Οἶας
1813 1962 1868 1997 γὰρ
1891 1961 1931 1996 τῷ

1136 2013 1240 2047 λέγοντι
1271 2013 1349 2048 χρεία
1378 2012 1481 2047 ψυχῆςῐ
1505 2012 1571 2046 ὅσης
1601 2010 1651 2044 τῆς
1673 2007 1845 2044 παῤῥησίαςί
1870 2007 1932 2037 οἵας

1136 2060 1187 2094 τῆς
1203 2059 1379 2094 συνειδήσεως
1391 2058 1398 2084 i
1409 2059 1467 2084 Ἵνα
1484 2057 1550 2084 Θεὸν
1563 2056 1671 2091 νοήσας,
1684 2055 1720 2086 ὡς
1735 2054 1792 2080 ἐστι
1805 2052 1929 2083 δυνατὸν,

1137 2107 1170 2132 ὲκ
1182 2106 1235 2132 τῶν
1257 2105 1456 2140 ὲπινοουμένων
1480 2103 1555 2139 αὐτῷ
1572 2101 1773 2138 προσηγοριῶν,
1793 2099 1861 2134 πρὸς
1881 2099 1933 2133 τὴν

1139 2152 1245 2179 σύνεσιν
1261 2152 1310 2187 τῆς
1335 2151 1474 2186 ἁφράστου
1497 2148 1575 2184 δόξης
1597 2146 1863 2185 χειραγωγούμενος,
1883 2144 1933 2170 καὶ

1140 2198 1234 2233 μαθὼν
1249 2197 1316 2231 ὅτιὴ
1334 2196 1393 2223 θεία
1406 2195 1497 2230 φύσις,
1514 2195 1528 2221 ὃ
1544 2194 1570 2221 τί
1591 2194 1656 2220 ποτέ
1673 2194 1746 2219 ἐστιν
1763 2192 1839 2224 αὐτὸ,
1860 2191 1931 2223 ἀγα-

298 2238 398 2264 lectum
432 2238 629 2265 inenarrabilis
656 2239 750 2273 gloria:
777 2239 856 2274 quasi
889 2241 1082 2273 manuductus,

1140 2244 1221 2279 θότης
1248 2243 1330 2275 ἐστὶν,
1355 2242 1499 2277 ἁγιασμὸς,
1522 2241 1688 2275 ἁγαλλίαμα,
1710 2238 1833 2287 δύναμις,
1855 2236 1932 2287 δόξα,

296 2288 387 2311 mente
405 2285 565 2319 conceperit
582 2290 665 2320 atque
682 2286 822 2319 didicerit,
835 2286 909 2321 quod
924 2286 1019 2314 divina
1034 2295 1085 2314 na-

296 2335 370 2360 tura,
386 2330 573 2365 quodcunque
589 2331 697 2358 tandem
718 2339 751 2359 ea
769 2332 805 2359 sit
821 2332 892 2367 ipsa,
909 2333 1019 2361 bonitas
1037 2334 1084 2364 sit,

296 2376 494 2408 sanctimonia,
519 2377 680 2410 exsultatio,
702 2379 837 2413 potentia,
852 2379 951 2414 gloria,
968 2380 1084 2414 puritas.

296 2421 448 2453 aeternitas,
465 2429 574 2456 semper
589 2422 685 2450 eodem
700 2423 781 2451 modo
793 2428 875 2459 atque
884 2425 1012 2452 similiter
1024 2433 1085 2453 sese

297 2466 402 2494 habens
416 2475 422 2491 :
438 2474 471 2494 ac
485 2475 658 2503 quaecunque
678 2469 743 2496 talia
764 2470 841 2498 circa
855 2471 977 2499 divinam
1001 2475 1084 2499 natu-

297 2518 357 2539 ram
373 2512 575 2548 intelliguntur,
598 2522 661 2541 cum
675 2518 702 2542 et
721 2516 895 2550 perdivinam
914 2516 1086 2552 Scripturam

298 2565 331 2585 ac
346 2559 473 2593 proprias
485 2559 666 2594 cogitationes
680 2561 916 2594 animadverterit,
932 2563 1030 2591 deinde
1047 2568 1086 2591 ta-

297 2603 352 2630 lem
369 2603 496 2632 emittere
508 2612 616 2638 vocem,
637 2610 666 2633 et
680 2614 753 2638 eum,
780 2607 826 2643 qui
846 2608 910 2635 talis
936 2609 981 2642 sit,
1007 2617 1086 2637 suum

297 2653 405 2684 patrem
430 2649 574 2678 nominare
607 2652 723 2680 audeat?
734 2652 917 2689 Perspicuum
937 2659 980 2683 est
1000 2657 1086 2690 enim,

299 2695 372 2729 quod
386 2695 410 2723 si
430 2695 549 2731 alicujus
577 2698 767 2734 intelligentiae
787 2700 927 2736 particeps
950 2702 996 2736 sit,
1032 2711 1086 2730 non

299 2748 419 2768 ausurus
431 2741 478 2773 sit,
507 2750 570 2770 cum
588 2750 641 2770 non
655 2744 752 2772 eadem
779 2745 862 2773 etiam
885 2747 912 2774 in
936 2754 966 2775 se
981 2753 1086 2783 cernat,

338 2829 357 2844 "
377 2831 471 2857 Matth.
489 2839 526 2862 νι,
542 2831 568 2859 9.
609 2832 629 2847 ³³
649 2831 720 2859 Psal.
738 2840 791 2865 Liv,
810 2833 834 2859 7.

1140 2290 1304 2326 καθαρότης,
1319 2289 1448 2324 ὰῐδιότης,
1465 2288 1508 2314 ἀεὶ
1522 2286 1592 2313 κατὰ
1604 2286 1637 2313 τὰ
1651 2285 1720 2312 αὐτὰ
1736 2284 1782 2311 καὶ
1798 2282 1932 2313 ὡσαύτως

1140 2336 1257 2371 ἔχουσα,
1275 2336 1322 2362 καὶ
1345 2335 1394 2361 ὅσα
1423 2333 1535 2360 τοιαῦτα
1560 2332 1684 2366 νενόηται
1703 2329 1766 2365 περὶ
1787 2328 1839 2363 τὴν
1855 2327 1932 2354 θείαν

1141 2384 1231 2418 φύσιν,
1246 2383 1291 2410 διά
1302 2391 1332 2409 τε
1347 2382 1395 2417 τῆς
1410 2380 1484 2412 θείας
1498 2379 1611 2415 Γραφῆς
1634 2378 1680 2405 καὶ
1693 2376 1747 2403 τῶν
1761 2374 1870 2402 οἰκείων
1888 2374 1933 2400 λο-

1139 2429 1247 2464 γισμῶν
1273 2428 1455 2463 κατανοήσας,
1480 2424 1541 2453 εἶτα
1565 2424 1694 2459 τολμήσει
1724 2422 1774 2458 τὴν
1799 2419 1933 2453 τοιαύτην

1140 2475 1270 2511 προέσθαι
1292 2473 1392 2508 φωνὴν,
1417 2472 1465 2499 καὶ
1490 2471 1538 2498 τὸν
1553 2469 1674 2497 τοιοῦτον
1700 2465 1796 2496 ἑαυτοῦ
1817 2472 1934 2511 κατονο-

1139 2510 1226 2556 μᾶσαι
1241 2520 1362 2556 πατέρας
1383 2519 1468 2554 Δῆλον
1482 2518 1548 2553 γὰρ,
1565 2517 1607 2543 ὅτι
1619 2516 1643 2542 εἰ
1663 2514 1769 2550 μετέχοι
1781 2511 1857 2560 τινος
1874 2510 1934 2560 διαὶ

1139 2566 1223 2598 νοίας,
1248 2566 1298 2593 οὐκ
1320 2565 1352 2592 ἂν
1378 2564 1524 2600 θαρσήσειε
1550 2563 1587 2599 μὴ
1608 2562 1642 2588 τὰ
1657 2559 1726 2587 αὐτὰ
1745 2558 1792 2585 καὶ
1806 2558 1835 2583 ἐν
1854 2556 1934 2590 αὐτῷ

1141 2612 1256 2647 βλέπων,
1275 2610 1381 2646 ἐκείνην
1392 2609 1524 2646 προέσθαι
1535 2608 1603 2645 πρὸς
1617 2606 1662 2633 τὸν
1678 2605 1745 2632 Θεὸν
1762 2603 1811 2638 τὴν
1825 2601 1932 2637 φωνὴν,

1139 2658 1186 2686 καὶ
1195 2658 1292 2684 εἰπεῖν’
1305 2657 1410 2691 Πάτερ,
1420 2656 1475 2692 Τῆς
1487 2656 1541 2691 γὰρ
1553 2654 1674 2689 πονηρᾶς
1685 2651 1820 2687 πράξεωςν
1830 2649 1846 2675 ό
1860 2648 1933 2681 ἀγα·

1135 2704 1182 2736 θος
1206 2703 1277 2731 κατὰ
1304 2703 1353 2738 τὴν
1378 2702 1484 2734 οὐσίαν,
1512 2701 1603 2736 πατὴρ
1630 2697 1757 2733 γενέσθαι
1780 2694 1861 2730 φύσιν
1880 2693 1933 2719 οὐκ

1136 2751 1193 2787 ἔχει
1203 2758 1209 2766 ·
1225 2750 1286 2777 οὗτε
1301 2749 1349 2776 τοῦ
1366 2749 1436 2776 κατὰ
1451 2748 1496 2775 τὸν
1511 2747 1568 2783 βίον
1583 2743 1791 2781 βεϐηλωθέντος,
1803 2741 1818 2767 ὀ
1833 2739 1931 2773 ἅγιος·
