  <div class='ocr_page' id='page_1' title='image "/cluster/home/n/w/nwhite01/storage/ocr_20150623/44/njp.32101009003169/576.png"; bbox 0 0 1978 3068; ppageno 0'>
   <div class='ocr_carea' id='block_1_1' title="bbox 94 117 159 147">
    <p class='ocr_par' dir='ltr' id='par_1_1' title="bbox 94 117 159 147">
     <span class='ocr_line' id='line_1_1' title="bbox 94 117 159 147; baseline 0.031 -2"><span class='ocrx_word' id='word_1_1' title='bbox 94 117 159 147; x_wconf 67' lang='lat' dir='ltr'><strong>ll“</strong></span> 
     </span>
    </p>
   </div>
   <div class='ocr_carea' id='block_1_2' title="bbox 568 117 1255 148">
    <p class='ocr_par' dir='ltr' id='par_1_2' title="bbox 568 117 1255 148">
     <span class='ocr_line' id='line_1_2' title="bbox 568 117 1255 148; baseline 0 -2"><span class='ocrx_word' id='word_1_2' title='bbox 568 118 612 146; x_wconf 88' lang='lat' dir='ltr'><strong>DE</strong></span> <span class='ocrx_word' id='word_1_3' title='bbox 633 118 808 147; x_wconf 80' lang='lat' dir='ltr'><strong>ORATIONE</strong></span> <span class='ocrx_word' id='word_1_4' title='bbox 828 118 1002 146; x_wconf 80' lang='lat' dir='ltr'><strong>DOMlNlCA.</strong></span> <span class='ocrx_word' id='word_1_5' title='bbox 1021 133 1055 138; x_wconf 92' lang='lat'><strong>—</strong></span> <span class='ocrx_word' id='word_1_6' title='bbox 1075 117 1204 148; x_wconf 70' lang='lat' dir='ltr'><strong>ORATIO</strong></span> <span class='ocrx_word' id='word_1_7' title='bbox 1223 119 1255 147; x_wconf 89' lang='lat' dir='ltr'><strong>ll.</strong></span> 
     </span>
    </p>
   </div>
   <div class='ocr_carea' id='block_1_3' title="bbox 1655 121 1725 149">
    <p class='ocr_par' dir='ltr' id='par_1_3' title="bbox 1655 121 1725 149">
     <span class='ocr_line' id='line_1_3' title="bbox 1655 121 1725 149; baseline -0.029 -1"><span class='ocrx_word' id='word_1_8' title='bbox 1655 121 1725 149; x_wconf 55' lang='lat'><strong>“42</strong></span> 
     </span>
    </p>
   </div>
   <div class='ocr_carea' id='block_1_4' title="bbox 93 175 887 212">
    <p class='ocr_par' dir='ltr' id='par_1_4' title="bbox 93 175 887 212">
     <span class='ocr_line' id='line_1_4' title="bbox 93 175 887 212; baseline 0.001 -10"><span class='ocrx_word' id='word_1_9' title='bbox 93 175 154 202; x_wconf 71' lang='grc' dir='ltr'>οὔτε</span> <span class='ocrx_word' id='word_1_10' title='bbox 177 176 225 204; x_wconf 81' lang='grc' dir='ltr'><strong>τοῦ</strong></span> <span class='ocrx_word' id='word_1_11' title='bbox 245 177 488 212; x_wconf 84' lang='grc' dir='ltr'>περιτρεπομένου,</span> <span class='ocrx_word' id='word_1_12' title='bbox 513 178 528 203; x_wconf 90' lang='lat'><strong>6</strong></span> <span class='ocrx_word' id='word_1_13' title='bbox 549 177 741 209; x_wconf 83' lang='grc' dir='ltr'>ἀναλλοίωτος·</span> <span class='ocrx_word' id='word_1_14' title='bbox 760 176 822 203; x_wconf 77' lang='grc' dir='ltr'>οὔτε</span> <span class='ocrx_word' id='word_1_15' title='bbox 842 177 887 203; x_wconf 78' lang='grc' dir='ltr'>τοῦ</span> 
     </span>
    </p>
   </div>
   <div class='ocr_carea' id='block_1_5' title="bbox 938 175 1721 212">
    <p class='ocr_par' dir='ltr' id='par_1_5' title="bbox 940 176 1721 212">
     <span class='ocr_line' id='line_1_5' title="bbox 940 176 1721 212; baseline 0.004 -9"><span class='ocrx_word' id='word_1_16' title='bbox 940 176 1014 203; x_wconf 81' lang='lat' dir='ltr'><strong>illam</strong></span> <span class='ocrx_word' id='word_1_17' title='bbox 1028 183 1123 204; x_wconf 88' lang='lat' dir='ltr'><strong>vocem</strong></span> <span class='ocrx_word' id='word_1_18' title='bbox 1139 176 1173 204; x_wconf 90' lang='lat' dir='ltr'><strong>ad</strong></span> <span class='ocrx_word' id='word_1_19' title='bbox 1193 177 1278 204; x_wconf 86' lang='lat' dir='ltr'><strong>Deum</strong></span> <span class='ocrx_word' id='word_1_20' title='bbox 1295 177 1432 209; x_wconf 81' lang='lat' dir='ltr'><strong>etnittere,</strong></span> <span class='ocrx_word' id='word_1_21' title='bbox 1463 184 1494 205; x_wconf 89' lang='lat' dir='ltr'><strong>ac</strong></span> <span class='ocrx_word' id='word_1_22' title='bbox 1512 177 1614 212; x_wconf 83' lang='lat' dir='ltr'><strong>dicere,</strong></span> <span class='ocrx_word' id='word_1_23' title='bbox 1631 178 1721 207; x_wconf 86' lang='lat' dir='ltr'><strong>Pater.</strong></span> 
     </span>
    </p>
   </div>
   <div class='ocr_carea' id='block_1_6' title="bbox 92 221 884 258">
    <p class='ocr_par' dir='ltr' id='par_1_6' title="bbox 92 221 884 258">
     <span class='ocr_line' id='line_1_6' title="bbox 92 221 884 258; baseline 0.001 -10"><span class='ocrx_word' id='word_1_24' title='bbox 92 221 274 257; x_wconf 83' lang='grc' dir='ltr'>νεκρωοέντος</span> <span class='ocrx_word' id='word_1_25' title='bbox 294 222 325 254; x_wconf 74' lang='grc' dir='ltr'>ἐξ</span> <span class='ocrx_word' id='word_1_26' title='bbox 352 222 500 257; x_wconf 81' lang='grc' dir='ltr'>ἁμαρτίας,</span> <span class='ocrx_word' id='word_1_27' title='bbox 517 223 531 248; x_wconf 70' lang='grc' dir='ltr'>ὁ</span> <span class='ocrx_word' id='word_1_28' title='bbox 551 222 641 258; x_wconf 80' lang='grc' dir='ltr'>πατὴρ</span> <span class='ocrx_word' id='word_1_29' title='bbox 654 223 702 257; x_wconf 84' lang='grc' dir='ltr'><strong>τῆς</strong></span> <span class='ocrx_word' id='word_1_30' title='bbox 720 222 808 258; x_wconf 82' lang='grc' dir='ltr'><strong>ζωῆς·</strong></span> <span class='ocrx_word' id='word_1_31' title='bbox 822 222 884 249; x_wconf 70' lang='grc' dir='ltr'>οὔτε</span> 
     </span>
    </p>
   </div>
   <div class='ocr_carea' id='block_1_7' title="bbox 94 266 885 303">
    <p class='ocr_par' dir='ltr' id='par_1_7' title="bbox 94 266 885 303">
     <span class='ocr_line' id='line_1_7' title="bbox 94 266 885 303; baseline 0.001 -11"><span class='ocrx_word' id='word_1_32' title='bbox 94 266 148 292; x_wconf 81' lang='grc' dir='ltr'>τῶν</span> <span class='ocrx_word' id='word_1_33' title='bbox 166 268 194 293; x_wconf 84' lang='grc' dir='ltr'>ὲν</span> <span class='ocrx_word' id='word_1_34' title='bbox 221 268 278 298; x_wconf 77' lang='grc' dir='ltr'>τοῖς</span> <span class='ocrx_word' id='word_1_35' title='bbox 304 267 403 293; x_wconf 84' lang='grc' dir='ltr'>πάθεσι</span> <span class='ocrx_word' id='word_1_36' title='bbox 424 267 473 302; x_wconf 86' lang='grc' dir='ltr'><strong>τῆς</strong></span> <span class='ocrx_word' id='word_1_37' title='bbox 491 267 602 302; x_wconf 77' lang='grc' dir='ltr'><strong>ἀτιμίας</strong></span> <span class='ocrx_word' id='word_1_38' title='bbox 617 267 853 303; x_wconf 84' lang='grc' dir='ltr'>ἀσχημονούντων,</span> <span class='ocrx_word' id='word_1_39' title='bbox 870 267 885 293; x_wconf 84' lang='grc' dir='ltr'>ὁ</span> 
     </span>
    </p>
   </div>
   <div class='ocr_carea' id='block_1_8' title="bbox 95 311 880 348">
    <p class='ocr_par' dir='ltr' id='par_1_8' title="bbox 95 311 880 348">
     <span class='ocr_line' id='line_1_8' title="bbox 95 311 880 348; baseline 0 -9"><span class='ocrx_word' id='word_1_40' title='bbox 95 313 214 348; x_wconf 77' lang='grc' dir='ltr'>καθαρὸς</span> <span class='ocrx_word' id='word_1_41' title='bbox 226 313 272 339; x_wconf 75' lang='grc' dir='ltr'>καὶ</span> <span class='ocrx_word' id='word_1_42' title='bbox 287 313 425 348; x_wconf 81' lang='grc' dir='ltr'><strong>ἀκήρατος</strong></span> <span class='ocrx_word' id='word_1_43' title='bbox 437 320 444 328; x_wconf 91' lang='grc'><strong>·</strong></span> <span class='ocrx_word' id='word_1_44' title='bbox 458 311 521 339; x_wconf 77' lang='grc' dir='ltr'>οὔτε</span> <span class='ocrx_word' id='word_1_45' title='bbox 535 312 582 339; x_wconf 82' lang='grc' dir='ltr'><strong>τοῦ</strong></span> <span class='ocrx_word' id='word_1_46' title='bbox 595 312 767 345; x_wconf 78' lang='grc' dir='ltr'><strong>πλεονέκτου,</strong></span> <span class='ocrx_word' id='word_1_47' title='bbox 781 313 796 339; x_wconf 90' lang='lat'><strong>6</strong></span> <span class='ocrx_word' id='word_1_48' title='bbox 805 312 880 348; x_wconf 80' lang='grc' dir='ltr'>εὐερ-</span> 
     </span>
    </p>
   </div>
   <div class='ocr_carea' id='block_1_9' title="bbox 95 357 885 394">
    <p class='ocr_par' dir='ltr' id='par_1_9' title="bbox 95 357 885 394">
     <span class='ocr_line' id='line_1_9' title="bbox 95 357 885 394; baseline 0.001 -10"><span class='ocrx_word' id='word_1_49' title='bbox 95 358 177 393; x_wconf 80' lang='grc' dir='ltr'>γέτης</span> <span class='ocrx_word' id='word_1_50' title='bbox 188 366 195 374; x_wconf 92' lang='grc'>·</span> <span class='ocrx_word' id='word_1_51' title='bbox 207 357 269 384; x_wconf 79' lang='grc' dir='ltr'>οὔτε</span> <span class='ocrx_word' id='word_1_52' title='bbox 281 358 349 390; x_wconf 87' lang='grc' dir='ltr'><strong>ὅλως</strong></span> <span class='ocrx_word' id='word_1_53' title='bbox 359 358 414 385; x_wconf 84' lang='grc' dir='ltr'>τῶν</span> <span class='ocrx_word' id='word_1_54' title='bbox 433 358 461 385; x_wconf 79' lang='grc' dir='ltr'>ἐν</span> <span class='ocrx_word' id='word_1_55' title='bbox 478 367 531 386; x_wconf 81' lang='grc' dir='ltr'>τινι</span> <span class='ocrx_word' id='word_1_56' title='bbox 549 358 627 394; x_wconf 86' lang='grc' dir='ltr'>κακῷ</span> <span class='ocrx_word' id='word_1_57' title='bbox 645 359 857 394; x_wconf 83' lang='grc' dir='ltr'>εὑρισκομένων,</span> <span class='ocrx_word' id='word_1_58' title='bbox 871 360 885 385; x_wconf 96' lang='lat'><strong>6</strong></span> 
     </span>
    </p>
   </div>
   <div class='ocr_carea' id='block_1_10' title="bbox 93 403 885 440">
    <p class='ocr_par' dir='ltr' id='par_1_10' title="bbox 93 403 885 440">
     <span class='ocr_line' id='line_1_10' title="bbox 93 403 885 440; baseline 0.004 -12"><span class='ocrx_word' id='word_1_59' title='bbox 93 403 122 429; x_wconf 74' lang='grc' dir='ltr'>ἐν</span> <span class='ocrx_word' id='word_1_60' title='bbox 138 403 220 430; x_wconf 75' lang='grc' dir='ltr'>παντὶ</span> <span class='ocrx_word' id='word_1_61' title='bbox 235 404 329 439; x_wconf 83' lang='grc' dir='ltr'>ἁγαθῷ</span> <span class='ocrx_word' id='word_1_62' title='bbox 344 404 540 440; x_wconf 85' lang='grc' dir='ltr'>θεωρούμενος.</span> <span class='ocrx_word' id='word_1_63' title='bbox 565 404 597 431; x_wconf 78' lang='lat' dir='ltr'><strong>Ei</strong></span> <span class='ocrx_word' id='word_1_64' title='bbox 613 404 666 440; x_wconf 83' lang='grc' dir='ltr'><strong>γάρ</strong></span> <span class='ocrx_word' id='word_1_65' title='bbox 684 413 726 436; x_wconf 87' lang='grc' dir='ltr'><strong>τις</strong></span> <span class='ocrx_word' id='word_1_66' title='bbox 738 404 806 439; x_wconf 75' lang='grc' dir='ltr'>πρὸς</span> <span class='ocrx_word' id='word_1_67' title='bbox 823 405 885 431; x_wconf 79' lang='grc' dir='ltr'>ἑαυ-</span> 
     </span>
    </p>
   </div>
   <div class='ocr_carea' id='block_1_11' title="bbox 93 448 885 486">
    <p class='ocr_par' dir='ltr' id='par_1_11' title="bbox 93 448 885 486">
     <span class='ocr_line' id='line_1_11' title="bbox 93 448 885 486; baseline 0.003 -12"><span class='ocrx_word' id='word_1_68' title='bbox 93 448 138 475; x_wconf 79' lang='grc' dir='ltr'><strong>τὸν</strong></span> <span class='ocrx_word' id='word_1_69' title='bbox 150 448 256 484; x_wconf 83' lang='grc' dir='ltr'><strong>βλέπων</strong></span> <span class='ocrx_word' id='word_1_70' title='bbox 281 449 321 476; x_wconf 74' lang='grc' dir='ltr'>ἔτι</span> <span class='ocrx_word' id='word_1_71' title='bbox 344 449 493 485; x_wconf 76' lang='grc' dir='ltr'>καθαρσίου</span> <span class='ocrx_word' id='word_1_72' title='bbox 513 450 648 486; x_wconf 80' lang='grc' dir='ltr'>δεόμενος,</span> <span class='ocrx_word' id='word_1_73' title='bbox 671 450 719 477; x_wconf 77' lang='grc' dir='ltr'>καὶ</span> <span class='ocrx_word' id='word_1_74' title='bbox 745 450 885 486; x_wconf 76' lang='grc' dir='ltr'>μοχθηρὰν</span> 
     </span>
    </p>
   </div>
   <div class='ocr_carea' id='block_1_12' title="bbox 93 494 885 531">
    <p class='ocr_par' dir='ltr' id='par_1_12' title="bbox 93 494 885 531">
     <span class='ocr_line' id='line_1_12' title="bbox 93 494 885 531; baseline 0.001 -11"><span class='ocrx_word' id='word_1_75' title='bbox 93 494 190 520; x_wconf 77' lang='grc' dir='ltr'>ἑαυτοῦ</span> <span class='ocrx_word' id='word_1_76' title='bbox 213 494 366 530; x_wconf 81' lang='grc' dir='ltr'>συνείδησιν</span> <span class='ocrx_word' id='word_1_77' title='bbox 390 494 579 529; x_wconf 71' lang='grc' dir='ltr'>ἐπιγινώσκων</span> <span class='ocrx_word' id='word_1_78' title='bbox 596 494 687 531; x_wconf 81' lang='grc' dir='ltr'>πλήρη</span> <span class='ocrx_word' id='word_1_79' title='bbox 709 494 825 530; x_wconf 79' lang='grc' dir='ltr'><strong>κηλίδων</strong></span> <span class='ocrx_word' id='word_1_80' title='bbox 839 494 885 522; x_wconf 63' lang='grc' dir='ltr'><strong>καὶ¹</strong></span> 
     </span>
    </p>
   </div>
   <div class='ocr_carea' id='block_1_13' title="bbox 94 539 885 576">
    <p class='ocr_par' dir='ltr' id='par_1_13' title="bbox 94 539 885 576">
     <span class='ocr_line' id='line_1_13' title="bbox 94 539 885 576; baseline 0.003 -11"><span class='ocrx_word' id='word_1_81' title='bbox 94 539 219 575; x_wconf 82' lang='grc' dir='ltr'>πονηρῶν</span> <span class='ocrx_word' id='word_1_82' title='bbox 229 539 420 575; x_wconf 76' lang='grc' dir='ltr'>ἐγκαυμάτων,</span> <span class='ocrx_word' id='word_1_83' title='bbox 434 541 498 575; x_wconf 74' lang='grc' dir='ltr'>πρὶν</span> <span class='ocrx_word' id='word_1_84' title='bbox 509 541 678 576; x_wconf 87' lang='grc' dir='ltr'>καθαρθῆναι</span> <span class='ocrx_word' id='word_1_85' title='bbox 688 541 742 568; x_wconf 81' lang='grc' dir='ltr'>τῶν</span> <span class='ocrx_word' id='word_1_86' title='bbox 756 540 885 572; x_wconf 64' lang='grc' dir='ltr'>τοιούτων</span> 
     </span>
    </p>
   </div>
   <div class='ocr_carea' id='block_1_14' title="bbox 92 585 885 622">
    <p class='ocr_par' dir='ltr' id='par_1_14' title="bbox 92 585 885 622">
     <span class='ocr_line' id='line_1_14' title="bbox 92 585 885 622; baseline 0.001 -10"><span class='ocrx_word' id='word_1_87' title='bbox 92 594 122 612; x_wconf 91' lang='grc' dir='ltr'><strong>τε</strong></span> <span class='ocrx_word' id='word_1_88' title='bbox 138 586 184 612; x_wconf 76' lang='grc' dir='ltr'>καὶ</span> <span class='ocrx_word' id='word_1_89' title='bbox 193 585 326 613; x_wconf 77' lang='grc' dir='ltr'>τοσούτων</span> <span class='ocrx_word' id='word_1_90' title='bbox 337 586 441 618; x_wconf 84' lang='grc' dir='ltr'>κακῶν,</span> <span class='ocrx_word' id='word_1_91' title='bbox 450 586 517 622; x_wconf 78' lang='grc' dir='ltr'>πρὸς</span> <span class='ocrx_word' id='word_1_92' title='bbox 534 586 582 622; x_wconf 85' lang='grc' dir='ltr'>τὴν</span> <span class='ocrx_word' id='word_1_93' title='bbox 595 586 642 613; x_wconf 81' lang='grc' dir='ltr'>τοῦ</span> <span class='ocrx_word' id='word_1_94' title='bbox 650 586 717 613; x_wconf 75' lang='grc' dir='ltr'>Θεοῦ</span> <span class='ocrx_word' id='word_1_95' title='bbox 726 586 885 621; x_wconf 85' lang='grc' dir='ltr'>συγγένειαν</span> 
     </span>
    </p>
   </div>
   <div class='ocr_carea' id='block_1_15' title="bbox 93 631 886 668">
    <p class='ocr_par' dir='ltr' id='par_1_15' title="bbox 93 631 886 668">
     <span class='ocr_line' id='line_1_15' title="bbox 93 631 886 668; baseline 0.004 -11"><span class='ocrx_word' id='word_1_96' title='bbox 93 631 188 658; x_wconf 73' lang='grc' dir='ltr'>ιαυτὸν</span> <span class='ocrx_word' id='word_1_97' title='bbox 216 632 341 664; x_wconf 82' lang='grc' dir='ltr'>εἰσποιοῖ,</span> <span class='ocrx_word' id='word_1_98' title='bbox 372 632 418 658; x_wconf 81' lang='grc' dir='ltr'>καὶ</span> <span class='ocrx_word' id='word_1_99' title='bbox 447 631 534 666; x_wconf 85' lang='grc' dir='ltr'>λέγοι,</span> <span class='ocrx_word' id='word_1_100' title='bbox 561 632 666 666; x_wconf 78' lang='grc' dir='ltr'>Πάτερ,</span> <span class='ocrx_word' id='word_1_101' title='bbox 688 632 728 667; x_wconf 83' lang='grc' dir='ltr'>τῷ</span> <span class='ocrx_word' id='word_1_102' title='bbox 756 632 852 668; x_wconf 84' lang='grc' dir='ltr'>δικαίῳ</span> <span class='ocrx_word' id='word_1_103' title='bbox 871 634 886 659; x_wconf 92' lang='lat'><strong>6</strong></span> 
     </span>
    </p>
   </div>
   <div class='ocr_carea' id='block_1_16' title="bbox 59 677 885 715">
    <p class='ocr_par' dir='ltr' id='par_1_16' title="bbox 59 677 885 715">
     <span class='ocr_line' id='line_1_16' title="bbox 59 677 885 715; baseline 0.001 -11"><span class='ocrx_word' id='word_1_104' title='bbox 59 702 62 704; x_wconf 37' lang='grc' dir='ltr'>λ</span> <span class='ocrx_word' id='word_1_105' title='bbox 92 678 194 709; x_wconf 76' lang='grc' dir='ltr'>ἄδικος,</span> <span class='ocrx_word' id='word_1_106' title='bbox 207 677 246 713; x_wconf 85' lang='grc' dir='ltr'>τῷ</span> <span class='ocrx_word' id='word_1_107' title='bbox 263 677 376 713; x_wconf 83' lang='grc' dir='ltr'><strong>καθαρῷ</strong></span> <span class='ocrx_word' id='word_1_108' title='bbox 387 679 402 704; x_wconf 85' lang='lat'><strong>6</strong></span> <span class='ocrx_word' id='word_1_109' title='bbox 415 678 587 714; x_wconf 75' lang='grc' dir='ltr'>ἀκάθαρτος·</span> <span class='ocrx_word' id='word_1_110' title='bbox 610 678 688 715; x_wconf 75' lang='grc' dir='ltr'>ὕϐρις</span> <span class='ocrx_word' id='word_1_111' title='bbox 708 679 836 714; x_wconf 78' lang='grc' dir='ltr'>ἄντικρυς</span> <span class='ocrx_word' id='word_1_112' title='bbox 853 678 885 706; x_wconf 84' lang='grc' dir='ltr'>ἂν</span> 
     </span>
    </p>
   </div>
   <div class='ocr_carea' id='block_1_17' title="bbox 93 723 886 760">
    <p class='ocr_par' dir='ltr' id='par_1_17' title="bbox 93 723 886 760">
     <span class='ocr_line' id='line_1_17' title="bbox 93 723 886 760; baseline 0.003 -11"><span class='ocrx_word' id='word_1_113' title='bbox 93 723 134 758; x_wconf 78' lang='grc' dir='ltr'><strong>εἴη</strong></span> <span class='ocrx_word' id='word_1_114' title='bbox 148 723 196 749; x_wconf 71' lang='grc' dir='ltr'>καὶ</span> <span class='ocrx_word' id='word_1_115' title='bbox 210 723 329 758; x_wconf 76' lang='grc' dir='ltr'>λοιδορία</span> <span class='ocrx_word' id='word_1_116' title='bbox 351 724 385 750; x_wconf 83' lang='grc' dir='ltr'><strong>τὰ</strong></span> <span class='ocrx_word' id='word_1_117' title='bbox 399 725 519 759; x_wconf 78' lang='grc' dir='ltr'>ῥήματα,</span> <span class='ocrx_word' id='word_1_118' title='bbox 536 725 615 760; x_wconf 76' lang='grc' dir='ltr'>εἴπερ</span> <span class='ocrx_word' id='word_1_119' title='bbox 633 724 682 759; x_wconf 81' lang='grc' dir='ltr'><strong>τῆς</strong></span> <span class='ocrx_word' id='word_1_120' title='bbox 700 724 767 756; x_wconf 83' lang='grc' dir='ltr'>ιδίας</span> <span class='ocrx_word' id='word_1_121' title='bbox 783 725 886 760; x_wconf 81' lang='grc' dir='ltr'>μοχθη-</span> 
     </span>
    </p>
   </div>
   <div class='ocr_carea' id='block_1_18' title="bbox 95 768 886 806">
    <p class='ocr_par' dir='ltr' id='par_1_18' title="bbox 95 768 886 806">
     <span class='ocr_line' id='line_1_18' title="bbox 95 768 886 806; baseline 0.004 -12"><span class='ocrx_word' id='word_1_122' title='bbox 95 768 154 803; x_wconf 79' lang='grc' dir='ltr'>ρῐας</span> <span class='ocrx_word' id='word_1_123' title='bbox 170 768 276 803; x_wconf 78' lang='grc' dir='ltr'>πατέρα</span> <span class='ocrx_word' id='word_1_124' title='bbox 292 770 337 795; x_wconf 82' lang='grc' dir='ltr'>τὸν</span> <span class='ocrx_word' id='word_1_125' title='bbox 363 769 429 796; x_wconf 72' lang='grc' dir='ltr'>Θεὸν</span> <span class='ocrx_word' id='word_1_126' title='bbox 450 769 588 805; x_wconf 77' lang='grc' dir='ltr'>ὀνομάζοι.</span> <span class='ocrx_word' id='word_1_127' title='bbox 612 770 643 796; x_wconf 85' lang='grc' dir='ltr'><strong><em>Ἠ</em></strong></span> <span class='ocrx_word' id='word_1_128' title='bbox 656 770 709 806; x_wconf 85' lang='grc' dir='ltr'>γὰρ</span> <span class='ocrx_word' id='word_1_129' title='bbox 722 770 770 797; x_wconf 78' lang='grc' dir='ltr'><strong>τοῦ</strong></span> <span class='ocrx_word' id='word_1_130' title='bbox 783 770 886 806; x_wconf 76' lang='grc' dir='ltr'>πατρὸς</span> 
     </span>
    </p>
   </div>
   <div class='ocr_carea' id='block_1_19' title="bbox 93 813 887 852">
    <p class='ocr_par' dir='ltr' id='par_1_19' title="bbox 93 813 887 852">
     <span class='ocr_line' id='line_1_19' title="bbox 93 813 887 852; baseline 0.004 -12"><span class='ocrx_word' id='word_1_131' title='bbox 93 813 179 849; x_wconf 82' lang='grc' dir='ltr'>φωνὴ,</span> <span class='ocrx_word' id='word_1_132' title='bbox 193 813 241 849; x_wconf 84' lang='grc' dir='ltr'>τὴν</span> <span class='ocrx_word' id='word_1_133' title='bbox 257 815 346 841; x_wconf 81' lang='grc' dir='ltr'>αἰτίαν</span> <span class='ocrx_word' id='word_1_134' title='bbox 359 815 405 842; x_wconf 83' lang='grc' dir='ltr'>τοῦ</span> <span class='ocrx_word' id='word_1_135' title='bbox 417 815 447 847; x_wconf 81' lang='grc' dir='ltr'>ὲξ</span> <span class='ocrx_word' id='word_1_136' title='bbox 460 815 543 842; x_wconf 81' lang='grc' dir='ltr'>αὐτοῦ</span> <span class='ocrx_word' id='word_1_137' title='bbox 555 816 722 847; x_wconf 70' lang='grc' dir='ltr'><strong>ὑποστάντος</strong></span> <span class='ocrx_word' id='word_1_138' title='bbox 741 816 887 852; x_wconf 88' lang='grc' dir='ltr'>διασημαί-</span> 
     </span>
    </p>
   </div>
   <div class='ocr_carea' id='block_1_20' title="bbox 938 221 1724 259">
    <p class='ocr_par' dir='ltr' id='par_1_20' title="bbox 938 221 1724 259">
     <span class='ocr_line' id='line_1_20' title="bbox 938 221 1724 259; baseline 0.004 -10"><span class='ocrx_word' id='word_1_139' title='bbox 938 221 1006 249; x_wconf 87' lang='lat' dir='ltr'><strong>Nam</strong></span> <span class='ocrx_word' id='word_1_140' title='bbox 1023 222 1152 257; x_wconf 70' lang='lat' dir='ltr'><strong>improba:</strong></span> <span class='ocrx_word' id='word_1_141' title='bbox 1164 223 1315 250; x_wconf 75' lang='lat' dir='ltr'><strong>voluntatis</strong></span> <span class='ocrx_word' id='word_1_142' title='bbox 1331 227 1414 258; x_wconf 87' lang='lat' dir='ltr'><strong>atque</strong></span> <span class='ocrx_word' id='word_1_143' title='bbox 1429 223 1563 259; x_wconf 84' lang='lat' dir='ltr'><strong>propositi</strong></span> <span class='ocrx_word' id='word_1_144' title='bbox 1572 228 1649 258; x_wconf 88' lang='lat' dir='ltr'><strong>pater</strong></span> <span class='ocrx_word' id='word_1_145' title='bbox 1662 231 1724 252; x_wconf 88' lang='lat' dir='ltr'><strong>esse</strong></span> 
     </span>
    </p>
   </div>
   <div class='ocr_carea' id='block_1_21' title="bbox 940 267 1722 305">
    <p class='ocr_par' dir='ltr' id='par_1_21' title="bbox 940 267 1722 305">
     <span class='ocr_line' id='line_1_21' title="bbox 940 267 1722 305; baseline 0.005 -11"><span class='ocrx_word' id='word_1_146' title='bbox 940 267 973 300; x_wconf 92' lang='lat' dir='ltr'><strong>is,</strong></span> <span class='ocrx_word' id='word_1_147' title='bbox 991 267 1037 302; x_wconf 92' lang='lat' dir='ltr'><strong>qui</strong></span> <span class='ocrx_word' id='word_1_148' title='bbox 1053 275 1104 295; x_wconf 84' lang='lat' dir='ltr'><strong>sua</strong></span> <span class='ocrx_word' id='word_1_149' title='bbox 1121 272 1221 295; x_wconf 88' lang='lat' dir='ltr'><strong>natura</strong></span> <span class='ocrx_word' id='word_1_150' title='bbox 1235 269 1323 296; x_wconf 83' lang='lat' dir='ltr'><strong>bonus</strong></span> <span class='ocrx_word' id='word_1_151' title='bbox 1339 275 1391 300; x_wconf 80' lang='lat' dir='ltr'><strong>cst,</strong></span> <span class='ocrx_word' id='word_1_152' title='bbox 1420 269 1583 297; x_wconf 70' lang='lat' dir='ltr'><strong>naturaliter</strong></span> <span class='ocrx_word' id='word_1_153' title='bbox 1597 277 1652 297; x_wconf 90' lang='lat' dir='ltr'><strong>non</strong></span> <span class='ocrx_word' id='word_1_154' title='bbox 1672 278 1722 305; x_wconf 91' lang='lat' dir='ltr'><strong>po-</strong></span> 
     </span>
    </p>
   </div>
   <div class='ocr_carea' id='block_1_22' title="bbox 939 314 1723 351">
    <p class='ocr_par' dir='ltr' id='par_1_22' title="bbox 939 314 1723 351">
     <span class='ocr_line' id='line_1_22' title="bbox 939 314 1723 351; baseline 0.004 -11"><span class='ocrx_word' id='word_1_155' title='bbox 939 316 993 340; x_wconf 87' lang='lat' dir='ltr'><strong>test</strong></span> <span class='ocrx_word' id='word_1_156' title='bbox 1006 322 1014 341; x_wconf 85' lang='lat'><strong>:</strong></span> <span class='ocrx_word' id='word_1_157' title='bbox 1032 320 1122 348; x_wconf 85' lang='lat' dir='ltr'><strong>neque</strong></span> <span class='ocrx_word' id='word_1_158' title='bbox 1136 314 1190 340; x_wconf 90' lang='lat' dir='ltr'><strong>vita</strong></span> <span class='ocrx_word' id='word_1_159' title='bbox 1205 314 1394 347; x_wconf 92' lang='lat' dir='ltr'><strong>contaminati,</strong></span> <span class='ocrx_word' id='word_1_160' title='bbox 1410 318 1524 342; x_wconf 89' lang='lat' dir='ltr'><strong>sanctus</strong></span> <span class='ocrx_word' id='word_1_161' title='bbox 1536 324 1542 342; x_wconf 93' lang='lat'>:</span> <span class='ocrx_word' id='word_1_162' title='bbox 1552 322 1642 350; x_wconf 86' lang='lat' dir='ltr'><strong>neque</strong></span> <span class='ocrx_word' id='word_1_163' title='bbox 1652 316 1723 351; x_wconf 86' lang='lat' dir='ltr'><strong>ejus,</strong></span> 
     </span>
    </p>
   </div>
   <div class='ocr_carea' id='block_1_23' title="bbox 938 359 1723 395">
    <p class='ocr_par' dir='ltr' id='par_1_23' title="bbox 938 359 1723 395">
     <span class='ocr_line' id='line_1_23' title="bbox 938 359 1723 395; baseline 0.004 -9"><span class='ocrx_word' id='word_1_164' title='bbox 938 359 985 394; x_wconf 90' lang='lat' dir='ltr'><strong>qui</strong></span> <span class='ocrx_word' id='word_1_165' title='bbox 999 359 1054 387; x_wconf 88' lang='lat' dir='ltr'><strong>huc</strong></span> <span class='ocrx_word' id='word_1_166' title='bbox 1066 360 1132 387; x_wconf 91' lang='lat' dir='ltr'><strong>illuc</strong></span> <span class='ocrx_word' id='word_1_167' title='bbox 1147 360 1356 395; x_wconf 72' lang='lat' dir='ltr'><strong>circumagitur,</strong></span> <span class='ocrx_word' id='word_1_168' title='bbox 1369 360 1445 395; x_wconf 89' lang='lat' dir='ltr'><strong>isqui</strong></span> <span class='ocrx_word' id='word_1_169' title='bbox 1459 360 1531 388; x_wconf 86' lang='lat' dir='ltr'><strong>alius</strong></span> <span class='ocrx_word' id='word_1_170' title='bbox 1546 360 1604 388; x_wconf 87' lang='lat' dir='ltr'><strong>ﬁeri</strong></span> <span class='ocrx_word' id='word_1_171' title='bbox 1614 369 1647 388; x_wconf 89' lang='lat' dir='ltr'><strong>ac</strong></span> <span class='ocrx_word' id='word_1_172' title='bbox 1662 370 1723 389; x_wconf 92' lang='lat' dir='ltr'><strong>mu-</strong></span> 
     </span>
    </p>
   </div>
   <div class='ocr_carea' id='block_1_24' title="bbox 940 405 1724 441">
    <p class='ocr_par' dir='ltr' id='par_1_24' title="bbox 940 405 1724 441">
     <span class='ocr_line' id='line_1_24' title="bbox 940 405 1724 441; baseline 0.001 -9"><span class='ocrx_word' id='word_1_173' title='bbox 940 405 991 432; x_wconf 90' lang='lat' dir='ltr'><strong>tari</strong></span> <span class='ocrx_word' id='word_1_174' title='bbox 1012 413 1067 432; x_wconf 93' lang='lat' dir='ltr'><strong>non</strong></span> <span class='ocrx_word' id='word_1_175' title='bbox 1087 409 1178 441; x_wconf 91' lang='lat' dir='ltr'><strong>potest</strong></span> <span class='ocrx_word' id='word_1_176' title='bbox 1200 414 1312 441; x_wconf 80' lang='lat' dir='ltr'><strong>:neque</strong></span> <span class='ocrx_word' id='word_1_177' title='bbox 1325 407 1491 433; x_wconf 85' lang='lat' dir='ltr'><strong>.mortiﬁcati</strong></span> <span class='ocrx_word' id='word_1_178' title='bbox 1512 414 1560 441; x_wconf 89' lang='lat' dir='ltr'><strong>per</strong></span> <span class='ocrx_word' id='word_1_179' title='bbox 1573 412 1724 441; x_wconf 75' lang='lat' dir='ltr'><strong>peccatum,</strong></span> 
     </span>
    </p>
   </div>
   <div class='ocr_carea' id='block_1_25' title="bbox 938 450 1726 487">
    <p class='ocr_par' dir='ltr' id='par_1_25' title="bbox 938 450 1726 487">
     <span class='ocr_line' id='line_1_25' title="bbox 938 450 1726 487; baseline 0.004 -10"><span class='ocrx_word' id='word_1_180' title='bbox 938 453 1017 485; x_wconf 87' lang='lat' dir='ltr'><strong>pater</strong></span> <span class='ocrx_word' id='word_1_181' title='bbox 1027 450 1108 484; x_wconf 65' lang='lat' dir='ltr'><strong>vitae;</strong></span> <span class='ocrx_word' id='word_1_182' title='bbox 1124 458 1214 485; x_wconf 91' lang='lat' dir='ltr'><strong>neque</strong></span> <span class='ocrx_word' id='word_1_183' title='bbox 1224 459 1333 483; x_wconf 87' lang='lat' dir='ltr'><strong>eorum,</strong></span> <span class='ocrx_word' id='word_1_184' title='bbox 1355 451 1404 486; x_wconf 87' lang='lat' dir='ltr'><strong>qui</strong></span> <span class='ocrx_word' id='word_1_185' title='bbox 1428 452 1502 479; x_wconf 89' lang='lat' dir='ltr'><strong>vitiis</strong></span> <span class='ocrx_word' id='word_1_186' title='bbox 1532 452 1676 487; x_wconf 86' lang='lat' dir='ltr'><strong>probrosis</strong></span> <span class='ocrx_word' id='word_1_187' title='bbox 1699 458 1726 480; x_wconf 85' lang='lat' dir='ltr'><strong>et</strong></span> 
     </span>
    </p>
   </div>
   <div class='ocr_carea' id='block_1_26' title="bbox 938 495 1724 532">
    <p class='ocr_par' dir='ltr' id='par_1_26' title="bbox 938 495 1724 532">
     <span class='ocr_line' id='line_1_26' title="bbox 938 495 1724 532; baseline 0.001 -10"><span class='ocrx_word' id='word_1_188' title='bbox 938 495 1130 530; x_wconf 75' lang='lat' dir='ltr'><strong>ignominiosis</strong></span> <span class='ocrx_word' id='word_1_189' title='bbox 1160 496 1272 532; x_wconf 85' lang='lat' dir='ltr'><strong>impulsi</strong></span> <span class='ocrx_word' id='word_1_190' title='bbox 1293 497 1384 531; x_wconf 89' lang='lat' dir='ltr'><strong>turpia</strong></span> <span class='ocrx_word' id='word_1_191' title='bbox 1411 497 1599 529; x_wconf 85' lang='lat' dir='ltr'><strong>committunt,</strong></span> <span class='ocrx_word' id='word_1_192' title='bbox 1632 498 1656 525; x_wconf 88' lang='lat' dir='ltr'><strong>is</strong></span> <span class='ocrx_word' id='word_1_193' title='bbox 1679 498 1724 532; x_wconf 90' lang='lat' dir='ltr'><strong>qui</strong></span> 
     </span>
    </p>
   </div>
   <div class='ocr_carea' id='block_1_27' title="bbox 938 542 1727 578">
    <p class='ocr_par' dir='ltr' id='par_1_27' title="bbox 938 542 1727 578">
     <span class='ocr_line' id='line_1_27' title="bbox 938 542 1727 578; baseline 0.004 -10"><span class='ocrx_word' id='word_1_194' title='bbox 938 548 1025 576; x_wconf 85' lang='lat' dir='ltr'><strong>purus</strong></span> <span class='ocrx_word' id='word_1_195' title='bbox 1038 546 1064 569; x_wconf 86' lang='lat' dir='ltr'><strong>et</strong></span> <span class='ocrx_word' id='word_1_196' title='bbox 1081 542 1187 577; x_wconf 80' lang='lat' dir='ltr'><strong>integer</strong></span> <span class='ocrx_word' id='word_1_197' title='bbox 1198 548 1253 576; x_wconf 85' lang='lat' dir='ltr'><strong>est;</strong></span> <span class='ocrx_word' id='word_1_198' title='bbox 1269 550 1358 578; x_wconf 87' lang='lat' dir='ltr'><strong>neque</strong></span> <span class='ocrx_word' id='word_1_199' title='bbox 1368 545 1442 570; x_wconf 80' lang='lat' dir='ltr'><strong>avari</strong></span> <span class='ocrx_word' id='word_1_200' title='bbox 1458 547 1484 571; x_wconf 89' lang='lat' dir='ltr'><strong>et</strong></span> <span class='ocrx_word' id='word_1_201' title='bbox 1504 544 1633 578; x_wconf 86' lang='lat' dir='ltr'><strong>raptoris.</strong></span> <span class='ocrx_word' id='word_1_202' title='bbox 1646 544 1727 571; x_wconf 88' lang='lat' dir='ltr'><strong>bene-</strong></span> 
     </span>
    </p>
   </div>
   <div class='ocr_carea' id='block_1_28' title="bbox 938 588 1726 625">
    <p class='ocr_par' dir='ltr' id='par_1_28' title="bbox 938 588 1726 625">
     <span class='ocr_line' id='line_1_28' title="bbox 938 588 1726 625; baseline 0.004 -10"><span class='ocrx_word' id='word_1_203' title='bbox 938 588 1025 616; x_wconf 77' lang='lat' dir='ltr'><strong>factor</strong></span> <span class='ocrx_word' id='word_1_204' title='bbox 1037 597 1044 622; x_wconf 92' lang='lat'><strong>;</strong></span> <span class='ocrx_word' id='word_1_205' title='bbox 1063 596 1114 616; x_wconf 87' lang='lat' dir='ltr'><strong>nec</strong></span> <span class='ocrx_word' id='word_1_206' title='bbox 1128 597 1222 617; x_wconf 89' lang='lat' dir='ltr'><strong>eorum</strong></span> <span class='ocrx_word' id='word_1_207' title='bbox 1237 590 1367 625; x_wconf 85' lang='lat' dir='ltr'><strong>denique,</strong></span> <span class='ocrx_word' id='word_1_208' title='bbox 1379 591 1426 625; x_wconf 86' lang='lat' dir='ltr'><strong>qui</strong></span> <span class='ocrx_word' id='word_1_209' title='bbox 1440 591 1467 617; x_wconf 90' lang='lat' dir='ltr'><strong>in</strong></span> <span class='ocrx_word' id='word_1_210' title='bbox 1483 591 1576 625; x_wconf 89' lang='lat' dir='ltr'><strong>aliquo</strong></span> <span class='ocrx_word' id='word_1_211' title='bbox 1593 591 1665 617; x_wconf 88' lang='lat' dir='ltr'><strong>malo</strong></span> <span class='ocrx_word' id='word_1_212' title='bbox 1679 590 1726 618; x_wconf 92' lang='lat' dir='ltr'><strong>de-</strong></span> 
     </span>
    </p>
   </div>
   <div class='ocr_carea' id='block_1_29' title="bbox 939 634 1726 671">
    <p class='ocr_par' dir='ltr' id='par_1_29' title="bbox 939 634 1726 671">
     <span class='ocr_line' id='line_1_29' title="bbox 939 634 1726 671; baseline 0.003 -10"><span class='ocrx_word' id='word_1_213' title='bbox 939 634 1157 669; x_wconf 83' lang='lat' dir='ltr'><strong>prehenduntur,</strong></span> <span class='ocrx_word' id='word_1_214' title='bbox 1175 635 1199 663; x_wconf 90' lang='lat' dir='ltr'><strong>is</strong></span> <span class='ocrx_word' id='word_1_215' title='bbox 1216 636 1264 670; x_wconf 91' lang='lat' dir='ltr'><strong>qni</strong></span> <span class='ocrx_word' id='word_1_216' title='bbox 1280 636 1309 663; x_wconf 90' lang='lat' dir='ltr'><strong>in</strong></span> <span class='ocrx_word' id='word_1_217' title='bbox 1318 636 1392 664; x_wconf 92' lang='lat' dir='ltr'><strong>omni</strong></span> <span class='ocrx_word' id='word_1_218' title='bbox 1412 636 1485 664; x_wconf 89' lang='lat' dir='ltr'><strong>bono</strong></span> <span class='ocrx_word' id='word_1_219' title='bbox 1505 637 1628 664; x_wconf 89' lang='lat' dir='ltr'><strong>cernitur</strong></span> <span class='ocrx_word' id='word_1_220' title='bbox 1644 640 1726 671; x_wconf 87' lang='lat' dir='ltr'><strong>atque</strong></span> 
     </span>
    </p>
   </div>
   <div class='ocr_carea' id='block_1_30' title="bbox 938 680 1725 717">
    <p class='ocr_par' dir='ltr' id='par_1_30' title="bbox 938 680 1725 717">
     <span class='ocr_line' id='line_1_30' title="bbox 938 680 1725 717; baseline 0.001 -10"><span class='ocrx_word' id='word_1_221' title='bbox 938 680 1140 713; x_wconf 80' lang='lat' dir='ltr'><strong>consideratur.</strong></span> <span class='ocrx_word' id='word_1_222' title='bbox 1157 687 1258 716; x_wconf 89' lang='lat' dir='ltr'><strong>parens</strong></span> <span class='ocrx_word' id='word_1_223' title='bbox 1272 689 1333 709; x_wconf 84' lang='lat' dir='ltr'><strong>esse</strong></span> <span class='ocrx_word' id='word_1_224' title='bbox 1349 686 1450 717; x_wconf 80' lang='lat' dir='ltr'><strong>potest.</strong></span> <span class='ocrx_word' id='word_1_225' title='bbox 1469 682 1538 709; x_wconf 88' lang='lat' dir='ltr'><strong>Nam</strong></span> <span class='ocrx_word' id='word_1_226' title='bbox 1553 682 1575 709; x_wconf 90' lang='lat' dir='ltr'><strong>si</strong></span> <span class='ocrx_word' id='word_1_227' title='bbox 1598 682 1661 716; x_wconf 86' lang='lat' dir='ltr'><strong>quis</strong></span> <span class='ocrx_word' id='word_1_228' title='bbox 1677 689 1725 708; x_wconf 81' lang='lat' dir='ltr'><strong>cx—</strong></span> 
     </span>
    </p>
   </div>
   <div class='ocr_carea' id='block_1_31' title="bbox 939 726 1727 762">
    <p class='ocr_par' dir='ltr' id='par_1_31' title="bbox 939 726 1727 762">
     <span class='ocr_line' id='line_1_31' title="bbox 939 726 1727 762; baseline 0 -9"><span class='ocrx_word' id='word_1_229' title='bbox 939 726 1061 761; x_wconf 81' lang='lat' dir='ltr'><strong>piatione</strong></span> <span class='ocrx_word' id='word_1_230' title='bbox 1077 727 1159 754; x_wconf 89' lang='lat' dir='ltr'><strong>etiam</strong></span> <span class='ocrx_word' id='word_1_231' title='bbox 1174 734 1248 754; x_wconf 89' lang='lat' dir='ltr'><strong>nunc</strong></span> <span class='ocrx_word' id='word_1_232' title='bbox 1267 734 1339 762; x_wconf 85' lang='lat' dir='ltr'><strong>opus</strong></span> <span class='ocrx_word' id='word_1_233' title='bbox 1363 727 1478 759; x_wconf 84' lang='lat' dir='ltr'><strong>habens,</strong></span> <span class='ocrx_word' id='word_1_234' title='bbox 1499 728 1620 762; x_wconf 89' lang='lat' dir='ltr'><strong>seipsum</strong></span> <span class='ocrx_word' id='word_1_235' title='bbox 1640 727 1727 762; x_wconf 90' lang='lat' dir='ltr'><strong>inspi-</strong></span> 
     </span>
    </p>
   </div>
   <div class='ocr_carea' id='block_1_32' title="bbox 939 770 1725 808">
    <p class='ocr_par' dir='ltr' id='par_1_32' title="bbox 939 770 1725 808">
     <span class='ocr_line' id='line_1_32' title="bbox 939 770 1725 808; baseline 0.001 -10"><span class='ocrx_word' id='word_1_236' title='bbox 939 770 1025 804; x_wconf 85' lang='lat' dir='ltr'><strong>ciens,</strong></span> <span class='ocrx_word' id='word_1_237' title='bbox 1047 777 1075 799; x_wconf 90' lang='lat' dir='ltr'><strong>et</strong></span> <span class='ocrx_word' id='word_1_238' title='bbox 1091 771 1221 800; x_wconf 78' lang='lat' dir='ltr'><strong>vitiosam</strong></span> <span class='ocrx_word' id='word_1_239' title='bbox 1245 773 1443 800; x_wconf 83' lang='lat' dir='ltr'><strong>conscientiam</strong></span> <span class='ocrx_word' id='word_1_240' title='bbox 1467 780 1546 800; x_wconf 88' lang='lat' dir='ltr'><strong>suam</strong></span> <span class='ocrx_word' id='word_1_241' title='bbox 1572 780 1725 808; x_wconf 79' lang='lat' dir='ltr'><strong>agnoscens</strong></span> 
     </span>
    </p>
   </div>
   <div class='ocr_carea' id='block_1_33' title="bbox 939 817 1726 853">
    <p class='ocr_par' dir='ltr' id='par_1_33' title="bbox 939 817 1726 853">
     <span class='ocr_line' id='line_1_33' title="bbox 939 817 1726 853; baseline 0 -9"><span class='ocrx_word' id='word_1_242' title='bbox 939 817 1046 852; x_wconf 85' lang='lat' dir='ltr'><strong>plenam</strong></span> <span class='ocrx_word' id='word_1_243' title='bbox 1066 817 1193 850; x_wconf 89' lang='lat' dir='ltr'><strong>maculis,</strong></span> <span class='ocrx_word' id='word_1_244' title='bbox 1209 823 1236 846; x_wconf 91' lang='lat' dir='ltr'><strong>et</strong></span> <span class='ocrx_word' id='word_1_245' title='bbox 1253 819 1388 846; x_wconf 89' lang='lat' dir='ltr'><strong>scelerum</strong></span> <span class='ocrx_word' id='word_1_246' title='bbox 1405 818 1480 846; x_wconf 86' lang='lat' dir='ltr'><strong>notis</strong></span> <span class='ocrx_word' id='word_1_247' title='bbox 1496 818 1618 853; x_wconf 85' lang='lat' dir='ltr'><strong>injustis.</strong></span> <span class='ocrx_word' id='word_1_248' title='bbox 1635 818 1726 853; x_wconf 87' lang='lat' dir='ltr'><strong>prius-</strong></span> 
     </span>
    </p>
   </div>
   <div class='ocr_carea' id='block_1_34' title="bbox 92 859 887 899">
    <p class='ocr_par' dir='ltr' id='par_1_34' title="bbox 92 859 886 897">
     <span class='ocr_line' id='line_1_34' title="bbox 92 859 886 897; baseline 0.004 -12"><span class='ocrx_word' id='word_1_249' title='bbox 92 867 142 886; x_wconf 87' lang='grc' dir='ltr'>νει.</span> <span class='ocrx_word' id='word_1_250' title='bbox 159 859 263 886; x_wconf 79' lang='grc' dir='ltr'>Οὐκοῦν</span> <span class='ocrx_word' id='word_1_251' title='bbox 279 861 293 886; x_wconf 84' lang='lat'><strong>6</strong></span> <span class='ocrx_word' id='word_1_252' title='bbox 312 860 448 895; x_wconf 79' lang='grc' dir='ltr'>μοχθηρὸς</span> <span class='ocrx_word' id='word_1_253' title='bbox 470 860 519 896; x_wconf 86' lang='grc' dir='ltr'>τὴν</span> <span class='ocrx_word' id='word_1_254' title='bbox 545 861 707 896; x_wconf 84' lang='grc' dir='ltr'><strong>συνείδησιν,</strong></span> <span class='ocrx_word' id='word_1_255' title='bbox 735 862 760 887; x_wconf 76' lang='grc' dir='ltr'>εἰ</span> <span class='ocrx_word' id='word_1_256' title='bbox 780 861 886 897; x_wconf 83' lang='grc' dir='ltr'>πατέρα</span> 
     </span>
    </p>
   </div>
   <div class='ocr_carea' id='block_1_35' title="bbox 938 859 1725 899">
    <p class='ocr_par' dir='ltr' id='par_1_35' title="bbox 939 862 1725 899">
     <span class='ocr_line' id='line_1_35' title="bbox 939 862 1725 899; baseline -0.001 -9"><span class='ocrx_word' id='word_1_257' title='bbox 939 870 1020 898; x_wconf 89' lang='lat' dir='ltr'><strong>quam</strong></span> <span class='ocrx_word' id='word_1_258' title='bbox 1036 870 1050 889; x_wconf 84' lang='lat' dir='ltr'><strong>a</strong></span> <span class='ocrx_word' id='word_1_259' title='bbox 1066 867 1108 890; x_wconf 90' lang='lat' dir='ltr'><strong>tot</strong></span> <span class='ocrx_word' id='word_1_260' title='bbox 1130 864 1270 899; x_wconf 89' lang='lat' dir='ltr'><strong>tantisque</strong></span> <span class='ocrx_word' id='word_1_261' title='bbox 1283 864 1365 892; x_wconf 91' lang='lat' dir='ltr'><strong>malis</strong></span> <span class='ocrx_word' id='word_1_262' title='bbox 1379 869 1549 899; x_wconf 74' lang='lat' dir='ltr'><strong>expurgatus</strong></span> <span class='ocrx_word' id='word_1_263' title='bbox 1569 864 1614 896; x_wconf 90' lang='lat' dir='ltr'><strong>sit,</strong></span> <span class='ocrx_word' id='word_1_264' title='bbox 1635 871 1664 891; x_wconf 86' lang='lat' dir='ltr'><strong>se</strong></span> <span class='ocrx_word' id='word_1_265' title='bbox 1678 862 1725 890; x_wconf 81' lang='lat' dir='ltr'><strong>Dei</strong></span> 
     </span>
    </p>
   </div>
   <div class='ocr_carea' id='block_1_36' title="bbox 92 905 884 943">
    <p class='ocr_par' dir='ltr' id='par_1_36' title="bbox 92 905 884 943">
     <span class='ocr_line' id='line_1_36' title="bbox 92 905 884 943; baseline 0.004 -12"><span class='ocrx_word' id='word_1_266' title='bbox 92 905 188 932; x_wconf 73' lang='grc' dir='ltr'>ἑαυτοῦ</span> <span class='ocrx_word' id='word_1_267' title='bbox 205 905 250 932; x_wconf 76' lang='grc' dir='ltr'>τὸν</span> <span class='ocrx_word' id='word_1_268' title='bbox 264 905 330 934; x_wconf 83' lang='grc' dir='ltr'>Θεὺν</span> <span class='ocrx_word' id='word_1_269' title='bbox 345 906 428 941; x_wconf 81' lang='grc' dir='ltr'><strong>λέγει,</strong></span> <span class='ocrx_word' id='word_1_270' title='bbox 445 907 520 933; x_wconf 84' lang='grc' dir='ltr'>οὐδὲν</span> <span class='ocrx_word' id='word_1_271' title='bbox 531 907 623 943; x_wconf 76' lang='grc' dir='ltr'>ἕτερον</span> <span class='ocrx_word' id='word_1_272' title='bbox 640 907 657 943; x_wconf 83' lang='grc' dir='ltr'><strong>ἢ</strong></span> <span class='ocrx_word' id='word_1_273' title='bbox 677 907 731 934; x_wconf 87' lang='grc' dir='ltr'><strong>τῶν</strong></span> <span class='ocrx_word' id='word_1_274' title='bbox 748 907 820 934; x_wconf 79' lang='grc' dir='ltr'>ἰδίων</span> <span class='ocrx_word' id='word_1_275' title='bbox 833 916 884 934; x_wconf 87' lang='grc' dir='ltr'>κα-</span> 
     </span>
    </p>
   </div>
   <div class='ocr_carea' id='block_1_37' title="bbox 92 950 882 988">
    <p class='ocr_par' dir='ltr' id='par_1_37' title="bbox 92 950 882 988">
     <span class='ocr_line' id='line_1_37' title="bbox 92 950 882 988; baseline 0.003 -11"><span class='ocrx_word' id='word_1_276' title='bbox 92 950 147 977; x_wconf 82' lang='grc' dir='ltr'>κῶν</span> <span class='ocrx_word' id='word_1_277' title='bbox 162 951 283 986; x_wconf 73' lang='grc' dir='ltr'>ἀρχηγόν</span> <span class='ocrx_word' id='word_1_278' title='bbox 299 959 327 977; x_wconf 88' lang='grc' dir='ltr'><strong>τε</strong></span> <span class='ocrx_word' id='word_1_279' title='bbox 339 952 387 978; x_wconf 78' lang='grc' dir='ltr'>καὶ</span> <span class='ocrx_word' id='word_1_280' title='bbox 408 951 493 979; x_wconf 72' lang='grc' dir='ltr'>αἴτιον</span> <span class='ocrx_word' id='word_1_281' title='bbox 512 953 593 979; x_wconf 82' lang='grc' dir='ltr'>αὑτὸν</span> <span class='ocrx_word' id='word_1_282' title='bbox 605 950 675 979; x_wconf 74' lang='grc' dir='ltr'>εἶναι</span> <span class='ocrx_word' id='word_1_283' title='bbox 689 953 882 988; x_wconf 86' lang='grc' dir='ltr'>κατηγορήσει.</span> 
     </span>
    </p>
   </div>
   <div class='ocr_carea' id='block_1_38' title="bbox 98 996 885 1034">
    <p class='ocr_par' dir='ltr' id='par_1_38' title="bbox 98 996 885 1034">
     <span class='ocr_line' id='line_1_38' title="bbox 98 996 885 1034; baseline 0.004 -12"><span class='ocrx_word' id='word_1_284' title='bbox 98 996 174 1023; x_wconf 77' lang='grc' dir='ltr'><strong>Ἀλλ’</strong></span> <span class='ocrx_word' id='word_1_285' title='bbox 187 996 287 1029; x_wconf 78' lang='grc' dir='ltr'>οὐδεὶς</span> <span class='ocrx_word' id='word_1_286' title='bbox 304 997 444 1024; x_wconf 76' lang='grc' dir='ltr'>κοινωνία</span> <span class='ocrx_word' id='word_1_287' title='bbox 456 997 530 1032; x_wconf 71' lang='grc' dir='ltr'>φωτὶ</span> <span class='ocrx_word' id='word_1_288' title='bbox 544 998 618 1032; x_wconf 77' lang='grc' dir='ltr'>πρὸς</span> <span class='ocrx_word' id='word_1_289' title='bbox 635 998 755 1031; x_wconf 80' lang='grc' dir='ltr'><strong>σκότος,</strong></span> <span class='ocrx_word' id='word_1_290' title='bbox 777 998 860 1034; x_wconf 79' lang='grc' dir='ltr'>φησὶν</span> <span class='ocrx_word' id='word_1_291' title='bbox 871 999 885 1025; x_wconf 91' lang='lat'><strong>6</strong></span> 
     </span>
    </p>
   </div>
   <div class='ocr_carea' id='block_1_39' title="bbox 99 1042 885 1079">
    <p class='ocr_par' dir='ltr' id='par_1_39' title="bbox 99 1042 885 1079">
     <span class='ocr_line' id='line_1_39' title="bbox 99 1042 885 1079; baseline 0.004 -11"><span class='ocrx_word' id='word_1_292' title='bbox 99 1042 261 1073; x_wconf 79' lang='grc' dir='ltr'>’Δπόστολος</span> <span class='ocrx_word' id='word_1_293' title='bbox 272 1050 279 1057; x_wconf 84' lang='grc'><strong>·</strong></span> <span class='ocrx_word' id='word_1_294' title='bbox 292 1043 361 1070; x_wconf 76' lang='grc' dir='ltr'>ἀλλὰ</span> <span class='ocrx_word' id='word_1_295' title='bbox 381 1043 420 1078; x_wconf 82' lang='grc' dir='ltr'>τῷ</span> <span class='ocrx_word' id='word_1_296' title='bbox 433 1043 503 1078; x_wconf 75' lang='grc' dir='ltr'>φωτὶ</span> <span class='ocrx_word' id='word_1_297' title='bbox 520 1045 577 1078; x_wconf 80' lang='grc' dir='ltr'>φῶς</span> <span class='ocrx_word' id='word_1_298' title='bbox 592 1044 824 1079; x_wconf 79' lang='grc' dir='ltr'>προσοικειοῦται,</span> <span class='ocrx_word' id='word_1_299' title='bbox 838 1043 885 1071; x_wconf 77' lang='grc' dir='ltr'>καὶ</span> 
     </span>
    </p>
   </div>
   <div class='ocr_carea' id='block_1_40' title="bbox 91 1086 883 1123">
    <p class='ocr_par' dir='ltr' id='par_1_40' title="bbox 91 1086 883 1123">
     <span class='ocr_line' id='line_1_40' title="bbox 91 1086 883 1123; baseline 0.004 -11"><span class='ocrx_word' id='word_1_300' title='bbox 91 1086 132 1121; x_wconf 83' lang='grc' dir='ltr'>τῷ</span> <span class='ocrx_word' id='word_1_301' title='bbox 161 1087 258 1121; x_wconf 85' lang='grc' dir='ltr'>δικαίῳ</span> <span class='ocrx_word' id='word_1_302' title='bbox 286 1088 316 1113; x_wconf 80' lang='grc' dir='ltr'>τὸ</span> <span class='ocrx_word' id='word_1_303' title='bbox 346 1088 464 1121; x_wconf 82' lang='grc' dir='ltr'>δίκαιον,</span> <span class='ocrx_word' id='word_1_304' title='bbox 490 1089 536 1115; x_wconf 73' lang='grc' dir='ltr'>καὶ</span> <span class='ocrx_word' id='word_1_305' title='bbox 560 1088 598 1123; x_wconf 80' lang='grc' dir='ltr'><strong>τῷ</strong></span> <span class='ocrx_word' id='word_1_306' title='bbox 629 1088 705 1123; x_wconf 87' lang='grc' dir='ltr'>καλῷ</span> <span class='ocrx_word' id='word_1_307' title='bbox 729 1089 760 1115; x_wconf 80' lang='grc' dir='ltr'>τὸ</span> <span class='ocrx_word' id='word_1_308' title='bbox 783 1088 883 1122; x_wconf 82' lang='grc' dir='ltr'>καλὸν,</span> 
     </span>
    </p>
   </div>
   <div class='ocr_carea' id='block_1_41' title="bbox 92 1131 886 1168">
    <p class='ocr_par' dir='ltr' id='par_1_41' title="bbox 92 1131 886 1168">
     <span class='ocr_line' id='line_1_41' title="bbox 92 1131 886 1168; baseline 0.005 -12"><span class='ocrx_word' id='word_1_309' title='bbox 92 1131 140 1157; x_wconf 67' lang='grc' dir='ltr'>καὶ</span> <span class='ocrx_word' id='word_1_310' title='bbox 174 1131 213 1166; x_wconf 80' lang='grc' dir='ltr'>τῷ</span> <span class='ocrx_word' id='word_1_311' title='bbox 248 1131 379 1167; x_wconf 81' lang='grc' dir='ltr'><strong>ἀφθάρτῳ</strong></span> <span class='ocrx_word' id='word_1_312' title='bbox 408 1132 439 1158; x_wconf 83' lang='grc' dir='ltr'><strong>τὺ</strong></span> <span class='ocrx_word' id='word_1_313' title='bbox 470 1131 617 1168; x_wconf 76' lang='grc' dir='ltr'>ἄφθαρτον.</span> <span class='ocrx_word' id='word_1_314' title='bbox 651 1132 692 1158; x_wconf 89' lang='grc' dir='ltr'>Τὰ</span> <span class='ocrx_word' id='word_1_315' title='bbox 721 1132 750 1159; x_wconf 80' lang='grc' dir='ltr'>δὲ</span> <span class='ocrx_word' id='word_1_316' title='bbox 777 1133 886 1160; x_wconf 78' lang='grc' dir='ltr'>ἐναντία</span> 
     </span>
    </p>
   </div>
   <div class='ocr_carea' id='block_1_42' title="bbox 93 1175 885 1213">
    <p class='ocr_par' dir='ltr' id='par_1_42' title="bbox 93 1175 885 1213">
     <span class='ocr_line' id='line_1_42' title="bbox 93 1175 885 1213; baseline 0.004 -11"><span class='ocrx_word' id='word_1_317' title='bbox 93 1175 161 1211; x_wconf 79' lang='grc' dir='ltr'>πρὸς</span> <span class='ocrx_word' id='word_1_318' title='bbox 183 1175 216 1202; x_wconf 83' lang='grc' dir='ltr'><strong>τὰ</strong></span> <span class='ocrx_word' id='word_1_319' title='bbox 232 1176 349 1212; x_wconf 80' lang='grc' dir='ltr'>ὁμογενῆ</span> <span class='ocrx_word' id='word_1_320' title='bbox 373 1178 482 1209; x_wconf 84' lang='grc' dir='ltr'>πάντως</span> <span class='ocrx_word' id='word_1_321' title='bbox 499 1177 548 1213; x_wconf 85' lang='grc' dir='ltr'>τὴν</span> <span class='ocrx_word' id='word_1_322' title='bbox 565 1177 724 1212; x_wconf 81' lang='grc' dir='ltr'>συγγένειαν</span> <span class='ocrx_word' id='word_1_323' title='bbox 753 1177 819 1212; x_wconf 75' lang='grc' dir='ltr'>ἔχει.</span> <span class='ocrx_word' id='word_1_324' title='bbox 844 1178 885 1205; x_wconf 88' lang='grc' dir='ltr'>οὺ</span> 
     </span>
    </p>
   </div>
   <div class='ocr_carea' id='block_1_43' title="bbox 93 1221 886 1257">
    <p class='ocr_par' dir='ltr' id='par_1_43' title="bbox 93 1221 886 1257">
     <span class='ocr_line' id='line_1_43' title="bbox 93 1221 886 1257; baseline 0.005 -11"><span class='ocrx_word' id='word_1_325' title='bbox 93 1221 147 1256; x_wconf 86' lang='grc' dir='ltr'>γὰρ</span> <span class='ocrx_word' id='word_1_326' title='bbox 163 1221 287 1248; x_wconf 80' lang='grc' dir='ltr'>δύναται</span> <span class='ocrx_word' id='word_1_327' title='bbox 310 1221 436 1256; x_wconf 69' lang='grc' dir='ltr'>δένδρον</span> <span class='ocrx_word' id='word_1_328' title='bbox 459 1222 554 1249; x_wconf 70' lang='grc' dir='ltr'>καλὸν</span> <span class='ocrx_word' id='word_1_329' title='bbox 576 1223 711 1257; x_wconf 74' lang='grc' dir='ltr'>καρποὺς</span> <span class='ocrx_word' id='word_1_330' title='bbox 734 1223 886 1257; x_wconf 83' lang='grc' dir='ltr'>πονηροὺς</span> 
     </span>
    </p>
   </div>
   <div class='ocr_carea' id='block_1_44' title="bbox 93 1266 886 1305">
    <p class='ocr_par' dir='ltr' id='par_1_44' title="bbox 93 1266 886 1305">
     <span class='ocr_line' id='line_1_44' title="bbox 93 1266 886 1305; baseline 0.005 -13"><span class='ocrx_word' id='word_1_331' title='bbox 93 1266 199 1293; x_wconf 74' lang='grc' dir='ltr'><strong>ποιεῖν.</strong></span> <span class='ocrx_word' id='word_1_332' title='bbox 225 1267 256 1293; x_wconf 80' lang='lat' dir='ltr'><strong>Et</strong></span> <span class='ocrx_word' id='word_1_333' title='bbox 278 1267 366 1294; x_wconf 83' lang='grc' dir='ltr'>τοίνυν</span> <span class='ocrx_word' id='word_1_334' title='bbox 390 1268 568 1305; x_wconf 68' lang='grc' dir='ltr'>βαρυκάρδιός</span> <span class='ocrx_word' id='word_1_335' title='bbox 586 1277 628 1300; x_wconf 89' lang='grc' dir='ltr'><strong>τις</strong></span> <span class='ocrx_word' id='word_1_336' title='bbox 645 1268 693 1302; x_wconf 82' lang='grc' dir='ltr'>ὢν,</span> <span class='ocrx_word' id='word_1_337' title='bbox 716 1269 807 1302; x_wconf 85' lang='grc' dir='ltr'>καθώς</span> <span class='ocrx_word' id='word_1_338' title='bbox 833 1278 886 1305; x_wconf 80' lang='grc' dir='ltr'><strong>φη-</strong></span> 
     </span>
    </p>
   </div>
   <div class='ocr_carea' id='block_1_45' title="bbox 94 1304 886 1351">
    <p class='ocr_par' dir='ltr' id='par_1_45' title="bbox 94 1304 886 1351">
     <span class='ocr_line' id='line_1_45' title="bbox 94 1304 886 1351; baseline 0.005 -13"><span class='ocrx_word' id='word_1_339' title='bbox 94 1321 136 1339; x_wconf 91' lang='grc' dir='ltr'><strong>σιν</strong></span> <span class='ocrx_word' id='word_1_340' title='bbox 149 1313 166 1347; x_wconf 83' lang='grc' dir='ltr'><strong>ή</strong></span> <span class='ocrx_word' id='word_1_341' title='bbox 193 1313 299 1348; x_wconf 73' lang='grc' dir='ltr'>Γραφὴ,</span> <span class='ocrx_word' id='word_1_342' title='bbox 312 1313 359 1340; x_wconf 75' lang='grc' dir='ltr'><strong>καὶ</strong></span> <span class='ocrx_word' id='word_1_343' title='bbox 371 1313 401 1340; x_wconf 84' lang='grc' dir='ltr'>τὸ</span> <span class='ocrx_word' id='word_1_344' title='bbox 412 1304 510 1348; x_wconf 57' lang='grc' dir='ltr'>ψεῖιδος</span> <span class='ocrx_word' id='word_1_345' title='bbox 535 1314 633 1350; x_wconf 79' lang='grc' dir='ltr'>ζητῶν,</span> <span class='ocrx_word' id='word_1_346' title='bbox 656 1315 814 1351; x_wconf 79' lang='grc' dir='ltr'>κατατολμᾷ</span> <span class='ocrx_word' id='word_1_347' title='bbox 832 1304 886 1342; x_wconf 67' lang='grc' dir='ltr'><strong>τῶν</strong></span> 
     </span>
    </p>
   </div>
   <div class='ocr_carea' id='block_1_46' title="bbox 93 1358 886 1395">
    <p class='ocr_par' dir='ltr' id='par_1_46' title="bbox 93 1358 886 1395">
     <span class='ocr_line' id='line_1_46' title="bbox 93 1358 886 1395; baseline 0.005 -12"><span class='ocrx_word' id='word_1_348' title='bbox 93 1358 142 1393; x_wconf 80' lang='grc' dir='ltr'><strong>τῆς</strong></span> <span class='ocrx_word' id='word_1_349' title='bbox 156 1361 309 1394; x_wconf 78' lang='grc' dir='ltr'>προσευχῆς</span> <span class='ocrx_word' id='word_1_350' title='bbox 335 1360 475 1395; x_wconf 75' lang='grc' dir='ltr'>ῥημάτων,</span> <span class='ocrx_word' id='word_1_351' title='bbox 499 1360 656 1394; x_wconf 73' lang='grc' dir='ltr'>γινωσκέτω</span> <span class='ocrx_word' id='word_1_352' title='bbox 673 1361 714 1387; x_wconf 80' lang='grc' dir='ltr'><strong>ὅτι</strong></span> <span class='ocrx_word' id='word_1_353' title='bbox 738 1362 768 1387; x_wconf 83' lang='grc' dir='ltr'>οὺ</span> <span class='ocrx_word' id='word_1_354' title='bbox 781 1361 826 1387; x_wconf 84' lang='grc' dir='ltr'>τὸν</span> <span class='ocrx_word' id='word_1_355' title='bbox 841 1361 886 1387; x_wconf 82' lang='grc' dir='ltr'><strong>οὐ·</strong></span> 
     </span>
    </p>
   </div>
   <div class='ocr_carea' id='block_1_47' title="bbox 95 1403 884 1441">
    <p class='ocr_par' dir='ltr' id='par_1_47' title="bbox 95 1403 884 1441">
     <span class='ocr_line' id='line_1_47' title="bbox 95 1403 884 1441; baseline 0.004 -12"><span class='ocrx_word' id='word_1_356' title='bbox 95 1403 187 1438; x_wconf 82' lang='grc' dir='ltr'>ράνιον</span> <span class='ocrx_word' id='word_1_357' title='bbox 198 1404 212 1429; x_wconf 84' lang='grc'>6</span> <span class='ocrx_word' id='word_1_358' title='bbox 223 1404 341 1436; x_wconf 81' lang='grc' dir='ltr'>τοιοῦτος</span> <span class='ocrx_word' id='word_1_359' title='bbox 352 1405 461 1441; x_wconf 82' lang='grc' dir='ltr'>Πατέρα</span> <span class='ocrx_word' id='word_1_360' title='bbox 470 1405 555 1436; x_wconf 85' lang='grc' dir='ltr'>καλεῖ,</span> <span class='ocrx_word' id='word_1_361' title='bbox 565 1405 633 1432; x_wconf 85' lang='grc' dir='ltr'>ἀλλὰ</span> <span class='ocrx_word' id='word_1_362' title='bbox 639 1406 684 1432; x_wconf 74' lang='grc' dir='ltr'><strong>τὸν</strong></span> <span class='ocrx_word' id='word_1_363' title='bbox 698 1406 884 1441; x_wconf 85' lang='grc' dir='ltr'>καταχθόνιον,</span> 
     </span>
    </p>
   </div>
   <div class='ocr_carea' id='block_1_48' title="bbox 92 1448 886 1487">
    <p class='ocr_par' dir='ltr' id='par_1_48' title="bbox 92 1448 886 1487">
     <span class='ocr_line' id='line_1_48' title="bbox 92 1448 886 1487; baseline 0.004 -12"><span class='ocrx_word' id='word_1_364' title='bbox 92 1448 123 1480; x_wconf 74' lang='grc' dir='ltr'><strong>ὃς</strong></span> <span class='ocrx_word' id='word_1_365' title='bbox 142 1449 222 1481; x_wconf 83' lang='grc' dir='ltr'>αὑτός</span> <span class='ocrx_word' id='word_1_366' title='bbox 244 1458 273 1475; x_wconf 87' lang='grc' dir='ltr'><strong>τε</strong></span> <span class='ocrx_word' id='word_1_367' title='bbox 298 1449 418 1485; x_wconf 77' lang='grc' dir='ltr'>ψεύστης</span> <span class='ocrx_word' id='word_1_368' title='bbox 442 1451 510 1484; x_wconf 74' lang='grc' dir='ltr'>ἐστὶ,</span> <span class='ocrx_word' id='word_1_369' title='bbox 531 1451 578 1477; x_wconf 74' lang='grc' dir='ltr'>καὶ</span> <span class='ocrx_word' id='word_1_370' title='bbox 593 1451 640 1477; x_wconf 78' lang='grc' dir='ltr'>τοῦ</span> <span class='ocrx_word' id='word_1_371' title='bbox 654 1451 682 1478; x_wconf 81' lang='grc' dir='ltr'>ὲν</span> <span class='ocrx_word' id='word_1_372' title='bbox 699 1452 807 1487; x_wconf 81' lang='grc' dir='ltr'>ἑκάστῳ</span> <span class='ocrx_word' id='word_1_373' title='bbox 822 1461 886 1479; x_wconf 88' lang='grc' dir='ltr'>συν-</span> 
     </span>
    </p>
   </div>
   <div class='ocr_carea' id='block_1_49' title="bbox 95 1495 886 1534">
    <p class='ocr_par' dir='ltr' id='par_1_49' title="bbox 95 1495 886 1534">
     <span class='ocr_line' id='line_1_49' title="bbox 95 1495 886 1534; baseline 0.004 -13"><span class='ocrx_word' id='word_1_374' title='bbox 95 1495 239 1530; x_wconf 81' lang='grc' dir='ltr'>ισταμένου</span> <span class='ocrx_word' id='word_1_375' title='bbox 261 1495 375 1530; x_wconf 79' lang='grc' dir='ltr'>ψεύδους</span> <span class='ocrx_word' id='word_1_376' title='bbox 393 1496 485 1532; x_wconf 82' lang='grc' dir='ltr'>πατὴρ</span> <span class='ocrx_word' id='word_1_377' title='bbox 512 1496 627 1530; x_wconf 79' lang='grc' dir='ltr'>γίνεται,</span> <span class='ocrx_word' id='word_1_378' title='bbox 647 1498 749 1529; x_wconf 76' lang='grc' dir='ltr'>ἐκεῖνος</span> <span class='ocrx_word' id='word_1_379' title='bbox 764 1498 886 1534; x_wconf 80' lang='grc' dir='ltr'>ἁμαρτία</span> 
     </span>
    </p>
   </div>
   <div class='ocr_carea' id='block_1_50' title="bbox 938 908 1725 945">
    <p class='ocr_par' dir='ltr' id='par_1_50' title="bbox 938 908 1725 945">
     <span class='ocr_line' id='line_1_50' title="bbox 938 908 1725 945; baseline 0.001 -10"><span class='ocrx_word' id='word_1_380' title='bbox 938 908 1093 945; x_wconf 69' lang='lat' dir='ltr'><strong>cognationi</strong></span> <span class='ocrx_word' id='word_1_381' title='bbox 1111 909 1225 942; x_wconf 86' lang='lat' dir='ltr'><strong>inserat,</strong></span> <span class='ocrx_word' id='word_1_382' title='bbox 1246 917 1279 937; x_wconf 87' lang='lat' dir='ltr'><strong>ac</strong></span> <span class='ocrx_word' id='word_1_383' title='bbox 1297 909 1372 937; x_wconf 86' lang='lat' dir='ltr'><strong>dicat</strong></span> <span class='ocrx_word' id='word_1_384' title='bbox 1387 909 1585 944; x_wconf 84' lang='lat' dir='ltr'><strong>:Pater,justo&#39;</strong></span> <span class='ocrx_word' id='word_1_385' title='bbox 1596 909 1725 943; x_wconf 86' lang='lat' dir='ltr'><strong>injustus.</strong></span> 
     </span>
    </p>
   </div>
   <div class='ocr_carea' id='block_1_51' title="bbox 938 954 1725 991">
    <p class='ocr_par' dir='ltr' id='par_1_51' title="bbox 938 954 1725 991">
     <span class='ocr_line' id='line_1_51' title="bbox 938 954 1725 991; baseline -0.001 -10"><span class='ocrx_word' id='word_1_386' title='bbox 938 961 1008 989; x_wconf 89' lang='lat' dir='ltr'><strong>puro</strong></span> <span class='ocrx_word' id='word_1_387' title='bbox 1024 954 1150 990; x_wconf 86' lang='lat' dir='ltr'><strong>impurus</strong></span> <span class='ocrx_word' id='word_1_388' title='bbox 1165 964 1171 983; x_wconf 90' lang='lat'><strong>:</strong></span> <span class='ocrx_word' id='word_1_389' title='bbox 1188 956 1356 983; x_wconf 85' lang='lat' dir='ltr'><strong>contumelia</strong></span> <span class='ocrx_word' id='word_1_390' title='bbox 1376 959 1457 991; x_wconf 85' lang='lat' dir='ltr'><strong>atque</strong></span> <span class='ocrx_word' id='word_1_391' title='bbox 1469 954 1625 982; x_wconf 84' lang='lat' dir='ltr'><strong>convicium</strong></span> <span class='ocrx_word' id='word_1_392' title='bbox 1643 955 1725 989; x_wconf 85' lang='lat' dir='ltr'><strong>plane</strong></span> 
     </span>
    </p>
   </div>
   <div class='ocr_carea' id='block_1_52' title="bbox 937 1000 1724 1037">
    <p class='ocr_par' dir='ltr' id='par_1_52' title="bbox 937 1000 1724 1037">
     <span class='ocr_line' id='line_1_52' title="bbox 937 1000 1724 1037; baseline -0.003 -9"><span class='ocrx_word' id='word_1_393' title='bbox 937 1008 970 1028; x_wconf 91' lang='lat' dir='ltr'><strong>ea</strong></span> <span class='ocrx_word' id='word_1_394' title='bbox 985 1002 1069 1029; x_wconf 89' lang='lat' dir='ltr'><strong>verba</strong></span> <span class='ocrx_word' id='word_1_395' title='bbox 1086 1001 1201 1034; x_wconf 83' lang='lat' dir='ltr'><strong>fuerint,</strong></span> <span class='ocrx_word' id='word_1_396' title='bbox 1226 1001 1361 1037; x_wconf 83' lang='lat' dir='ltr'><strong>siquidem</strong></span> <span class='ocrx_word' id='word_1_397' title='bbox 1379 1009 1436 1029; x_wconf 62' lang='lat' dir='ltr'><strong>sua!</strong></span> <span class='ocrx_word' id='word_1_398' title='bbox 1459 1000 1591 1036; x_wconf 70' lang='lat' dir='ltr'><strong>nequitiae</strong></span> <span class='ocrx_word' id='word_1_399' title='bbox 1618 1004 1724 1036; x_wconf 84' lang='lat' dir='ltr'><strong>patrem</strong></span> 
     </span>
    </p>
   </div>
   <div class='ocr_carea' id='block_1_53' title="bbox 940 1045 1724 1082">
    <p class='ocr_par' dir='ltr' id='par_1_53' title="bbox 940 1045 1724 1082">
     <span class='ocr_line' id='line_1_53' title="bbox 940 1045 1724 1082; baseline -0.003 -8"><span class='ocrx_word' id='word_1_400' title='bbox 940 1045 1023 1074; x_wconf 87' lang='lat' dir='ltr'><strong>Deum</strong></span> <span class='ocrx_word' id='word_1_401' title='bbox 1043 1048 1175 1074; x_wconf 90' lang='lat' dir='ltr'><strong>nominat.</strong></span> <span class='ocrx_word' id='word_1_402' title='bbox 1192 1046 1259 1074; x_wconf 88' lang='lat' dir='ltr'><strong>Nam</strong></span> <span class='ocrx_word' id='word_1_403' title='bbox 1277 1048 1362 1082; x_wconf 88' lang='lat' dir='ltr'><strong>patris</strong></span> <span class='ocrx_word' id='word_1_404' title='bbox 1376 1047 1553 1078; x_wconf 87' lang='lat' dir='ltr'><strong>vocabulum,</strong></span> <span class='ocrx_word' id='word_1_405' title='bbox 1563 1053 1676 1073; x_wconf 81' lang='lat' dir='ltr'><strong>causam</strong></span> <span class='ocrx_word' id='word_1_406' title='bbox 1691 1053 1724 1072; x_wconf 79' lang='lat' dir='ltr'><strong>ex</strong></span> 
     </span>
    </p>
   </div>
   <div class='ocr_carea' id='block_1_54' title="bbox 939 1088 1724 1128">
    <p class='ocr_par' dir='ltr' id='par_1_54' title="bbox 939 1088 1724 1128">
     <span class='ocr_line' id='line_1_54' title="bbox 939 1088 1724 1128; baseline -0.003 -9"><span class='ocrx_word' id='word_1_407' title='bbox 939 1092 1000 1128; x_wconf 89' lang='lat' dir='ltr'><strong>ipso</strong></span> <span class='ocrx_word' id='word_1_408' title='bbox 1015 1093 1151 1128; x_wconf 83' lang='lat' dir='ltr'><strong>procreati</strong></span> <span class='ocrx_word' id='word_1_409' title='bbox 1163 1092 1309 1128; x_wconf 76' lang='lat' dir='ltr'><strong>signiﬁcat.</strong></span> <span class='ocrx_word' id='word_1_410' title='bbox 1322 1092 1391 1128; x_wconf 76' lang='lat' dir='ltr'><strong>Ergo</strong></span> <span class='ocrx_word' id='word_1_411' title='bbox 1403 1092 1426 1120; x_wconf 81' lang='lat' dir='ltr'><strong>si</strong></span> <span class='ocrx_word' id='word_1_412' title='bbox 1435 1088 1612 1120; x_wconf 73' lang='lat' dir='ltr'><strong>conscientia</strong></span> <span class='ocrx_word' id='word_1_413' title='bbox 1626 1091 1724 1118; x_wconf 86' lang='lat' dir='ltr'><strong>vitiosa</strong></span> 
     </span>
    </p>
   </div>
   <div class='ocr_carea' id='block_1_55' title="bbox 939 1136 1727 1173">
    <p class='ocr_par' dir='ltr' id='par_1_55' title="bbox 939 1136 1727 1173">
     <span class='ocr_line' id='line_1_55' title="bbox 939 1136 1727 1173; baseline -0.004 -8"><span class='ocrx_word' id='word_1_414' title='bbox 939 1138 1001 1173; x_wconf 85' lang='lat' dir='ltr'><strong>quis</strong></span> <span class='ocrx_word' id='word_1_415' title='bbox 1028 1138 1160 1173; x_wconf 60' lang='lat' dir='ltr'><strong>praeditus</strong></span> <span class='ocrx_word' id='word_1_416' title='bbox 1187 1142 1292 1173; x_wconf 88' lang='lat' dir='ltr'><strong>patrem</strong></span> <span class='ocrx_word' id='word_1_417' title='bbox 1324 1146 1404 1166; x_wconf 87' lang='lat' dir='ltr'><strong>suum</strong></span> <span class='ocrx_word' id='word_1_418' title='bbox 1434 1137 1518 1165; x_wconf 88' lang='lat' dir='ltr'><strong>Deum</strong></span> <span class='ocrx_word' id='word_1_419' title='bbox 1539 1137 1629 1168; x_wconf 85' lang='lat' dir='ltr'><strong>dicat,</strong></span> <span class='ocrx_word' id='word_1_420' title='bbox 1659 1136 1727 1163; x_wconf 89' lang='lat' dir='ltr'><strong>nihil</strong></span> 
     </span>
    </p>
   </div>
   <div class='ocr_carea' id='block_1_56' title="bbox 939 1182 1727 1218">
    <p class='ocr_par' dir='ltr' id='par_1_56' title="bbox 939 1182 1727 1218">
     <span class='ocr_line' id='line_1_56' title="bbox 939 1182 1727 1218; baseline -0.004 -8"><span class='ocrx_word' id='word_1_421' title='bbox 939 1183 1024 1216; x_wconf 90' lang='lat' dir='ltr'><strong>aliud,</strong></span> <span class='ocrx_word' id='word_1_422' title='bbox 1040 1191 1123 1218; x_wconf 88' lang='lat' dir='ltr'><strong>quam</strong></span> <span class='ocrx_word' id='word_1_423' title='bbox 1141 1191 1254 1212; x_wconf 89' lang='lat' dir='ltr'><strong>suorum</strong></span> <span class='ocrx_word' id='word_1_424' title='bbox 1278 1183 1413 1211; x_wconf 91' lang='lat' dir='ltr'><strong>malorum</strong></span> <span class='ocrx_word' id='word_1_425' title='bbox 1434 1182 1512 1218; x_wconf 87' lang='lat' dir='ltr'><strong>quasi</strong></span> <span class='ocrx_word' id='word_1_426' title='bbox 1531 1182 1682 1218; x_wconf 87' lang='lat' dir='ltr'><strong>principem</strong></span> <span class='ocrx_word' id='word_1_427' title='bbox 1700 1185 1727 1208; x_wconf 92' lang='lat' dir='ltr'><strong>et</strong></span> 
     </span>
    </p>
   </div>
   <div class='ocr_carea' id='block_1_57' title="bbox 940 1226 1727 1257">
    <p class='ocr_par' dir='ltr' id='par_1_57' title="bbox 940 1226 1727 1257">
     <span class='ocr_line' id='line_1_57' title="bbox 940 1226 1727 1257; baseline -0.005 -1"><span class='ocrx_word' id='word_1_428' title='bbox 940 1233 1078 1257; x_wconf 82' lang='lat' dir='ltr'><strong>auctorem</strong></span> <span class='ocrx_word' id='word_1_429' title='bbox 1095 1237 1157 1256; x_wconf 83' lang='lat' dir='ltr'><strong>eum</strong></span> <span class='ocrx_word' id='word_1_430' title='bbox 1180 1228 1359 1256; x_wconf 78' lang='lat' dir='ltr'><strong>insimulabit.</strong></span> <span class='ocrx_word' id='word_1_431' title='bbox 1377 1229 1413 1255; x_wconf 83' lang='lat' dir='ltr'><strong>At</strong></span> <span class='ocrx_word' id='word_1_432' title='bbox 1425 1228 1499 1256; x_wconf 86' lang='lat' dir='ltr'><strong>nulla</strong></span> <span class='ocrx_word' id='word_1_433' title='bbox 1510 1227 1660 1255; x_wconf 79' lang='lat' dir='ltr'><strong>communio</strong></span> <span class='ocrx_word' id='word_1_434' title='bbox 1674 1226 1727 1254; x_wconf 76' lang='lat' dir='ltr'><strong>luci</strong></span> 
     </span>
    </p>
   </div>
   <div class='ocr_carea' id='block_1_58' title="bbox 940 1271 1728 1309">
    <p class='ocr_par' dir='ltr' id='par_1_58' title="bbox 940 1271 1728 1309">
     <span class='ocr_line' id='line_1_58' title="bbox 940 1271 1728 1309; baseline -0.003 -9"><span class='ocrx_word' id='word_1_435' title='bbox 940 1282 999 1300; x_wconf 85' lang='lat' dir='ltr'><strong>cum</strong></span> <span class='ocrx_word' id='word_1_436' title='bbox 1019 1274 1144 1306; x_wconf 68' lang='lat' dir='ltr'><strong>tenebris,</strong></span> <span class='ocrx_word' id='word_1_437' title='bbox 1168 1274 1256 1309; x_wconf 91' lang='lat' dir='ltr'><strong>inquit</strong></span> <span class='ocrx_word' id='word_1_438' title='bbox 1272 1273 1421 1308; x_wconf 74' lang='lat' dir='ltr'><strong>Apostolus</strong></span> <span class='ocrx_word' id='word_1_439' title='bbox 1431 1273 1468 1307; x_wconf 77' lang='grc'><strong>⁸⁶;</strong></span> <span class='ocrx_word' id='word_1_440' title='bbox 1487 1273 1535 1301; x_wconf 90' lang='lat' dir='ltr'><strong>sed</strong></span> <span class='ocrx_word' id='word_1_441' title='bbox 1547 1280 1609 1300; x_wconf 89' lang='lat' dir='ltr'><strong>cum</strong></span> <span class='ocrx_word' id='word_1_442' title='bbox 1626 1271 1728 1299; x_wconf 87' lang='lat' dir='ltr'><strong>lumine</strong></span> 
     </span>
    </p>
   </div>
   <div class='ocr_carea' id='block_1_59' title="bbox 939 1317 1726 1354">
    <p class='ocr_par' dir='ltr' id='par_1_59' title="bbox 939 1317 1726 1354">
     <span class='ocr_line' id='line_1_59' title="bbox 939 1317 1726 1354; baseline -0.003 -8"><span class='ocrx_word' id='word_1_443' title='bbox 939 1319 1031 1346; x_wconf 86' lang='lat' dir='ltr'><strong>iumen</strong></span> <span class='ocrx_word' id='word_1_444' title='bbox 1056 1319 1241 1352; x_wconf 90' lang='lat' dir='ltr'><strong>consociatur,</strong></span> <span class='ocrx_word' id='word_1_445' title='bbox 1263 1327 1324 1346; x_wconf 92' lang='lat' dir='ltr'><strong>cum</strong></span> <span class='ocrx_word' id='word_1_446' title='bbox 1340 1319 1447 1354; x_wconf 89' lang='lat' dir='ltr'><strong>justitia</strong></span> <span class='ocrx_word' id='word_1_447' title='bbox 1461 1318 1581 1354; x_wconf 80' lang='lat' dir='ltr'><strong>justitia,</strong></span> <span class='ocrx_word' id='word_1_448' title='bbox 1594 1325 1656 1345; x_wconf 84' lang='lat' dir='ltr'><strong>cum</strong></span> <span class='ocrx_word' id='word_1_449' title='bbox 1677 1317 1726 1344; x_wconf 88' lang='lat' dir='ltr'><strong>ho-</strong></span> 
     </span>
    </p>
   </div>
   <div class='ocr_carea' id='block_1_60' title="bbox 940 1363 1725 1398">
    <p class='ocr_par' dir='ltr' id='par_1_60' title="bbox 940 1363 1725 1398">
     <span class='ocr_line' id='line_1_60' title="bbox 940 1363 1725 1398; baseline -0.006 -6"><span class='ocrx_word' id='word_1_450' title='bbox 940 1367 1046 1392; x_wconf 88' lang='lat' dir='ltr'><strong>nestate</strong></span> <span class='ocrx_word' id='word_1_451' title='bbox 1071 1364 1215 1398; x_wconf 88' lang='lat' dir='ltr'><strong>honestas,</strong></span> <span class='ocrx_word' id='word_1_452' title='bbox 1248 1371 1311 1391; x_wconf 91' lang='lat' dir='ltr'><strong>cum</strong></span> <span class='ocrx_word' id='word_1_453' title='bbox 1337 1364 1499 1398; x_wconf 88' lang='lat' dir='ltr'><strong>incorrupto</strong></span> <span class='ocrx_word' id='word_1_454' title='bbox 1523 1363 1725 1397; x_wconf 89' lang='lat' dir='ltr'><strong>incorruptum.</strong></span> 
     </span>
    </p>
   </div>
   <div class='ocr_carea' id='block_1_61' title="bbox 915 1407 1726 1444">
    <p class='ocr_par' dir='ltr' id='par_1_61' title="bbox 915 1407 1726 1444">
     <span class='ocr_line' id='line_1_61' title="bbox 915 1407 1726 1444; baseline -0.005 -7"><span class='ocrx_word' id='word_1_455' title='bbox 915 1412 929 1418; x_wconf 75' lang='lat'><strong><em>‘</em></strong></span> <span class='ocrx_word' id='word_1_456' title='bbox 939 1410 1083 1438; x_wconf 87' lang='lat' dir='ltr'><strong>Contraria</strong></span> <span class='ocrx_word' id='word_1_457' title='bbox 1094 1417 1169 1443; x_wconf 87' lang='lat' dir='ltr'><strong>vero,</strong></span> <span class='ocrx_word' id='word_1_458' title='bbox 1184 1417 1245 1436; x_wconf 86' lang='lat' dir='ltr'><strong>eum</strong></span> <span class='ocrx_word' id='word_1_459' title='bbox 1262 1410 1306 1441; x_wconf 90' lang='lat' dir='ltr'><strong>iis,</strong></span> <span class='ocrx_word' id='word_1_460' title='bbox 1319 1417 1381 1444; x_wconf 83' lang='lat' dir='ltr'><strong>quae</strong></span> <span class='ocrx_word' id='word_1_461' title='bbox 1393 1409 1516 1443; x_wconf 84' lang='lat' dir='ltr'><strong>ejusdem</strong></span> <span class='ocrx_word' id='word_1_462' title='bbox 1527 1407 1635 1444; x_wconf 72' lang='lat' dir='ltr'><strong>generis</strong></span> <span class='ocrx_word' id='word_1_463' title='bbox 1650 1410 1726 1439; x_wconf 87' lang='lat' dir='ltr'><strong>sunt,</strong></span> 
     </span>
    </p>
   </div>
   <div class='ocr_carea' id='block_1_62' title="bbox 940 1451 1728 1490">
    <p class='ocr_par' dir='ltr' id='par_1_62' title="bbox 940 1451 1728 1490">
     <span class='ocr_line' id='line_1_62' title="bbox 940 1451 1728 1490; baseline -0.006 -8"><span class='ocrx_word' id='word_1_464' title='bbox 940 1455 1020 1490; x_wconf 87' lang='lat' dir='ltr'><strong>plane</strong></span> <span class='ocrx_word' id='word_1_465' title='bbox 1035 1454 1226 1489; x_wconf 79' lang='lat' dir='ltr'><strong>cognationem</strong></span> <span class='ocrx_word' id='word_1_466' title='bbox 1249 1454 1359 1481; x_wconf 87' lang='lat' dir='ltr'><strong>habent.</strong></span> <span class='ocrx_word' id='word_1_467' title='bbox 1377 1453 1440 1480; x_wconf 82' lang='lat' dir='ltr'><strong>Non</strong></span> <span class='ocrx_word' id='word_1_468' title='bbox 1453 1453 1525 1480; x_wconf 88' lang='lat' dir='ltr'><strong>enim</strong></span> <span class='ocrx_word' id='word_1_469' title='bbox 1548 1457 1632 1486; x_wconf 72' lang='lat' dir='ltr'><strong>potest</strong></span> <span class='ocrx_word' id='word_1_470' title='bbox 1648 1451 1728 1478; x_wconf 84' lang='lat' dir='ltr'><strong>arbor</strong></span> 
     </span>
    </p>
   </div>
   <div class='ocr_carea' id='block_1_63' title="bbox 940 1497 1728 1532">
    <p class='ocr_par' dir='ltr' id='par_1_63' title="bbox 940 1497 1728 1532">
     <span class='ocr_line' id='line_1_63' title="bbox 940 1497 1728 1532; baseline -0.004 -6"><span class='ocrx_word' id='word_1_471' title='bbox 940 1499 1008 1526; x_wconf 82' lang='lat' dir='ltr'><strong>bona</strong></span> <span class='ocrx_word' id='word_1_472' title='bbox 1037 1499 1122 1526; x_wconf 80' lang='lat' dir='ltr'><strong>malos</strong></span> <span class='ocrx_word' id='word_1_473' title='bbox 1149 1499 1292 1532; x_wconf 80' lang='lat' dir='ltr'><strong>producere</strong></span> <span class='ocrx_word' id='word_1_474' title='bbox 1321 1498 1470 1532; x_wconf 78' lang='lat' dir='ltr'><strong>fructus&quot;.</strong></span> <span class='ocrx_word' id='word_1_475' title='bbox 1499 1497 1527 1524; x_wconf 90' lang='lat' dir='ltr'><strong>Si</strong></span> <span class='ocrx_word' id='word_1_476' title='bbox 1555 1497 1617 1532; x_wconf 88' lang='lat' dir='ltr'><strong>quis</strong></span> <span class='ocrx_word' id='word_1_477' title='bbox 1645 1497 1728 1532; x_wconf 76' lang='lat' dir='ltr'><strong>igitur</strong></span> 
     </span>
    </p>
   </div>
   <div class='ocr_carea' id='block_1_64' title="bbox 95 1542 887 1582">
    <p class='ocr_par' dir='ltr' id='par_1_64' title="bbox 95 1543 887 1582">
     <span class='ocr_line' id='line_1_64' title="bbox 95 1543 887 1582; baseline 0.006 -14"><span class='ocrx_word' id='word_1_478' title='bbox 95 1543 143 1569; x_wconf 71' lang='grc' dir='ltr'><strong>καὶ</strong></span> <span class='ocrx_word' id='word_1_479' title='bbox 154 1543 291 1578; x_wconf 77' lang='grc' dir='ltr'>ἁμαρτίας</span> <span class='ocrx_word' id='word_1_480' title='bbox 306 1545 406 1580; x_wconf 82' lang='grc' dir='ltr'>πατήρ.</span> <span class='ocrx_word' id='word_1_481' title='bbox 422 1544 471 1571; x_wconf 74' lang='grc' dir='ltr'>Διὰ</span> <span class='ocrx_word' id='word_1_482' title='bbox 481 1544 559 1571; x_wconf 86' lang='grc' dir='ltr'>τοῦτο</span> <span class='ocrx_word' id='word_1_483' title='bbox 573 1545 597 1572; x_wconf 80' lang='lat' dir='ltr'><strong>oi.</strong></span> <span class='ocrx_word' id='word_1_484' title='bbox 619 1545 753 1580; x_wconf 73' lang='grc' dir='ltr'>ἐμπαθεῖς</span> <span class='ocrx_word' id='word_1_485' title='bbox 766 1547 815 1582; x_wconf 80' lang='grc' dir='ltr'>τὴν</span> <span class='ocrx_word' id='word_1_486' title='bbox 834 1547 887 1582; x_wconf 69' lang='grc' dir='ltr'>ψυ-</span> 
     </span>
    </p>
   </div>
   <div class='ocr_carea' id='block_1_65' title="bbox 938 1542 1728 1582">
    <p class='ocr_par' dir='ltr' id='par_1_65' title="bbox 938 1542 1728 1579">
     <span class='ocr_line' id='line_1_65' title="bbox 938 1542 1728 1579; baseline -0.003 -9"><span class='ocrx_word' id='word_1_487' title='bbox 938 1544 1014 1579; x_wconf 73' lang='lat' dir='ltr'><strong>gravi</strong></span> <span class='ocrx_word' id='word_1_488' title='bbox 1034 1543 1169 1577; x_wconf 82' lang='lat' dir='ltr'><strong>tardaque</strong></span> <span class='ocrx_word' id='word_1_489' title='bbox 1189 1542 1282 1575; x_wconf 82' lang='lat' dir='ltr'><strong>corde,</strong></span> <span class='ocrx_word' id='word_1_490' title='bbox 1310 1546 1341 1569; x_wconf 92' lang='lat' dir='ltr'><strong>ut</strong></span> <span class='ocrx_word' id='word_1_491' title='bbox 1365 1542 1454 1577; x_wconf 88' lang='lat' dir='ltr'><strong>inquit</strong></span> <span class='ocrx_word' id='word_1_492' title='bbox 1469 1542 1622 1576; x_wconf 88' lang='lat' dir='ltr'><strong>Scriptura,</strong></span> <span class='ocrx_word' id='word_1_493' title='bbox 1646 1545 1728 1576; x_wconf 85' lang='lat' dir='ltr'><strong>atque</strong></span> 
     </span>
    </p>
   </div>
   <div class='ocr_carea' id='block_1_66' title="bbox 93 1588 887 1627">
    <p class='ocr_par' dir='ltr' id='par_1_66' title="bbox 93 1588 887 1627">
     <span class='ocr_line' id='line_1_66' title="bbox 93 1588 887 1627; baseline 0.006 -13"><span class='ocrx_word' id='word_1_494' title='bbox 93 1588 154 1623; x_wconf 82' lang='grc' dir='ltr'>χὴν,</span> <span class='ocrx_word' id='word_1_495' title='bbox 183 1589 267 1624; x_wconf 84' lang='grc' dir='ltr'>ὀργῆς</span> <span class='ocrx_word' id='word_1_496' title='bbox 290 1589 374 1616; x_wconf 84' lang='grc' dir='ltr'>τέκνα</span> <span class='ocrx_word' id='word_1_497' title='bbox 400 1590 474 1626; x_wconf 78' lang='grc' dir='ltr'>παρὰ</span> <span class='ocrx_word' id='word_1_498' title='bbox 496 1590 543 1617; x_wconf 82' lang='grc' dir='ltr'>τοῦ</span> <span class='ocrx_word' id='word_1_499' title='bbox 569 1591 736 1620; x_wconf 46' lang='grc' dir='ltr'>Ἀποστόλου,</span> <span class='ocrx_word' id='word_1_500' title='bbox 750 1600 887 1627; x_wconf 85' lang='grc' dir='ltr'>προσαγο-</span> 
     </span>
    </p>
   </div>
   <div class='ocr_carea' id='block_1_67' title="bbox 95 1628 887 1671">
    <p class='ocr_par' dir='ltr' id='par_1_67' title="bbox 95 1628 887 1671">
     <span class='ocr_line' id='line_1_67' title="bbox 95 1628 887 1671; baseline 0.005 -11"><span class='ocrx_word' id='word_1_501' title='bbox 95 1634 218 1668; x_wconf 88' lang='grc' dir='ltr'>ρεύονται</span> <span class='ocrx_word' id='word_1_502' title='bbox 232 1643 238 1649; x_wconf 90' lang='grc'><strong><em>“</em></strong></span> <span class='ocrx_word' id='word_1_503' title='bbox 252 1635 300 1662; x_wconf 76' lang='grc' dir='ltr'>καὶ</span> <span class='ocrx_word' id='word_1_504' title='bbox 329 1636 343 1662; x_wconf 83' lang='grc' dir='ltr'>ὁ</span> <span class='ocrx_word' id='word_1_505' title='bbox 365 1635 415 1670; x_wconf 84' lang='grc' dir='ltr'><strong>τῆς</strong></span> <span class='ocrx_word' id='word_1_506' title='bbox 432 1636 505 1671; x_wconf 83' lang='grc' dir='ltr'>ζωῆς</span> <span class='ocrx_word' id='word_1_507' title='bbox 524 1636 655 1669; x_wconf 79' lang='grc' dir='ltr'>ἀποστὰς,</span> <span class='ocrx_word' id='word_1_508' title='bbox 677 1628 817 1669; x_wconf 26' lang='grc' dir='ltr'>’ἀπωλείας</span> <span class='ocrx_word' id='word_1_509' title='bbox 829 1638 887 1670; x_wconf 79' lang='grc' dir='ltr'>υἱὸς</span> 
     </span>
    </p>
   </div>
   <div class='ocr_carea' id='block_1_68' title="bbox 94 1679 888 1718">
    <p class='ocr_par' dir='ltr' id='par_1_68' title="bbox 94 1679 888 1718">
     <span class='ocr_line' id='line_1_68' title="bbox 94 1679 888 1718; baseline 0.005 -13"><span class='ocrx_word' id='word_1_510' title='bbox 94 1679 254 1714; x_wconf 82' lang='grc' dir='ltr'>ὀνομάζεται</span> <span class='ocrx_word' id='word_1_511' title='bbox 266 1688 272 1694; x_wconf 81' lang='lat'>&#39;</span> <span class='ocrx_word' id='word_1_512' title='bbox 294 1681 340 1708; x_wconf 88' lang='grc' dir='ltr'><strong>καί</strong></span> <span class='ocrx_word' id='word_1_513' title='bbox 364 1690 406 1713; x_wconf 87' lang='grc' dir='ltr'><strong>τις</strong></span> <span class='ocrx_word' id='word_1_514' title='bbox 434 1681 575 1716; x_wconf 81' lang='grc' dir='ltr'>βλακώδης</span> <span class='ocrx_word' id='word_1_515' title='bbox 591 1682 638 1708; x_wconf 73' lang='grc' dir='ltr'>καὶ</span> <span class='ocrx_word' id='word_1_516' title='bbox 657 1682 814 1718; x_wconf 83' lang='grc' dir='ltr'>θηλυδρίας,</span> <span class='ocrx_word' id='word_1_517' title='bbox 831 1683 888 1714; x_wconf 77' lang='grc' dir='ltr'>υίὸς</span> 
     </span>
    </p>
   </div>
   <div class='ocr_carea' id='block_1_69' title="bbox 94 1724 888 1762">
    <p class='ocr_par' dir='ltr' id='par_1_69' title="bbox 94 1724 888 1762">
     <span class='ocr_line' id='line_1_69' title="bbox 94 1724 888 1762; baseline 0.005 -12"><span class='ocrx_word' id='word_1_518' title='bbox 94 1724 230 1759; x_wconf 83' lang='grc' dir='ltr'>κορασίων</span> <span class='ocrx_word' id='word_1_519' title='bbox 248 1725 470 1761; x_wconf 77' lang='grc' dir='ltr'>αὐτομολούντων</span> <span class='ocrx_word' id='word_1_520' title='bbox 505 1726 725 1762; x_wconf 84' lang='grc' dir='ltr'>προσηγορεύθη.</span> <span class='ocrx_word' id='word_1_521' title='bbox 752 1727 888 1761; x_wconf 78' lang='grc' dir='ltr'>Ὡσαύτως</span> 
     </span>
    </p>
   </div>
   <div class='ocr_carea' id='block_1_70' title="bbox 95 1772 901 1808">
    <p class='ocr_par' dir='ltr' id='par_1_70' title="bbox 95 1772 901 1808">
     <span class='ocr_line' id='line_1_70' title="bbox 95 1772 901 1808; baseline 0.001 -11"><span class='ocrx_word' id='word_1_522' title='bbox 95 1772 141 1798; x_wconf 78' lang='grc' dir='ltr'>καὶ</span> <span class='ocrx_word' id='word_1_523' title='bbox 155 1772 187 1797; x_wconf 79' lang='grc' dir='ltr'>ἐκ</span> <span class='ocrx_word' id='word_1_524' title='bbox 198 1772 243 1798; x_wconf 78' lang='grc' dir='ltr'>τοῦ</span> <span class='ocrx_word' id='word_1_525' title='bbox 263 1772 396 1805; x_wconf 80' lang='grc' dir='ltr'>ἐναντίου,</span> <span class='ocrx_word' id='word_1_526' title='bbox 417 1773 441 1798; x_wconf 91' lang='grc' dir='ltr'>οἱ</span> <span class='ocrx_word' id='word_1_527' title='bbox 462 1772 583 1807; x_wconf 75' lang='grc' dir='ltr'>λαμπροὶ</span> <span class='ocrx_word' id='word_1_528' title='bbox 596 1773 645 1808; x_wconf 81' lang='grc' dir='ltr'>τὴν</span> <span class='ocrx_word' id='word_1_529' title='bbox 660 1774 821 1808; x_wconf 86' lang='grc' dir='ltr'>συνείδησιν,</span> <span class='ocrx_word' id='word_1_530' title='bbox 836 1774 901 1800; x_wconf 42' lang='grc' dir='ltr'>υίοὶλ</span> 
     </span>
    </p>
   </div>
   <div class='ocr_carea' id='block_1_71' title="bbox 95 1817 888 1854">
    <p class='ocr_par' dir='ltr' id='par_1_71' title="bbox 95 1817 888 1854">
     <span class='ocr_line' id='line_1_71' title="bbox 95 1817 888 1854; baseline 0.004 -11"><span class='ocrx_word' id='word_1_531' title='bbox 95 1817 185 1852; x_wconf 79' lang='grc' dir='ltr'>φωτὸς</span> <span class='ocrx_word' id='word_1_532' title='bbox 201 1817 249 1843; x_wconf 78' lang='grc' dir='ltr'>καὶ</span> <span class='ocrx_word' id='word_1_533' title='bbox 266 1818 373 1853; x_wconf 85' lang='grc' dir='ltr'>ἡμέρας</span> <span class='ocrx_word' id='word_1_534' title='bbox 387 1818 636 1853; x_wconf 82' lang='grc' dir='ltr'>προσαγορεύονται</span> <span class='ocrx_word' id='word_1_535' title='bbox 653 1827 659 1833; x_wconf 94' lang='grc'><strong>·</strong></span> <span class='ocrx_word' id='word_1_536' title='bbox 682 1818 730 1846; x_wconf 78' lang='grc' dir='ltr'>καὶ</span> <span class='ocrx_word' id='word_1_537' title='bbox 748 1818 888 1854; x_wconf 79' lang='grc' dir='ltr'>δυνάμεως</span> 
     </span>
    </p>
   </div>
   <div class='ocr_carea' id='block_1_72' title="bbox 94 1859 889 1899">
    <p class='ocr_par' dir='ltr' id='par_1_72' title="bbox 94 1859 889 1899">
     <span class='ocr_line' id='line_1_72' title="bbox 94 1859 889 1899; baseline 0.001 -10"><span class='ocrx_word' id='word_1_538' title='bbox 94 1863 148 1889; x_wconf 79' lang='grc' dir='ltr'>υἱοὶ</span> <span class='ocrx_word' id='word_1_539' title='bbox 178 1863 277 1898; x_wconf 74' lang='grc' dir='ltr'>ἕτεροι,</span> <span class='ocrx_word' id='word_1_540' title='bbox 304 1863 328 1889; x_wconf 81' lang='grc' dir='ltr'>οἱ</span> <span class='ocrx_word' id='word_1_541' title='bbox 346 1863 414 1898; x_wconf 84' lang='grc' dir='ltr'>πρὸς</span> <span class='ocrx_word' id='word_1_542' title='bbox 428 1859 480 1898; x_wconf 64' lang='grc' dir='ltr'>τὴν</span> <span class='ocrx_word' id='word_1_543' title='bbox 500 1863 576 1890; x_wconf 79' lang='grc' dir='ltr'>θείαν</span> <span class='ocrx_word' id='word_1_544' title='bbox 589 1864 666 1899; x_wconf 74' lang='grc' dir='ltr'>ἰσχὺν</span> <span class='ocrx_word' id='word_1_545' title='bbox 678 1864 792 1896; x_wconf 73' lang='grc' dir='ltr'>ἑαυτοὺς</span> <span class='ocrx_word' id='word_1_546' title='bbox 805 1863 889 1891; x_wconf 85' lang='grc' dir='ltr'>τονώ-</span> 
     </span>
    </p>
   </div>
   <div class='ocr_carea' id='block_1_73' title="bbox 96 1908 888 1945">
    <p class='ocr_par' dir='ltr' id='par_1_73' title="bbox 96 1908 888 1945">
     <span class='ocr_line' id='line_1_73' title="bbox 96 1908 888 1945; baseline 0.003 -11"><span class='ocrx_word' id='word_1_547' title='bbox 96 1917 204 1940; x_wconf 78' lang='grc' dir='ltr'>σαντες.</span> <span class='ocrx_word' id='word_1_548' title='bbox 221 1908 305 1935; x_wconf 85' lang='grc' dir='ltr'>Ὅταν</span> <span class='ocrx_word' id='word_1_549' title='bbox 330 1909 418 1936; x_wconf 84' lang='grc' dir='ltr'>τοίνυν</span> <span class='ocrx_word' id='word_1_550' title='bbox 436 1909 546 1945; x_wconf 77' lang='grc' dir='ltr'>Πατέρα</span> <span class='ocrx_word' id='word_1_551' title='bbox 568 1909 612 1936; x_wconf 81' lang='grc' dir='ltr'>τὸν</span> <span class='ocrx_word' id='word_1_552' title='bbox 628 1909 694 1936; x_wconf 83' lang='grc' dir='ltr'>Θεὸν</span> <span class='ocrx_word' id='word_1_553' title='bbox 711 1909 800 1944; x_wconf 81' lang='grc' dir='ltr'>λέγειν</span> <span class='ocrx_word' id='word_1_554' title='bbox 815 1910 888 1945; x_wconf 83' lang='grc' dir='ltr'>ἡμᾶς</span> 
     </span>
    </p>
   </div>
   <div class='ocr_carea' id='block_1_74' title="bbox 95 1955 888 1992">
    <p class='ocr_par' dir='ltr' id='par_1_74' title="bbox 95 1955 888 1992">
     <span class='ocr_line' id='line_1_74' title="bbox 95 1955 888 1992; baseline 0.004 -12"><span class='ocrx_word' id='word_1_555' title='bbox 95 1955 124 1980; x_wconf 79' lang='grc' dir='ltr'>ἐν</span> <span class='ocrx_word' id='word_1_556' title='bbox 136 1956 169 1990; x_wconf 79' lang='grc' dir='ltr'><strong>τῇ</strong></span> <span class='ocrx_word' id='word_1_557' title='bbox 184 1956 321 1990; x_wconf 85' lang='grc' dir='ltr'>προσευχῇ</span> <span class='ocrx_word' id='word_1_558' title='bbox 344 1955 456 1990; x_wconf 84' lang='grc' dir='ltr'>διδάσκῃ</span> <span class='ocrx_word' id='word_1_559' title='bbox 484 1957 498 1982; x_wconf 91' lang='lat'><strong>6</strong></span> <span class='ocrx_word' id='word_1_560' title='bbox 518 1956 631 1992; x_wconf 84' lang='grc' dir='ltr'>Κύριος,</span> <span class='ocrx_word' id='word_1_561' title='bbox 647 1956 722 1983; x_wconf 78' lang='grc' dir='ltr'>οὐδὲν</span> <span class='ocrx_word' id='word_1_562' title='bbox 734 1956 826 1992; x_wconf 77' lang='grc' dir='ltr'>ἕτερόν</span> <span class='ocrx_word' id='word_1_563' title='bbox 844 1965 888 1991; x_wconf 88' lang='grc' dir='ltr'><strong>μοι</strong></span> 
     </span>
    </p>
   </div>
   <div class='ocr_carea' id='block_1_75' title="bbox 95 2001 888 2037">
    <p class='ocr_par' dir='ltr' id='par_1_75' title="bbox 95 2001 888 2037">
     <span class='ocr_line' id='line_1_75' title="bbox 95 2001 888 2037; baseline 0 -9"><span class='ocrx_word' id='word_1_564' title='bbox 95 2001 169 2028; x_wconf 85' lang='grc' dir='ltr'>δοκεῖ</span> <span class='ocrx_word' id='word_1_565' title='bbox 188 2002 283 2032; x_wconf 84' lang='grc' dir='ltr'>ποιεῖν,</span> <span class='ocrx_word' id='word_1_566' title='bbox 303 2001 320 2036; x_wconf 88' lang='grc' dir='ltr'>ἢ</span> <span class='ocrx_word' id='word_1_567' title='bbox 332 2001 377 2027; x_wconf 85' lang='grc' dir='ltr'>τὸν</span> <span class='ocrx_word' id='word_1_568' title='bbox 388 2001 488 2036; x_wconf 80' lang='grc' dir='ltr'>ὑψηλόν</span> <span class='ocrx_word' id='word_1_569' title='bbox 504 2011 533 2028; x_wconf 85' lang='grc' dir='ltr'><strong>τε</strong></span> <span class='ocrx_word' id='word_1_570' title='bbox 552 2003 599 2029; x_wconf 76' lang='grc' dir='ltr'>καὶ</span> <span class='ocrx_word' id='word_1_571' title='bbox 614 2002 767 2037; x_wconf 71' lang='grc' dir='ltr'>ἐπηρμένον</span> <span class='ocrx_word' id='word_1_572' title='bbox 777 2002 888 2037; x_wconf 88' lang='grc' dir='ltr'>νομοθε-</span> 
     </span>
    </p>
   </div>
   <div class='ocr_carea' id='block_1_76' title="bbox 95 2046 889 2084">
    <p class='ocr_par' dir='ltr' id='par_1_76' title="bbox 95 2046 889 2084">
     <span class='ocr_line' id='line_1_76' title="bbox 95 2046 889 2084; baseline 0.001 -11"><span class='ocrx_word' id='word_1_573' title='bbox 95 2048 152 2074; x_wconf 83' lang='grc' dir='ltr'>τεῖν</span> <span class='ocrx_word' id='word_1_574' title='bbox 170 2046 227 2082; x_wconf 78' lang='grc' dir='ltr'>βίον</span> <span class='ocrx_word' id='word_1_575' title='bbox 238 2055 244 2062; x_wconf 83' lang='grc'><em>’</em></span> <span class='ocrx_word' id='word_1_576' title='bbox 260 2047 290 2073; x_wconf 85' lang='grc' dir='ltr'>οὐ</span> <span class='ocrx_word' id='word_1_577' title='bbox 304 2047 358 2082; x_wconf 78' lang='grc' dir='ltr'><strong>γὰρ</strong></span> <span class='ocrx_word' id='word_1_578' title='bbox 368 2047 399 2082; x_wconf 81' lang='grc' dir='ltr'>δὴ</span> <span class='ocrx_word' id='word_1_579' title='bbox 411 2047 555 2082; x_wconf 81' lang='grc' dir='ltr'>ψεύδεσθαι</span> <span class='ocrx_word' id='word_1_580' title='bbox 571 2048 692 2075; x_wconf 77' lang='grc' dir='ltr'>διδάσκει</span> <span class='ocrx_word' id='word_1_581' title='bbox 706 2049 779 2083; x_wconf 75' lang='grc' dir='ltr'>ἡμᾶς</span> <span class='ocrx_word' id='word_1_582' title='bbox 792 2049 808 2083; x_wconf 81' lang='grc' dir='ltr'>ἡ</span> <span class='ocrx_word' id='word_1_583' title='bbox 824 2048 889 2084; x_wconf 85' lang='grc' dir='ltr'><strong>ἀλή-</strong></span> 
     </span>
    </p>
   </div>
   <div class='ocr_carea' id='block_1_77' title="bbox 96 2091 889 2129">
    <p class='ocr_par' dir='ltr' id='par_1_77' title="bbox 96 2091 889 2129">
     <span class='ocr_line' id='line_1_77' title="bbox 96 2091 889 2129; baseline 0.004 -11"><span class='ocrx_word' id='word_1_584' title='bbox 96 2092 249 2126; x_wconf 79' lang='grc' dir='ltr'>θεια,ῶστε</span> <span class='ocrx_word' id='word_1_585' title='bbox 264 2091 353 2126; x_wconf 87' lang='grc' dir='ltr'>λέγειν</span> <span class='ocrx_word' id='word_1_586' title='bbox 368 2092 381 2118; x_wconf 85' lang='grc' dir='ltr'><strong>ὃ</strong></span> <span class='ocrx_word' id='word_1_587' title='bbox 398 2093 434 2128; x_wconf 86' lang='grc' dir='ltr'>μή</span> <span class='ocrx_word' id='word_1_588' title='bbox 461 2093 554 2128; x_wconf 79' lang='grc' dir='ltr'>ἐσμεν,</span> <span class='ocrx_word' id='word_1_589' title='bbox 576 2095 623 2120; x_wconf 73' lang='grc' dir='ltr'>καὶ</span> <span class='ocrx_word' id='word_1_590' title='bbox 645 2094 788 2129; x_wconf 80' lang='grc' dir='ltr'>ὀνομάζειν</span> <span class='ocrx_word' id='word_1_591' title='bbox 811 2094 825 2120; x_wconf 87' lang='grc' dir='ltr'><strong>ὃ</strong></span> <span class='ocrx_word' id='word_1_592' title='bbox 852 2094 889 2129; x_wconf 86' lang='grc' dir='ltr'>μὴ</span> 
     </span>
    </p>
   </div>
   <div class='ocr_carea' id='block_1_78' title="bbox 97 2138 890 2175">
    <p class='ocr_par' dir='ltr' id='par_1_78' title="bbox 97 2138 890 2175">
     <span class='ocr_line' id='line_1_78' title="bbox 97 2138 890 2175; baseline 0.004 -11"><span class='ocrx_word' id='word_1_593' title='bbox 97 2138 276 2174; x_wconf 77' lang='grc' dir='ltr'>πεφύκαμεν·</span> <span class='ocrx_word' id='word_1_594' title='bbox 310 2139 378 2166; x_wconf 79' lang='grc' dir='ltr'>ἀλλὰ</span> <span class='ocrx_word' id='word_1_595' title='bbox 406 2140 517 2175; x_wconf 82' lang='grc' dir='ltr'>Πατέρα</span> <span class='ocrx_word' id='word_1_596' title='bbox 543 2139 668 2173; x_wconf 84' lang='grc' dir='ltr'>λέγοντες</span> <span class='ocrx_word' id='word_1_597' title='bbox 693 2141 815 2173; x_wconf 74' lang='grc' dir='ltr'>ἑαυτῶν,</span> <span class='ocrx_word' id='word_1_598' title='bbox 845 2140 890 2167; x_wconf 80' lang='grc' dir='ltr'>τὸν</span> 
     </span>
    </p>
   </div>
   <div class='ocr_carea' id='block_1_79' title="bbox 97 2183 890 2220">
    <p class='ocr_par' dir='ltr' id='par_1_79' title="bbox 97 2183 890 2220">
     <span class='ocr_line' id='line_1_79' title="bbox 97 2183 890 2220; baseline 0.003 -10"><span class='ocrx_word' id='word_1_599' title='bbox 97 2183 236 2219; x_wconf 69' lang='grc' dir='ltr'>ἄφθαρτον</span> <span class='ocrx_word' id='word_1_600' title='bbox 247 2192 275 2210; x_wconf 84' lang='grc' dir='ltr'><strong>τε</strong></span> <span class='ocrx_word' id='word_1_601' title='bbox 289 2185 335 2211; x_wconf 81' lang='grc' dir='ltr'>καὶ</span> <span class='ocrx_word' id='word_1_602' title='bbox 348 2185 453 2212; x_wconf 72' lang='grc' dir='ltr'>δίκαιον</span> <span class='ocrx_word' id='word_1_603' title='bbox 469 2185 515 2211; x_wconf 76' lang='grc' dir='ltr'>καὶ</span> <span class='ocrx_word' id='word_1_604' title='bbox 536 2185 647 2219; x_wconf 74' lang='grc' dir='ltr'>ἀγαθὸν,</span> <span class='ocrx_word' id='word_1_605' title='bbox 660 2185 839 2220; x_wconf 72' lang='grc' dir='ltr'>ἐπαληθεύειν</span> <span class='ocrx_word' id='word_1_606' title='bbox 851 2184 890 2220; x_wconf 86' lang='grc' dir='ltr'>τῷ</span> 
     </span>
    </p>
   </div>
   <div class='ocr_carea' id='block_1_80' title="bbox 99 2230 890 2267">
    <p class='ocr_par' dir='ltr' id='par_1_80' title="bbox 99 2230 890 2267">
     <span class='ocr_line' id='line_1_80' title="bbox 99 2230 890 2267; baseline 0.001 -11"><span class='ocrx_word' id='word_1_607' title='bbox 99 2230 149 2266; x_wconf 78' lang='grc' dir='ltr'><strong>βίῳ</strong></span> <span class='ocrx_word' id='word_1_608' title='bbox 174 2231 225 2265; x_wconf 83' lang='grc' dir='ltr'>τὴν</span> <span class='ocrx_word' id='word_1_609' title='bbox 247 2231 414 2266; x_wconf 84' lang='grc' dir='ltr'>ἀγχιστείαν.</span> <span class='ocrx_word' id='word_1_610' title='bbox 432 2231 514 2267; x_wconf 78' lang='grc' dir='ltr'>Ὁρᾷς</span> <span class='ocrx_word' id='word_1_611' title='bbox 538 2231 604 2267; x_wconf 81' lang='grc' dir='ltr'>ὅσης</span> <span class='ocrx_word' id='word_1_612' title='bbox 627 2231 693 2266; x_wconf 78' lang='grc' dir='ltr'>ἡμῖν</span> <span class='ocrx_word' id='word_1_613' title='bbox 713 2231 890 2267; x_wconf 86' lang='grc' dir='ltr'>παρασκευῆς</span> 
     </span>
    </p>
   </div>
   <div class='ocr_carea' id='block_1_81' title="bbox 98 2277 891 2313">
    <p class='ocr_par' dir='ltr' id='par_1_81' title="bbox 98 2277 891 2313">
     <span class='ocr_line' id='line_1_81' title="bbox 98 2277 891 2313; baseline 0 -10"><span class='ocrx_word' id='word_1_614' title='bbox 98 2279 156 2303; x_wconf 73' lang='grc' dir='ltr'>ἐστι</span> <span class='ocrx_word' id='word_1_615' title='bbox 173 2277 250 2312; x_wconf 83' lang='grc' dir='ltr'>χρεία</span> <span class='ocrx_word' id='word_1_616' title='bbox 264 2286 271 2310; x_wconf 87' lang='grc'>;</span> <span class='ocrx_word' id='word_1_617' title='bbox 292 2278 348 2304; x_wconf 77' lang='grc' dir='ltr'>οἴου</span> <span class='ocrx_word' id='word_1_618' title='bbox 364 2277 421 2313; x_wconf 83' lang='grc' dir='ltr'>βίου</span> <span class='ocrx_word' id='word_1_619' title='bbox 435 2285 442 2309; x_wconf 88' lang='grc'><strong>;</strong></span> <span class='ocrx_word' id='word_1_620' title='bbox 462 2277 548 2312; x_wconf 84' lang='grc' dir='ltr'>πόσης</span> <span class='ocrx_word' id='word_1_621' title='bbox 565 2277 612 2305; x_wconf 73' lang='grc' dir='ltr'>καὶ</span> <span class='ocrx_word' id='word_1_622' title='bbox 628 2278 754 2312; x_wconf 83' lang='grc' dir='ltr'>ποταπῆς</span> <span class='ocrx_word' id='word_1_623' title='bbox 767 2277 824 2304; x_wconf 80' lang='grc' dir='ltr'>ἐστι</span> <span class='ocrx_word' id='word_1_624' title='bbox 839 2277 891 2312; x_wconf 85' lang='grc' dir='ltr'><strong>τῆς</strong></span> 
     </span>
    </p>
   </div>
   <div class='ocr_carea' id='block_1_82' title="bbox 99 2323 889 2359">
    <p class='ocr_par' dir='ltr' id='par_1_82' title="bbox 99 2323 889 2359">
     <span class='ocr_line' id='line_1_82' title="bbox 99 2323 889 2359; baseline 0.001 -11"><span class='ocrx_word' id='word_1_625' title='bbox 99 2323 230 2358; x_wconf 75' lang='grc' dir='ltr'>σπουδῆς,</span> <span class='ocrx_word' id='word_1_626' title='bbox 247 2323 316 2350; x_wconf 84' lang='grc' dir='ltr'>ὥστε</span> <span class='ocrx_word' id='word_1_627' title='bbox 330 2324 398 2350; x_wconf 81' lang='grc' dir='ltr'>ποτὲ</span> <span class='ocrx_word' id='word_1_628' title='bbox 421 2324 488 2359; x_wconf 82' lang='grc' dir='ltr'>πρὸς</span> <span class='ocrx_word' id='word_1_629' title='bbox 504 2323 584 2350; x_wconf 84' lang='grc' dir='ltr'>τοῦτο</span> <span class='ocrx_word' id='word_1_630' title='bbox 601 2323 631 2350; x_wconf 79' lang='grc' dir='ltr'>τὸ</span> <span class='ocrx_word' id='word_1_631' title='bbox 645 2323 743 2358; x_wconf 86' lang='grc' dir='ltr'>μέτρον</span> <span class='ocrx_word' id='word_1_632' title='bbox 755 2323 805 2358; x_wconf 88' lang='grc' dir='ltr'><strong>τῆς</strong></span> <span class='ocrx_word' id='word_1_633' title='bbox 818 2324 889 2359; x_wconf 82' lang='grc' dir='ltr'>παρ-</span> 
     </span>
    </p>
   </div>
   <div class='ocr_carea' id='block_1_83' title="bbox 100 2367 890 2404">
    <p class='ocr_par' dir='ltr' id='par_1_83' title="bbox 100 2367 890 2404">
     <span class='ocr_line' id='line_1_83' title="bbox 100 2367 890 2404; baseline 0.001 -11"><span class='ocrx_word' id='word_1_634' title='bbox 100 2367 197 2403; x_wconf 72' lang='grc' dir='ltr'>ρησίας</span> <span class='ocrx_word' id='word_1_635' title='bbox 217 2367 369 2403; x_wconf 61' lang='grc' dir='ltr'>ὑψωθείσης</span> <span class='ocrx_word' id='word_1_636' title='bbox 386 2368 465 2403; x_wconf 82' lang='grc' dir='ltr'>ἡμῶν</span> <span class='ocrx_word' id='word_1_637' title='bbox 486 2368 535 2404; x_wconf 85' lang='grc' dir='ltr'><strong>τῆς</strong></span> <span class='ocrx_word' id='word_1_638' title='bbox 550 2367 741 2403; x_wconf 81' lang='grc' dir='ltr'>συνειδήσεως,</span> <span class='ocrx_word' id='word_1_639' title='bbox 755 2368 890 2404; x_wconf 85' lang='grc' dir='ltr'>τολμῆσαι</span> 
     </span>
    </p>
   </div>
   <div class='ocr_carea' id='block_1_84' title="bbox 98 2413 890 2449">
    <p class='ocr_par' dir='ltr' id='par_1_84' title="bbox 98 2413 890 2449">
     <span class='ocr_line' id='line_1_84' title="bbox 98 2413 890 2449; baseline 0.001 -10"><span class='ocrx_word' id='word_1_640' title='bbox 98 2414 187 2439; x_wconf 81' lang='grc' dir='ltr'>εἰπεῖν</span> <span class='ocrx_word' id='word_1_641' title='bbox 200 2413 238 2448; x_wconf 88' lang='grc' dir='ltr'>τῷ</span> <span class='ocrx_word' id='word_1_642' title='bbox 250 2413 319 2449; x_wconf 83' lang='grc' dir='ltr'>Θεῷ,</span> <span class='ocrx_word' id='word_1_643' title='bbox 337 2415 378 2440; x_wconf 82' lang='grc' dir='ltr'>ὅτι</span> <span class='ocrx_word' id='word_1_644' title='bbox 388 2414 502 2448; x_wconf 81' lang='grc' dir='ltr'>Πάτερ;</span> <span class='ocrx_word' id='word_1_645' title='bbox 516 2415 547 2440; x_wconf 85' lang='lat' dir='ltr'><strong>El</strong></span> <span class='ocrx_word' id='word_1_646' title='bbox 562 2414 617 2449; x_wconf 90' lang='grc' dir='ltr'><strong>γὰρ</strong></span> <span class='ocrx_word' id='word_1_647' title='bbox 630 2414 694 2449; x_wconf 78' lang='grc' dir='ltr'>περὶ</span> <span class='ocrx_word' id='word_1_648' title='bbox 711 2413 745 2440; x_wconf 88' lang='grc' dir='ltr'><strong>τὰ</strong></span> <span class='ocrx_word' id='word_1_649' title='bbox 761 2414 890 2449; x_wconf 89' lang='grc' dir='ltr'>χρήματα</span> 
     </span>
    </p>
   </div>
   <div class='ocr_carea' id='block_1_85' title="bbox 100 2458 889 2494">
    <p class='ocr_par' dir='ltr' id='par_1_85' title="bbox 100 2458 889 2494">
     <span class='ocr_line' id='line_1_85' title="bbox 100 2458 889 2494; baseline 0.001 -10"><span class='ocrx_word' id='word_1_650' title='bbox 100 2458 218 2493; x_wconf 77' lang='grc' dir='ltr'>βλέπεις,</span> <span class='ocrx_word' id='word_1_651' title='bbox 234 2459 259 2484; x_wconf 78' lang='grc' dir='ltr'>εἰ</span> <span class='ocrx_word' id='word_1_652' title='bbox 276 2459 339 2494; x_wconf 77' lang='grc' dir='ltr'>περὶ</span> <span class='ocrx_word' id='word_1_653' title='bbox 361 2458 410 2494; x_wconf 83' lang='grc' dir='ltr'><strong>τὴν</strong></span> <span class='ocrx_word' id='word_1_654' title='bbox 434 2459 562 2494; x_wconf 86' lang='grc' dir='ltr'>βιωτικὴν</span> <span class='ocrx_word' id='word_1_655' title='bbox 579 2458 687 2494; x_wconf 75' lang='grc' dir='ltr'>ἀπάτην</span> <span class='ocrx_word' id='word_1_656' title='bbox 704 2458 889 2494; x_wconf 79' lang='grc' dir='ltr'>ἡσχολημένος</span> 
     </span>
    </p>
   </div>
   <div class='ocr_carea' id='block_1_86' title="bbox 98 2503 890 2540">
    <p class='ocr_par' dir='ltr' id='par_1_86' title="bbox 98 2503 890 2540">
     <span class='ocr_line' id='line_1_86' title="bbox 98 2503 890 2540; baseline 0.001 -10"><span class='ocrx_word' id='word_1_657' title='bbox 98 2504 168 2539; x_wconf 72' lang='grc' dir='ltr'>εῐης,</span> <span class='ocrx_word' id='word_1_658' title='bbox 185 2504 202 2540; x_wconf 77' lang='grc' dir='ltr'>ἢ</span> <span class='ocrx_word' id='word_1_659' title='bbox 221 2505 271 2540; x_wconf 78' lang='grc' dir='ltr'><strong>τὴν</strong></span> <span class='ocrx_word' id='word_1_660' title='bbox 284 2504 314 2537; x_wconf 75' lang='grc' dir='ltr'>ἐξ</span> <span class='ocrx_word' id='word_1_661' title='bbox 333 2503 484 2539; x_wconf 82' lang='grc' dir='ltr'>ἀνθρώπων</span> <span class='ocrx_word' id='word_1_662' title='bbox 501 2505 579 2537; x_wconf 81' lang='grc' dir='ltr'>δόξαν</span> <span class='ocrx_word' id='word_1_663' title='bbox 597 2504 771 2540; x_wconf 76' lang='grc' dir='ltr'>ὰναζητοίης,</span> <span class='ocrx_word' id='word_1_664' title='bbox 795 2506 820 2531; x_wconf 80' lang='grc' dir='ltr'>εἰ</span> <span class='ocrx_word' id='word_1_665' title='bbox 836 2505 890 2532; x_wconf 83' lang='grc' dir='ltr'><strong>τῶν</strong></span> 
     </span>
    </p>
   </div>
   <div class='ocr_carea' id='block_1_87' title="bbox 100 2550 891 2586">
    <p class='ocr_par' dir='ltr' id='par_1_87' title="bbox 100 2550 891 2586">
     <span class='ocr_line' id='line_1_87' title="bbox 100 2550 891 2586; baseline 0.003 -10"><span class='ocrx_word' id='word_1_666' title='bbox 100 2550 252 2585; x_wconf 76' lang='grc' dir='ltr'>ἐπιθυμιῶν</span> <span class='ocrx_word' id='word_1_667' title='bbox 263 2551 322 2582; x_wconf 86' lang='grc' dir='ltr'>ταῖς</span> <span class='ocrx_word' id='word_1_668' title='bbox 337 2550 557 2586; x_wconf 81' lang='grc' dir='ltr'>ὲμπαθεστέραις</span> <span class='ocrx_word' id='word_1_669' title='bbox 568 2550 703 2583; x_wconf 86' lang='grc' dir='ltr'>δουλεύοις</span> <span class='ocrx_word' id='word_1_670' title='bbox 715 2559 721 2566; x_wconf 91' lang='grc'>·</span> <span class='ocrx_word' id='word_1_671' title='bbox 738 2550 833 2578; x_wconf 77' lang='grc' dir='ltr'>ἔπειτα</span> <span class='ocrx_word' id='word_1_672' title='bbox 841 2551 891 2586; x_wconf 84' lang='grc' dir='ltr'>τὴν</span> 
     </span>
    </p>
   </div>
   <div class='ocr_carea' id='block_1_88' title="bbox 98 2595 892 2632">
    <p class='ocr_par' dir='ltr' id='par_1_88' title="bbox 98 2595 892 2632">
     <span class='ocr_line' id='line_1_88' title="bbox 98 2595 892 2632; baseline 0.001 -10"><span class='ocrx_word' id='word_1_673' title='bbox 98 2596 226 2631; x_wconf 64' lang='grc' dir='ltr'>τοιαύτην</span> <span class='ocrx_word' id='word_1_674' title='bbox 254 2596 408 2632; x_wconf 76' lang='grc' dir='ltr'>προσευχὴν</span> <span class='ocrx_word' id='word_1_675' title='bbox 427 2595 473 2623; x_wconf 79' lang='grc' dir='ltr'><strong>διὰ</strong></span> <span class='ocrx_word' id='word_1_676' title='bbox 501 2597 635 2632; x_wconf 82' lang='grc' dir='ltr'>στόματος</span> <span class='ocrx_word' id='word_1_677' title='bbox 653 2597 745 2628; x_wconf 76' lang='grc' dir='ltr'>λάϐοις</span> <span class='ocrx_word' id='word_1_678' title='bbox 759 2605 765 2613; x_wconf 93' lang='grc'><strong>·</strong></span> <span class='ocrx_word' id='word_1_679' title='bbox 790 2597 817 2624; x_wconf 76' lang='grc' dir='ltr'><strong>τί</strong></span> <span class='ocrx_word' id='word_1_680' title='bbox 841 2597 892 2623; x_wconf 86' lang='grc' dir='ltr'>οῐει</span> 
     </span>
    </p>
   </div>
   <div class='ocr_carea' id='block_1_89' title="bbox 98 2643 892 2679">
    <p class='ocr_par' dir='ltr' id='par_1_89' title="bbox 98 2643 892 2679">
     <span class='ocr_line' id='line_1_89' title="bbox 98 2643 892 2679; baseline 0.001 -10"><span class='ocrx_word' id='word_1_681' title='bbox 98 2644 172 2678; x_wconf 77' lang='grc' dir='ltr'>ἐρεῖν</span> <span class='ocrx_word' id='word_1_682' title='bbox 181 2643 227 2669; x_wconf 78' lang='grc' dir='ltr'><strong>τὸν</strong></span> <span class='ocrx_word' id='word_1_683' title='bbox 243 2644 283 2675; x_wconf 87' lang='grc' dir='ltr'><strong>εἰς</strong></span> <span class='ocrx_word' id='word_1_684' title='bbox 296 2643 342 2670; x_wconf 79' lang='grc' dir='ltr'>τὸν</span> <span class='ocrx_word' id='word_1_685' title='bbox 361 2643 417 2678; x_wconf 83' lang='grc' dir='ltr'>βίον</span> <span class='ocrx_word' id='word_1_686' title='bbox 443 2643 584 2678; x_wconf 83' lang='grc' dir='ltr'>βλέποντα,</span> <span class='ocrx_word' id='word_1_687' title='bbox 602 2643 648 2670; x_wconf 70' lang='grc' dir='ltr'>καὶ</span> <span class='ocrx_word' id='word_1_688' title='bbox 668 2644 717 2679; x_wconf 87' lang='grc' dir='ltr'><strong>τῆς</strong></span> <span class='ocrx_word' id='word_1_689' title='bbox 738 2643 892 2679; x_wconf 81' lang='grc' dir='ltr'>προσευχῆς</span> 
     </span>
    </p>
   </div>
   <div class='ocr_carea' id='block_1_90' title="bbox 100 2687 893 2724">
    <p class='ocr_par' dir='ltr' id='par_1_90' title="bbox 100 2687 893 2724">
     <span class='ocr_line' id='line_1_90' title="bbox 100 2687 893 2724; baseline -0.003 -8"><span class='ocrx_word' id='word_1_690' title='bbox 100 2689 248 2721; x_wconf 72' lang='grc' dir='ltr'>ὲπαῖοντα;</span> <span class='ocrx_word' id='word_1_691' title='bbox 268 2687 339 2722; x_wconf 83' lang='grc' dir='ltr'><strong>Ἐγὼ</strong></span> <span class='ocrx_word' id='word_1_692' title='bbox 350 2688 478 2715; x_wconf 84' lang='grc' dir='ltr'>τοιούτων</span> <span class='ocrx_word' id='word_1_693' title='bbox 491 2688 572 2715; x_wconf 84' lang='grc' dir='ltr'>τινῶν</span> <span class='ocrx_word' id='word_1_694' title='bbox 582 2688 712 2724; x_wconf 77' lang='grc' dir='ltr'>ῥημάτων</span> <span class='ocrx_word' id='word_1_695' title='bbox 727 2688 836 2715; x_wconf 80' lang='grc' dir='ltr'>ἀκούειν</span> <span class='ocrx_word' id='word_1_696' title='bbox 852 2687 893 2714; x_wconf 87' lang='grc' dir='ltr'>δο-</span> 
     </span>
    </p>
   </div>
   <div class='ocr_carea' id='block_1_91' title="bbox 96 2732 891 2770">
    <p class='ocr_par' dir='ltr' id='par_1_91' title="bbox 96 2732 891 2770">
     <span class='ocr_line' id='line_1_91' title="bbox 96 2732 891 2770; baseline -0.003 -8"><span class='ocrx_word' id='word_1_697' title='bbox 96 2734 151 2767; x_wconf 83' lang='grc' dir='ltr'>κῶ,</span> <span class='ocrx_word' id='word_1_698' title='bbox 171 2734 271 2761; x_wconf 81' lang='grc' dir='ltr'>ὡσανεὶ</span> <span class='ocrx_word' id='word_1_699' title='bbox 289 2733 337 2761; x_wconf 82' lang='grc' dir='ltr'>τοῦ</span> <span class='ocrx_word' id='word_1_700' title='bbox 359 2733 427 2761; x_wconf 82' lang='grc' dir='ltr'>Θεοῦ</span> <span class='ocrx_word' id='word_1_701' title='bbox 452 2733 521 2770; x_wconf 82' lang='grc' dir='ltr'>πρὸς</span> <span class='ocrx_word' id='word_1_702' title='bbox 534 2734 580 2760; x_wconf 84' lang='grc' dir='ltr'>τὸν</span> <span class='ocrx_word' id='word_1_703' title='bbox 605 2732 725 2760; x_wconf 80' lang='grc' dir='ltr'>τοιοῦτον</span> <span class='ocrx_word' id='word_1_704' title='bbox 747 2733 872 2768; x_wconf 85' lang='grc' dir='ltr'>λέγοντος</span> <span class='ocrx_word' id='word_1_705' title='bbox 884 2741 891 2748; x_wconf 89' lang='grc'><strong>·</strong></span> 
     </span>
    </p>
   </div>
   <div class='ocr_carea' id='block_1_92' title="bbox 938 1586 1729 1623">
    <p class='ocr_par' dir='ltr' id='par_1_92' title="bbox 938 1586 1729 1623">
     <span class='ocr_line' id='line_1_92' title="bbox 938 1586 1729 1623; baseline -0.004 -7"><span class='ocrx_word' id='word_1_706' title='bbox 938 1589 1110 1617; x_wconf 81' lang='lat' dir='ltr'><strong>mendacium</strong></span> <span class='ocrx_word' id='word_1_707' title='bbox 1131 1595 1270 1623; x_wconf 57' lang='lat' dir='ltr'><strong>quarens,</strong></span> <span class='ocrx_word' id='word_1_708' title='bbox 1291 1587 1373 1614; x_wconf 88' lang='lat' dir='ltr'><strong>audet</strong></span> <span class='ocrx_word' id='word_1_709' title='bbox 1392 1587 1525 1614; x_wconf 89' lang='lat' dir='ltr'><strong>orationis</strong></span> <span class='ocrx_word' id='word_1_710' title='bbox 1539 1586 1623 1614; x_wconf 82' lang='lat' dir='ltr'><strong>verba</strong></span> <span class='ocrx_word' id='word_1_711' title='bbox 1648 1594 1729 1614; x_wconf 90' lang='lat' dir='ltr'><strong>usur-</strong></span> 
     </span>
    </p>
   </div>
   <div class='ocr_carea' id='block_1_93' title="bbox 936 1632 1727 1670">
    <p class='ocr_par' dir='ltr' id='par_1_93' title="bbox 936 1632 1727 1670">
     <span class='ocr_line' id='line_1_93' title="bbox 936 1632 1727 1670; baseline -0.003 -8"><span class='ocrx_word' id='word_1_712' title='bbox 936 1643 1017 1670; x_wconf 83' lang='lat' dir='ltr'><strong>pare,</strong></span> <span class='ocrx_word' id='word_1_713' title='bbox 1030 1635 1099 1662; x_wconf 87' lang='lat' dir='ltr'><strong>sciat</strong></span> <span class='ocrx_word' id='word_1_714' title='bbox 1115 1635 1150 1667; x_wconf 87' lang='lat' dir='ltr'><strong>is,</strong></span> <span class='ocrx_word' id='word_1_715' title='bbox 1166 1634 1239 1670; x_wconf 89' lang='lat' dir='ltr'><strong>quod</strong></span> <span class='ocrx_word' id='word_1_716' title='bbox 1254 1642 1308 1662; x_wconf 93' lang='lat' dir='ltr'><strong>non</strong></span> <span class='ocrx_word' id='word_1_717' title='bbox 1326 1634 1464 1662; x_wconf 66' lang='lat' dir='ltr'><strong>caelestem</strong></span> <span class='ocrx_word' id='word_1_718' title='bbox 1481 1632 1589 1661; x_wconf 80' lang='lat' dir='ltr'><strong>Patrem</strong></span> <span class='ocrx_word' id='word_1_719' title='bbox 1607 1632 1727 1665; x_wconf 87' lang='lat' dir='ltr'><strong>invocat,</strong></span> 
     </span>
    </p>
   </div>
   <div class='ocr_carea' id='block_1_94' title="bbox 938 1677 1726 1713">
    <p class='ocr_par' dir='ltr' id='par_1_94' title="bbox 938 1677 1726 1713">
     <span class='ocr_line' id='line_1_94' title="bbox 938 1677 1726 1713; baseline -0.003 -7"><span class='ocrx_word' id='word_1_720' title='bbox 938 1679 984 1707; x_wconf 88' lang='lat' dir='ltr'><strong>sed</strong></span> <span class='ocrx_word' id='word_1_721' title='bbox 1004 1678 1152 1712; x_wconf 79' lang='lat' dir='ltr'><strong>infernum,</strong></span> <span class='ocrx_word' id='word_1_722' title='bbox 1180 1680 1227 1713; x_wconf 86' lang='lat' dir='ltr'><strong>qui</strong></span> <span class='ocrx_word' id='word_1_723' title='bbox 1251 1682 1279 1706; x_wconf 91' lang='lat' dir='ltr'><strong>et</strong></span> <span class='ocrx_word' id='word_1_724' title='bbox 1296 1678 1354 1713; x_wconf 87' lang='lat' dir='ltr'><strong>ipse</strong></span> <span class='ocrx_word' id='word_1_725' title='bbox 1383 1677 1500 1705; x_wconf 85' lang='lat' dir='ltr'><strong>mendax</strong></span> <span class='ocrx_word' id='word_1_726' title='bbox 1519 1683 1573 1709; x_wconf 87' lang='lat' dir='ltr'><strong>est,</strong></span> <span class='ocrx_word' id='word_1_727' title='bbox 1603 1682 1631 1705; x_wconf 89' lang='lat' dir='ltr'><strong>et</strong></span> <span class='ocrx_word' id='word_1_728' title='bbox 1656 1677 1726 1712; x_wconf 85' lang='lat' dir='ltr'><strong>ejus,</strong></span> 
     </span>
    </p>
   </div>
   <div class='ocr_carea' id='block_1_95' title="bbox 937 1723 1728 1761">
    <p class='ocr_par' dir='ltr' id='par_1_95' title="bbox 937 1723 1728 1761">
     <span class='ocr_line' id='line_1_95' title="bbox 937 1723 1728 1761; baseline -0.003 -9"><span class='ocrx_word' id='word_1_729' title='bbox 937 1725 1011 1761; x_wconf 92' lang='lat' dir='ltr'><strong>quod</strong></span> <span class='ocrx_word' id='word_1_730' title='bbox 1027 1725 1054 1752; x_wconf 93' lang='lat' dir='ltr'><strong>in</strong></span> <span class='ocrx_word' id='word_1_731' title='bbox 1070 1732 1236 1759; x_wconf 88' lang='lat' dir='ltr'><strong>unoquoque</strong></span> <span class='ocrx_word' id='word_1_732' title='bbox 1250 1724 1394 1756; x_wconf 85' lang='lat' dir='ltr'><strong>conﬂatur,</strong></span> <span class='ocrx_word' id='word_1_733' title='bbox 1411 1723 1547 1751; x_wconf 86' lang='lat' dir='ltr'><strong>mendacii</strong></span> <span class='ocrx_word' id='word_1_734' title='bbox 1565 1728 1646 1758; x_wconf 84' lang='lat' dir='ltr'><strong>pater</strong></span> <span class='ocrx_word' id='word_1_735' title='bbox 1655 1724 1728 1752; x_wconf 78' lang='lat' dir='ltr'><strong>exsi-</strong></span> 
     </span>
    </p>
   </div>
   <div class='ocr_carea' id='block_1_96' title="bbox 915 1768 1723 1805">
    <p class='ocr_par' dir='ltr' id='par_1_96' title="bbox 915 1768 1723 1805">
     <span class='ocr_line' id='line_1_96' title="bbox 915 1768 1723 1805; baseline -0.005 -6"><span class='ocrx_word' id='word_1_736' title='bbox 915 1776 923 1786; x_wconf 94' lang='lat'><strong><em>&#39;</em></strong></span> <span class='ocrx_word' id='word_1_737' title='bbox 939 1771 996 1804; x_wconf 88' lang='lat' dir='ltr'><strong>stit,</strong></span> <span class='ocrx_word' id='word_1_738' title='bbox 1015 1771 1060 1798; x_wconf 92' lang='lat' dir='ltr'><strong>ille</strong></span> <span class='ocrx_word' id='word_1_739' title='bbox 1075 1770 1121 1805; x_wconf 90' lang='lat' dir='ltr'><strong>qui</strong></span> <span class='ocrx_word' id='word_1_740' title='bbox 1138 1773 1289 1805; x_wconf 84' lang='lat' dir='ltr'><strong>peccatum,</strong></span> <span class='ocrx_word' id='word_1_741' title='bbox 1305 1773 1332 1796; x_wconf 90' lang='lat' dir='ltr'><strong>et</strong></span> <span class='ocrx_word' id='word_1_742' title='bbox 1346 1769 1450 1804; x_wconf 87' lang='lat' dir='ltr'><strong>peccati</strong></span> <span class='ocrx_word' id='word_1_743' title='bbox 1463 1772 1541 1803; x_wconf 86' lang='lat' dir='ltr'><strong>pater</strong></span> <span class='ocrx_word' id='word_1_744' title='bbox 1553 1773 1595 1796; x_wconf 83' lang='lat' dir='ltr'><strong>est</strong></span> <span class='ocrx_word' id='word_1_745' title='bbox 1608 1768 1640 1794; x_wconf 80' lang='grc'><strong>³⁸.</strong></span> <span class='ocrx_word' id='word_1_746' title='bbox 1660 1768 1723 1795; x_wconf 85' lang='lat' dir='ltr'><strong>Pro-</strong></span> 
     </span>
    </p>
   </div>
   <div class='ocr_carea' id='block_1_97' title="bbox 939 1813 1728 1852">
    <p class='ocr_par' dir='ltr' id='par_1_97' title="bbox 939 1813 1728 1852">
     <span class='ocr_line' id='line_1_97' title="bbox 939 1813 1728 1852; baseline -0.004 -10"><span class='ocrx_word' id='word_1_747' title='bbox 939 1821 1031 1852; x_wconf 86' lang='lat' dir='ltr'><strong>pterea</strong></span> <span class='ocrx_word' id='word_1_748' title='bbox 1043 1815 1125 1842; x_wconf 88' lang='lat' dir='ltr'><strong>animi</strong></span> <span class='ocrx_word' id='word_1_749' title='bbox 1139 1814 1285 1842; x_wconf 85' lang='lat' dir='ltr'><strong>aﬂ‘ectibus</strong></span> <span class='ocrx_word' id='word_1_750' title='bbox 1296 1821 1328 1841; x_wconf 90' lang='lat' dir='ltr'><strong>ac</strong></span> <span class='ocrx_word' id='word_1_751' title='bbox 1340 1813 1594 1849; x_wconf 85' lang='lat' dir='ltr'><strong>perturbationibus</strong></span> <span class='ocrx_word' id='word_1_752' title='bbox 1603 1813 1728 1846; x_wconf 83' lang='lat' dir='ltr'><strong>obnoxii,</strong></span> 
     </span>
    </p>
   </div>
   <div class='ocr_carea' id='block_1_98' title="bbox 940 1857 1730 1895">
    <p class='ocr_par' dir='ltr' id='par_1_98' title="bbox 940 1857 1730 1895">
     <span class='ocr_line' id='line_1_98' title="bbox 940 1857 1730 1895; baseline -0.006 -7"><span class='ocrx_word' id='word_1_753' title='bbox 940 1862 986 1889; x_wconf 91' lang='lat' dir='ltr'><strong>ﬁlii</strong></span> <span class='ocrx_word' id='word_1_754' title='bbox 1001 1862 1048 1888; x_wconf 80' lang='lat' dir='ltr'><strong>ira:</strong></span> <span class='ocrx_word' id='word_1_755' title='bbox 1061 1861 1095 1888; x_wconf 89' lang='lat' dir='ltr'><strong>ab</strong></span> <span class='ocrx_word' id='word_1_756' title='bbox 1103 1860 1234 1895; x_wconf 77' lang='lat' dir='ltr'><strong>Apostolo</strong></span> <span class='ocrx_word' id='word_1_757' title='bbox 1248 1859 1419 1894; x_wconf 84' lang='lat' dir='ltr'><strong>appellantur</strong></span> <span class='ocrx_word' id='word_1_758' title='bbox 1431 1858 1469 1891; x_wconf 78' lang='lat' dir='ltr'><strong>a’;</strong></span> <span class='ocrx_word' id='word_1_759' title='bbox 1485 1862 1513 1885; x_wconf 90' lang='lat' dir='ltr'><strong>et</strong></span> <span class='ocrx_word' id='word_1_760' title='bbox 1527 1857 1573 1892; x_wconf 93' lang='lat' dir='ltr'><strong>qui</strong></span> <span class='ocrx_word' id='word_1_761' title='bbox 1585 1865 1599 1884; x_wconf 91' lang='lat' dir='ltr'><strong>a</strong></span> <span class='ocrx_word' id='word_1_762' title='bbox 1614 1857 1669 1884; x_wconf 82' lang='lat' dir='ltr'><strong>vita</strong></span> <span class='ocrx_word' id='word_1_763' title='bbox 1683 1857 1730 1884; x_wconf 89' lang='lat' dir='ltr'><strong>de-</strong></span> 
     </span>
    </p>
   </div>
   <div class='ocr_carea' id='block_1_99' title="bbox 940 1902 1728 1942">
    <p class='ocr_par' dir='ltr' id='par_1_99' title="bbox 940 1902 1728 1942">
     <span class='ocr_line' id='line_1_99' title="bbox 940 1902 1728 1942; baseline -0.009 -6"><span class='ocrx_word' id='word_1_764' title='bbox 940 1907 1060 1939; x_wconf 81' lang='lat' dir='ltr'><strong>sciverit,</strong></span> <span class='ocrx_word' id='word_1_765' title='bbox 1076 1905 1237 1942; x_wconf 89' lang='lat' dir='ltr'><strong>perditionis</strong></span> <span class='ocrx_word' id='word_1_766' title='bbox 1250 1905 1323 1932; x_wconf 87' lang='lat' dir='ltr'><strong>ﬁlius</strong></span> <span class='ocrx_word' id='word_1_767' title='bbox 1337 1903 1495 1931; x_wconf 90' lang='lat' dir='ltr'><strong>nominatur</strong></span> <span class='ocrx_word' id='word_1_768' title='bbox 1507 1902 1548 1935; x_wconf 71' lang='lat'><strong>‘°;</strong></span> <span class='ocrx_word' id='word_1_769' title='bbox 1563 1902 1653 1930; x_wconf 88' lang='lat' dir='ltr'><strong>mollis</strong></span> <span class='ocrx_word' id='word_1_770' title='bbox 1665 1903 1728 1930; x_wconf 83' lang='lat' dir='ltr'><strong>item</strong></span> 
     </span>
    </p>
   </div>
   <div class='ocr_carea' id='block_1_100' title="bbox 939 1948 1729 1989">
    <p class='ocr_par' dir='ltr' id='par_1_100' title="bbox 939 1948 1729 1989">
     <span class='ocr_line' id='line_1_100' title="bbox 939 1948 1729 1989; baseline -0.005 -9"><span class='ocrx_word' id='word_1_771' title='bbox 939 1953 1075 1989; x_wconf 80' lang='lat' dir='ltr'><strong>quispiam</strong></span> <span class='ocrx_word' id='word_1_772' title='bbox 1092 1956 1120 1980; x_wconf 85' lang='lat' dir='ltr'><strong>et</strong></span> <span class='ocrx_word' id='word_1_773' title='bbox 1134 1951 1318 1984; x_wconf 74' lang='lat' dir='ltr'><strong>effeminatus,</strong></span> <span class='ocrx_word' id='word_1_774' title='bbox 1346 1950 1418 1978; x_wconf 82' lang='lat' dir='ltr'><strong>illius</strong></span> <span class='ocrx_word' id='word_1_775' title='bbox 1432 1948 1585 1984; x_wconf 84' lang='lat' dir='ltr'><strong>puellarum</strong></span> <span class='ocrx_word' id='word_1_776' title='bbox 1605 1949 1729 1976; x_wconf 78' lang='lat' dir='ltr'><strong>translu—</strong></span> 
     </span>
    </p>
   </div>
   <div class='ocr_carea' id='block_1_101' title="bbox 940 1994 1729 2036">
    <p class='ocr_par' dir='ltr' id='par_1_101' title="bbox 940 1994 1729 2036">
     <span class='ocr_line' id='line_1_101' title="bbox 940 1994 1729 2036; baseline -0.008 -10"><span class='ocrx_word' id='word_1_777' title='bbox 940 1999 1072 2036; x_wconf 71' lang='lat' dir='ltr'><strong>gientium</strong></span> <span class='ocrx_word' id='word_1_778' title='bbox 1088 1997 1250 2033; x_wconf 84' lang='lat' dir='ltr'><strong>appellatur.</strong></span> <span class='ocrx_word' id='word_1_779' title='bbox 1269 1995 1400 2024; x_wconf 86' lang='lat' dir='ltr'><strong>Similiter</strong></span> <span class='ocrx_word' id='word_1_780' title='bbox 1423 1995 1505 2022; x_wconf 88' lang='lat' dir='ltr'><strong>etiam</strong></span> <span class='ocrx_word' id='word_1_781' title='bbox 1530 2001 1563 2021; x_wconf 79' lang='lat' dir='ltr'><strong>ex</strong></span> <span class='ocrx_word' id='word_1_782' title='bbox 1579 1994 1729 2025; x_wconf 84' lang='lat' dir='ltr'><strong>contrario,</strong></span> 
     </span>
    </p>
   </div>
   <div class='ocr_carea' id='block_1_102' title="bbox 940 2039 1729 2078">
    <p class='ocr_par' dir='ltr' id='par_1_102' title="bbox 940 2039 1729 2078">
     <span class='ocr_line' id='line_1_102' title="bbox 940 2039 1729 2078; baseline -0.008 -6"><span class='ocrx_word' id='word_1_783' title='bbox 940 2044 1109 2072; x_wconf 75' lang='lat' dir='ltr'><strong>conscientia</strong></span> <span class='ocrx_word' id='word_1_784' title='bbox 1125 2044 1208 2075; x_wconf 88' lang='lat' dir='ltr'><strong>lauta,</strong></span> <span class='ocrx_word' id='word_1_785' title='bbox 1232 2049 1300 2078; x_wconf 88' lang='lat' dir='ltr'><strong>pura</strong></span> <span class='ocrx_word' id='word_1_786' title='bbox 1326 2048 1358 2068; x_wconf 92' lang='lat' dir='ltr'><strong>ac</strong></span> <span class='ocrx_word' id='word_1_787' title='bbox 1374 2041 1514 2068; x_wconf 89' lang='lat' dir='ltr'><strong>luculenta</strong></span> <span class='ocrx_word' id='word_1_788' title='bbox 1537 2039 1656 2075; x_wconf 63' lang='lat' dir='ltr'><strong>pratdili,</strong></span> <span class='ocrx_word' id='word_1_789' title='bbox 1682 2039 1729 2066; x_wconf 73' lang='lat' dir='ltr'><strong>ﬁlii</strong></span> 
     </span>
    </p>
   </div>
   <div class='ocr_carea' id='block_1_103' title="bbox 940 2085 1729 2124">
    <p class='ocr_par' dir='ltr' id='par_1_103' title="bbox 940 2085 1729 2124">
     <span class='ocr_line' id='line_1_103' title="bbox 940 2085 1729 2124; baseline -0.009 -6"><span class='ocrx_word' id='word_1_790' title='bbox 940 2091 1011 2119; x_wconf 88' lang='lat' dir='ltr'><strong>lucis</strong></span> <span class='ocrx_word' id='word_1_791' title='bbox 1026 2093 1053 2118; x_wconf 88' lang='lat' dir='ltr'><strong>et</strong></span> <span class='ocrx_word' id='word_1_792' title='bbox 1068 2089 1120 2117; x_wconf 87' lang='lat' dir='ltr'><strong>diei</strong></span> <span class='ocrx_word' id='word_1_793' title='bbox 1148 2088 1321 2124; x_wconf 85' lang='lat' dir='ltr'><strong>appellantur</strong></span> <span class='ocrx_word' id='word_1_794' title='bbox 1331 2087 1369 2114; x_wconf 78' lang='lat' dir='ltr'><strong>“z</strong></span> <span class='ocrx_word' id='word_1_795' title='bbox 1396 2087 1494 2114; x_wconf 83' lang='lat' dir='ltr'><strong>virium</strong></span> <span class='ocrx_word' id='word_1_796' title='bbox 1520 2085 1583 2113; x_wconf 88' lang='lat' dir='ltr'><strong>item</strong></span> <span class='ocrx_word' id='word_1_797' title='bbox 1601 2085 1648 2112; x_wconf 86' lang='lat' dir='ltr'><strong>ﬁlii</strong></span> <span class='ocrx_word' id='word_1_798' title='bbox 1673 2085 1729 2118; x_wconf 89' lang='lat' dir='ltr'><strong>alii,</strong></span> 
     </span>
    </p>
   </div>
   <div class='ocr_carea' id='block_1_104' title="bbox 940 2125 1730 2173">
    <p class='ocr_par' dir='ltr' id='par_1_104' title="bbox 940 2125 1730 2173">
     <span class='ocr_line' id='line_1_104' title="bbox 940 2125 1730 2173; baseline -0.01 -9"><span class='ocrx_word' id='word_1_799' title='bbox 940 2125 989 2173; x_wconf 82' lang='lat' dir='ltr'><strong>qui</strong></span> <span class='ocrx_word' id='word_1_800' title='bbox 1006 2136 1039 2164; x_wconf 91' lang='lat' dir='ltr'><strong>ad</strong></span> <span class='ocrx_word' id='word_1_801' title='bbox 1058 2136 1181 2164; x_wconf 88' lang='lat' dir='ltr'><strong>divinum</strong></span> <span class='ocrx_word' id='word_1_802' title='bbox 1196 2135 1280 2162; x_wconf 85' lang='lat' dir='ltr'><strong>robur</strong></span> <span class='ocrx_word' id='word_1_803' title='bbox 1296 2141 1355 2162; x_wconf 84' lang='lat' dir='ltr'><strong>sese</strong></span> <span class='ocrx_word' id='word_1_804' title='bbox 1370 2132 1549 2164; x_wconf 80' lang='lat' dir='ltr'><strong>ﬁrmaverint.</strong></span> <span class='ocrx_word' id='word_1_805' title='bbox 1563 2131 1630 2158; x_wconf 88' lang='lat' dir='ltr'><strong>Cum</strong></span> <span class='ocrx_word' id='word_1_806' title='bbox 1648 2131 1730 2166; x_wconf 74' lang='lat' dir='ltr'><strong>igitur</strong></span> 
     </span>
    </p>
   </div>
   <div class='ocr_carea' id='block_1_105' title="bbox 942 2177 1730 2211">
    <p class='ocr_par' dir='ltr' id='par_1_105' title="bbox 942 2177 1730 2211">
     <span class='ocr_line' id='line_1_105' title="bbox 942 2177 1730 2211; baseline -0.01 0"><span class='ocrx_word' id='word_1_807' title='bbox 942 2188 972 2211; x_wconf 90' lang='lat' dir='ltr'><strong>ut</strong></span> <span class='ocrx_word' id='word_1_808' title='bbox 981 2183 1089 2210; x_wconf 81' lang='lat' dir='ltr'><strong>Patrem</strong></span> <span class='ocrx_word' id='word_1_809' title='bbox 1102 2181 1186 2209; x_wconf 89' lang='lat' dir='ltr'><strong>Deum</strong></span> <span class='ocrx_word' id='word_1_810' title='bbox 1204 2181 1232 2208; x_wconf 89' lang='lat' dir='ltr'><strong>in</strong></span> <span class='ocrx_word' id='word_1_811' title='bbox 1244 2181 1368 2208; x_wconf 89' lang='lat' dir='ltr'><strong>oratione</strong></span> <span class='ocrx_word' id='word_1_812' title='bbox 1382 2179 1518 2209; x_wconf 90' lang='lat' dir='ltr'><strong>dicamus,</strong></span> <span class='ocrx_word' id='word_1_813' title='bbox 1535 2177 1668 2205; x_wconf 89' lang='lat' dir='ltr'><strong>Dominus</strong></span> <span class='ocrx_word' id='word_1_814' title='bbox 1681 2184 1730 2204; x_wconf 77' lang='lat' dir='ltr'><strong>n05</strong></span> 
     </span>
    </p>
   </div>
   <div class='ocr_carea' id='block_1_106' title="bbox 906 2217 1730 2261">
    <p class='ocr_par' dir='ltr' id='par_1_106' title="bbox 906 2217 1730 2261">
     <span class='ocr_line' id='line_1_106' title="bbox 906 2217 1730 2261; baseline -0.01 -4"><span class='ocrx_word' id='word_1_815' title='bbox 906 2217 928 2244; x_wconf 67' lang='grc' dir='ltr'><strong>Β</strong></span> <span class='ocrx_word' id='word_1_816' title='bbox 942 2230 1031 2261; x_wconf 85' lang='lat' dir='ltr'><strong>docet,</strong></span> <span class='ocrx_word' id='word_1_817' title='bbox 1052 2229 1120 2256; x_wconf 88' lang='lat' dir='ltr'><strong>nihil</strong></span> <span class='ocrx_word' id='word_1_818' title='bbox 1137 2227 1203 2255; x_wconf 93' lang='lat' dir='ltr'><strong>mihi</strong></span> <span class='ocrx_word' id='word_1_819' title='bbox 1220 2226 1310 2254; x_wconf 80' lang='lat' dir='ltr'><strong>facere</strong></span> <span class='ocrx_word' id='word_1_820' title='bbox 1321 2224 1396 2253; x_wconf 86' lang='lat' dir='ltr'><strong>aliud</strong></span> <span class='ocrx_word' id='word_1_821' title='bbox 1409 2225 1527 2256; x_wconf 83' lang='lat' dir='ltr'><strong>videtur,</strong></span> <span class='ocrx_word' id='word_1_822' title='bbox 1544 2231 1626 2258; x_wconf 89' lang='lat' dir='ltr'><strong>quam</strong></span> <span class='ocrx_word' id='word_1_823' title='bbox 1644 2223 1730 2250; x_wconf 88' lang='lat' dir='ltr'><strong>subli-</strong></span> 
     </span>
    </p>
   </div>
   <div class='ocr_carea' id='block_1_107' title="bbox 942 2270 1729 2306">
    <p class='ocr_par' dir='ltr' id='par_1_107' title="bbox 942 2270 1729 2306">
     <span class='ocr_line' id='line_1_107' title="bbox 942 2270 1729 2306; baseline -0.01 -3"><span class='ocrx_word' id='word_1_824' title='bbox 942 2282 1015 2303; x_wconf 87' lang='lat' dir='ltr'><strong>mem</strong></span> <span class='ocrx_word' id='word_1_825' title='bbox 1030 2278 1057 2302; x_wconf 88' lang='lat' dir='ltr'><strong>et</strong></span> <span class='ocrx_word' id='word_1_826' title='bbox 1072 2275 1154 2302; x_wconf 85' lang='lat' dir='ltr'><strong>altam</strong></span> <span class='ocrx_word' id='word_1_827' title='bbox 1175 2273 1320 2301; x_wconf 85' lang='lat' dir='ltr'><strong>instituere</strong></span> <span class='ocrx_word' id='word_1_828' title='bbox 1340 2275 1423 2306; x_wconf 88' lang='lat' dir='ltr'><strong>atque</strong></span> <span class='ocrx_word' id='word_1_829' title='bbox 1439 2270 1618 2305; x_wconf 83' lang='lat' dir='ltr'><strong>praescribere</strong></span> <span class='ocrx_word' id='word_1_830' title='bbox 1635 2270 1729 2302; x_wconf 85' lang='lat' dir='ltr'><strong>vitam;</strong></span> 
     </span>
    </p>
   </div>
   <div class='ocr_carea' id='block_1_108' title="bbox 942 2313 1731 2353">
    <p class='ocr_par' dir='ltr' id='par_1_108' title="bbox 942 2313 1731 2353">
     <span class='ocr_line' id='line_1_108' title="bbox 942 2313 1731 2353; baseline -0.01 -6"><span class='ocrx_word' id='word_1_831' title='bbox 942 2319 997 2347; x_wconf 88' lang='lat' dir='ltr'><strong>non</strong></span> <span class='ocrx_word' id='word_1_832' title='bbox 1009 2319 1081 2347; x_wconf 91' lang='lat' dir='ltr'><strong>enim</strong></span> <span class='ocrx_word' id='word_1_833' title='bbox 1102 2319 1196 2353; x_wconf 90' lang='lat' dir='ltr'><strong>utique</strong></span> <span class='ocrx_word' id='word_1_834' title='bbox 1213 2316 1322 2344; x_wconf 89' lang='lat' dir='ltr'><strong>mentiri</strong></span> <span class='ocrx_word' id='word_1_835' title='bbox 1349 2323 1399 2343; x_wconf 85' lang='lat' dir='ltr'><strong>nos</strong></span> <span class='ocrx_word' id='word_1_836' title='bbox 1416 2315 1515 2342; x_wconf 86' lang='lat' dir='ltr'><strong>veritas</strong></span> <span class='ocrx_word' id='word_1_837' title='bbox 1532 2313 1622 2346; x_wconf 88' lang='lat' dir='ltr'><strong>docet,</strong></span> <span class='ocrx_word' id='word_1_838' title='bbox 1646 2318 1675 2340; x_wconf 92' lang='lat' dir='ltr'><strong>ut</strong></span> <span class='ocrx_word' id='word_1_839' title='bbox 1690 2313 1731 2340; x_wconf 92' lang='lat' dir='ltr'><strong>di-</strong></span> 
     </span>
    </p>
   </div>
   <div class='ocr_carea' id='block_1_109' title="bbox 941 2359 1730 2398">
    <p class='ocr_par' dir='ltr' id='par_1_109' title="bbox 941 2359 1730 2398">
     <span class='ocr_line' id='line_1_109' title="bbox 941 2359 1730 2398; baseline -0.009 -4"><span class='ocrx_word' id='word_1_840' title='bbox 941 2373 1038 2395; x_wconf 88' lang='lat' dir='ltr'><strong>camus</strong></span> <span class='ocrx_word' id='word_1_841' title='bbox 1055 2373 1105 2393; x_wconf 86' lang='lat' dir='ltr'><strong>nos</strong></span> <span class='ocrx_word' id='word_1_842' title='bbox 1122 2371 1193 2397; x_wconf 83' lang='lat' dir='ltr'><strong>esse,</strong></span> <span class='ocrx_word' id='word_1_843' title='bbox 1220 2363 1292 2398; x_wconf 88' lang='lat' dir='ltr'><strong>quod</strong></span> <span class='ocrx_word' id='word_1_844' title='bbox 1316 2369 1371 2389; x_wconf 89' lang='lat' dir='ltr'><strong>non</strong></span> <span class='ocrx_word' id='word_1_845' title='bbox 1393 2361 1491 2392; x_wconf 89' lang='lat' dir='ltr'><strong>simus,</strong></span> <span class='ocrx_word' id='word_1_846' title='bbox 1518 2363 1545 2387; x_wconf 92' lang='lat' dir='ltr'><strong>et</strong></span> <span class='ocrx_word' id='word_1_847' title='bbox 1562 2359 1730 2394; x_wconf 85' lang='lat' dir='ltr'><strong>appellemus</strong></span> 
     </span>
    </p>
   </div>
   <div class='ocr_carea' id='block_1_110' title="bbox 942 2402 1730 2445">
    <p class='ocr_par' dir='ltr' id='par_1_110' title="bbox 942 2402 1730 2445">
     <span class='ocr_line' id='line_1_110' title="bbox 942 2402 1730 2445; baseline -0.013 -4"><span class='ocrx_word' id='word_1_848' title='bbox 942 2421 993 2441; x_wconf 92' lang='lat' dir='ltr'><strong>nos</strong></span> <span class='ocrx_word' id='word_1_849' title='bbox 1010 2419 1044 2440; x_wconf 91' lang='lat' dir='ltr'><strong>eo</strong></span> <span class='ocrx_word' id='word_1_850' title='bbox 1057 2411 1178 2442; x_wconf 84' lang='lat' dir='ltr'><strong>nomine,</strong></span> <span class='ocrx_word' id='word_1_851' title='bbox 1194 2408 1267 2445; x_wconf 88' lang='lat' dir='ltr'><strong>quod</strong></span> <span class='ocrx_word' id='word_1_852' title='bbox 1282 2412 1381 2435; x_wconf 85' lang='lat' dir='ltr'><strong>natura</strong></span> <span class='ocrx_word' id='word_1_853' title='bbox 1405 2402 1493 2433; x_wconf 60' lang='lat' dir='ltr'><strong>nobis</strong></span> <span class='ocrx_word' id='word_1_854' title='bbox 1499 2405 1662 2432; x_wconf 86' lang='lat' dir='ltr'><strong>attributum</strong></span> <span class='ocrx_word' id='word_1_855' title='bbox 1677 2412 1730 2432; x_wconf 90' lang='lat' dir='ltr'><strong>non</strong></span> 
     </span>
    </p>
   </div>
   <div class='ocr_carea' id='block_1_111' title="bbox 942 2451 1730 2490">
    <p class='ocr_par' dir='ltr' id='par_1_111' title="bbox 942 2451 1730 2490">
     <span class='ocr_line' id='line_1_111' title="bbox 942 2451 1730 2490; baseline -0.013 -4"><span class='ocrx_word' id='word_1_856' title='bbox 942 2458 989 2490; x_wconf 84' lang='lat' dir='ltr'><strong>sit,</strong></span> <span class='ocrx_word' id='word_1_857' title='bbox 1010 2457 1059 2486; x_wconf 88' lang='lat' dir='ltr'><strong>sed</strong></span> <span class='ocrx_word' id='word_1_858' title='bbox 1074 2460 1104 2484; x_wconf 91' lang='lat' dir='ltr'><strong>ut</strong></span> <span class='ocrx_word' id='word_1_859' title='bbox 1120 2456 1185 2484; x_wconf 87' lang='lat' dir='ltr'><strong>dum</strong></span> <span class='ocrx_word' id='word_1_860' title='bbox 1201 2455 1401 2488; x_wconf 86' lang='lat' dir='ltr'><strong>incorruptum,</strong></span> <span class='ocrx_word' id='word_1_861' title='bbox 1416 2455 1442 2480; x_wconf 89' lang='lat' dir='ltr'><strong>et</strong></span> <span class='ocrx_word' id='word_1_862' title='bbox 1454 2451 1570 2486; x_wconf 88' lang='lat' dir='ltr'><strong>justum.</strong></span> <span class='ocrx_word' id='word_1_863' title='bbox 1588 2454 1615 2478; x_wconf 92' lang='lat' dir='ltr'><strong>et</strong></span> <span class='ocrx_word' id='word_1_864' title='bbox 1628 2451 1730 2477; x_wconf 89' lang='lat' dir='ltr'><strong>bonum</strong></span> 
     </span>
    </p>
   </div>
   <div class='ocr_carea' id='block_1_112' title="bbox 942 2494 1732 2531">
    <p class='ocr_par' dir='ltr' id='par_1_112' title="bbox 942 2494 1732 2531">
     <span class='ocr_line' id='line_1_112' title="bbox 942 2494 1732 2531; baseline -0.013 -1"><span class='ocrx_word' id='word_1_865' title='bbox 942 2501 1053 2529; x_wconf 84' lang='lat' dir='ltr'><strong>Patrem</strong></span> <span class='ocrx_word' id='word_1_866' title='bbox 1070 2504 1196 2528; x_wconf 90' lang='lat' dir='ltr'><strong>nostrum</strong></span> <span class='ocrx_word' id='word_1_867' title='bbox 1220 2497 1349 2530; x_wconf 88' lang='lat' dir='ltr'><strong>dicimus,</strong></span> <span class='ocrx_word' id='word_1_868' title='bbox 1366 2497 1428 2524; x_wconf 71' lang='lat' dir='ltr'><strong>vita:</strong></span> <span class='ocrx_word' id='word_1_869' title='bbox 1450 2495 1606 2531; x_wconf 75' lang='lat' dir='ltr'><strong>integritate</strong></span> <span class='ocrx_word' id='word_1_870' title='bbox 1621 2494 1732 2530; x_wconf 68' lang='lat' dir='ltr'><strong>propin~</strong></span> 
     </span>
    </p>
   </div>
   <div class='ocr_carea' id='block_1_113' title="bbox 943 2540 1729 2583">
    <p class='ocr_par' dir='ltr' id='par_1_113' title="bbox 943 2540 1729 2583">
     <span class='ocr_line' id='line_1_113' title="bbox 943 2540 1729 2583; baseline -0.013 -7"><span class='ocrx_word' id='word_1_871' title='bbox 943 2548 1075 2583; x_wconf 87' lang='lat' dir='ltr'><strong>quitatem</strong></span> <span class='ocrx_word' id='word_1_872' title='bbox 1083 2546 1245 2577; x_wconf 81' lang='lat' dir='ltr'><strong>referamus,</strong></span> <span class='ocrx_word' id='word_1_873' title='bbox 1253 2549 1464 2579; x_wconf 84' lang='lat' dir='ltr'><strong>eamqueveram</strong></span> <span class='ocrx_word' id='word_1_874' title='bbox 1474 2549 1535 2570; x_wconf 85' lang='lat' dir='ltr'><strong>esse</strong></span> <span class='ocrx_word' id='word_1_875' title='bbox 1543 2540 1729 2569; x_wconf 89' lang='lat' dir='ltr'><strong>ostendamus.</strong></span> 
     </span>
    </p>
   </div>
   <div class='ocr_carea' id='block_1_114' title="bbox 943 2583 1731 2629">
    <p class='ocr_par' dir='ltr' id='par_1_114' title="bbox 943 2583 1731 2629">
     <span class='ocr_line' id='line_1_114' title="bbox 943 2583 1731 2629; baseline -0.014 -7"><span class='ocrx_word' id='word_1_876' title='bbox 943 2593 1027 2622; x_wconf 81' lang='lat' dir='ltr'><strong>Vides</strong></span> <span class='ocrx_word' id='word_1_877' title='bbox 1041 2597 1145 2629; x_wconf 89' lang='lat' dir='ltr'><strong>quanto</strong></span> <span class='ocrx_word' id='word_1_878' title='bbox 1160 2592 1240 2619; x_wconf 87' lang='lat' dir='ltr'><strong>nobis</strong></span> <span class='ocrx_word' id='word_1_879' title='bbox 1260 2597 1330 2625; x_wconf 88' lang='lat' dir='ltr'><strong>opus</strong></span> <span class='ocrx_word' id='word_1_880' title='bbox 1347 2588 1383 2617; x_wconf 86' lang='lat' dir='ltr'><strong>sit</strong></span> <span class='ocrx_word' id='word_1_881' title='bbox 1397 2587 1550 2623; x_wconf 86' lang='lat' dir='ltr'><strong>apparatu?</strong></span> <span class='ocrx_word' id='word_1_882' title='bbox 1569 2586 1643 2622; x_wconf 84' lang='lat' dir='ltr'><strong>quali</strong></span> <span class='ocrx_word' id='word_1_883' title='bbox 1660 2583 1731 2612; x_wconf 80' lang='lat' dir='ltr'><strong>vita?</strong></span> 
     </span>
    </p>
   </div>
   <div class='ocr_carea' id='block_1_115' title="bbox 944 2629 1730 2676">
    <p class='ocr_par' dir='ltr' id='par_1_115' title="bbox 944 2629 1730 2676">
     <span class='ocr_line' id='line_1_115' title="bbox 944 2629 1730 2676; baseline -0.014 -9"><span class='ocrx_word' id='word_1_884' title='bbox 944 2642 1047 2676; x_wconf 88' lang='lat' dir='ltr'><strong>quanto</strong></span> <span class='ocrx_word' id='word_1_885' title='bbox 1066 2646 1098 2666; x_wconf 88' lang='lat' dir='ltr'><strong>ac</strong></span> <span class='ocrx_word' id='word_1_886' title='bbox 1110 2637 1185 2673; x_wconf 88' lang='lat' dir='ltr'><strong>quali</strong></span> <span class='ocrx_word' id='word_1_887' title='bbox 1201 2636 1306 2667; x_wconf 75' lang='lat' dir='ltr'><strong>studio.</strong></span> <span class='ocrx_word' id='word_1_888' title='bbox 1329 2639 1359 2663; x_wconf 91' lang='lat' dir='ltr'><strong>ut</strong></span> <span class='ocrx_word' id='word_1_889' title='bbox 1372 2634 1406 2662; x_wconf 89' lang='lat' dir='ltr'><strong>ad</strong></span> <span class='ocrx_word' id='word_1_890' title='bbox 1423 2641 1484 2662; x_wconf 90' lang='lat' dir='ltr'><strong>eum</strong></span> <span class='ocrx_word' id='word_1_891' title='bbox 1498 2632 1610 2660; x_wconf 88' lang='lat' dir='ltr'><strong>modum</strong></span> <span class='ocrx_word' id='word_1_892' title='bbox 1626 2629 1730 2658; x_wconf 75' lang='lat' dir='ltr'><strong>ﬁducia:</strong></span> 
     </span>
    </p>
   </div>
   <div class='ocr_carea' id='block_1_116' title="bbox 942 2675 1731 2714">
    <p class='ocr_par' dir='ltr' id='par_1_116' title="bbox 942 2675 1731 2714">
     <span class='ocr_line' id='line_1_116' title="bbox 942 2675 1731 2714; baseline -0.014 -1"><span class='ocrx_word' id='word_1_893' title='bbox 942 2675 1033 2714; x_wconf 76' lang='lat' dir='ltr'><strong>erecta</strong></span> <span class='ocrx_word' id='word_1_894' title='bbox 1056 2684 1166 2712; x_wconf 83' lang='lat' dir='ltr'><strong>tandem</strong></span> <span class='ocrx_word' id='word_1_895' title='bbox 1187 2681 1357 2710; x_wconf 86' lang='lat' dir='ltr'><strong>conscientia</strong></span> <span class='ocrx_word' id='word_1_896' title='bbox 1382 2683 1476 2708; x_wconf 84' lang='lat' dir='ltr'><strong>nostra</strong></span> <span class='ocrx_word' id='word_1_897' title='bbox 1491 2678 1524 2706; x_wconf 91' lang='lat' dir='ltr'><strong>ad</strong></span> <span class='ocrx_word' id='word_1_898' title='bbox 1542 2677 1627 2705; x_wconf 87' lang='lat' dir='ltr'><strong>Deum</strong></span> <span class='ocrx_word' id='word_1_899' title='bbox 1641 2675 1731 2703; x_wconf 82' lang='lat' dir='ltr'><strong>dicere</strong></span> 
     </span>
    </p>
   </div>
   <div class='ocr_carea' id='block_1_117' title="bbox 943 2721 1730 2765">
    <p class='ocr_par' dir='ltr' id='par_1_117' title="bbox 943 2721 1730 2765">
     <span class='ocr_line' id='line_1_117' title="bbox 943 2721 1730 2765; baseline -0.015 -6"><span class='ocrx_word' id='word_1_900' title='bbox 943 2731 1105 2763; x_wconf 87' lang='lat' dir='ltr'><strong>audeamus,</strong></span> <span class='ocrx_word' id='word_1_901' title='bbox 1125 2728 1292 2757; x_wconf 67' lang='lat' dir='ltr'><strong>PaterPNam</strong></span> <span class='ocrx_word' id='word_1_902' title='bbox 1306 2727 1329 2757; x_wconf 90' lang='lat' dir='ltr'><strong>si</strong></span> <span class='ocrx_word' id='word_1_903' title='bbox 1341 2726 1474 2765; x_wconf 85' lang='lat' dir='ltr'><strong>pecunias</strong></span> <span class='ocrx_word' id='word_1_904' title='bbox 1488 2728 1606 2760; x_wconf 86' lang='lat' dir='ltr'><strong>spectes,</strong></span> <span class='ocrx_word' id='word_1_905' title='bbox 1621 2722 1644 2749; x_wconf 90' lang='lat' dir='ltr'><strong>si</strong></span> <span class='ocrx_word' id='word_1_906' title='bbox 1659 2721 1730 2748; x_wconf 86' lang='lat' dir='ltr'><strong>circa</strong></span> 
     </span>
    </p>
   </div>
   <div class='ocr_carea' id='block_1_118' title="bbox 135 2775 887 2826">
    <p class='ocr_par' dir='ltr' id='par_1_118' title="bbox 135 2790 887 2826">
     <span class='ocr_line' id='line_1_118' title="bbox 135 2790 887 2826; baseline 0 -8"><span class='ocrx_word' id='word_1_907' title='bbox 135 2791 158 2806; x_wconf 80' lang='lat'><strong>&quot;</strong></span> <span class='ocrx_word' id='word_1_908' title='bbox 178 2790 200 2818; x_wconf 96' lang='lat' dir='ltr'><strong>ll</strong></span> <span class='ocrx_word' id='word_1_909' title='bbox 216 2791 278 2820; x_wconf 88' lang='lat' dir='ltr'><strong>Cor.</strong></span> <span class='ocrx_word' id='word_1_910' title='bbox 297 2799 339 2825; x_wconf 84' lang='lat' dir='ltr'><strong>vt,</strong></span> <span class='ocrx_word' id='word_1_911' title='bbox 357 2791 390 2819; x_wconf 61' lang='lat' dir='ltr'><strong>li</strong></span> <span class='ocrx_word' id='word_1_912' title='bbox 434 2791 454 2808; x_wconf 90' lang='grc'><strong>³⁷</strong></span> <span class='ocrx_word' id='word_1_913' title='bbox 477 2790 571 2819; x_wconf 82' lang='lat' dir='ltr'><strong>Matth.</strong></span> <span class='ocrx_word' id='word_1_914' title='bbox 590 2799 640 2826; x_wconf 82' lang='lat' dir='ltr'><strong>vn,</strong></span> <span class='ocrx_word' id='word_1_915' title='bbox 656 2791 698 2819; x_wconf 85' lang='grc'><strong>18.</strong></span> <span class='ocrx_word' id='word_1_916' title='bbox 737 2791 759 2808; x_wconf 80' lang='grc'>³⁸</span> <span class='ocrx_word' id='word_1_917' title='bbox 779 2790 857 2819; x_wconf 81' lang='lat' dir='ltr'><strong>Joan.</strong></span> <span class='ocrx_word' id='word_1_918' title='bbox 874 2798 887 2818; x_wconf 61' lang='grc' dir='ltr'><strong>ν</strong></span> 
     </span>
    </p>
   </div>
   <div class='ocr_carea' id='block_1_119' title="bbox 938 2775 1730 2826">
    <p class='ocr_par' dir='ltr' id='par_1_119' title="bbox 938 2775 1730 2823">
     <span class='ocr_line' id='line_1_119' title="bbox 938 2775 1730 2823; baseline -0.02 -6"><span class='ocrx_word' id='word_1_919' title='bbox 938 2789 971 2817; x_wconf 74' lang='lat' dir='ltr'><strong>il.</strong></span> <span class='ocrx_word' id='word_1_920' title='bbox 1012 2789 1033 2804; x_wconf 49' lang='lat'><strong>1&quot;</strong></span> <span class='ocrx_word' id='word_1_921' title='bbox 1055 2787 1153 2823; x_wconf 81' lang='lat' dir='ltr'><strong>Epltcs.</strong></span> <span class='ocrx_word' id='word_1_922' title='bbox 1172 2794 1206 2819; x_wconf 88' lang='grc' dir='ltr'><strong>ιι,</strong></span> <span class='ocrx_word' id='word_1_923' title='bbox 1221 2786 1247 2814; x_wconf 77' lang='lat'><strong>5.</strong></span> <span class='ocrx_word' id='word_1_924' title='bbox 1287 2785 1309 2802; x_wconf 76' lang='grc'><strong>⁶⁰</strong></span> <span class='ocrx_word' id='word_1_925' title='bbox 1328 2783 1408 2812; x_wconf 81' lang='lat' dir='ltr'><strong>Joan.</strong></span> <span class='ocrx_word' id='word_1_926' title='bbox 1425 2789 1490 2814; x_wconf 82' lang='lat' dir='ltr'><strong>xvu,</strong></span> <span class='ocrx_word' id='word_1_927' title='bbox 1507 2779 1549 2806; x_wconf 78' lang='lat' dir='ltr'><strong>i2.</strong></span> <span class='ocrx_word' id='word_1_928' title='bbox 1588 2778 1610 2794; x_wconf 78' lang='lat'>“</span> <span class='ocrx_word' id='word_1_929' title='bbox 1630 2775 1730 2813; x_wconf 79' lang='lat' dir='ltr'><strong>Eplies.</strong></span> 
     </span>
    </p>
   </div>
   <div class='ocr_carea' id='block_1_120' title="bbox 100 2827 169 2858">
    <p class='ocr_par' dir='ltr' id='par_1_120' title="bbox 100 2827 169 2858">
     <span class='ocr_line' id='line_1_120' title="bbox 100 2827 169 2858; baseline 0.029 -5"><span class='ocrx_word' id='word_1_930' title='bbox 100 2833 127 2858; x_wconf 79' lang='grc' dir='ltr'><strong>ν,</strong></span> <span class='ocrx_word' id='word_1_931' title='bbox 143 2827 169 2855; x_wconf 76' lang='grc'><strong>8.</strong></span> 
     </span>
    </p>
   </div>
  </div>
