1978 3068
244 105 315 135 11ιῦ

873 104 902 132 S.
921 103 1084 133 GREGORH
1100 104 1246 132 NYSSENI

1814 101 1876 129 ΠΗ

245 162 391 190 szecularcs
408 161 469 189 vita:
484 160 595 189 fraudes
611 166 762 197 occupatus
776 162 824 195 sis,
840 167 888 189 aut
899 169 932 190 ex
948 162 1038 189 homi-

1098 163 1199 200 Πατέρα
1228 163 1319 195 καλεῖς
1350 163 1364 189 ὁ
1389 161 1613 197 κατεφθαρμένος
1634 160 1673 196 τῷ
1698 159 1748 196 βίῳ
1765 158 1811 186 τὸν
1831 159 1877 193 τῆς

245 208 326 236 nibus
338 208 452 243 gloriam
464 215 588 244 quaeras;
608 208 631 236 si
649 208 756 237 vitiosis
770 209 969 245 cupiditatibus
980 216 1036 236 ser-

245 254 324 286 vias,
348 253 447 280 deinde
469 253 605 288 ejusmodi
623 254 776 282 orationem
801 255 828 282 in
849 262 898 282 ore
922 255 1035 286 habeas,

246 299 312 335 quid
324 299 462 327 dicturum
479 307 541 328 esse
554 303 634 334 putas
647 307 721 332 eum,
740 300 787 336 qui
802 301 885 327 vitam
901 305 976 328 tuam
995 301 1037 328 in-

246 349 349 377 tuetur,
374 348 401 372 et
422 345 573 374 orationem
597 346 748 381 intelligit?
771 346 838 373 Nam
852 354 903 381 ego
926 346 1036 382 quidem

245 391 382 425 ejusmodi
410 391 546 426 quaedam,
575 391 656 427 quasi
680 391 738 419 Deo
760 391 794 418 ad
816 392 895 419 talem
917 392 1035 424 dicente,

248 437 313 464 mihi
327 437 408 464 verba
433 437 528 464 videor
551 437 666 465 audire:
690 437 797 465 Patrem
819 445 902 465 vocas
919 438 964 472 qui
983 437 1037 464 vita

245 487 394 517 Corruptus
410 490 451 515 es,
471 490 533 510 eum
551 484 600 518 qui
626 482 896 518 incorruptibilitatis
920 487 947 510 et
966 482 1050 510 inte»‘

246 528 354 563 gritatis
366 528 448 556 Pater
462 529 523 556 est?
549 528 605 557 Cur
623 530 733 558 sordida
756 533 803 556 tua
819 537 886 557 voce
902 530 1037 557 contami-

247 580 298 601 nas
310 581 410 602 nomen
424 575 634 610 incorruptum?
649 583 699 603 cur
712 575 781 602 falso
796 575 844 602 tibi
859 575 971 603 verbum
986 575 1038 603 hoc

247 620 385 654 usurpas?
405 621 461 648 Cur
479 625 606 648 naturam
630 621 799 656 impollutam
815 620 987 648 dedecoras?
1013 620 1037 647 si

249 665 320 692 filius
335 672 413 693 meus
431 673 518 699 esses,
537 666 606 694 meis
621 666 702 694 bonis
725 673 840 701 prorsus
862 666 944 693 etiam
963 670 1037 692 tuam

247 710 331 738 vitam
354 712 488 746 insignem
506 720 568 741 esse
580 713 740 748 oportebat;
766 720 821 740 non
846 720 967 749 agnosco
989 720 1038 740 na-

247 761 316 784 tura;
328 764 396 784 mea:
409 756 554 792 imaginem
567 758 594 784 in
610 761 656 790 te;
674 757 893 785 adversariorum
908 762 973 785 sunt
986 757 1038 784 ista

248 802 384 839 insignia:
405 810 467 837 qua;
479 803 597 831 societas
610 803 664 830 luci
677 811 739 830 cum
755 803 891 831 tenebris?
905 810 965 838 quae
975 803 1038 829 vitta

248 853 275 877 et
290 831 387 876 mortis
414 831 541 884 cognatio
566 849 630 876 est?
656 856 717 884 quae
739 831 921 877 necessitudo.
939 852 1037 876 natura
1055 831 1077 858 Β

249 902 319 930 puro
333 902 395 922 cum
409 894 517 929 impuro
531 894 695 922 intercedit?
708 895 824 923 multum
841 895 954 923 interest
967 896 1039 924 inter

249 940 450 970 benefactorem
462 945 489 968 et
503 942 650 975 r'aptorem.
665 941 838 969 lnsociabilis
848 942 919 970 inter
929 943 1039 970 miseri-

1087 209 1241 245 ἀφθαρσίας
1257 209 1383 245 Πατέρα;
1397 209 1429 234 Τί
1442 207 1564 243 μολύνεις
1574 208 1608 242 τῇ
1623 207 1734 242 ῥυπαρᾷ
1745 214 1791 232 σου
1806 206 1878 240 φωνῇ

1087 257 1118 283 τὸ
1130 257 1267 292 ἀκήρατον
1277 257 1380 292 ὅνομα;
1403 256 1436 282 Τί
1459 254 1615 290 καταψεύδῃ
1634 253 1680 280 τοῦ
1694 255 1831 288 ῥήματος;
1847 252 1879 278 Τί

1087 303 1263 338 καθυϐρίζεις
1281 303 1331 339 τὴν
1347 302 1496 337 ἀμόλυντον
1513 301 1611 336 φύσινς
1639 300 1669 326 Et
1690 299 1781 326 τέκνον
1798 297 1832 334 ἦς
1848 298 1878 324 σὺ

1087 348 1163 384 ὲμδν,
1185 349 1218 375 ὲκ
1233 348 1286 375 τῶν
1305 348 1380 383 ὲμῶν
1395 347 1506 382 ἀγαθῶν
1521 346 1574 373 ἔδει
1592 346 1700 376 πάντως
1713 345 1760 371 καὶ
1773 344 1819 371 τὸν
1835 344 1879 370 σὺν
1894 364 1898 367 .

1088 393 1149 428 βίον
1176 393 1441 430 χαρακτηρίζεσθαι·
1464 393 1513 419 οὐκ
1542 391 1715 425 ὲπιγινώσκω
1736 389 1785 424 τῆς
1810 389 1880 424 ἐμῆς
1904 384 1920 430 ς

1088 414 1147 428 r""
1177 414 1424 430 It"r"'"'tr'='~""
1466 414 1513 419 vv"
1542 414 1712 425 —---."—~-—
1742 414 1784 424 *Ἰν
1815 414 1834 424 νι
1860 414 1880 422 ι-

1088 437 1197 472 φύσεως
1214 439 1242 464 ὲν
1261 439 1303 464 σοὶ
1321 437 1369 473 τὴν
1394 437 1502 464 εἰκόνα·
1531 437 1563 462 ὲκ
1584 435 1637 462 τῶν
1655 435 1783 462 ἐναντίων
1793 435 1818 460 οἱ
1833 442 1882 468 χα-

1090 484 1239 519 ρακτῆρες·
1255 484 1298 515 τίς
1312 483 1439 510 κοινωνία
1456 483 1525 517 φωτὶ
1536 482 1605 517 πρὸς
1624 482 1737 514 σκότος;
1754 480 1796 511 τίς
1809 479 1883 514 ζωῆς

1088 528 1136 554 καὶ
1150 527 1265 554 θανάτου
1283 527 1428 562 συγγένεια
1438 535 1445 559 ;
1455 527 1497 558 τίς
1511 526 1645 561 οἰκειότης
1660 525 1699 560 τῷ
1711 523 1823 559 καθαρῷ
1833 524 1883 558 τὴν

1089 573 1170 608 φύσιν
1185 573 1253 608 πρὸς
1265 573 1295 599 τὸ
1307 572 1477 607 ἀκάθαρτον;
1497 571 1567 597 Πολὺ
1584 570 1632 597 τοῦ
1647 569 1792 605 εὐεργέτου
1815 567 1884 602 πρὸς

1087 619 1133 646 τὸν
1147 618 1310 653 πλεονέκτην
1332 618 1361 644 τὸ
1376 617 1467 652 μέσον.
1483 617 1615 652 ’Λμικτος
1637 617 1653 651 ὴ
1674 615 1726 642 τοῦ
1739 615 1885 650 ὲλεήμονος

1088 665 1136 692 καὶ
1152 664 1200 691 τοῦ
1217 663 1337 699 ἀπηνοῦς
1356 663 1511 694 ἐναντίωσις
1521 671 1527 677 ·
1539 662 1618 693 ἄλλος
1633 661 1724 697 πατὴρ
1734 660 1786 690 τῶν
1798 661 1827 686 ἐν
1843 661 1886 686 σοὶ

1088 711 1182 738 κακῶν
1189 717 1197 726 ³
1209 711 1243 738 τὰ
1250 710 1305 746 γὰρ
1315 709 1369 745 ἐμὰ
1376 710 1532 745 γεννήματα
1549 710 1605 740 τοῖς
1616 707 1753 743 πατρῴοις
1771 706 1886 741 ἀγαθοῖς

1088 756 1299 790 καλλωπίζεται,
1316 756 1409 782 τέκνον
1426 755 1473 782 τοῦ
1489 755 1633 790 ὲλεήμονος
1654 756 1668 781 ὁ
1688 754 1821 789 ἐλεήμων,
1837 753 1886 779 καὶ

1088 803 1135 831 τοῦ
1148 802 1269 838 καθαροῦ
1277 803 1291 829 ό
1299 801 1427 836 καθαρὸς,
1437 803 1452 828 ό
1466 801 1564 836 φθόρος
1574 801 1713 835 ἀλλότριος
1722 799 1768 826 τοῦ
1779 798 1888 834 ἀφθάρ-

1091 857 1148 876 του·
1163 849 1248 876 καὶτὸ
1261 848 1331 881 ὅλον,
1349 848 1378 880 ἐξ
1390 848 1493 882 ἀγαθοῦ
1510 847 1622 881 ἀγαθὸς,
1635 847 1681 873 καὶ
1689 847 1721 872 ὲκ
1728 845 1832 872 δικαίου
1846 845 1888 872 δί-

1091 904 1177 927 καιος.
1187 895 1274 930 ’Υμᾶς
1284 894 1312 921 δὲ
1319 894 1368 921 οὐκ
1382 892 1441 921 οῖδα
1448 894 1530 920 πόθεν
1541 893 1612 920 sua.
1628 892 1733 920 Οὐκοῦν
1747 891 1887 918 ἐπικίνδυ-

1091 952 1135 970 νον
1153 943 1218 978 πρὶν
1250 940 1423 977 καθαρθῆναι
1438 940 1477 975 τῷ
1490 940 1540 976 βίῳ
1549 940 1599 974 τῆς
1613 938 1766 975 προσευχῆς
1784 936 1889 971 ταύτης

249 986 359 1017 cordem
371 990 398 1014 et
410 987 541 1014 immitem
552 987 734 1015 contrarietas
745 987 905 1016 intercedit:
918 989 989 1016 alius
996 993 1039 1017 est

1098 987 1305 1023 κατατολμῆσαι,
1322 987 1369 1013 καὶ
1380 986 1489 1021 Πατέρα
1502 984 1597 1012 ἑαυτοῦ
1610 985 1656 1012 τὸν
1667 984 1732 1010 Θεὸν
1743 983 1886 1017 ὀνομάσαι.

249 1037 326 1068 pater
338 1033 475 1066 vitiorum,
492 1041 553 1069 quae
567 1034 595 1061 in
610 1038 636 1062 te
648 1038 713 1062 sunt
725 1043 732 1066 ;
744 1042 806 1062 nam
815 1042 874 1062 mea
888 1036 996 1064 soboles
1013 1036 1133 1071 paternis
1147 1035 1228 1062 bonis
1247 1034 1403 1066 decoratur,
1423 1032 1495 1060 filius
1506 1031 1691 1060 misericordis
1710 1029 1867 1057 misericors
1880 1036 1888 1060 ;

250 1080 347 1116 integri
361 1085 388 1107 et
407 1080 479 1114 puri,
497 1081 603 1116 integer
621 1085 648 1109 et
666 1089 752 1116 purus
769 1087 830 1116 est;
849 1088 995 1118 corruptus
1010 1084 1116 1111 alienus
1131 1086 1173 1110 est
1206 1083 1241 1109 ab
1258 1082 1439 1116 incorrupto;
1472 1086 1499 1108 et
1515 1083 1544 1106 ut
1559 1078 1716 1107 summatim
1729 1077 1832 1109 dicam,
1852 1084 1889 1103 ex

251 1127 322 1154 bono
343 1125 442 1158 bonus,
455 1130 483 1153 et
499 1133 532 1153 ex
545 1127 621 1162 justo
633 1127 726 1162 justus
740 1128 850 1161 editur;
866 1136 916 1156 vos
940 1134 1031 1157 autem
1046 1138 1101 1157 non
1117 1129 1191 1160 novi,
1213 1128 1285 1156 unde
1303 1127 1374 1154 silis.
1386 1127 1520 1160 Quocirca
1541 1126 1699 1161 priusquam
1721 1124 1820 1158 aliquis
1834 1122 1891 1150 vita

251 1163 374 1206 expiattfs
388 1177 415 1201 et
429 1176 598 1208 expurgatus
606 1173 652 1205 sit,
664 1173 848 1208 periculosum
864 1178 906 1201 est
918 1175 946 1201 in
959 1175 1009 1202 hac
1017 1175 1141 1203 oratione
1150 1173 1279 1201 audacem
1291 1180 1362 1204 esse,
1375 1176 1403 1200 et
1417 1171 1524 1199 Patrem
1540 1179 1620 1199 suum
1633 1170 1717 1196 Deum
1735 1169 1889 1199 nominare.

287 1218 387 1247 Verum
401 1219 545 1247 audiamus
560 1227 657 1247 rursus
674 1221 758 1248 verba
773 1221 918 1254 orationis,
945 1222 968 1249 si
985 1230 1041 1256 quo

252 1265 333 1292 modo
345 1265 415 1294 forte
429 1265 568 1294 crebriore
581 1266 754 1301 repetitione,
765 1274 858 1294 rerum
870 1268 1039 1294 occultarum

252 1312 389 1338 sententia
405 1319 421 1339 a
436 1311 516 1340 nobis
533 1311 715 1339 animadverti
730 1317 812 1347 atque
830 1313 961 1348 cognosci
975 1321 1038 1349 pos-

253 1357 298 1384 sit.
321 1357 402 1384 Pater
422 1362 521 1390 noster,
545 1358 589 1392 qui
604 1365 631 1384 es
653 1357 681 1385 in
695 1357 778 1385 caelis.
793 1357 940 1386 Enimvero
968 1359 1040 1394 quod

254 1403 308 1430 vita
325 1411 387 1431 cum
408 1403 510 1430 virtute
533 1403 682 1439 conjuncta
697 1402 769 1431 Deus
790 1404 980 1432 conciliandus
994 1405 1040 1436 sit,

254 1449 429 1477 mediocriter
444 1457 460 1476 a
477 1449 556 1476 nobis
569 1457 618 1484 per
633 1456 676 1481 ea,
701 1456 762 1484 quae
778 1457 861 1484 supra
877 1449 950 1478 dicta
966 1454 1040 1482 sunt,

1133 1220 1213 1247 Ἀλλά
1237 1219 1400 1254 ἀκούσωμεν
1426 1218 1480 1244 τῶν
1508 1217 1556 1252 τῆς
1582 1215 1736 1251 προσευχῆς
1755 1214 1891 1250 ῥημάτων

1093 1267 1187 1299 πάλιν,
1209 1266 1237 1292 ει
1248 1275 1289 1298 τις
1311 1266 1365 1300 ἄρα
1393 1264 1499 1298 γένοιτο
1519 1263 1586 1297 ἡμῖν
1606 1261 1662 1288 τῶν
1686 1260 1810 1296 κρυφίων
1840 1259 1891 1286 τοῦ

1093 1312 1139 1339 νοῦ
1155 1312 1317 1347 κατανόησις
1332 1310 1375 1336 διὰ
1400 1311 1448 1344 τῆς
1464 1306 1660 1342 συνεχεστέρας
1677 1305 1889 1340 ὲπαναλήψεως.

1094 1360 1191 1393 Πάτερ
1202 1358 1296 1394 ἡμῶν,
1313 1359 1328 1385 ό
1346 1358 1380 1384 ἐν
1394 1357 1455 1390 τοῖς
1470 1354 1619 1389 οὐρανοῖς.
1631 1354 1694 1380 Ὅτι
1711 1354 1758 1389 μὲν
1775 1351 1821 1380 οὖν
1834 1352 1890 1388 χρὴ

1094 1405 1133 1441 τῷ
1147 1406 1206 1432 κατ’
1220 1403 1319 1440 ἀρετὴν
1338 1403 1387 1439 βίῳ
1404 1402 1449 1430 τδν
1471 1402 1536 1429 Θεῦν
1550 1400 1754 1440 οἰκειώσασθαι,
1770 1399 1889 1434 μετρίως

1095 1451 1161 1486 ἡμῖν
1175 1449 1219 1476 διὰ
1235 1449 1289 1475 τῶν
1303 1447 1492 1483 προλαϐόντων
1516 1447 1662 1482 ἐξήτασται
1689 1445 1784 1478 λόγων.
1808 1442 1890 1469 Δοιιεὶ¹

254 1497 396 1521 ostensum
412 1497 464 1521 est.
483 1493 537 1521 Sed
557 1494 685 1521 videntur
703 1493 769 1521 mihi
785 1493 843 1522 hate
862 1494 945 1522 verba
962 1496 1043 1522 etiam

1098 1495 1124 1522 δέ
1141 1504 1184 1531 μοι
1207 1495 1255 1521 καὶ
1275 1493 1426 1529 βαθυτέραν
1445 1493 1507 1519 τινὰ
1526 1492 1646 1519 διάνοιαν
1666 1489 1859 1525 ὑποσημαίνειν
1873 1489 1889 1515 ὁ

232 1563 235 1566 ι
255 1537 460 1574 profundiorem
475 1539 621 1573 quamdam
632 1539 796 1566 sententiam
808 1539 970 1574 designare;
987 1540 1045 1567 hzcc

255 1584 328 1611 enim
347 1587 374 1611 et
391 1584 496 1619 patriae,
520 1592 553 1612 ex
574 1592 631 1624 qua
645 1585 806 1617 excidimus,
833 1589 860 1613 et
874 1586 1045 1621 cognationis

255 1637 338 1664 quam
354 1630 510 1663 amisimus,
533 1629 748 1658 recordationem
770 1630 851 1658 nobis
873 1631 1044 1666 ingenerant.

256 1675 363 1702 Etenim
379 1676 407 1702 in
425 1675 471 1703 illa
488 1676 654 1709 narratione,
668 1683 749 1712 quam
762 1676 796 1705 de
811 1677 986 1705 adolescente
997 1685 1046 1704 ex-

257 1721 344 1757 ponit,
359 1721 404 1757 qui
418 1721 509 1749 sedem
521 1723 636 1757 patriam
647 1723 806 1758 reliquerat,
816 1728 844 1751 et
857 1724 891 1751 ad
905 1724 1046 1759 porcinam

257 1768 339 1795 vitam
357 1767 512 1800 transierat,
531 1768 724 1796 historicorum
739 1776 815 1796 more
828 1769 974 1797 abitionem
987 1770 1047 1804 ejus

259 1818 287 1841 et
310 1814 402 1841 luxum
426 1815 575 1847 narrando,
605 1815 745 1844 miseriam
764 1816 910 1844 humanam
928 1816 1047 1844 Verbum

259 1859 390 1892 ostendit;
405 1867 461 1886 non
475 1863 566 1887 autem
582 1860 658 1895 prius
671 1868 734 1888 eum
750 1861 784 1888 ad
799 1861 945 1897 pristinam
962 1862 1049 1890 felici-

261 1909 342 1933 tatem
361 1905 477 1938 reducit,
493 1913 575 1941 quam
596 1914 707 1934 sensum
724 1908 869 1943 praesentis
885 1909 1049 1936 calamitatis

260 1946 440 1981 suscepisset,
467 1952 491 1975 et
510 1947 544 1974 ad
558 1955 618 1975 sese
640 1955 769 1976 reversus
782 1949 951 1984 pmnitentlat
966 1951 1050 1978 verba

260 1992 388 2019 meditari
411 1992 560 2027 «cepisset:
593 1993 650 2021 haec
665 1998 757 2022 autem
772 1995 865 2030 aliquo
883 1995 966 2023 modo
987 2003 1049 2023 cum

260 2038 353 2066 verbis
377 2038 510 2066 orationis
528 2035 726 2074 congruebant;
752 2039 860 2068 dicebat
881 2040 953 2068 enim
973 2041 1048 2068 illic:

262 2084 354 2116 Pater,
370 2085 474 2118 peccavi
492 2085 519 2111 in
536 2085 640 2118 caelum,
656 2090 680 2112 et
696 2093 786 2112 coram
801 2091 825 2112 te
834 2086 873 2112 “:
895 2093 950 2113 non
975 2086 1051 2121 adje-

262 2135 358 2158 cturus
379 2130 548 2158 confessioni
569 2135 712 2166 peccatum
728 2131 757 2158 in
773 2131 886 2164 ccelum,
910 2132 964 2159 nisi
988 2140 1051 2168 per-

263 2183 362 2204 suasus
382 2176 434 2204 sibi
453 2177 568 2211 patriam
591 2184 653 2205 esse
670 2178 782 2209 caelum,
807 2185 862 2212 quo
878 2177 973 2205 relicto
989 2185 1053 2213 pec.

263 2226 396 2249 caverat:
419 2226 585 2257 quapropter
607 2223 689 2250 etiam
713 2223 848 2257 ejusmodi
870 2223 1053 2252 confessionis

263 2268 404 2296 meditatio
411 2268 487 2295 aditu
495 2267 602 2295 facilem
611 2267 635 2295 ei
645 2273 749 2303 patrem
758 2268 848 2302 efﬁcit,
857 2269 924 2297 adeo
933 2273 962 2296 ut
970 2269 1052 2297 etiam

263 2318 421 2342 accurreret
429 2313 462 2341 ad
478 2321 551 2345 eum,
561 2319 588 2341 et
602 2315 696 2342 osculo
704 2315 803 2341 collum
818 2319 958 2350 appeteret
970 2314 1051 2351 (quod

263 2359 397 2386 rationale
405 2358 501 2394 jugum
512 2358 658 2393 significat,
671 2367 719 2394 per
727 2358 864 2395 Evangelii
876 2361 1051 2388 traditionem

264 2404 380 2434 homini,
388 2404 435 2438 qui
442 2403 559 2438 primum
567 2405 693 2439 praecepti
700 2405 795 2441 jugum
803 2410 926 2438 exuerat,
935 2410 962 2433 et
971 2407 1056 2441 legem

265 2449 407 2476 custodem
419 2449 621 2484 repudiaverat,
634 2458 683 2485 per
693 2458 724 2478 os
733 2451 876 2486 injectum)
885 2456 967 2486 atque
974 2451 1056 2479 etiam

265 2495 336 2522 stola
349 2494 532 2522 circumdaret
545 2503 618 2529 eum,
632 2504 686 2524 non
701 2498 764 2531 alia,
777 2498 823 2525 sed
836 2498 934 2533 prima,
946 2505 998 2532 qua
1010 2504 1059 2532 per

267 2541 480 2568 inobedientiam
496 2541 615 2569 nudatus
628 2546 697 2575 erat,
714 2543 795 2570 simul
811 2549 894 2578 atque
913 2543 1057 2570 interdicta

267 2591 417 2623 gustasset,
441 2587 544 2614 nudqu
563 2595 623 2616 sese
640 2589 826 2624 conspicatus.
843 2589 968 2616 Annulus
991 2588 1056 2615 item

269 2634 297 2660 in
312 2633 396 2669 digito
406 2641 455 2669 per
469 2635 638 2670 sculpturam
651 2635 719 2670 palte
733 2635 859 2671 imaginis
870 2635 1058 2670 recuperatio-

270 2687 331 2707 nem
352 2680 499 2715 significat.
518 2680 604 2708 Mnnit
619 2685 710 2708 autem
727 2681 809 2708 etiam
837 2681 920 2716 pedes
951 2681 1057 2708 calcea-

271 2727 381 2758 mentis,
396 2735 430 2754 ne
444 2727 517 2754 nudo
530 2728 661 2755 calcanco
686 2728 769 2762 capiti
795 2727 929 2763 serpentis
961 2735 1059 2763 appro-

309 2815 330 2837 ”
350 2815 415 2843 Luc.
433 2824 475 2850 xv,
492 2816 536 2843 2|.
577 2817 597 2832 ³³
612 2817 679 2844 Gen.
699 2823 738 2849 ιιι,
759 2816 798 2843 [0.

1096 1541 1173 1575 λόγος
1186 1549 1192 1555 ·
1217 1538 1305 1566 ταῦτα
1325 1539 1379 1574 γὰρ
1400 1538 1553 1573 ὑπόμνησιν
1578 1539 1644 1573 ἡμῖν
1665 1537 1774 1572 ὲμποιεί
1791 1535 1839 1570 τῆς
1858 1543 1890 1561 τε

1098 1586 1226 1621 πατρίδος
1248 1583 1283 1621 ἧς
1302 1583 1531 1620 ἐκπεπτώκαμεν,
1551 1585 1599 1611 καὶ
1616 1583 1665 1619 τῆς
1688 1582 1835 1617 εὐγενείας,
1854 1579 1891 1618 ἦς

1097 1631 1302 1667 ἀπεϐλήθημεν.
1329 1630 1384 1657 Kal.
1408 1630 1462 1665 γὰρ
1478 1629 1557 1665 ἐντῷ
1570 1629 1641 1657 κατὰ
1654 1628 1704 1655 τὸν
1720 1628 1779 1655 νέον
1794 1627 1892 1662 διηγή-

1099 1687 1174 1713 ματι,
1191 1677 1237 1704 τὸν
1252 1677 1408 1704 ἀποστάντα
1423 1678 1472 1712 τῆς
1488 1676 1619 1713 πατρῴας
1634 1675 1735 1707 ἑστίας,
1753 1675 1800 1702 καὶ
1822 1674 1892 1710 πρὸς

1097 1724 1142 1750 τὸν
1158 1722 1274 1758 χοιρώδη
1301 1722 1358 1758 βίον
1380 1723 1618 1758 αὐτομολήσαντα,
1639 1722 1689 1756 τὴν
1715 1721 1892 1757 ἀνθρωπίνην

1098 1769 1243 1804 ἀθλιότητα
1259 1769 1397 1796 δείκνυσιν
1413 1770 1427 1795 ό
1441 1769 1525 1803 Λόγος
1548 1767 1691 1804 ἱστορικῶς
1712 1767 1893 1803 διηγούμενος

1098 1816 1148 1852 τὴν
1164 1815 1343 1850 ἀποφοὶτησιν
1359 1815 1441 1841 αὐτοῦ
1451 1815 1499 1841 καὶ
1511 1815 1559 1850 τὴν
1572 1814 1705 1840 ἀσωτίαν·
1715 1814 1744 1840 οὐ
1758 1813 1893 1848 πρότερον

1099 1861 1127 1887 δὲ
1139 1861 1218 1888 αὐτὸν
1233 1861 1364 1895 ἐπανάγει
1377 1861 1444 1896 πρὸς
1454 1861 1503 1895 τὴν
1516 1860 1545 1893 ἐξ
1556 1860 1643 1896 ἀρχῆς
1659 1859 1817 1895 εὐκληρίαν,
1827 1860 1894 1894 πρὶν

1100 1907 1225 1942 αἴσθησιν
1244 1907 1324 1942 αὴτὸν
1338 1907 1387 1942 τῆς
1418 1899 1557 1942 παρούμίης
1575 1906 1719 1934 ἀναλαϐεῖν
1737 1906 1893 1941 συμφορᾶς,

1101 1953 1140 1984 είς
1151 1952 1246 1979 ἑαυτὸν
1262 1950 1358 1985 ἐλθεῖν,
1373 1952 1420 1979 καὶ
1434 1952 1582 1986 μελετῆσαι
1595 1951 1630 1978 τὰ
1644 1952 1694 1986 τῆς
1712 1950 1894 1986 μεταμελείας

1103 1999 1223 2034 ῥήματα.
1248 1998 1342 2026 Ταῦτα
1365 1998 1393 2024 δὲ
1419 1995 1453 2034 ἦν
1480 1998 1664 2033 συμῦαίνοντά
1693 2006 1752 2029 πως
1767 1997 1822 2028 τοῖς
1843 1996 1895 2031 τῆς

1102 2044 1256 2080 προσευχῆς
1272 2044 1376 2077 λόγοις·
1392 2043 1477 2078 ἔφησε
1491 2044 1545 2079 γὰρ
1560 2045 1627 2070 ἐκεῖ·
1642 2043 1747 2078 Πάτερ,
1761 2043 1896 2078 ἥμαρτον

1102 2091 1146 2123 είς
1162 2089 1215 2116 τὸν
1228 2089 1358 2123 οὐρανὸν
1372 2090 1421 2116 καὶ
1432 2090 1560 2116 ἐνώπιόν
1572 2097 1646 2117 σου·
1665 2090 1714 2116 οὐκ
1723 2089 1755 2116 ἂν
1766 2088 1895 2125 προσθεὶς

1103 2137 1137 2172 τῇ
1159 2135 1352 2171 ἐξομολογήσει
1377 2135 1426 2171 τὴν
1438 2136 1479 2167 είς
1505 2135 1550 2162 τὸν
1562 2135 1675 2171 οὐρανὸν
1694 2135 1841 2170 ἁμαρτίαν,
1857 2133 1896 2170 μὴ

1105 2181 1287 2216 πεπεισμένος
1296 2181 1413 2217 πατρίδα
1426 2179 1495 2208 εἶναι
1507 2182 1551 2208 τὸν
1561 2181 1684 2217 οὐρανὸν,
1696 2181 1725 2208 ὃν
1738 2180 1896 2207 καταλιπὼν

1105 2227 1318 2263 ὲπλημμέλησε”
1332 2227 1377 2254 διὰ
1397 2227 1477 2254 τοῦτο
1502 2228 1548 2254 καὶ
1571 2227 1733 2263 εὐπρόσιτον
1755 2227 1830 2261 αὐτῷ
1850 2226 1896 2252 τὸν

1104 2273 1236 2308 πατέραή
1251 2272 1348 2308 μελέτη
1363 2272 1412 2307 τῆς
1430 2271 1559 2306 τοιαύτης
1576 2272 1794 2308 ὲξομολογήσεως
1809 2272 1895 2307 ἀπερ-

1104 2317 1229 2352 γάζεται,
1250 2317 1322 2344 ὥστε
1344 2317 1391 2344 καὶ
1406 2317 1592 2353 προσδραμεῖν
1604 2317 1688 2353 αὐτῷ,
1704 2317 1751 2344 καὶ
1764 2317 1896 2352 φιλήματι

1103 2363 1149 2389 τὸν
1160 2363 1295 2398 τράχηλον
1305 2362 1484 2395 δεξιώσασθαι
1502 2364 1581 2399 (ὅπερ
1594 2364 1720 2399 σημαίνει
1735 2362 1780 2389 τὸν
1789 2363 1897 2397 λογικὸν

1108 2408 1200 2443 ζυγὸν,
1229 2408 1275 2435 τὸν
1295 2408 1339 2435 διὰ
1362 2408 1495 2444 στόματος
1513 2409 1693 2444 ἐπιϐληθέντα
1707 2407 1746 2443 τῷ
1761 2407 1898 2443 ἀνθρώπῳ

1107 2452 1151 2479 διὰ
1178 2452 1229 2488 τῆς
1260 2453 1440 2488 εὐαγγελικῆς
1457 2453 1643 2489 παραδόσεως,
1668 2453 1706 2488 τῷ
1726 2452 1834 2479 ὲκδύντι
1848 2452 1898 2487 τὴν

1109 2498 1222 2541 πρώτην
1254 2499 1304 2534 τῆς
1333 2498 1443 2534 ἐντολῆς
1469 2499 1596 2534 ζεύγλην,
1627 2499 1672 2526 καὶ
1688 2497 1898 2532 ὰποσεισαμένῳ

1109 2544 1156 2570 τὸν
1170 2543 1340 2578 φυλάσσοντα
1360 2543 1464 2579 νόμον),
1480 2544 1630 2580 περιθεῖναι
1648 2544 1676 2570 δὲ
1694 2543 1769 2578 αὐτῷ
1787 2543 1835 2569 καὶ
1850 2543 1898 2578 τὴν

1111 2589 1218 2625 στολὴν,
1241 2589 1290 2615 οὐκ
1307 2589 1400 2625 ἄλλην,
1416 2589 1484 2616 ἀλλὰ
1502 2590 1551 2625 τὴν
1566 2589 1686 2625 πρώτην,
1703 2586 1737 2624 ἧς
1754 2587 1898 2623 ἐγυμνώθη

1109 2635 1153 2662 διὰ
1168 2636 1217 2670 τῆς
1233 2635 1386 2670 παρακοῆς,
1404 2635 1471 2670 ὁμοῦ
1491 2636 1522 2670 τῇ
1534 2635 1626 2669 γεύσει
1640 2635 1693 2661 τῶν
1708 2634 1898 2669 ἀπειρημένων

1111 2680 1213 2715 γυμνὸν
1245 2680 1339 2707 ἑαυτὸν
1363 2681 1540 2716 θεασάμενος.
1556 2682 1590 2707 Ὅ
1609 2690 1638 2708 τε
1669 2681 1734 2716 περὶ
1756 2679 1806 2713 τὴν
1823 2680 1897 2715 χεῖρα

1111 2726 1264 2760 δακτύλιος,
1288 2727 1331 2754 διὰ
1351 2727 1398 2763 τῆς
1421 2729 1450 2755 ἑν
1467 2728 1500 2762 τῇ
1518 2727 1645 2764 σφενδόνῃ
1666 2727 1769 2762 γλυφῆς
1790 2725 1838 2761 τὴν
1853 2720 1923 2761 τῆςἰ
