1978 3068
102 124 173 153 1145

568 125 612 152 DE
632 124 806 153 ORATIONE
827 125 1001 154 DOMINICA.
1025 141 1058 148 —
1076 125 1204 154 ORATIO
1225 126 1255 155 ll.

1668 130 1735 158 “Mi

99 185 203 221 aliive;
231 183 401 218 ὲπανὰληψιν
431 184 621 218 ὑποσημαίνει.
652 184 840 219 ’Δσφαλίζεται
858 185 888 211 δὲ

947 185 1088 220 )inquans,
1109 185 1213 213 incidat
1228 186 1255 212 in
1271 193 1405 214 morsum.
1423 187 1660 220 Quemadmodum
1685 192 1731 225 igi-

100 231 148 256 καὶ
175 230 238 261 τοὺς
261 230 345 271 πᾷδας
364 231 419 262 tot;
433 230 613 265 ὑποδήμασιν,
632 231 670 262 ὡς
689 231 722 258 ἂν
744 232 782 267 μὴ
800 232 890 266 γυμνῇ

100 277 132 311 τῇ
145 275 259 311 πτέρνῃ,
276 277 309 311 τῇ
330 276 434 311 κεφαλῇ
453 275 501 302 τοῦ
518 276 606 310 ὄφεως
625 276 824 311 προσεγγίζων,
843 278 892 312 ὲμ-

36 348 39 350 ,
70 325 88 363 ς
102 322 187 357 πίπτῃ
201 321 240 356 τῷ
251 322 380 361 δήςίματι.
398 322 502 363 Ὥσπερ
521 322 610 348 τοίνυν
629 323 687 349 ἐκεῖ
700 323 749 358 τῆς
763 322 891 358 παρὰτοῦ

54 369 58 373 _
63 355 80 372 ,ᾖ

102 368 204 404 πατρὸς
231 367 434 402 φιλανθρωπίας
460 368 533 394 αἰτία
553 368 647 402 γέγονε
667 368 706 404 τῷ
725 369 778 404 νέῳ
793 370 810 404 ἡ
825 369 892 404 πρὸς

101 413 151 448 τὴν
174 412 304 448 πατρῴαν
334 412 428 439 ἑστίαν
444 412 596 448 ἐπιστροφὴ
617 413 705 448 (αὕτη
733 413 761 440 δέ
785 414 859 440 ἐστιν
877 413 892 439 ὁ

102 459 216 494 οὐρανὸς
234 460 273 491 εἰς
292 458 322 485 ὃν
341 459 602 494 πεπλημμεληκέναι
627 460 666 494 τῷ
686 460 770 495 πατρὶ
792 459 890 494 λέγει),

101 503 173 530 οὕτω
192 504 238 530 καὶ
256 503 372 530 ἐνταῦθα
385 504 458 530 δοκεί
476 513 520 539 μοι
541 504 674 531 διδάσκων
692 505 706 530 ό
726 505 828 539 Κύριος
846 505 892 531 τὸν

101 550 131 576 ἐν
153 550 210 580 τοῖς
234 550 358 586 οὐρανοῖς
373 550 560 577 ἐπικαλεῖσθαι
580 551 703 587 Πατέρα,
725 552 834 586 μνήμην
851 560 892 578 σοι

102 595 239 622 ποιεῖσθαι
265 597 312 631 τῆς
332 595 438 630 ἀγαθῆς
458 596 596 631 πατρίδος,
626 597 664 628 ὡς
686 597 718 623 ἂν
744 597 892 632 ἐπιθυμίαν

103 641 285 677 σφοδροτέραν
300 641 357 668 τῶν
377 641 466 668 καλῶν
475 643 638 678 ἐμποιήσας,
650 643 806 678 ἐπιστήσειε
818 652 848 670 σε
858 645 891 679 τῇ

102 687 154 722 ὁδῷ
172 689 204 723 τῇ
221 688 288 724 πρὸς
307 689 354 724 τὴν
374 688 489 723 πατρίδα
508 689 589 715 πάλιν
608 689 793 725 ὲπαναγούσῃ.
819 689 892 721 Ὁδὸς

101 732 130 758 δὲ
151 732 250 767 ήπρὸς
271 733 316 759 τὸν
331 733 445 768 οὐρανὸν
469 734 518 769 τὴν
543 733 716 770 ἀνθρωπίνην
737 734 818 769 φύσιν
843 736 892 762 ἀν-

103 778 216 812 άγουσα,
229 779 389 814 οὐδεμίατίς
407 779 481 807 ἐστιν
492 779 605 815 ἄλληνεί
624 780 660 816 μὴ
671 781 742 816 φυγὴ
762 782 809 807 καὶ
824 782 892 808 ἀπό-

104 831 196 855 στασις
214 823 268 850 τῶν
300 825 446 860 περιγείων
471 825 580 852 κακῶν
601 826 650 861 τῆς
675 826 703 852 δὲ
724 826 813 861 φυγῆς
837 826 893 852 τῶν

34 869 196 955 >(κακῶν
215 871 330 903 ἐπίνοια,
353 871 403 897 οὐκ
419 871 485 907 ἄλλη
507 871 552 906 μοί
569 880 611 903 τις
630 869 699 898 εἶναι
718 871 800 904 δοκεῖ,
823 872 893 908 πλὴν

102 917 154 952 τῆς
182 917 250 951 πρὸς
269 917 315 943 τὸν
333 917 400 944 Θεὸν
417 917 582 952 ὁμοιώσεως.
611 918 648 944 Τὸ
676 917 704 944 δὲ
728 918 893 954 ὁμοιωθῆναι

102 917 154 952 τῆς
182 917 250 951 πρὸς
269 917 315 943 τὸν
333 917 400 944 Θεὸν
417 917 582 952 ὁμοιώσεως.
611 918 648 944 Τὸ
676 917 704 944 δὲ
728 918 893 954 ὁμοιωθῆναι

102 963 176 999 Θεῷ,
193 964 223 990 τὸ
247 963 351 990 δίκαιόν
373 972 403 990 τε
429 964 475 990 καὶ
501 964 574 990 ὅσιον
593 964 639 991 καὶ
665 963 776 998 ἀγαθὸν,
794 965 842 991 καὶ
859 964 893 991 τὰ

103 1008 215 1035 τοιαῦτά
232 1009 290 1035 ἐστι
308 1009 443 1043 γενέσθαι.
459 1006 509 1035 Ὧν
521 1009 549 1035 εῐ
564 1018 617 1042 τις,
638 1009 677 1040 ὡς
695 1009 753 1036 ἔστι
770 1009 893 1043 δυνατὸν,

104 1055 167 1086 τοὺς
185 1054 361 1090 χαρακτῆρας
373 1055 496 1090 ἐναργῶς
509 1055 538 1081 ὲν
553 1054 642 1090 ἑαυτῷ
651 1054 812 1087 τυπώσειεν,
827 1055 895 1090 ἀμο-

104 1100 168 1135 γητὶ
180 1099 249 1126 κατὰ
263 1099 293 1126 τὸ
306 1099 458 1135 αὐτόματον
473 1100 541 1135 πρὸς
551 1099 597 1126 τὸν
606 1099 730 1135 οὐράνιον
742 1099 830 1136 χῶρον
841 1100 895 1126 ἀπὸ

103 1143 152 1170 τοῦ
182 1144 322 1179 περιγείου
351 1144 549 1179 μεταστήσεται
574 1144 642 1179 βίου.
664 1145 701 1171 Οὐ
721 1146 776 1180 γὰρ
794 1145 894 1180 τοπικὴ

103 1191 151 1218 τοῦ
172 1190 251 1217 Θείου
278 1190 346 1226 πρὸς
372 1191 402 1217 τὸ
421 1190 590 1227 ἀνθρώπινόν
614 1191 688 1217 ἐστιν
706 1192 722 1227 ὴ
743 1191 893 1225 διάστασις,

103 1237 175 1264 ὥστε
193 1237 264 1269 τινὸς
277 1238 399 1272 μηχανῆς
422 1245 452 1263 τε
470 1238 537 1272 ἡμῖν
556 1237 602 1264 καὶ
619 1236 751 1271 ;ὲπινοίας
768 1236 894 1271 γενέσθαι

103 1283 209 1319 χρείαν,
227 1283 258 1310 τὸ
276 1282 343 1318 βαρύ
363 1291 393 1309 τε
420 1282 467 1310 καὶ
487 1283 618 1318 ἐμϐριθὲς
633 1283 680 1309 καὶ
699 1283 800 1318 γεῶδες
816 1282 896 1310 τοῦτο

105 1329 216 1364 σαρκίον
234 1329 303 1364 πρὸς
321 1329 371 1364 τὴν
385 1328 529 1364 ἀσώματόν
543 1337 574 1355 τε
588 1329 633 1355 καὶ
643 1329 739 1365 νοερὰν
757 1328 895 1364 διαγωγὴν

106 1373 269 1410 μετοικίζειν
281 1383 287 1389 ·
309 1374 376 1400 ἀλλὰ
395 1375 498 1410 νοητῶς
511 1374 562 1410 τῆς
574 1374 676 1409 ἀρετῆς
686 1374 732 1401 τοῦ
747 1374 832 1401 κακοῦ
848 1383 895 1400 κε-

104 1420 291 1455 χωρισμένης,
311 1421 341 1446 ὲν
366 1420 434 1457 μόνῃ
452 1422 486 1455 τῇ
505 1420 663 1456 προαιρέσει
682 1419 730 1446 τοῦ
751 1420 894 1454 ἀνθρώπου

106 1466 205 1498 κεῖται,
237 1466 306 1500 πρὸς
335 1466 404 1501 ὅπερ
422 1465 455 1492 ἂν
475 1465 627 1500 ὲπικλιθείη
646 1466 678 1501 τῇ
703 1465 846 1501 ἐπιθυμίᾳ,
866 1466 896 1491 ὲν

105 1510 204 1546 ὲκείνῳ
220 1507 299 1538 εἶναι.
325 1510 401 1537 Ἐπεὶ
415 1507 461 1537 οὖν
474 1510 560 1542 οὐδεὶς
579 1510 674 1537 ἓπεται
689 1510 768 1542 πόνος
788 1510 895 1537 ἑλέσθαι

105 1556 136 1582 τὸ
150 1556 251 1590 ἀγαθὸν
277 1555 336 1591 (τῷ
352 1556 381 1582 δὲ
400 1555 506 1582 ἑλέσθαι
523 1556 570 1582 καὶ
589 1556 618 1582 ἰδ
633 1557 723 1591 τυχεῖν
741 1555 835 1582 ἓπεται
856 1552 894 1582 ὧν

105 1611 148 1634 τις
161 1601 321 1637 προείλετο),
339 1602 426 1635 ἔξεστί
443 1611 483 1630 σοι
499 1601 580 1633 εὐθὺς
599 1602 628 1628 ἐν
642 1602 683 1637 τῷ
694 1601 800 1637 οὐρανῷ
813 1600 894 1634 εἶναι,

104 1647 151 1674 τὸν
161 1647 228 1675 Θεδν
247 1649 275 1675 ὲν
285 1649 318 1684 τῇ
336 1647 563 1684 διανοίᾳλαὸόντι.
581 1647 613 1674 Εἰ
632 1647 695 1681 γὰρ,
712 1646 803 1678 καθώς
813 1655 894 1681 φησιν

104 1693 120 1720 ὁ
142 1694 366 1729 Ἐκκλησιαστὴς,
390 1694 416 1721 Ὁ
432 1694 504 1727 Θεὸς
519 1694 554 1720 ἐν
568 1693 608 1726 τῷ
625 1692 752 1726 οὐρανῷ,
768 1693 799 1719 σὺ
813 1693 842 1719 δὲ
856 1692 895 1728 τῷ

105 1739 182 1775 Θεῷ,
203 1740 273 1766 κατὰ
288 1740 334 1766 τὸν
358 1738 504 1775 Προφήτην
528 1739 763 1776 προσεκολλήῦης·
787 1740 894 1777 ἀνάγκη

106 1787 182 1813 πᾶσα
200 1786 246 1812 τὸν
261 1785 299 1821 τῷ
317 1779 376 1821 Θεῷ
392 1785 562 1820 συνημμένον
578 1786 636 1811 ἐκεῖ
655 1783 725 1811 εἶναι
743 1786 808 1812 ὅπου
822 1786 895 1813 ἐστὶν

105 1833 121 1860 ὁ
135 1833 210 1864 Θεός.
226 1831 383 1868 Προστάξας
394 1831 483 1858 τοίνυν
493 1831 522 1856 ἐν
533 1833 565 1866 τῇ
577 1832 713 1866 προσευχῇ
725 1831 813 1865 λέγειν
827 1831 895 1867 πρὸς

106 1879 204 1906 ἑαυτοῦ
223 1879 268 1905 τὸν
286 1878 363 1909 Θεὸν,
382 1877 457 1904 οὐδὲν
475 1877 579 1912 ἕτερον,
598 1877 614 1912 ἢ
634 1877 792 1912 ὁμοιοῦσθαί
811 1886 841 1903 σε
861 1878 894 1912 τῇ

107 1925 253 1959 θεοπρεπεῖ
272 1922 392 1958 πολιτείᾳ
408 1922 445 1958 τῷ
464 1922 581 1958 οὐρανίῳ
597 1922 701 1949 κελεύει
717 1923 813 1958 Πατρὶ,
828 1923 895 1950 καθ-

107 1969 179 2005 άπερ
198 1969 245 1995 καὶ
264 1968 452 2004 φανερώτερον
473 1968 585 2004 ἑτέρωθι
605 1968 636 1995 τὸ
653 1968 772 1995 τοιοῦτον
792 1977 895 2004 παρεγ-

106 2016 177 2050 γυᾷ,
203 2015 307 2049 λέγων·
325 2015 453 2042 Γίνεσθε
474 2015 596 2047 τέλειοι,
624 2016 666 2047 ὡς
686 2015 735 2042 καί
760 2017 776 2042 ὁ
795 2015 896 2050 Πατὴρ

107 2061 192 2096 ὑμῶν
209 2063 226 2088 ό
244 2061 379 2095 οὐράνιος
396 2061 507 2094 τέλειός
522 2061 618 2088 ἐστιν.

143 2108 175 2134 Εἰ
210 2105 257 2135 οὖν
285 2108 452 2144 νενοήκαμεν
475 2108 525 2142 τῆς
537 2108 664 2144 τοιαύτης
680 2108 835 2144 προσευχῆς
848 2108 897 2144 τὴν

943 234 988 257 tur
1003 231 1059 258 illic
1075 232 1197 259 reversio
1212 233 1244 259 ad
1264 233 1380 266 patriatn
1397 233 1488 261 sedem
1501 238 1623 268 paterna:
1639 235 1735 263 huma-

942 275 1038 303 nitatis
1051 275 1218 303 adolescenti
1230 284 1314 304 causa
1330 277 1433 304 exstitit
1443 278 1541 312 (patria
1555 283 1644 306 autem
1656 280 1735 308 sedes

941 325 1001 349 erat
1017 322 1128 353 coelum,
1146 322 1172 349 in
1191 322 1264 355 quod
1282 330 1312 349 se
1327 330 1457 357 peccasse
1471 323 1504 350 ad
1522 328 1626 359 patrem
1639 324 1714 358 dicit)
1729 333 1736 350 :

943 367 982 394 ita
998 367 1081 394 etiam
1097 367 1141 395 hic
1156 368 1222 395 mihi
1239 368 1381 400 Dominus,
1395 369 1459 395 dum
1472 370 1612 398 cmlestem
1626 370 1734 397 Patrem

943 412 1128 440 invoeandum
1144 420 1206 440 esse
1225 413 1316 444 docet,
1332 414 1432 440 bonam
1461 414 1534 441 illam
1562 415 1679 449 patriam
1707 416 1734 442 in

944 458 1104 486 memoriam
1134 458 1258 493 redigere
1281 459 1330 486 tibi
1349 459 1467 492 videtur,
1487 464 1516 486 ut
1539 460 1735 488 vehementiori

943 503 1079 531 bonorum
1095 503 1195 539 injecto
1207 504 1344 532 desiderio
1355 506 1435 532 sistat
1447 510 1472 532 te
1488 513 1586 533 rursus
1600 507 1627 533 in
1642 507 1684 533 via
1700 508 1734 534 ad

943 550 1060 584 patriam
1077 550 1228 577 reducenti.
1245 550 1295 577 Via
1312 555 1402 578 autem
1421 559 1480 586 quae
1495 556 1620 579 naturam
1637 553 1734 579 huma-

943 603 1006 622 nam
1024 596 1059 623 ad
1084 597 1184 624 cmlum
1201 597 1339 629 subducit,
1364 597 1439 624 nulla
1458 601 1500 624 est
1514 598 1578 628 alia,
1604 598 1657 625 nisi
1673 598 1735 633 fuga

943 645 970 670 et
990 642 1084 669 vitatio
1101 643 1228 669 vitiorum
1249 647 1433 670 terrenarum.
1459 643 1545 670 Porro
1568 644 1637 678 fuga:
1657 644 1736 670 vitio-

943 695 1004 714 rum
1022 688 1092 715 ratio
1107 688 1172 715 mihi
1190 696 1243 715 non
1262 689 1312 715 alia
1335 689 1396 715 iniri
1417 697 1498 724 posse
1513 689 1629 721 videtur,
1652 698 1734 724 quam

944 733 967 762 si
983 733 1030 760 Dei
1047 733 1153 761 similes
1167 734 1325 761 evadamus.
1353 733 1408 761 Deo
1424 739 1516 761 autem
1534 735 1650 762 similem
1664 735 1733 766 ﬁeri,

943 783 985 807 est
997 779 1103 814 justum
1118 780 1219 814 pariter
1233 787 1265 807 ac
1280 784 1417 812 sanetum,
1432 781 1545 812 bonum,
1561 785 1587 807 et
1600 780 1735 814 ejusmodi

943 824 1093 852 virtutibus
1119 824 1262 860 praeditum
1292 825 1366 851 tieri:
1397 833 1513 859 quarum
1543 825 1684 857 virtutum,
1713 825 1735 852 si

944 870 1017 905 quis,
1034 870 1125 904 quoad
1139 870 1200 904 ejus
1216 869 1274 897 ﬁeri
1290 873 1390 904 potest.
1411 869 1530 904 insignia
1546 869 1691 896 manifesta
1708 868 1736 896 in

945 923 1006 944 sese
1019 915 1199 951 impresserit,
1216 915 1275 943 sine
1289 915 1391 946 labore,
1415 915 1546 950 nulloque
1560 915 1670 950 negotio
1689 923 1738 950 per

944 969 975 990 se
989 969 1094 996 suaque
1109 966 1207 996 sponte
1220 968 1235 987 a
1252 965 1360 988 terrena
1372 961 1426 988 vita
1443 961 1477 988 ad
1491 961 1630 988 cmlestem
1647 961 1737 988 locum

945 1007 1136 1036 transferetur.
1156 1006 1214 1034 Non
1231 1007 1304 1034 enim
1322 1007 1374 1034 loci
1396 1007 1539 1034 intervallo
1553 1014 1654 1034 nutnen
1668 1006 1740 1033 divi-

945 1061 1011 1081 num
1030 1053 1065 1080 ab
1080 1053 1201 1079 lmmano
1219 1059 1319 1087 genere
1341 1053 1436 1084 distat,
1458 1056 1487 1078 ut
1503 1052 1595 1086 aliqua
1612 1051 1738 1078 machina

946 1099 1026 1126 nobis
1040 1103 1122 1133 atque
1140 1098 1295 1132 excogitato
1311 1097 1428 1124 artiﬁcio
1443 1097 1479 1125 sit
1501 1105 1582 1132 opus,
1610 1105 1665 1132 quo
1681 1098 1739 1125 ha‘c

946 1145 1048 1180 gravis,
1064 1144 1218 1180 ponderosa
1239 1148 1321 1179 atque
1341 1147 1450 1170 terrena
1466 1143 1617 1170 caruncula
1642 1143 1675 1169 ad
1695 1143 1738 1170 in-

946 1198 1106 1226 corpoream
1130 1189 1234 1225 pariter
1255 1193 1282 1216 et
1300 1189 1515 1216 intellectualem
1543 1189 1737 1216 habitationem

945 1237 1123 1268 traducatur;
1144 1235 1191 1263 Sed
1208 1235 1310 1262 virtute
1326 1242 1341 1261 a
1357 1234 1434 1266 vitio,
1452 1238 1534 1269 prout
1555 1234 1737 1270 intelligentia

946 1283 1049 1319 percipi
1062 1283 1155 1314 datur,
1179 1285 1317 1316 separata,
1336 1281 1362 1308 in
1378 1281 1437 1309 solo
1452 1281 1534 1308 animi
1548 1281 1662 1308 humani
1677 1289 1740 1315 pro-

946 1331 1035 1365 posito
1049 1329 1132 1356 situm
1148 1332 1200 1360 est,
1228 1332 1256 1355 ut
1269 1335 1434 1363 quocunque
1449 1327 1599 1362 cupiditate
1618 1327 1738 1355 inclina-

946 1380 991 1403 tus
1002 1376 1048 1408 sit,
1067 1375 1093 1402 in
1109 1382 1142 1402 eo
1157 1379 1288 1402 versetur.
1305 1373 1440 1407 Queniam
1456 1374 1540 1409 igitur
1554 1374 1645 1402 nullus
1660 1374 1740 1401 labor

946 1421 1081 1450 sumendo
1097 1426 1178 1456 atque
1191 1420 1317 1455 eligendo
1331 1421 1402 1447 bono
1417 1421 1521 1453 subest,
1537 1424 1619 1455 atque
1629 1421 1740 1448 electio-

946 1476 1008 1496 nem
1026 1469 1108 1496 etiam
1131 1467 1242 1502 adeptio
1267 1475 1468 1502 successusque
1489 1475 1602 1503 prosper
1616 1468 1741 1502 sequitur

909 1522 930 1550 ο
946 1522 1052 1546 eorum.
1073 1521 1135 1549 qua;
1157 1513 1209 1540 sibi
1225 1513 1342 1548 quisque
1365 1513 1482 1547 sumpsit
1502 1517 1529 1540 et
1549 1513 1648 1548 elegit:
1677 1513 1741 1540 licet

948 1559 996 1587 tibi
1012 1559 1105 1587 statim
1127 1567 1189 1587 esse
1205 1558 1232 1586 in
1245 1559 1328 1591 callo,
1354 1558 1399 1585 ubi
1416 1558 1500 1586 Deum
1518 1559 1544 1586 in
1561 1563 1652 1586 mente
1663 1567 1741 1586 sum-

947 1605 1046 1640 pscris.
1064 1603 1132 1631 Nam
1147 1604 1181 1636 si,
1197 1609 1227 1631 ut
1239 1603 1420 1631 Ecclesiastes
1435 1603 1535 1639 inquit,
1553 1604 1623 1631 Deus
1640 1605 1741 1631 incon

947 1651 1034 1679 est“:
1061 1655 1090 1677 tu
1108 1658 1173 1678 vero
1199 1650 1265 1682 Deo,
1286 1651 1437 1678 secundum
1456 1650 1634 1685 Prophetam,
1662 1649 1740 1685 quasi

948 1695 1134 1732 agglutinatus
1149 1703 1180 1723 es
1194 1700 1222 1723 et
1237 1695 1361 1722 adltmres
1370 1696 1409 1729 ";
1428 1695 1542 1722 omnino
1560 1703 1672 1722 necesse
1686 1698 1741 1726 est.

949 1748 978 1769 ut
996 1742 1051 1768 Deo
1065 1741 1232 1776 eonjunctus
1247 1741 1302 1768 illic
1321 1741 1367 1772 sit,
1393 1741 1440 1768 ubi
1454 1740 1525 1768 Deus
1539 1744 1591 1768 est.
1608 1741 1675 1767 Cum
1693 1741 1743 1775 igi-

950 1793 994 1815 tur
1008 1787 1177 1822 prwceperit,
1194 1792 1224 1813 ιιι
1247 1787 1275 1814 in
1291 1787 1417 1814 oratione
1431 1786 1516 1814 Deum
1532 1786 1640 1813 Patrem
1664 1790 1741 1812 tuum

949 1834 1036 1865 dicas,
1051 1840 1106 1860 non
1126 1833 1221 1863 alium,
1240 1840 1322 1867 quam
1342 1840 1388 1867 per
1404 1833 1526 1859 divinum
1548 1832 1610 1859 vitm
1625 1832 1743 1859 institu—

949 1886 1007 1908 tum
1029 1884 1056 1907 te
1070 1879 1179 1907 caelesti
1196 1878 1271 1905 Patri
1287 1878 1404 1906 similem
1421 1878 1479 1905 lieri
1501 1878 1590 1912 jubet,
1609 1877 1741 1912 quemad-

950 1926 1060 1953 modum
1084 1926 1165 1953 etiam
1190 1925 1254 1951 alibi
1279 1924 1400 1959 apertius
1421 1924 1447 1951 id
1470 1923 1599 1955 mandat,
1627 1923 1737 1950 dicens:

951 1972 1017 1999 Sitis
1031 1972 1149 2006 perfecti,
1167 1971 1236 1997 sicut
1253 1971 1335 1997 etiam
1354 1971 1433 1998 Pater
1451 1974 1535 1997 vester
1550 1969 1663 1996 caelestis
1682 1976 1742 2004 per-

952 2020 1034 2050 fectus
1054 2022 1093 2045 est
1105 2017 1138 2043 ⁸⁸.

988 2108 1017 2136 Si
1036 2108 1119 2144 igitur
1133 2107 1318 2135 intelleximus
1332 2105 1467 2141 ejusmodi
1479 2105 1618 2137 _orationis
1631 2108 1741 2132 senten-

106 2153 238 2184 διάνοιαν,
264 2153 359 2188 καιρὸς
376 2153 408 2180 ἂν
432 2153 475 2188 εἴη
495 2153 712 2188 παρασκευάζειν
730 2154 835 2180 ἑαυτῶν
849 2153 894 2185 τὰς

951 2155 1016 2182 tiam
1029 2174 1037 2186 ,
1065 2157 1173 2188 tempus
1199 2153 1282 2180 fuerit
1297 2152 1405 2180 animos
1422 2155 1532 2179 nostros
1559 2150 1740 2186 praeparandi,

107 2199 206 2235 ψυχὰς.
225 2200 296 2227 ὥστε
307 2200 372 2227 ποτὲ
394 2199 529 2234 θαρσῆσαι
543 2199 594 2231 τὰς
605 2199 695 2232 φωνὰς
713 2199 813 2231 ταύτας
833 2199 899 2226 ἁνα-

107 2246 200 2273 λαόεἶν
209 2245 254 2272 διὰ
272 2246 415 2281 στόματος,
428 2245 474 2271 καὶ
487 2245 573 2271 εἰπεῖν
586 2245 615 2272 ὲν
631 2245 782 2281 παῤῥησίᾳ’
803 2244 899 2277 Πάτερ

108 2291 202 2326 ἡμῶν,
217 2293 234 2319 ό
245 2291 280 2318 ἐν
293 2291 356 2324 τοῖς
370 2290 518 2325 οὐρανοῖς.
538 2291 643 2326 ’Ὠσπερ
661 2291 716 2326 γὰρ
730 2291 834 2326 φανερὰ
849 2291 899 2325 τῆς

40 2315 91 2367 ‘ix
109 2315 180 2371 ἑᾘξ
191 2315 236 2362 is}
246 2315 517 2372 ’ὸεὲιῖὶιὶῶιῄὲάέ
532 2315 639 2363 agt};
658 2315 846 2372 53,2442;
856 2315 899 2362 ’ἐιῖ

108 2379 147 2409 ὧν
156 2382 213 2408 ἔστι
222 2381 315 2409 τέκνον
325 2382 392 2409 Θεοῦ
405 2382 535 2418 γενέσθαι¹
546 2383 606 2410 τινὰ
616 2383 711 2417 (Ὅσοι
722 2381 777 2417 γὰρ
787 2383 898 2409 ἔλαϐον

109 2427 213 2458 αὐτὸν,
223 2428 314 2463 φησὶν,
330 2427 441 2455 ἔδωκεν
451 2427 555 2461 αὐτοῖς
565 2427 711 2459 ἐξουσίαν
722 2428 812 2454 τέκνα
824 2427 898 2454 Θεοῦ

110 2472 258 2508 γενέσθαι·
275 2473 408 2508 λαμϐάνει
423 2473 452 2500 δέ
467 2482 508 2506 τις
528 2474 556 2500 ὲν
567 2473 656 2509 ἑαυτῷ
669 2473 715 2500 τὸν
729 2473 805 2504 Θεὸν,
821 2475 836 2500 ὀ
849 2473 899 2508 τὴν

109 2520 181 2547 κατὰ
206 2521 236 2546 τὸ
254 2519 357 2555 ἀγαθὸν
373 2519 514 2547 ἀναλαϐὼν
539 2520 706 2556 τελειότητα)
717 2528 725 2535 ’
741 2519 826 2551 οὕτως
841 2519 899 2546 ἐστι

109 2567 171 2594 τινὰ
196 2568 243 2607 καὶ
268 2567 316 2594 τοῦ
340 2568 458 2603 πονηροῦ
479 2569 654 2604 χαρακτῆρος
673 2567 726 2595 ῐδια
743 2569 852 2603 σημεῖα,
870 2568 900 2594 ὲν

108 2611 150 2645 οἷς
162 2613 176 2640 ὁ
187 2614 343 2649 γενόμενος,
357 2614 413 2646 υίὸς
424 2614 492 2641 Θεοῦ
502 2613 571 2642 εἶναι
586 2615 616 2641 οὺ
632 2614 753 2646 δύναται,
764 2615 812 2649 τῆς
824 2615 900 2641 ἐναν-

110 2660 170 2692 τίας
189 2660 296 2694 φύσεως
317 2660 366 2696 τὴν
385 2660 476 2687 είκόνα
495 2660 596 2696 φέρων.
620 2660 713 2687 Βούλει
733 2661 832 2694 γνῶναι
853 2659 900 2687 τοῦ

111 2706 230 2742 πονηροῦ
256 2707 430 2742 χαρακτῆρος
453 2708 486 2734 τὰ
507 2707 658 2742 ἱδιώματας
684 2707 714 2733 '0
733 2707 839 2741 φθόνος,
869 2707 900 2733 τὸ

113 2755 201 2788 μῖσος,
218 2753 364 2789 ὴδιαϐολὴ,
387 2754 401 2780 ὁ
425 2753 518 2788 τῦφος,
536 2754 552 2788 ὴ
573 2753 724 2785 τιλεοικξία,
743 2754 759 2788 ἡ
775 2753 900 2789 ἐμπαθὴς

150 2847 170 2859 ’⁸
188 2845 276 2874 Ecclc.
293 2853 318 2879 v,
338 2846 360 2872 Ι.
401 2846 422 2860 ³⁸
443 2844 513 2873 l‘sal.
534 2853 626 2878 tuti,
647 2844 691 2872 28.

950 2206 980 2228 ιιι
994 2199 1143 2235 aliquando
1167 2200 1317 2226 audeamus
1344 2198 1394 2225 has
1413 2204 1497 2224 voees
1517 2204 1627 2224 sumere
1653 2196 1679 2222 in
1698 2204 1739 2228 os,

950 2255 981 2274 ac
995 2247 1088 2274 dicere
1101 2253 1164 2273 cum
1181 2245 1292 2276 ﬁducia,
1308 2243 1390 2271 Pater
1404 2248 1502 2275 noster,
1517 2243 1562 2278 qui
1576 2251 1603 2270 es
1617 2243 1644 2269 in
1657 2243 1738 2269 artis.

950 2291 1186 2326 Quemadmodum
1210 2290 1282 2318 enitn
1300 2289 1489 2317 similitudinis
1501 2297 1562 2316 cuin
1584 2288 1638 2316 Deo
1653 2289 1740 2316 mani-

950 2339 1018 2366 festa
1035 2342 1100 2365 sunt
1115 2337 1225 2369 indicia,
1245 2344 1293 2371 per
1308 2343 1369 2370 quae
1391 2335 1463 2363 ﬁlius
1484 2335 1529 2362 Dei
1547 2335 1602 2362 ﬁeri
1617 2334 1678 2370 quis
1694 2342 1742 2369 po-

950 2389 1003 2412 test
1019 2383 1167 2419 (Quotquot
1187 2383 1257 2410 enim
1278 2387 1428 2415 receperunt
1450 2390 1525 2413 eum,
1553 2381 1650 2416 inquit,
1669 2380 1741 2407 dedit

949 2431 987 2458 eis
1003 2433 1168 2464 potestatem,
1187 2433 1215 2455 ut
1235 2427 1286 2462 ﬁlii
1298 2427 1346 2454 Dei
1371 2428 1462 2462 fierent
1474 2427 1515 2453 "2
1534 2427 1630 2461 recipit
1650 2431 1741 2453 autem

951 2474 1051 2508 aliquis
1065 2473 1093 2500 in
1111 2480 1172 2500 sese
1193 2471 1288 2503 Deum,
1312 2471 1359 2506 qui
1376 2470 1439 2498 boni
1457 2470 1651 2504 perfectionem
1667 2477 1741 2495 rece-

951 2519 1025 2556 pit):
1040 2518 1077 2545 ita
1089 2518 1171 2545 etiam
1183 2517 1299 2552 improbi
1323 2516 1463 2544 simulacri
1478 2523 1526 2543 sua
1541 2515 1662 2549 qua‘dam
1676 2517 1740 2540 sunt

951 2567 1045 2601 signa,
1073 2565 1174 2600 quibus
1201 2560 1348 2599 insignitus
1372 2570 1434 2590 esse
1455 2562 1527 2588 tilius
1549 2561 1595 2587 Dei
1621 2568 1675 2587 non
1691 2566 1739 2594 po-

951 2616 1003 2639 test
1031 2615 1126 2646 utpote
1155 2609 1300 2638 contraria:
1333 2613 1436 2635 naturze
1461 2607 1606 2642 imaginem
1631 2613 1738 2641 gerens.

954 2659 999 2686 Vis
1021 2665 1188 2694 cognoscere
1208 2655 1326 2691 improbi
1345 2653 1485 2683 simulacri
1497 2653 1624 2691 proprias
1640 2652 1740 2678 notas?

952 2705 1064 2736 invidia,
1075 2704 1179 2734 odium,
1192 2701 1340 2732 calumnia.
1357 2700 1494 2736 superbia,
1507 2694 1737 2728 avaritia,vitiosa

951 2751 1096 2787 cupiditas,
1124 2749 1212 2777 insani
1239 2748 1332 2783 gloria:
1357 2746 1441 2774 studii
1468 2744 1599 2772 morbus:
1628 2741 1686 2769 haec
1709 2744 1736 2767 ct

730 2845 750 2861 ³ο
771 2843 864 2871 Matth.
888 2852 913 2877 γ,
932 2844 975 2871 48.
1016 2843 1036 2859 ⁸⁷
1057 2842 1134 2869 Joan.
1157 2849 1184 2874 ι,
1207 2839 1247 2867 12.
