1978 3068
183 37 212 55 (ﬁ

204 102 298 140 ἰιι-ι

230 222 312 251 alque
334 218 456 242 notatur.
475 214 561 249 Cujus
582 214 666 250 igitur
682 214 790 242 animus
812 214 946 250 ejusmodi
962 223 1020 242 ma-

230 261 301 294 culis
319 264 346 288 et
368 261 441 288 notis
465 260 587 288 inlectus
607 264 635 288 et
660 260 770 287 inustus
787 264 839 293 est,
866 261 889 288 si
914 264 1019 296 patrem

230 307 410 340 invocaverit,
431 311 492 334 uter
508 308 532 335 ei
546 310 622 342 pater
636 307 822 334 auseultabit?
838 307 967 334 nimirum
983 308 1018 340 is,

231 354 277 388 qui
297 358 430 388 cognatus
449 357 489 380 est
504 353 643 380 invocanti
657 363 663 380 :
683 353 706 380 is
722 357 814 381 autem
831 361 885 381 non
902 353 949 381 ille
963 361 1020 381 cm-

231 400 319 431 lestis,
339 399 385 426 sed
402 399 599 427 subterraneus
611 404 663 427 est.
679 399 766 434 Cujus
779 399 851 426 enim
866 400 942 435 signa
956 408 1020 435 pro-

231 446 311 472 ximae
326 445 499 480 cognationis
516 445 597 479 gerit,
623 445 669 472 ille
689 452 767 472 suam
783 445 895 472 omnino
919 452 1019 479 cogna-

233 491 332 518 tionem
351 496 487 525 agnoscet.
511 491 645 523 Quocirca
667 491 783 526 improbi
805 495 887 525 atque
911 491 1020 518 scelesti

233 537 351 564 hominis
366 537 466 568 oratio,
485 537 606 575 qqandiu
623 537 651 563 in
664 537 837 571 improbitate
852 537 945 568 fuerit,
962 536 1020 563 dia-

234 581 286 607 boli
303 582 438 608 invocatio
452 587 508 609 est:
528 586 555 607 at
571 581 642 615 ejus,
658 582 704 616 qui
720 581 856 609 destiterit
871 582 905 609 ab
919 582 1021 617 impro-

234 627 328 656 bitate.
345 631 371 654 et
388 627 454 653 vivit
477 627 503 654 in
522 628 655 659 bonitate,
674 627 776 654 bonum
792 628 898 656 Patrem
911 635 962 654 vox
979 627 1021 654 in-

232 673 351 700 vocabit.
365 673 432 700 Cum
457 674 540 708 igitur
556 673 758 701 accesserimus
773 673 807 700 ad
821 673 918 706 Deum,
943 674 1021 709 prius

233 718 316 744 vitam
336 718 526 752 inspiciamus,
549 726 583 745 an
599 718 705 753 aliquid
724 718 835 754 dignum
858 719 1021 754 cognatione

233 764 324 790 divina
345 765 372 791 in
399 764 478 791 nobis
499 771 643 799 geramus;
673 764 771 791 deinde
796 772 860 792 vero
886 765 1020 799 ejusmodi

235 808 346 836 verbum
372 809 494 844 proferre
511 810 679 836 audeamus:
702 810 748 844 qui
771 810 842 837 enim
856 809 964 837 Patrem
980 810 1021 837 di-

233 861 296 881 cere
314 854 408 888 jussit,
432 855 604 882 mendacium
620 855 712 882 dicere
724 862 778 881 non
794 855 928 889 permisit.
946 856 1021 888 Quo-
1035 849 1057 876 Β

234 899 307 925 circa
325 900 371 934 qui
396 900 434 926 ita
449 900 531 926 vitam
550 900 710 932 instituerit,
728 904 757 926 ut
771 900 889 927 divinam
912 902 1020 936 generis

234 945 403 972 nobilitatem
422 946 512 977 decot,
537 945 560 973 is
577 949 649 972 recte
672 945 704 972 ad
720 946 858 973 caelestem
883 946 1019 974 civitatem

235 994 350 1023 spectat,
365 995 390 1016 et
402 989 508 1016 Patrem
520 991 651 1017 caelorum
668 998 769 1025 regem,
780 995 807 1017 et
817 992 931 1026 patriam
943 999 1020 1018 suam

235 1035 373 1062 ccelestetn
386 1035 530 1062 nominans
540 1035 747 1063 beatitudinem.
765 1035 890 1068 Quonam
903 1037 1022 1071 pertinet

236 1077 308 1104 illius
325 1079 433 1105 consilii
457 1080 628 1113 propositum
645 1083 727 1114 atque
750 1080 887 1107 intentio?
910 1080 947 1106 Ea
962 1089 1022 1116 qua:

235 1132 318 1158 supra
336 1129 409 1155 sunt,
426 1126 580 1159 cogitanda,
603 1125 648 1152 ubi
666 1125 755 1153 Deus:
774 1126 829 1154 illic
846 1126 1022 1155 fundamenta

236 1170 412 1198 habitationis
437 1179 494 1198 sua:
515 1172 613 1206 cuique
627 1171 755 1206 jacienda
776 1180 853 1205 esse;
881 1173 936 1201 illic
961 1174 1022 1202 the-

236 1224 332 1244 sauros
357 1216 530 1243 condendos:
556 1218 619 1244 illuc
647 1226 695 1244 cor
712 1225 790 1245 suum
814 1226 950 1253 quemque
966 1223 1023 1246 tra-

237 1257 337 1288 ducére
353 1261 472 1295 debere;
494 1262 539 1289 ubi
554 1263 627 1289 enim
649 1263 804 1296 thesaurus,
828 1264 865 1291 ibi
881 1265 961 1292 etiam
976 1273 1023 1293 cor

237 1306 331 1333 est“:
351 1308 384 1333 ad
402 1311 541 1341 paternam
560 1308 634 1334 omni
654 1313 776 1342 tempore
794 1310 1022 1343 pulchritudinem

237 1351 414 1385 spectandum
427 1359 497 1383 esse,
514 1356 540 1378 et
553 1351 632 1386 juxta
647 1352 731 1383 illam,
749 1360 827 1380 suum
842 1361 1032 1389 unumquem-y

238 1405 290 1430 que
314 1397 434 1423 animum
461 1404 594 1424 exornare
619 1397 728 1425 debere.
757 1397 819 1424 Non
845 1404 883 1425 est
909 1393 1023 1433 acceptio

238 1451 410 1477 personarum
427 1443 497 1477 apud
512 1443 605 1475 Deum,
620 1444 708 1479 inquit
724 1443 866 1480 Scriptura
878 1447 912 1472 ".
926 1445 1024 1472 Absint

239 1489 302 1515 item
325 1497 338 1515 a
365 1494 410 1515 tua
436 1490 522 1516 forma
547 1490 613 1517 tales
629 1492 734 1518 sordes.
760 1491 801 1518 Ab
822 1491 923 1519 invidia
943 1496 1024 1526 atque

239 1534 274 1560 ab
291 1535 363 1560 omni
384 1535 440 1561 vitii
461 1539 524 1561 nota
543 1543 639 1569 purum
658 1540 684 1563 et
711 1537 846 1571 integrum
868 1545 968 1564 numen
984 1538 1027 1564 di-

240 1580 332 1608 vinum
349 1584 400 1608 est.
417 1579 455 1607 Ne
468 1584 494 1608 te
508 1581 617 1616 quidem
636 1582 779 1617 designent
793 1583 927 1617 ejusmodi
943 1584 1024 1611 vitia:

242 1633 295 1651 non
312 1626 422 1658 invidia,
448 1634 501 1654 non
525 1627 672 1662 superbia:
700 1635 754 1655 non
783 1629 856 1656 aliud
877 1630 1026 1664 quidquam

241 1679 351 1704 eorum,
371 1680 431 1707 qua:
453 1673 574 1699 divinam
594 1673 824 1708 pulchritudinem
847 1676 971 1710 polluunt
995 1684 1028 1704 ac

243 1716 353 1743 laedant.
383 1716 411 1744 Si
436 1718 497 1746 talis
517 1718 612 1753 fueris,
643 1727 677 1746 ne
700 1720 822 1747 verearis
845 1720 973 1748 familiari
999 1727 1027 1749 et

242 1764 328 1790 amica
344 1771 408 1791 voce
425 1763 508 1791 Deum
533 1765 672 1796 invocare.
696 1770 723 1793 et
745 1765 851 1793 Patrem
870 1770 948 1793 tuum
965 1768 1027 1794 uui-

240 1809 313 1836 \'0rsi
339 1809 482 1837 Dominum
508 1810 649 1838 nominare
668 1811 838 1838 :intuebitur
858 1815 884 1839 te
909 1813 1029 1847 paternis

242 1854 340 1885 oculis,
363 1854 454 1882 divina
481 1856 550 1884 stola
575 1856 765 1889 circumdabit,
792 1858 893 1885 annulo
910 1854 1027 1890 ornabit.

243 1899 360 1927 instruet
389 1908 421 1928 ac
450 1902 612 1938 praeparabit
654 1902 822 1937 Evangelicis
838 1903 1030 1932 calceamentis

245 1945 326 1979 pedes
340 1945 372 1972 ad
387 1954 514 1981 superum
532 1947 600 1974 iter:
619 1949 744 1975 restituet
758 1952 784 1975 te
803 1949 905 1976 cmlcsti
926 1951 1028 1984 patriae,

247 1998 295 2024 per
310 1991 449 2019 Christum
465 1992 557 2019 Jesum
576 1992 720 2020 Dominum
734 1999 857 2022 nostrum
872 2005 877 2022 :
891 2005 970 2031 quem
988 1997 1031 2025 de-

245 2040 288 2063 cet
299 2037 386 2072 gloria
396 2043 423 2065 et
436 2039 589 2073 imperium,
603 2039 629 2066 in
641 2040 740 2067 saecula
752 2041 924 2069 saeculorum.
934 2043 1030 2070 Amen.

543 2116 671 2144 ORATIO
689 2117 734 2146 Ill.

247 2191 433 2227 Sanctiﬁcelur
451 2201 543 2220 nomen
563 2197 656 2226 tuum;
678 2193 798 2221 adveniat
817 2203 924 2230 regnum
945 2201 1028 2225 tuum.

280 2272 335 2299 Lex
354 2280 413 2307 quae
429 2272 580 2300 futurorum
599 2273 733 2300 bonorum
751 2274 872 2302 continet
889 2276 1011 2303 umbram
1022 2297 1030 2310 ,

245 2321 272 2342 et
305 2318 402 2352 typicis
427 2318 592 2352 quibusdam
619 2318 811 2352 mnigmatibus
831 2324 857 2346 et
884 2321 1032 2349 involucris

246 2363 389 2389 veritatem
404 2363 595 2396 prmsigniﬁcat
612 2363 652 2395 '°,
667 2371 728 2390 cum
746 2364 772 2390 in
788 2365 924 2392 occultum
940 2373 972 2393 ac
987 2375 1030 2394 re-

248 2411 350 2433 motum
368 2407 461 2441 templi
479 2407 568 2434 locum
579 2427 587 2439 ,
604 2408 677 2442 quod
694 2408 789 2436 ᾶδυτον
807 2409 907 2437 dicitur
922 2410 977 2438 (ob
991 2411 1031 2443 id,

245 2451 318 2485 quod
334 2458 376 2483 eo,
396 2455 493 2486 prieter
517 2452 683 2485 sacerdotes,
708 2453 784 2481 adire
805 2454 845 2482 fas
865 2463 918 2482 non
938 2458 1032 2491 esset),

246 2496 415 2524 sacerdotem
431 2496 486 2524 Deo
504 2505 599 2532 preces
616 2498 770 2525 oblaturum
790 2499 957 2532 introducit.
976 2503 1033 2536 pri-

247 2551 320 2569 mum
334 2543 441 2578 quidem
456 2543 641 2578 piacularibus
657 2544 820 2579 quibusdam
834 2546 993 2580 sacriﬁciis,
1007 2552 1033 2576 et

245 2589 540 2623 eireumspersionibus
552 2589 728 2617 introiturum
742 2590 867 2625 puriﬁcat
878 2596 904 2618 et
916 2591 1009 2620 lustrat
1023 2602 1030 2620 :

245 2634 343 2662 deinde
360 2634 404 2661 ubi
421 2641 483 2662 eum
499 2634 568 2661 stola
584 2634 766 2667 sacerdotali,
785 2641 869 2667 auro,
893 2643 1011 2669 purpura
1023 2655 1030 2668 ,

247 2681 414 2716 reliquisque
429 2680 534 2708 ﬂoridis
555 2681 680 2707 tinctura:
699 2680 839 2708 coloribus
853 2681 991 2715 eleganter
1005 2686 1033 2708 et

245 2727 347 2755 all'abrc
363 2726 434 2754 facta
454 2730 535 2761 atque
555 2725 693 2754 elaborata
711 2726 894 2760 exornaverit,
908 2730 1032 2762 pectora-

281 2815 306 2834 ”
326 2815 420 2843 Matth.
438 2825 481 2846 vr.
495 2816 539 2843 2i.
580 2815 600 2832 "
621 2814 700 2843 Itoni.
717 2823 734 2843 ιι
747 2835 754 2848 ,
771 2816 811 2843 Η.

846 108 876 136 S.
893 108 1058 137 GREGORll
1077 109 1223 138 NYSSENI

176 167 181 171 ’
229 168 364 205 ejusmodi
382 173 457 200 sunt,
473 168 575 204 quibus
591 167 678 196 forma
697 168 846 196 adversarii
872 170 1018 204 insignitur

1078 169 1213 204 επιουμία,
1244 169 1274 196 τὸ
1304 168 1374 196 κατὰ
1399 169 1448 203 τὴν
1477 169 1636 204 δοξομανίαν
1669 169 1856 205 ἀρρώστημα·

1046 2116 1069 2144 D

850 2817 872 2833 "
894 2815 974 2845 llebr.
988 2823 1004 2844 ι
1015 2835 1023 2849 .
1041 2817 1065 2845 1.

1789 111 1857 139 1148

1069 215 1156 242 ταῦτά
1173 216 1231 241 ἐστι
1251 214 1298 241 καὶ
1313 215 1347 241 τὰ
1354 212 1525 247 τοιαῦτα,οἷς
1537 216 1554 250 ἡ
1571 215 1661 251 μορφὴ
1676 214 1723 241 τοῦ
1737 215 1857 242 ἐναντίου

1070 260 1310 296 χαρακτηρίζεται.
1327 260 1357 286 Ὀ
1373 259 1460 286 τοίνυν
1478 261 1537 292 ταῖς
1553 259 1688 291 τοιαύταις
1708 260 1798 295 κηλίσι
1809 260 1858 295 τὴν

1069 305 1156 341 ψυχὴν
1172 305 1383 340 ἐγκεκαυμένας,
1399 304 1447 331 ἐὰν
1468 305 1574 340 πατέρα
1594 303 1705 340 καλέσῃ,
1718 306 1793 336 ποῖος
1808 305 1857 331 αὑ-

1069 351 1116 378 τὸν
1140 351 1230 387 πατὴρ
1260 349 1459 383 ὲπακούσεται;
1480 350 1584 385 Δηλαδὴ
1602 351 1616 376 ό
1640 350 1777 384 συγγενῶς
1792 350 1858 386 πρὸς

1069 397 1115 424 τὸν
1127 396 1277 431 κεκληκότα
1290 395 1359 431 ἔχων
1374 403 1380 411 '
1393 392 1470 427 οὗτος
1488 395 1517 422 δέ
1534 397 1607 422 ἐστιν
1625 395 1674 430 οὐχ
1691 397 1705 422 ὁ
1723 395 1856 431 οὐράνιος,

1070 445 1125 472 ἀλλ’
1136 446 1150 472 ὁ
1164 444 1349 481 καταχθόνιος.
1369 440 1406 470 Οὖ
1430 444 1485 479 γὰρ
1496 443 1530 470 τὰ
1548 445 1648 479 σημεῖα
1660 443 1737 478 φέρει
1749 444 1798 478 τῆς
1809 444 1858 477 ἀγ-

1070 492 1200 526 χιστείας,
1225 491 1328 521 ἐκεῖνος
1340 490 1448 521 πάντως
1466 489 1516 524 τὴν
1537 490 1605 516 ἰδίαν
1620 490 1779 524 συγγένειαν
1799 491 1859 516 επι-

1070 536 1214 570 γνώσεται.
1234 535 1338 562 οὐκοῦν
1357 537 1374 571 ὴ
1397 534 1444 562 τοῦ
1461 535 1580 570 πονηροῦ
1595 535 1691 570 ἀνδρὸς
1708 535 1858 570 προσευχὴ,

1070 582 1121 613 ἓως
1131 581 1164 608 ἂν
1180 582 1208 607 ὲν
1219 583 1252 616 τῇ
1266 581 1382 617 πονηρίᾳ
1393 579 1421 618 ᾗ,
1434 581 1481 607 τοῦ
1498 581 1622 608 διαὸόλου
1634 581 1776 615 ἐπίκλησις
1791 581 1862 614 γίνε·

1069 636 1129 655 ται·
1143 627 1189 654 τοῦ
1207 627 1237 654 δὲ
1245 627 1399 661 ἀφεστῶτος
1414 627 1463 661 τῆς
1473 627 1612 662 πονηρίας,
1621 626 1666 653 καὶ
1675 627 1703 653 ὲν
1712 626 1860 661 ἁγαθότητι
1887 655 1890 659 μ

1071 665 1181 706 ζῶντος,
1198 672 1242 699 τὸν
1265 671 1367 706 ἀγαθὸν
1385 671 1495 708 Πατέρα
1515 673 1532 707 ἡ
1545 672 1620 706 φωνὴ
1634 671 1858 706 προσκαλέσεται.

1073 721 1155 747 Ὅταν
1169 720 1257 746 τοίνυν
1278 718 1434 754 προσίωμεν
1456 718 1494 753 τῷ
1513 718 1583 753 Θεῷ,
1601 718 1734 753 πρότερον
1744 717 1789 743 τὸν
1804 717 1862 751 βίον

1070 765 1311 800 ἐπισκοπήσωμεν,
1335 764 1361 790 ετ
1375 773 1400 790 τι
1414 763 1465 798 τῆς
1476 763 1551 794 θείας
1566 762 1727 797 συγγενείας
1745 761 1819 794 ἄξιον
1832 762 1860 788 ἐν

1071 810 1176 841 ἑαυτοῖς
1195 809 1311 844 φέρομεν
1321 816 1329 823 ·
1343 805 1392 834 εἷθ’
1413 808 1485 834 οὓτω
1507 808 1552 834 τὸν
1565 807 1684 834 τοιοῦτον
1702 807 1779 841 λόγον
1795 807 1860 842 θαρ-

1074 855 1211 889 σήσωμεν.
1230 853 1258 880 '0
1273 853 1328 888 γὰρ
1340 852 1428 886 λέγειν
1446 853 1554 888 Πατέρα
1569 852 1732 888 προστάξας,
1750 852 1780 878 τὸ
1794 851 1861 886 ψεῦ-

1073 900 1116 932 δος
1130 900 1220 934 λέγειν
1250 899 1279 926 οὐ
1313 897 1510 934 συνεχώρησεν.
1531 898 1636 925 Οὐκοῦν
1658 899 1672 925 ὁ
1699 897 1748 932 τῆς
1767 897 1867 933 θεῖκῆς

1073 945 1211 980 εὐγενείας
1231 943 1314 977 ἀξίως
1341 943 1581 978 πολιτευσάμενος,
1595 940 1672 975 οὗτος
1691 942 1780 974 καλῶς
1793 942 1860 976 πρὸς

1073 992 1122 1026 τὴν
1131 990 1255 1025 οὐράνιον
1275 989 1350 1016 πόλιν
1361 989 1423 1024 ὁρᾷ,
1439 989 1549 1024 Πατέρα
1563 997 1594 1015 τε
1607 989 1652 1015 τὸν
1669 988 1724 1016 τῶν
1738 987 1861 1023 οὐρανῶν

1075 1036 1197 1072 βασιλέα,
1218 1035 1265 1061 καὶ
1283 1035 1398 1070 πατρίδα
1413 1034 1509 1061 ἑαυτοῦ
1524 1034 1572 1070 τὴν
1586 1035 1710 1070 οὐράνιον
1721 1033 1861 1067 ὀνομάζων

1076 1082 1323 1118 μακαριότητα.Είς
1335 1081 1360 1107 τί
1372 1081 1449 1116 φέρει
1459 1081 1508 1116 τῆς
1518 1080 1668 1115 συμϐουλῆς
1680 1081 1694 1106 ὁ
1704 1078 1817 1111 exc-216g;
1828 1077 1862 1104 τὰ

1075 1128 1130 1154 ἄνω
1147 1128 1262 1162 φρονεῖν,
1284 1123 1314 1153 οὗ
1329 1127 1342 1153 ὁ
1354 1126 1433 1157 Θεός·
1446 1126 1503 1151 ἐκεῖ
1521 1125 1659 1159 θεμελίους
1670 1125 1718 1160 τῆς
1730 1124 1862 1158 οἰκήσεως

1075 1172 1171 1200 ἑαυτοῦ
1197 1172 1430 1200 καταϐάλλεσθαι·
1452 1173 1510 1197 ἐκεῖ
1535 1171 1598 1202 τοὺς
1617 1169 1768 1205 θησαυροὺς
1793 1169 1862 1194 ἀπο-

1075 1218 1211 1246 τίθεσθαι·
1233 1219 1291 1244 ἐκεῖ
1305 1218 1467 1252 μετοικίζειν
1479 1215 1574 1243 ἑαυτοῦ
1586 1215 1634 1250 τὴν
1649 1211 1863 1250 καρδία-νζὍπου

1075 1265 1129 1300 γάρ
1157 1265 1230 1290 ἐστιν
1254 1264 1268 1289 ὁ
1291 1263 1435 1298 θησαυρὸς,
1461 1263 1518 1288 ἐκεῖ
1547 1262 1604 1288 ἐστι
1628 1261 1674 1287 καὶ
1701 1261 1717 1295 ἡ
1743 1259 1841 1294 καρδία
1856 1267 1862 1272 ·

1076 1309 1143 1344 πρὸς
1154 1309 1184 1334 τὺ
1199 1308 1327 1344 πατρικὸν
1346 1307 1440 1338 κάλλος
1453 1306 1595 1337 διαπαντὸς
1610 1306 1729 1340 βλέπειν,
1743 1305 1790 1331 καὶ
1803 1305 1864 1330 κατ’

1077 1345 1163 1379 ἐκεῖνο
1177 1353 1226 1388 τὴν
1243 1352 1308 1379 ἰδίαν
1324 1352 1503 1383 καλλωπίζειν
1513 1350 1611 1385 ψυχήν.
1623 1352 1683 1377 Οὺλι
1696 1351 1760 1376 ἐστι
1770 1356 1864 1383 προσ-

1077 1399 1237 1433 ωποληψία
1256 1398 1334 1432 παρὰ
1348 1397 1419 1432 Θεῷ,
1431 1398 1511 1433 φησιν
1526 1399 1543 1433 ή
1555 1398 1659 1434 Γραφή.
1680 1397 1802 1423 ’Δπέστω
1817 1395 1865 1422 καὶ

1076 1445 1125 1480 τῆς
1141 1444 1190 1478 σῆς
1214 1444 1319 1480 μορφῆς
1340 1444 1354 1469 ὁ
1368 1443 1487 1474 τοιοῦτος
1507 1444 1600 1478 ῥύπος.
1625 1443 1723 1469 Φθόνου
1745 1441 1865 1476 καθαρὸν

1077 1491 1107 1517 τὸ
1125 1490 1212 1521 Θεῐον,
1237 1490 1283 1516 καὶ
1311 1490 1400 1524 πάσης
1423 1489 1566 1524 ὲμπαθοῦς
1591 1489 1709 1524 κηλίδῑις.
1738 1487 1814 1522 Μηδὲ
1835 1495 1865 1513 σε

1039 1524 1061 1553 c
1077 1535 1263 1566 καταστιζέτω
1276 1535 1309 1560 τὰ
1319 1535 1431 1560 τοιαῦτα
1447 1534 1530 1569 πάθη,
1545 1535 1582 1569 μὴ
1599 1534 1705 1569 φθόνος,
1722 1533 1758 1568 μὴ
1769 1532 1864 1566 τῦφος,

1081 1581 1118 1618 μὴ
1128 1581 1192 1608 ἄλλο
1209 1590 1236 1608 τι
1255 1581 1308 1607 τῶν
1321 1580 1487 1615 μολυνόντων
1504 1581 1534 1607 τὸ
1548 1580 1663 1612 θεοειδὲς
1680 1580 1785 1610 κάλλος.
1805 1579 1866 1604 Ἐὰν

1079 1627 1198 1658 τοιοῦτος
1212 1625 1253 1664 ᾖς,
1268 1626 1403 1661 θάρσησον
1417 1628 1449 1660 τῇ
1462 1626 1549 1662 οἰκείᾳ
1564 1628 1638 1662 φωνῇ
1650 1626 1694 1652 τὸν
1707 1625 1772 1651 Θεὸν
1785 1632 1866 1658 προσ-

1080 1672 1255 1704 καλέσασθαι,
1269 1673 1315 1699 καὶ
1327 1672 1437 1707 Πατέρα
1448 1672 1542 1698 ἑαυτοῦ
1550 1672 1594 1699 τὸν
1603 1671 1650 1698 τοῦ
1662 1671 1760 1702 παντὸς
1766 1669 1867 1696 Δεσπὸ-

1078 1727 1128 1754 την
1136 1719 1276 1753 ὀνομάσαι.
1293 1719 1405 1754 Ὀψεταί
1422 1727 1450 1745 σε
1469 1718 1611 1753 πατρικοῖς
1623 1717 1780 1752 ὀφθαλμοῖς,
1793 1724 1869 1750 περι-

1080 1765 1170 1792 στελεῖ
1178 1774 1207 1791 σε
1219 1766 1251 1800 τῇ
1263 1765 1322 1801 θείᾳ
1330 1765 1421 1800 στολῇ,
1440 1766 1488 1792 καὶ
1504 1764 1705 1799 κατακοσμήσει
1717 1763 1754 1798 τῷ
1768 1763 1866 1789 δακτλε

1078 1811 1138 1846 λίῳ,
1150 1811 1309 1846 καταρτίσει
1321 1811 1383 1843 τοὺς
1394 1811 1475 1843 πόδας
1489 1810 1556 1847 πρὸς
1567 1807 1615 1845 τὴν
1624 1810 1679 1837 ἄνω
1690 1809 1802 1844 πορείαν
1810 1810 1867 1839 τοῖς

1080 1856 1268 1891 εὐαγγελικοῖς
1287 1857 1466 1892 ὑποδήμασιν,
1486 1857 1706 1892 ἀποκαταστήσει
1727 1865 1756 1882 σε
1770 1857 1803 1890 τῇ
1820 1854 1868 1881 οὒ-

1081 1903 1165 1938 ρανίῳ
1177 1903 1303 1938 πατρίδι”
1326 1903 1355 1929 ὲν
1374 1902 1482 1938 Χριστῷ
1506 1902 1594 1938 Ἰησοῦ
1608 1901 1647 1937 τῷ
1662 1902 1755 1937 Κυρίῳ
1775 1900 1866 1936 ἡμῶν,

1078 1945 1100 1983 ᾧ
1116 1949 1215 1984 πρέπει
1229 1950 1245 1983 ὴ
1260 1948 1322 1980 δόξα
1338 1949 1384 1976 καὶ
1402 1949 1431 1976 τὸ
1446 1949 1546 1985 κράτος
1566 1949 1605 1980 εἰς
1619 1949 1682 1979 τοὺς
1695 1948 1794 1980 αἰῶνας
1812 1948 1867 1975 τῶν

1079 1994 1194 2020 αἰώνων.
1213 1994 1309 2030 Ἀμήν.

1393 2115 1503 2142 ΛΟΓΟΣ
1523 2117 1558 2145 Ρ.

1090 2191 1271 2225 Ἁγιασθήτω
1285 2189 1319 2216 τὸ
1338 2189 1432 2226 ὄνομά
1452 2198 1527 2218 σου·
1553 2191 1662 2218 ἐλθέτω
1686 2192 1705 2226 ἠ
1725 2191 1870 2223 ,βασιλεία

1444 2234 1513 2253 σου.

1126 2273 1156 2299 '0
1179 2273 1228 2308 τὴν
1248 2274 1325 2300 σκιὰν
1349 2273 1402 2300 τῶν
1427 2272 1577 2307 μελλόντων
1605 2271 1714 2306 ἀγαθῶν
1737 2272 1870 2307 περιέχων

1084 2319 1175 2354 νόμος,
1191 2320 1237 2346 καί
1260 2328 1330 2346 τισιν
1351 2319 1494 2354 αἰνίγμασι
1517 2319 1641 2350 τυπικοῖς
1669 2319 1871 2353 προαναφωνῶν

1084 2363 1133 2399 τὴν
1157 2364 1297 2399 ἀλήθειαν,
1315 2365 1424 2392 ἐπειδὰν
1441 2365 1482 2396 είς
1506 2363 1536 2390 τὸ
1550 2364 1645 2390 ἄδυτον
1662 2363 1766 2398 εἰσάγει
1789 2372 1872 2399 προσ-

1085 2409 1227 2444 ευξάμενον
1239 2410 1278 2445 τῷ
1292 2410 1352 2446 Θεῷ
1366 2410 1411 2437 τὸν
1426 2404 1510 2445 ἱερέα,
1526 2409 1633 2445 πρῶτον
1649 2409 1698 2444 μὲν
1714 2409 1872 2444 καθαρσίοις

1086 2455 1158 2486 τισὶ,
1175 2455 1222 2481 καὶ
1245 2455 1483 2491 περιρῤαντισμοῖς
1509 2453 1652 2488 ἀφαγνίζει
1676 2453 1722 2480 τὸν
1743 2452 1873 2480 εἰσιόντα.

1087 2499 1152 2527 Εἶτα
1171 2502 1205 2536 τῇ
1221 2502 1344 2536 ἱερατικῇ
1359 2500 1438 2535 στολῇ
1452 2499 1545 2535 χρυσῷ
1560 2499 1606 2526 καὶ
1619 2498 1746 2535 πορφύρᾳ
1758 2498 1804 2524 καὶ
1817 2498 1872 2528 τοῖς

1085 2546 1186 2578 λοιποῖς
1201 2546 1292 2573 ἄνθεσι
1310 2547 1358 2582 τῆς
1377 2546 1464 2582 βαφῆς
1479 2545 1624 2581 ἐκπρεπῶς
1637 2544 1809 2580 ὲξησκημένῃ
1822 2551 1871 2569 κα-

1084 2593 1277 2627 τακοσμήσας,
1300 2593 1351 2628 τήν
1382 2601 1411 2619 τε
1439 2591 1611 2629 περιστήθιον
1640 2588 1774 2617 ὲπιῦαλὼν
1799 2587 1871 2623 αὑτῴ

1087 2637 1194 2673 μίτραν,
1211 2638 1256 2664 καὶ
1273 2639 1335 2669 τοὺς
1347 2637 1473 2669 κώδωνας
1489 2637 1542 2664 τῶν
1558 2636 1719 2672 κρασπέδων
1732 2633 1801 2671 μετά
1818 2634 1871 2660 τῶν

1086 2682 1202 2718 ῥοῖσκων
1215 2683 1328 2718 ἐξάψας,
1350 2682 1452 2710 ἄνωθεν
1465 2682 1494 2709 δὲ
1511 2683 1570 2714 ταῖς
1584 2681 1703 2717 ἐπωμίσι
1713 2679 1871 2714 διασφίγξας

1085 2729 1130 2755 τὸν
1155 2728 1313 2764 ἐπενδύτην,
1339 2729 1384 2756 καί
1410 2728 1459 2764 τὴν
1486 2727 1607 2763 κεφαλὴν
1635 2725 1807 2757 καλλωπίσας
1834 2723 1871 2760 τῷ
