1978 3068
135 105 205 134 1149

599 104 644 132 DE
666 103 842 133 ORATIONE
861 101 1034 132 DOMINICA.
1055 117 1090 123 —
1109 101 1238 139 ORATIO
1254 100 1297 129 lll.

1697 102 1764 130 “50

135 165 293 201 διαδήματι,
310 165 428 201 δαψιλῶς
438 175 467 194 τι
481 166 530 203 τῆς
550 167 639 206 κόμης
655 166 792 202 καταχέας
808 166 854 193 τοῦ
870 165 922 202 μύ-

986 172 1082 200 emque
1095 165 1203 191 mitram
1219 169 1247 192 et
1263 163 1377 191 fasciam
1399 163 1425 191 ei
1449 163 1591 199 iniecerit,
1614 170 1647 192 ac
1670 164 1766 200 tintin-

137 221 184 248 ρου
193 222 200 228 ·
213 212 300 244 οὕτως
313 213 393 240 αὑτὸν
408 213 526 249 παράγει
543 213 590 240 ἐπὶ
600 214 631 240 τὸ
646 213 752 248 ἄδυτον,
767 213 817 244 τὰς
837 213 926 249 ἀπορ-

138 258 235 293 ρήτους
253 257 414 293 ,ἱερουργίας
433 258 639 285 ἐπιτελέσοντα·
655 259 669 284 ό
690 258 718 284 δὲ
741 258 926 292 πνευματικὸς

138 302 285 338 νομοθέτης
306 304 321 329 ὁ
341 303 441 339 Κύριος
461 303 541 339 ἡμῶν
561 303 664 338 Ἰησοῦς
682 303 798 339 Χριστὸς
821 305 926 338 ἀπογυ-

139 347 212 382 μνῶν
220 346 275 373 τῶν
285 348 447 382 σωματικῶν
461 349 701 385 προκαλυμμάτων
709 349 754 376 τὸν
770 349 861 383 νὸμον,
879 349 927 376 καὶ

139 394 178 424 εἰς
188 392 218 419 τὺ
230 394 350 428 ἐμφανὲς
363 394 438 428 ἄγων
452 395 486 421 τὰ
503 395 557 421 τῶν
568 394 661 422 τύπων
674 395 833 431 αἰνίγματα,
852 396 928 432 πρῶ-

138 447 184 465 τον
208 439 257 474 μὲν
280 439 329 474 οὐχ
355 440 403 466 ενα
421 440 468 467 τοῦ
494 441 594 472 παντὸς
619 442 769 477 ἀποκρίνας
791 442 870 477 μόνον
887 443 927 472 εἰς

139 485 247 520 ὁμιλίαν
270 485 331 520 ἄγει
350 486 426 521 Θεῷ,
450 486 519 514 ἀλλὰ
541 488 622 514 παντὶ
650 488 720 515 κατά
747 488 777 515 τὸ
798 489 854 516 ἴσον
878 489 928 524 τὴν

139 531 217 565 ἀξίαν
234 533 335 567 ταύτην
350 532 506 567 χαρίζεται,
523 534 614 570 κοινὴν
635 534 746 570 προθεὶς
761 536 817 567 τοῖς
836 535 929 570 βουλο-

142 577 233 612 μένοις
247 577 296 612 τῆς
307 577 457 614 ἱερωσύνης
471 578 520 614 τὴν
529 579 610 614 χάριν
619 587 626 594 ·
640 579 735 606 ἔπειτα
749 580 777 606 δὲ
787 580 838 607 οὐκ
853 580 929 607 ἀλλο-

139 622 208 656 τρίῳ
233 621 327 657 κόσμῳ
342 622 381 657 τῷ
391 624 424 649 ἐκ
448 623 537 659 βαφῆς
561 632 633 656 τινος
651 625 698 651 καὶ
714 625 864 668 ὑφαντικῆς
880 634 929 653 πε-

143 669 300 704 ριεργασίας
317 668 505 705 ὲξευρημένῳ,
517 670 547 696 τὺ
561 670 658 702 κάλλος
676 670 724 697 τοῦ
740 671 835 706 ἱερέως
850 671 926 706 σοφί-

141 714 217 746 ζεται
227 735 234 747 ,
252 714 308 740 ἀλλ’
326 716 424 741 οἰκεῖον
436 715 510 750 αὐτῷ
523 715 570 742 καὶ
587 716 698 751 συμφυῆ
713 717 870 752 περιϐάλλει
883 718 929 745 τὸν

141 760 258 795 κόσμον,
272 760 331 787 ἀντὶ
350 761 400 796 τῆς
414 761 539 797 ποικίλης
552 761 707 797 ἀλουργίδος
723 763 783 794 ταῖς
795 762 849 789 τῶν
866 764 930 798 ἀρε-

141 805 196 832 τῶν
214 806 307 841 χάρισι
325 806 526 842 περιανθίζωνο
549 809 646 843 κοσμεῖ
659 808 687 834 δὲ
708 809 755 836 καὶ
769 808 800 835 τὸ
816 809 928 844 στῆθος,

141 852 171 878 ού
188 851 275 887 γηΐνῳ
287 852 396 888 χρυσῷ,
414 852 471 880 ἀλλ’
487 854 516 880 ὲν
536 854 668 889 ἀκηράτῳ
686 855 733 881 καὶ
745 855 854 891 καθαρᾷ
866 863 930 882 συν-

142 897 242 932 ειδήσει
265 898 295 924 τὸ
309 898 358 933 τῆς
374 899 486 933 καρδίας
498 899 623 935 ὼραῖζων
634 900 743 932 κάλλος.
771 900 931 938 Ἐναρμόζει

142 947 170 974 δὲ
190 949 223 983 τῇ
245 948 328 983 μίτρᾳ
344 948 391 974 καὶ⁹
413 948 566 976 πολυτελῶν
582 949 664 976 λίθων
679 951 766 984 αὐγάς
778 959 785 966 ·
804 947 884 978 αὗται
903 950 932 977 δέ

142 993 211 1018 εἰσιν
233 994 261 1019 αι
286 992 341 1019 τῶν
368 993 453 1027 ἁγίων
478 993 593 1020 ἐντολῶν
616 994 803 1030 λαμπηδόνες,
830 995 868 1026 ὡς
893 995 933 1030 τῷ

149 1037 303 1073 Ἀποστόλῳ
318 1038 400 1065 δοκεῖ.
424 1038 505 1066 Ἀλλὰ.
516 1039 563 1065 καὶ
573 1041 607 1074 τῇ
623 1039 789 1074 περισκελίδι
803 1039 834 1065 τὸ
851 1039 933 1075 μέρος

143 1084 249 1115 ἐκεῖνο,
274 1080 297 1117 ᾧ
319 1084 421 1119 κόσμος
443 1084 502 1110 ἐστὶ
520 1084 551 1110 τὸ
572 1084 691 1111 τοιοῦτον
714 1081 761 1111 τοῦ
786 1084 933 1119 ἐνδύματος

144 1129 385 1163 κατασφαλίζεται.
403 1130 514 1162 Πάντως
530 1130 557 1156 δὲ
579 1131 630 1157 οὐκ
653 1131 761 1165 ἀγνοεῖς
784 1131 824 1157 ὃτι
839 1130 870 1157 τὸ
884 1131 932 1166 τῆς

145 1175 322 1210 σωφροσύνης
344 1175 527 1211 περιϐόλαιον,
550 1176 652 1211 κόσμος
674 1174 721 1202 τοῦ
745 1175 864 1202 τοιούτου
885 1176 933 1211 μὲ-

146 1230 208 1256 ρους
225 1221 298 1248 ἐστίν
309 1229 315 1235 ·
337 1222 497 1257 ἀπαρτήσας
523 1221 550 1248 δὲ
568 1221 622 1247 τῶν
637 1221 797 1257 κρασπέδων
812 1221 859 1248 τοῦ
876 1221 933 1256 βίου

144 1269 206 1299 τοὺς
226 1268 337 1303 νοητοὺς
355 1268 479 1303 ῥοΐσκους
500 1276 530 1293 τε
545 1267 592 1293 καὶ
607 1267 670 1298 τοὺς
689 1266 833 1298 κώδωνας’
849 1267 935 1294 ταῦτα

145 1313 172 1340 δὲ
188 1313 299 1345 εἰκότως
313 1313 345 1340 ἄν
359 1322 400 1346 τις
413 1313 449 1339 τὰ
463 1313 588 1348 προψανῆ
600 1313 650 1348 τῆς
666 1313 726 1339 κατ’
740 1312 840 1348 ἀρετὴν
860 1313 935 1339 πολι-

145 1359 219 1391 τείας
242 1360 380 1394 νοήσειεν,
404 1359 442 1390 ὡς
458 1359 492 1386 ἄν
512 1359 676 1394 ἐπίσημοςή
704 1359 775 1386 κατὰ
789 1360 838 1394 τὴν
863 1358 935 1394 ζωὴν

145 1406 248 1439 ταύτην
266 1405 363 1440 πορεία
377 1405 490 1439 γένοιτο.
510 1404 618 1431 Τούτων
640 1403 686 1432 οὗν
706 1404 759 1431 τῶν
777 1405 936 1441 κρασπέδων

148 1451 250 1486 ὲξάψας
269 1451 327 1477 ἀντὶ
347 1451 395 1486 μὲν
409 1451 457 1477 τοῦ
474 1450 605 1483 κώδωνος,
622 1451 666 1477 τὸν
681 1450 779 1486 εὕηχον
797 1451 875 1485 λόγον
886 1450 936 1486 τῆς

977 212 1076 239 nabula
1090 217 1122 238 ex
1142 210 1257 237 ﬁmbriis
1274 217 1336 237 cum
1355 209 1550 244 malogranatis
1569 209 1765 244 suspenderit:

977 263 1096 292 superne
1121 263 1230 292 quoque
1253 256 1372 282 tunicam
1395 254 1568 290 epomidibus
1592 255 1773 291 constrinxe-_

976 302 1034 334 rit,
1052 306 1079 329 et
1096 301 1250 329 diademate
1267 304 1350 335 caput
1370 300 1562 332 cxornavcrit,
1584 300 1768 335 capillumque

977 349 1089 384 largiter
1102 348 1194 376 infuso
1209 352 1349 382 unguento
1364 347 1493 374 imbuerit
1506 355 1513 374 :
1530 347 1566 373 ita
1583 347 1691 374 demum
1706 354 1767 372 eum

978 394 1012 421 ad
1027 395 1138 430 adytum
1152 401 1253 421 arcana
1264 393 1397 421 sacriﬁcia
1409 396 1582 427 peracturum
1597 392 1723 427 producit
1734 392 1767 420 ".

978 441 1014 468 At
1027 441 1176 476 spiritualis
1192 440 1334 475 legislator
1346 439 1477 467 Dominus
1491 443 1585 466 noster
1598 438 1680 466 Jesus
1692 438 1770 466 Chri-

979 490 1039 514 stus
1049 507 1056 519 ,
1072 487 1261 521 corporalibus
1276 487 1360 522 legem
1377 486 1538 513 velamentis
1553 485 1674 520 spolinns
1688 490 1770 519 atque

979 533 1141 565 denudans,
1157 538 1184 560 et
1201 533 1228 559 in
1251 538 1374 568 apertum
1397 532 1540 567 proferens
1561 531 1705 566 :cniginata
1728 536 1769 557 at-

968 587 1032 614 ‘que
1056 579 1197 606 involucra
1225 579 1398 614 ﬁgurarum:
1425 578 1544 613 prinmm
1573 577 1683 612 quidem
1713 583 1768 603 non

980 633 1065 652 unum
1084 633 1116 652 ex
1133 625 1263 652 universo
1275 631 1394 659 corpore
1406 631 1554 659 segregans
1565 644 1571 655 ,
1587 624 1663 650 illum
1680 623 1768 650 solum

980 671 1014 698 ad
1032 671 1197 705 colloquium
1220 670 1267 698 Dei
1289 670 1420 714 adducit:
1445 669 1492 696 sed
1513 676 1659 696 commune
1675 669 1770 696 volen-

979 717 1054 744 tibus
1069 716 1216 744 sacerdotii
1235 715 1399 744 beneﬁcium
1422 722 1454 742 ac
1471 723 1571 742 munus
1593 722 1750 750 proponens
1762 735 1769 747 ,

981 763 1093 790 cuilibet
1109 763 1180 789 hanc
1193 761 1353 796 dignitatem
1370 769 1404 789 ex
1421 769 1500 796 aquo
1518 761 1633 795 largitur
1647 770 1654 788 :
1673 761 1771 788 deinde

981 816 1047 836 vero
1070 816 1123 836 non
1149 809 1237 835 alieno
1255 812 1353 834 ornatu
1365 827 1371 839 .
1389 808 1435 842 qui
1453 815 1486 835 ex
1508 807 1630 835 tinctura
1653 806 1771 842 quadam

983 859 1010 884 et
1029 855 1167 890 superﬂuo
1182 861 1264 890 opere
1282 853 1404 880 textorio
1426 853 1580 888 exquisitus
1604 853 1655 885 sit,
1681 851 1771 879 ﬁctam
1795 863 1800 869 -

983 901 1216 937 pulchritudinem
1231 899 1382 927 sacerdotis
1394 903 1514 927 ostentat
1526 907 1532 925 :
1546 898 1592 926 sed
1609 898 1719 933 proprio
1731 902 1773 924 at-

983 956 1036 983 que
1053 949 1145 974 nativo
1162 954 1224 974 eum
1247 949 1408 973 ornamento
1431 943 1600 976 circumdat,
1623 951 1671 979 pro
1698 943 1773 970 varia

983 999 1059 1021 veste
1073 1000 1212 1028 purpurea
1227 993 1360 1019 virtutum
1382 991 1479 1027 gratiis
1498 990 1638 1018 excolcns.
1659 989 1774 1016 Instruit

983 1043 1074 1065 autem
1093 1039 1174 1065 etiam
1191 1041 1287 1072 pectus
1304 1044 1357 1064 non
1375 1041 1483 1063 terreno
1501 1043 1584 1067 auro,
1601 1034 1648 1062 sed
1667 1035 1774 1069 integra

985 1091 1109 1119 puraque
1124 1083 1293 1110 conscientia
1317 1083 1550 1118 pulchritudinem
1576 1081 1669 1108 cordis
1695 1087 1777 1107 exor-

986 1138 1073 1157 nans:
1094 1134 1176 1164 atque
1190 1129 1253 1156 huic
1269 1129 1356 1155 mitra:
1381 1129 1562 1162 pretiosorum
1581 1134 1690 1161 quoque
1708 1126 1776 1159 lapi-

985 1175 1050 1202 dum
1067 1174 1187 1209 fulgores
1208 1173 1318 1208 adaptat
1341 1182 1347 1199 :
1369 1173 1395 1200 hi
1418 1177 1507 1198 autem
1523 1176 1682 1198 sanctorum
1699 1178 1776 1197 man-

985 1222 1113 1247 datorum
1143 1219 1303 1254 splendores
1332 1222 1411 1250 sunt,
1438 1223 1467 1244 ut
1494 1217 1625 1252 Apostolo
1655 1217 1773 1244 videtur.

986 1266 1144 1299 Quinetiam
1162 1265 1339 1291 femoralibus
1353 1263 1441 1290 munit
1457 1263 1530 1289 illam
1549 1267 1653 1296 partem
1665 1283 1671 1294 ,
1689 1261 1732 1288 cui
1750 1261 1775 1287 id

987 1313 1138 1340 indumenti
1166 1319 1253 1346 genus
1277 1314 1439 1337 ornamento
1462 1313 1513 1336 est.
1542 1309 1660 1335 Prorsus
1685 1313 1775 1334 autem

988 1368 1040 1386 non
1056 1359 1181 1393 ignoras,
1201 1357 1273 1392 quod
1290 1356 1428 1391 pudicitiae
1447 1355 1595 1381 amiculum
1607 1375 1614 1386 ,
1631 1362 1776 1381 ornamen-

988 1409 1044 1431 tum
1061 1403 1120 1437 ejus
1138 1404 1223 1438 partis
1239 1403 1284 1430 sit.
1298 1402 1365 1428 Cum
1380 1401 1555 1435 appendisset
1570 1405 1660 1426 autem
1673 1407 1705 1426 ex
1719 1399 1778 1425 lim-

988 1449 1058 1476 briis
1081 1450 1141 1476 vitae
1164 1447 1316 1483 spiritualia
1339 1446 1527 1480 malogranata
1547 1449 1574 1471 et
1595 1445 1778 1472 tintinnabula

149 1498 274 1528 πίστεως·
291 1497 351 1523 ἀντὶ
367 1497 395 1523 δὲ
417 1496 462 1523 τοῦ
480 1498 598 1532 ροἲσκου,
612 1497 662 1533 τὴν
677 1497 870 1532 κεκρυμμένην
887 1499 934 1533 τῆς

989 1496 1052 1530 (per
1065 1496 1122 1522 haec
1134 1498 1224 1521 autem
1239 1497 1312 1520 recte
1325 1493 1386 1526 quis
1403 1492 1532 1527 praaclara
1546 1498 1629 1526 opera
1641 1491 1703 1517 vita:
1714 1497 1776 1517 cum

149 1542 298 1578 μελλούσης
319 1543 423 1574 ἐλπίδος
445 1543 620 1578 ἐτοιμασίαν,
636 1544 687 1579 τὴν
708 1544 747 1579 τῷ
769 1536 936 1579 στιῷροτέρῳ

149 1588 198 1623 βίῳ
214 1588 434 1624 κεκαλυμμένην,
451 1588 522 1615 οὕτω
537 1589 655 1625 παράγει
673 1589 719 1615 ἐπὶ
736 1589 766 1615 τὸ
779 1589 874 1617 ἄδυτον
889 1589 936 1615 τοῦ

149 1634 221 1669 ἱεροῦ
237 1634 283 1661 καὶ
294 1634 445 1661 ὲνδότατον.
465 1634 502 1660 Τὸ
521 1634 548 1660 δὲ
562 1635 658 1661 ἄδυτον
670 1635 750 1661 τοῦτο
766 1635 816 1661 οὐκ
833 1635 936 1670 ἄψυχόν

148 1680 230 1710 ἐστιν,
247 1680 308 1706 οὕτε
324 1680 500 1715 χειρόδμητον
511 1689 518 1695 ·
546 1680 612 1707 ἀλλά
628 1681 658 1707 τὸ
675 1681 795 1715 κρυπτὸν
808 1681 858 1715 τῆς
871 1689 938 1715 καρ-

148 1726 207 1757 δίας
219 1726 297 1761 ήμῶν
315 1727 441 1760 ταμεῖον,
460 1726 507 1752 ἐὰν
524 1725 631 1761 ἀληῦὦς
645 1725 740 1752 ἄδυτον
792 1727 825 1761 τῇ
842 1727 936 1761 κακία,

149 1773 266 1803 καὶτοῖς
289 1772 416 1807 πονηροῖς
439 1772 579 1807 λογισμοῖς
598 1772 772 1800 ἀνεπίϐατον.
791 1773 897 1808 Κοσμεῖ
910 1773 938 1800 δὲ

148 1819 198 1854 τὴν
214 1817 334 1852 κεφαλὴν
352 1818 391 1853 τῷ
404 1811 520 1853 οὐρανίῳ
538 1818 702 1853 φρονήματι,
717 1819 748 1845 οὐ
765 1819 938 1854 γραμμάτων

147 1864 232 1891 τύπον
260 1863 482 1899 ὲνσημηνάμενος
503 1863 612 1899 πετάλῳ
635 1863 744 1899 χρυσῷ,
775 1864 833 1891 ἀλλ’
857 1864 938 1890 αὑτὸν

148 1911 194 1937 τὸν
211 1910 276 1936 Θεὸν
288 1911 447 1942 ὲντυπώσας
465 1912 493 1937 ἐν
507 1910 546 1945 τῷ
559 1910 716 1946 ἡγεμονικῷ
731 1909 862 1946 λογισμῷ.
881 1911 938 1937 Μύ-

151 1965 196 1990 ρον
208 1956 235 1982 δὲ
250 1955 448 1987 κατασκεδάζει
470 1955 520 1990 τῆς
543 1955 642 1990 κόμης,
658 1955 688 1981 τὸ
708 1956 773 1991 παρ’
789 1956 874 1990 αὐτῆς
898 1955 940 1981 ἒν-

149 2002 225 2028 δοοεν
241 2002 291 2036 τῆς
306 2001 394 2037 ψυχῆς
405 2002 448 2028 διὰ
459 2001 513 2028 τῶν
525 2001 631 2036 ἀρετῶν
649 2001 846 2037 μυρεψόμενον.
860 2001 940 2037 θύμα

149 2048 177 2074 δὲ
194 2048 241 2074 καὶ
259 2049 356 2084 ἱερεῖον
375 2048 523 2084 προσάγειν
537 2048 617 2075 αὑτὸν
634 2048 673 2084 τῷ
688 2048 747 2084 Θεῷ
764 2049 940 2084 παρασκευά-

150 2094 202 2126 ζει,
229 2095 274 2121 διὰ
292 2094 343 2129 τῆς
372 2095 506 2130 μυστικῆς
529 2095 699 2130 ἱερουργίας,
726 2094 775 2121 οὐκ
798 2094 862 2120 ἄλλο
878 2103 904 2120 τι
923 2094 939 2130 ἢ

150 2142 256 2168 ἑαυτὸν,
280 2141 308 2167 '0
332 2140 386 2175 γὰρ
411 2140 500 2172 οὕτως
521 2140 597 2175 παρὰ
616 2139 664 2166 τοῦ
680 2140 782 2175 Κυρίου
804 2139 872 2175 πρὸς
891 2139 940 2174 τὴν

151 2186 300 2222 ἱερωσύνην
315 2186 417 2221 ταύτην
432 2186 574 2221 ἀγόμενος,
591 2185 621 2212 τὸ
635 2185 761 2222 φρόνημα
778 2186 826 2220 τῆς
841 2185 940 2221 σαρκὸς
956 2178 978 2205 D

151 2232 291 2266 νεκρώσας
314 2233 342 2258 ὲν
366 2232 399 2266 τῇ
426 2230 547 2266 μαχαίρᾳ
569 2230 615 2257 τοῦ
644 2230 810 2266 πνεύματος,
840 2231 854 2258 ὃ
879 2232 938 2257 ἐστι

154 2278 229 2312 ῥῆμα
247 2277 328 2310 Θεοῦ,
347 2277 434 2309 οὕτως
449 2276 565 2304 ἱλεοῦται
579 2277 624 2304 τὸν
639 2277 705 2303 Θεὸν
721 2278 750 2303 ὲν
764 2279 821 2309 τοῖς
834 2277 941 2308 ἀδύτοις

151 2324 309 2358 γενόμενος,
334 2324 430 2351 ἑαυτὸν
449 2324 492 2350 διὰ
507 2324 557 2359 τῆς
579 2324 707 2359 τοιαύτης
725 2323 819 2355 θυσίας
836 2324 942 2359 ἱερουρ-

151 2371 253 2406 γήσας,
279 2370 326 2397 sui.
355 2371 533 2407 παραστήσας
559 2370 589 2397 τὸ
606 2370 702 2397 ἑαυτοῦ
724 2370 818 2406 σῶμα,
846 2370 940 2397 θυσίαν

152 2416 240 2449 ζῶσαν
254 2417 333 2450 ἁγίαν
349 2417 494 2452 εὐάρεστον
512 2416 551 2452 τῷ
563 2416 631 2452 Θεῷ.
655 2417 723 2443 Ἀλλ’
735 2418 794 2453 ὲρεῖ
809 2426 850 2449 τις
863 2417 939 2448 ἴσως,

153 2462 189 2498 μὴ
202 2462 287 2489 ταῦτα
297 2462 369 2490 κατὰ
381 2463 412 2490 τὸ
423 2463 568 2499 πρόχειρον
581 2462 652 2498 ἔχειν
663 2463 711 2498 τὴν
725 2464 774 2498 τῆς
786 2463 940 2499 προσευχῆς

150 2509 269 2536 διάνοιαν
287 2509 338 2544 τῆς
360 2508 545 2544 προκειμένης
567 2510 634 2545 ἡμῖν
650 2511 688 2541 εἰς
703 2509 846 2545 ἐξήγησιν·
863 2518 940 2544 περι-

151 2557 221 2583 νοεῖν
244 2556 273 2582 δὲ
296 2556 370 2591 ἡμᾶς
391 2556 454 2587 τοὺς
472 2556 608 2589 τοιούτους
636 2557 747 2591 λόγους,
761 2557 811 2582 οὐκ
834 2557 866 2582 ἐκ
886 2556 939 2582 τῶν

150 2601 257 2628 οἰκείων
273 2603 331 2634 τοῖς
349 2601 538 2637 ὑποκειμένοις
561 2603 741 2639 ἁρμόζοντας.
763 2602 866 2629 Οὐκοῦν
887 2603 939 2629 πά-

150 2648 191 2674 λιν
213 2648 414 2684 ὑπομνησθήτω
431 2648 484 2676 τῶν
500 2648 616 2685 πρώτων
633 2650 683 2685 τῆς
698 2650 852 2686 προσευχῆς
867 2649 939 2676 διδα-

150 2695 270 2730 γμάτων.
296 2694 326 2721 '0
342 2695 396 2731 γὰρ
411 2694 497 2727 οὕτως
517 2696 613 2722 ἑαυτὸν
629 2695 850 2731 παρασκευάσας,
868 2695 939 2722 ὥστε

151 2743 180 2769 ιν
196 2741 335 2778 παρρησίᾳ
352 2741 483 2778 τολμῆσαι
499 2743 608 2778 Πατέρα
629 2741 724 2770 ἑαυτοῦ
739 2742 783 2769 τὸν
802 2742 868 2769 Θεὸν
883 2743 939 2769 ονο-

188 2831 209 2847 ’¹
232 2831 319 2859 chil.
336 2840 401 2865 rm,
425 2831 450 2865 7,
467 2840 528 2867 sqq.

989 1544 1089 1569 virtute
1103 1545 1171 1568 aclte
1187 1539 1366 1570 intellexerit,
1382 1543 1412 1565 ut
1428 1538 1535 1571 insigne
1548 1545 1595 1572 per
1608 1536 1680 1564 hanc
1694 1537 1778 1562 vitam

988 1591 1040 1617 iter
1054 1588 1122 1622 sit.)
1140 1587 1177 1614 Ex
1195 1587 1238 1614 his
1256 1587 1340 1621 igitur
1355 1585 1470 1612 fimbriis
1484 1592 1546 1611 cum
1571 1591 1621 1618 pro
1644 1583 1779 1610 tintinna-

988 1636 1053 1662 bulo
1066 1634 1176 1669 quidem
1194 1634 1262 1660 bene
1284 1636 1427 1659 sonantem
1453 1637 1607 1657 sermonem
1633 1629 1694 1656 ﬁdei
1721 1636 1781 1656 sus-

988 1681 1145 1717 pendisset,
1163 1687 1213 1713 pro
1231 1679 1420 1712 malogranato
1437 1685 1502 1704 vero
1522 1677 1659 1703 occultam
1681 1675 1781 1702 futura:

991 1727 1047 1762 spei
1065 1725 1323 1761 promptitudincm,
1339 1731 1399 1750 eam
1413 1743 1421 1756 ,
1439 1731 1499 1757 quae
1514 1721 1619 1749 duriori
1637 1722 1690 1748 vita
1710 1726 1780 1748 tecta

989 1777 1046 1803 est,
1066 1772 1102 1798 ita
1117 1771 1226 1798 demum
1243 1769 1277 1796 ad
1295 1769 1406 1800 ἄδυτον,
1427 1771 1455 1795 et
1473 1767 1601 1794 intimum
1625 1766 1717 1800 templi
1742 1766 1782 1793 lo-

990 1826 1052 1846 cum
1071 1817 1206 1853 producit.
1231 1815 1344 1841 ’Ἂδυτον
1363 1817 1455 1840 autem
1477 1813 1530 1840 hoc
1553 1819 1608 1839 non
1629 1812 1780 1838 inanimum

990 1873 1079 1900 neque
1096 1872 1177 1890 manu
1200 1862 1322 1894 factum,
1348 1861 1393 1888 sed
1419 1867 1550 1887 arcanum
1574 1859 1666 1886 cordis
1693 1859 1782 1886 nostri

990 1911 1128 1946 penetrale
1155 1914 1236 1944 atque
1258 1908 1388 1934 conclave
1414 1911 1474 1940 est;
1491 1906 1515 1933 si
1543 1913 1607 1932 vere
1621 1905 1734 1937 ἄδυτον,
1753 1903 1781 1930 id

989 1962 1048 1989 est,
1067 1955 1276 1990 impenetrabile
1295 1952 1438 1988 nequitize,
1457 1955 1484 1979 et
1500 1951 1581 1979 malis
1605 1950 1782 1985 cogitationi—

989 2003 1042 2031 bus
1058 2003 1231 2029 inaccessum
1247 2001 1293 2027 sit.
1310 1999 1397 2026 Ornat
1412 1998 1476 2025 item
1495 2002 1578 2032 caput
1594 1996 1701 2024 caelesti
1720 2003 1782 2022 sen-

991 2056 1041 2081 su,
1060 2055 1114 2075 non
1134 2048 1287 2073 litterarum
1307 2046 1421 2080 ﬁguram
1439 2051 1528 2070 aurea:
1555 2042 1663 2069 laminae
1687 2041 1783 2076 impri-

990 2103 1087 2126 mens.
1103 2093 1151 2121 sed
1169 2093 1257 2127 ipsum
1282 2090 1366 2118 Deum
1389 2090 1417 2116 in
1436 2089 1580 2124 principali
1605 2089 1712 2114 ratione
1740 2087 1782 2114 in-

992 2140 1130 2174 sculpens.
1165 2137 1341 2172 Unguentum
1373 2138 1463 2160 autem
1495 2133 1593 2168 capillo
1624 2132 1781 2167 inspergit,

993 2185 1065 2220 quod
1083 2186 1117 2211 ah
1134 2185 1192 2220 ipsa
1209 2183 1299 2210 anima
1317 2189 1367 2217 per
1382 2182 1498 2208 virtutes
1517 2179 1682 2206 intrinsecus
1697 2177 1783 2205 conii-

993 2233 1065 2260 citur
1079 2233 1092 2259 ε’
1103 2236 1184 2266 atque
1199 2230 1281 2258 etiam
1298 2231 1433 2264 prteparat
1455 2233 1516 2253 eum
1528 2247 1535 2258 ,
1555 2228 1584 2252 ut
1601 2225 1739 2251 victimam
1755 2227 1783 2251 et

993 2278 1110 2306 hostiam
1126 2284 1174 2312 per
1189 2276 1333 2312 mysticum
1350 2272 1515 2302 sacriﬁcium
1529 2271 1627 2298 oﬂ‘erat
1643 2270 1708 2303 Deo,
1727 2277 1782 2296 non
1813 2296 1817 2300 ,

993 2324 1067 2352 aliud
1083 2323 1232 2359 quidquam
1249 2322 1300 2348 nisi
1325 2321 1458 2356 scipsum.
1476 2318 1527 2353 Qui
1552 2318 1625 2346 enim
1643 2317 1679 2344 ita
1696 2324 1711 2343 a
1729 2315 1783 2343 Do-

993 2371 1068 2398 mino
1092 2369 1124 2396 ad
1154 2369 1205 2396 hoc
1230 2367 1395 2396 sacriﬁcium
1425 2374 1472 2401 per
1502 2363 1624 2401 gladium
1649 2363 1780 2398 spiritus,

991 2417 1063 2453 quod
1080 2420 1122 2444 est
1138 2415 1250 2443 verbmn
1272 2413 1337 2445 Dei,
1354 2420 1465 2440 Sensum
1484 2410 1575 2439 carnis
1594 2408 1781 2440 niorlilicans,

991 2463 1114 2493 ducitur,
1130 2461 1153 2488 is
1170 2460 1241 2487 intra
1261 2458 1342 2494 adyta
1363 2457 1447 2484 Deum
1466 2457 1574 2492 placat,
1594 2454 1715 2490 scipsum
1733 2460 1782 2488 per

991 2510 1044 2537 tale
1070 2507 1236 2536 sacriﬁcium
1261 2504 1424 2535 immolans,
1448 2509 1583 2536 suumque
1605 2508 1707 2536 corpus
1732 2499 1782 2526 ho-

991 2555 1072 2583 stiam
1093 2554 1246 2583 viventem,
1270 2554 1409 2581 sanctam,
1432 2550 1571 2582 acceptam
1594 2545 1649 2574 Deo
1669 2545 1779 2572 sistens.

994 2600 1048 2629 Sed
1066 2599 1183 2627 fortasse
1197 2597 1270 2625 dicet
1283 2595 1400 2630 aliquis,
1416 2602 1471 2621 non
1493 2593 1566 2626 bam,
1591 2595 1672 2627 prout
1693 2590 1780 2625 prima

993 2646 1063 2674 facie
1079 2648 1225 2681 appareat,
1241 2641 1404 2671 sententiam
1425 2639 1576 2670 orationis,
1595 2645 1676 2673 quam
1694 2643 1780 2671 expo-

993 2693 1112 2722 nendam
1129 2689 1316 2725 suscepimus,
1335 2688 1496 2716 continere:
1514 2685 1562 2715 sed
1579 2692 1629 2712 nos
1644 2682 1780 2718 ejusmodi

993 2745 1150 2770 sermones,
1164 2737 1211 2772 qui
1227 2736 1268 2765 rei
1281 2735 1428 2771 propositae
1440 2741 1471 2762 cx
1486 2731 1605 2769 propriis
1617 2730 1678 2766 ejus
1692 2728 1783 2774 verbis
