1978 3068
235 113 298 142 1151

234 169 340 198 collecti
353 178 407 199 non
420 173 600 208 conveniant,
615 177 799 206 comminisci.
812 179 1018 211 Reminiscatur

233 222 298 250 ergo
312 215 402 244 denuo
416 222 499 254 atque
514 221 674 250 recordetur
686 225 800 258 primam
819 229 953 257 orationis
969 230 1019 258 do-

233 260 349 287 ctrinam
364 269 372 288 :
389 270 452 290 nam
469 265 517 299 qui
530 265 566 292 ita
582 273 643 295 sese
655 270 762 303 paravit
774 290 782 303 .
795 275 825 299 ut
837 272 921 302 libere
933 274 1019 303 Deum

233 308 338 339 patrem
359 314 439 335 suum
461 311 604 339 nominare
621 314 736 348 audeat,
757 315 781 344 is
803 318 883 352 plane
899 320 1018 349 amictus

232 354 274 378 est
288 351 332 379 illa
347 354 415 381 stola
427 373 435 386 ,
449 363 530 390 quam
543 358 631 385 oratio
646 351 812 396 descripsit,
825 364 1018 395 tintinnabulis

233 403 360 432 resonat,
377 401 515 435 corymbis
528 402 686 438 decoratur,
704 407 778 435 circa
797 414 895 443 pectus
917 418 1018 446 praece-

232 446 340 477 ptorum
361 444 512 480 fulgoribus
531 449 704 484 resplendet,
728 457 817 488 gestat
830 444 952 484 humeris
969 464 1017 490 pa-

231 489 367 518 triarchas
388 495 416 519 et
433 493 597 528 prophetas,
621 496 681 524 loco
705 499 848 526 nominum
870 489 1017 530 virtutibus

231 536 340 564 illorum
359 538 393 565 ad
415 539 458 566 sui
482 545 609 568 ornatum
631 544 773 572 translatis
790 555 796 573 :
815 552 898 582 caput
914 555 1017 576 corona

227 582 340 616 justitiac
354 591 450 618 ornat,
477 587 606 622 capillum
628 590 732 617 emlesti
753 596 892 626 unguento
907 593 1017 622 delibu-

230 632 287 655 tum
300 629 396 663 habet,
420 635 447 658 ct
468 631 538 659 intra
552 635 757 668 supercoelestia
772 637 855 673 adyta
870 644 1015 667 versatur:

229 682 289 709 qua:
311 677 385 703 omni
410 678 569 713 cogitationi
595 681 716 715 profante
744 691 838 711 revera
861 685 961 717 ἄδυτα,
989 686 1016 713 id

228 724 271 747 est
287 720 504 756 impenetrabilia
520 729 602 760 atque
618 727 758 755 inacccssa
781 734 856 757 sunt.
869 730 1015 760 Enimvero

228 767 366 799 quomodo
382 772 409 795 et
424 776 586 798 exornatum
602 776 629 799 et
646 773 812 802 instructum
834 784 896 804 esse
916 785 1016 806 conve-

227 811 284 838 niat
300 820 362 840 eum
375 833 382 845 ,
397 815 443 849 qui
460 817 611 844 sacerdotis
625 819 712 846 cilicio
726 820 871 850 functurus
887 823 940 856 sit,
957 831 1014 850 mc-

226 856 358 886 diocriter
372 867 420 894 per
435 868 466 888 ea
483 869 543 896 quae
556 867 671 891 tractata
685 870 767 900 atque
781 867 916 901 explicata
929 873 1010 902 sunt,

225 904 314 932 oratio
331 905 543 941 demonstravit;
558 909 690 944 reliquum
707 910 790 939 fuerit
811 912 898 947 ipsam
920 914 1012 941 consi-

839 121 867 149 S.
884 123 1045 154 GREGORII
1061 128 1206 158 NYSSENI

1789 137 1858 165 1152

1033 192 1054 221 Α
1071 188 1166 223 μάσαι,
1179 186 1257 222 οὗτος
1270 191 1390 226 ἀκριϐῶς
1403 191 1555 228 περίκειται
1568 192 1616 228 τὴν
1630 193 1725 229 στολὴν
1736 194 1854 230 ἐκείνην,

1070 233 1102 268 ῆν
1119 235 1133 261 ό
1156 234 1234 270 λόγος
1249 236 1416 272 ὑπέγραψεν,
1435 238 1482 264 καὶ
1500 239 1563 273 ἡχεί
1575 240 1632 271 τοῖς
1646 239 1784 273 κώδωσιν,
1808 242 1856 268 καὶ

1069 279 1176 312 ἐξανθεῖ
1195 282 1249 313 τοῖς
1273 277 1404 317 ῥοΐσκοις·
1423 284 1470 310 καὶ
1485 284 1587 319 λάμπει
1619 285 1684 320 περ)¹
1702 286 1733 312 τὸ
1758 286 1854 321 στῆθος

1068 326 1128 356 ταῖς
1140 325 1193 353 τῶν
1204 327 1319 354 ἐντολῶν
1332 328 1444 362 αὐγαῖς,
1462 329 1508 356 καὶ
1521 330 1599 365 φέρει
1613 332 1669 362 τοῖς
1686 331 1772 366 ὤμοις
1791 333 1854 364 τοὺς

1069 368 1241 404 πατριάρχας
1255 370 1302 397 καὶ
1317 373 1468 407 προφήτας,
1483 374 1543 400 ἀντὶ
1558 374 1613 400 τῶν
1631 374 1788 410 ὀνομάτων,
1804 376 1854 408 τὰς

1068 412 1168 447 ἀρετὰς
1185 414 1296 441 ἐκείνων
1312 417 1351 448 είς
1367 417 1412 443 τὸν
1433 417 1497 445 ἴδιον
1509 418 1610 454 κόσμον
1625 421 1853 456 μετακοσμήσας”

1068 457 1116 483 κα)⁸
1125 457 1173 493 τὴν
1186 459 1304 495 κεφαλὴν
1318 463 1416 496 κοσμεῖ
1426 463 1465 498 τῷ
1474 463 1523 498 τῆς
1535 464 1706 500 δικαιοσύνης
1717 467 1854 504 στεφάνῳ,

1067 501 1115 528 καὶ
1139 503 1189 538 τὴν
1216 504 1303 540 κόμην
1324 505 1380 541 ἔχει
1404 507 1444 543 τῷ
1459 508 1577 544 οὐρανίῳ
1595 509 1672 545 μύρῳ
1692 501 1851 547 διάϐροχον,

1067 547 1142 580 ἐντός
1163 557 1193 574 τε
1211 549 1315 583 γίνεται
1337 550 1391 577 τῶν
1416 551 1620 588 ὕπερουρανίων
1640 553 1762 580 ἀδύτων·
1781 554 1853 590 ἅπερ
1891 571 1896 574 -

1067 594 1148 620 παντὶ
1171 594 1294 630 λογισμῷ
1319 595 1423 632 βεϐήλῳ
1443 597 1526 624 ἄδυτα
1551 598 1588 630 ὡς
1605 598 1712 633 άληθῶς
1733 600 1791 626 ἑστι
1806 601 1853 627 καὶ

1066 639 1225 666 ἀνεπίδατα.
1248 640 1317 666 Ἀλλ’
1330 641 1404 673 ὅπως
1423 642 1555 678 προσήχει
1571 644 1794 679 παρεσκευάσθαι
1806 645 1852 672 τὸν

1067 685 1230 721 ἱερωμένον,
1250 687 1372 721 μετρίως
1396 688 1426 714 ὲν
1445 689 1501 720 τοῖς
1523 689 1716 724 ὲξητασμένοις
1738 691 1753 716 ό
1775 690 1852 724 λόγος

1066 730 1216 763 ὑπέδειξεν·
1235 731 1327 758 λοιπὸν
1344 733 1365 758 δ’
1379 732 1412 759 ἂν
1427 734 1469 769 εῐη
1485 736 1594 760 σκοπεῖν
1611 735 1694 770 αὐτὴν
1711 735 1759 770 τὴν
1773 735 1852 771 αἴτη-

1066 785 1117 808 σιν,
1134 777 1167 812 ἢν
1188 778 1335 812 προσάγειν
1355 779 1483 805 ἐκέλευσε
1502 779 1541 814 τῷ
1555 779 1626 815 Θεῷ,
1645 780 1691 806 τὸν
1706 781 1781 812 ἐντὸς
1797 781 1852 807 τῶν

1065 822 1168 849 ἀδύτων
1186 823 1340 858 γενόμενον.
1363 824 1400 850 Οὐ
1421 824 1475 859 γάρ
1490 833 1535 860 μοι
1557 825 1631 852 δοκεῖ
1650 826 1721 852 κατά
1737 827 1766 852 τὺ
1785 827 1850 862 πρό-

1065 876 1165 902 χειρον,
1181 867 1314 903 εὔληπτον
1331 870 1460 905 παρέχειν
1477 871 1542 906 ἡμῖν
1556 872 1606 906 τὴν
1625 871 1751 907 διάνοιαν,
1766 873 1851 908 ψιλῶς

1064 914 1115 949 τῆς
1133 915 1286 950 προσευχῆς
1301 915 1445 943 ἐκτεθέντα
1458 916 1493 943 τὰ
1505 917 1625 952 ῥήματα.

225 949 321 978 derarc
337 952 512 986 petitionem,
530 963 611 990 quam
629 964 707 990 eum,
725 959 772 993 qui
787 959 857 987 intra
886 961 997 996 adytum
1025 966 1161 994 versatur,
1189 961 1245 990 Deo
1276 962 1374 991 oﬂ'erre
1401 963 1506 999 jussit:
1522 972 1576 992 non
1594 967 1666 992 enim
1683 966 1749 993 mihi
1769 967 1849 994 verba

223 997 357 1025 orationis
381 1000 454 1027 nude
477 1003 599 1036 exposita
613 1024 620 1036 ,
649 1003 737 1038 prima
763 1006 833 1034 facie
860 1013 987 1044 percepta
1000 1029 1007 1042 ,
1028 1009 1135 1037 facilem
1149 1010 1229 1038 nobis
1243 1011 1405 1038 sententiam
1420 1011 1542 1046 praebere
1554 1012 1689 1041 videntur.

259 1043 456 1080 Sanctiﬁ'cetur,
474 1048 580 1083 inquit,
595 1059 691 1078 nomen
708 1057 800 1086 tuum;
822 1043 949 1083 adveniat
960 1065 1008 1084 νδ-
1025 1064 1047 1092 Β

223 1098 304 1124 gnum
321 1096 406 1119 tuum.
422 1092 493 1126 Quid
508 1095 566 1122 haec
579 1096 613 1123 ad
629 1096 656 1124 id
667 1117 675 1130 ,
690 1098 764 1132 quod
780 1100 845 1126 mihi
862 1108 932 1135 opus
945 1103 1008 1130 est?

223 1133 326 1162 dixerit
342 1137 442 1172 aliquis
457 1138 556 1171 homo,
571 1141 613 1168 vel
633 1147 743 1177 propter
758 1149 870 1179 peccata
881 1133 1009 1182 seipsum

222 1187 271 1215 per
288 1182 476 1216 pmnitentiam
491 1185 644 1221 castigans,
667 1189 707 1216 vel
727 1194 758 1216 ut
774 1196 914 1224 peccatum
931 1193 1008 1221 inva-

223 1225 329 1255 lescens
344 1228 471 1264 effugiat,
490 1230 574 1258 Deum
599 1232 627 1260 in
652 1234 784 1262 auxilium
801 1243 920 1270 vocans,
938 1246 1009 1266 sem-

222 1279 272 1306 per
287 1273 314 1300 in
332 1274 419 1301 oculis
434 1275 538 1303 habens
553 1285 615 1305 eum
628 1298 635 1311 ,
650 1280 697 1314 qui
713 1287 762 1315 per
777 1283 942 1311 tentationes
957 1284 1009 1311 im-

223 1323 343 1352 pugnat:
361 1319 425 1346 hinc
441 1320 481 1347 ira
496 1322 631 1350 rationem
653 1331 669 1351 a
692 1327 848 1354 constantia
859 1347 866 1360 ,
884 1328 1008 1356 modera-

221 1362 315 1397 tione,
330 1369 411 1399 atque
427 1365 515 1393 oﬂicio
530 1367 640 1395 deducit
653 1378 660 1396 :
677 1370 752 1397 illinc
767 1378 858 1399 rerum
873 1372 1007 1401 absurda-

222 1415 281 1435 rum
296 1410 459 1444 cupiditates
473 1413 558 1440 animi
572 1414 693 1448 vigorem
707 1421 839 1444 enervant
851 1426 858 1444 :
874 1418 908 1446 ab
923 1419 1008 1446 altera

221 1459 298 1489 parte
312 1457 425 1484 avaritia
439 1462 467 1484 et
480 1458 520 1485 rei
535 1467 592 1486 suae
604 1461 701 1495 quovis
715 1462 794 1490 modo
810 1465 939 1498 augendae
948 1469 1007 1492 stu-

220 1500 294 1527 dium
314 1502 465 1536 pcrspicaci
482 1505 554 1538 parti
571 1505 663 1533 cordis
679 1506 869 1536 hebetudinem
883 1513 910 1536 et
927 1511 1007 1538 caeci-

221 1549 304 1573 tatem
320 1547 427 1575 inducit
440 1558 447 1582 ;
465 1549 552 1578 fastus
563 1570 570 1582 ,
586 1551 715 1585 superbia
725 1572 733 1585 ,
747 1553 839 1581 odium
849 1575 857 1588 ,
872 1556 1007 1592 reliquus-

219 1599 272 1625 que
282 1592 500 1621 adversariorum
513 1599 669 1623 nostrorum
678 1598 818 1633 catalogus
828 1604 855 1627 et
865 1608 1004 1636 numerus,

219 1641 350 1673 tanquam
366 1643 476 1667 caterva
499 1641 617 1669 hostium
640 1643 761 1679 undique
782 1652 812 1673 se
835 1647 1005 1676 circumfun-

219 1682 287 1711 dcns
298 1703 306 1718 ,
324 1687 510 1713 extremord’m
530 1688 663 1716 malorum
681 1690 779 1718 anima:
795 1693 945 1726 periculum
962 1695 1005 1722 in-

1102 1057 1294 1093 Ἁγιασθήτω,
1321 1060 1402 1095 φησι,
1430 1059 1464 1085 τὸ
1483 1059 1578 1094 ὄνομά
1599 1067 1676 1094 qov'
1698 1059 1806 1087 ἐλθέτω
1829 1062 1848 1095 ἡ

1056 1104 1202 1136 βασιλεία
1212 1111 1280 1132 σου.
1293 1104 1326 1131 Τί
1334 1104 1419 1131 ταῦτα
1431 1105 1498 1141 πρὸς
1508 1105 1557 1140 τὴν
1567 1105 1635 1142 ἐμὴν
1651 1106 1761 1141 χρξίαν;
1774 1107 1846 1134 εἴποι

1058 1157 1100 1180 τις
1121 1149 1278 1185 ἄνθρωπος,
1297 1149 1314 1185 ἢ
1335 1150 1381 1176 ἐπὶ
1406 1150 1553 1186 ἁμαρτίαις
1578 1151 1674 1178 ἑαυτὸν
1700 1151 1743 1178 διὰ
1766 1160 1847 1187 μετα-

1059 1193 1132 1225 νοίας
1156 1194 1309 1229 μαστίζων,
1331 1195 1348 1230 ἢ
1372 1195 1446 1227 ὅπως
1470 1195 1503 1222 ἂν
1517 1195 1597 1230 φύγοι
1622 1197 1847 1232 κατακρατοῦσαν

1057 1239 1107 1275 τὴν
1129 1240 1281 1276 ἁμαρτίαν,
1300 1241 1346 1268 τὸν
1365 1235 1431 1268 Θεδν
1453 1242 1493 1273 είς
1518 1243 1674 1277 συμμαχίαν
1697 1243 1802 1277 καλῶν,
1818 1245 1847 1271 ὲν

1058 1284 1205 1320 ὀφθαλμοῖς
1220 1285 1289 1321 ἔχων
1303 1287 1346 1313 ἀεὶ
1360 1286 1403 1312 τὸν
1417 1286 1460 1313 διὰ
1475 1286 1530 1313 τῶν
1543 1287 1702 1322 πειρασμῶν
1720 1297 1847 1323 προσπα-

1058 1329 1177 1367 λαίοντα.
1201 1331 1296 1358 Ἔνθεν
1308 1332 1332 1358 oi
1348 1331 1428 1367 θυμοὶ
1446 1332 1492 1358 τὸν
1507 1332 1636 1367 λογισμὸν
1652 1333 1698 1359 τοῦ
1712 1334 1846 1370 καθεστη-

1059 1364 1136 1408 κότος
1151 1377 1334 1412 παράγουσιν·
1354 1377 1457 1405 ἐκεῖθεν
1470 1379 1498 1405 αί
1512 1377 1566 1405 τῶν
1580 1378 1689 1406 ἀτόπων
1701 1379 1844 1415 ἐπιθυμίαι

1057 1423 1102 1449 τὸν
1129 1423 1204 1450 τόνον
1228 1423 1279 1458 τῆς
1309 1423 1397 1458 ψυχῆς
1428 1424 1644 1459 ὲκνευρίζουσιν·
1672 1425 1804 1461 ἑτέρωθεν
1827 1427 1844 1461 ή

1057 1469 1197 1502 πλεονεξία
1211 1470 1333 1505 πήρωσιν
1344 1470 1442 1504 ἐπάγει
1454 1470 1494 1505 τῷ
1505 1470 1648 1506 διορατικῷ
1661 1471 1709 1506 τῆς
1720 1471 1843 1508 καρδίας,

1056 1516 1070 1542 ὁ
1082 1515 1176 1548 τῦφος,
1193 1515 1210 1550 ἡ
1228 1513 1410 1550 ὑπερηφανία,
1423 1515 1454 1541 τὺ
1471 1516 1559 1550 μῖσος,
1575 1516 1590 1542 ὁ
1604 1516 1694 1548 λοιπὸς
1709 1516 1761 1542 τῶν
1774 1518 1843 1543 ἀντι-

1057 1558 1225 1586 παλαιόντων
1237 1559 1302 1593 ἡμῖν
1318 1558 1477 1593 κατάλογος.
1491 1557 1553 1586 Οίόν
1568 1569 1595 1586 τι
1612 1562 1704 1594 στῖφος
1716 1561 1844 1596 πολέμιον

1055 1604 1084 1629 ἐν
1101 1603 1192 1638 κύκλῳ
1206 1603 1486 1639 περιστοιχισάμενον,
1503 1605 1548 1631 τὸν
1566 1606 1630 1641 περὶ
1645 1606 1699 1633 τῶν
1721 1607 1843 1641 ἐσχάτων

1055 1648 1152 1682 ἐπάγει
1171 1649 1204 1683 τῇ
1219 1648 1291 1684 ψυχῇ
1309 1648 1439 1676 κίνδυνον.
1456 1646 1522 1675 Εἶτα
1538 1651 1552 1676 ό
1571 1650 1680 1677 ἐκδῦναι
1695 1650 1780 1677 ταῦτα
1799 1651 1842 1678 διὰ

1055 1693 1105 1728 τῆς
1121 1693 1276 1729 κρείττονος
1290 1693 1450 1729 συμμαχίας
1467 1694 1635 1728 σπουδάζων,
1650 1696 1737 1727 ποίοις
1750 1695 1783 1722 ἂν
1795 1705 1841 1722 κυ-

218 1727 314 1757 ducit:
333 1735 359 1758 et
373 1732 420 1766 qui
436 1732 494 1760 haec
510 1732 624 1762 firmiori
641 1736 745 1764 auxilio
761 1738 870 1765 studeat
885 1739 1003 1774 effugere

1056 1727 1184 1774 ριῶτερον
1202 1727 1333 1774 χρήσαιτο
1350 1727 1461 1773 λόγοις
1486 1740 1535 1775 οὐχ
1558 1738 1599 1772 οἷς
1613 1741 1627 1767 ό
1642 1741 1729 1776 μέγας
1745 1741 1840 1774 Δαϐὶδ,

218 1779 300 1809 atque
315 1777 418 1804 evitare
430 1798 437 1810 ,
454 1779 553 1812 quibus
570 1780 661 1809 verbis
677 1783 764 1818 magis
778 1784 897 1818 propriis
913 1790 1003 1813 utere~

217 1820 283 1847 tur?
307 1829 398 1850 annon
421 1824 520 1858 quibus
542 1825 626 1853 David
643 1835 709 1855 usus
731 1829 795 1855 est?
817 1829 943 1864 Eripiar,
960 1831 1002 1859 in-

216 1867 331 1901 quiens,
358 1877 390 1896 ea:
413 1870 472 1898 odio
498 1873 716 1907 prosequentibus
742 1883 782 1902 me
796 1875 840 1908 ";
859 1879 905 1909 et,
922 1879 1002 1904 Aver-

216 1915 307 1938 tantur
324 1913 425 1940 inimici
442 1916 492 1942 mei
510 1921 654 1945 retrorsum
672 1919 714 1953 5';
734 1925 776 1954 et,
803 1921 844 1949 Da
863 1923 936 1951 nobis
953 1933 1002 1951 au-

214 1958 308 1985 xilium
321 1961 504 1995 eealﬂiclione
512 1963 534 1978 '”
547 1973 553 1990 :
567 1967 593 1990 et
606 1972 773 2001 quaecunque
787 1967 850 1995 talia
865 1974 938 2002 sunt,
953 1978 1002 2005 per

216 2011 276 2038 quae
286 2005 417 2032 auxilium
431 2005 476 2034 Dei
497 2012 592 2035 contra
609 2009 780 2038 adversarios
793 2013 914 2041 excitare
925 2014 999 2042 licet.

215 2049 294 2076 Nunc
315 2058 378 2078 vero
399 2051 496 2080 modus
511 2054 609 2081 orandi
627 2055 693 2089 quid
709 2057 853 2085 continet?
870 2058 998 2094 Sanctiﬁ-

213 2099 288 2122 cetur
305 2104 397 2123 nomen
415 2103 498 2126 mum.
516 2099 544 2126 Si
561 2100 634 2127 enim
650 2101 701 2128 hoc
715 2109 731 2129 a
748 2110 791 2130 me
807 2111 862 2130 non
880 2104 998 2139 dicatur,

213 2141 336 2175 nunquid
357 2142 415 2169 fieri
440 2148 546 2178 potest,
566 2150 595 2172 ut
614 2153 712 2174 nomen
734 2147 781 2175 Dei
801 2154 926 2176 sanctum
944 2158 999 2178 non

213 2185 271 2213 sit?
286 2185 412 2214 Adveniat
429 2196 537 2223 regnum
553 2194 637 2216 tuum.
658 2190 729 2223 Quid
744 2193 817 2219 enim
834 2201 849 2220 a
866 2198 999 2229 potestate

212 2230 261 2258 Dei
279 2232 397 2259 alienum
413 2237 455 2260 est
471 2253 478 2266 ,
500 2234 564 2269 qui,
586 2238 615 2262 ut
634 2235 722 2271 inquit
743 2237 828 2266 lsaias
844 2239 869 2255 "
881 2259 888 2272 ,
909 2244 997 2268 totum

211 2276 310 2303 caelum
326 2277 417 2312 palmo
435 2278 642 2313 comprehcndit
654 2301 661 2314 ,
678 2281 725 2316 qui
749 2283 923 2318 amplectitur
942 2290 998 2314 ter-

210 2327 269 2347 ram
283 2341 291 2352 ,
311 2322 357 2356 qni
379 2321 517 2349 humidam
537 2327 664 2353 naturam
679 2326 707 2353 in
728 2335 811 2356 manu
832 2331 953 2358 continet
970 2335 997 2359 et

209 2367 439 2401 comprehendit,
467 2368 514 2402 qui
539 2376 649 2397 omnem
675 2373 842 2401 mundanam
866 2376 948 2403 simul
969 2381 996 2404 et

211 2413 462 2446 supramundanam
476 2417 601 2442 naturam
615 2417 694 2451 quasi
709 2418 737 2445 in
752 2419 825 2447 ulnis
839 2423 950 2456 gestat?
965 2422 994 2450 Si

208 2455 292 2490 igitur
305 2463 403 2483 nomen
418 2456 465 2484 Dei
479 2465 587 2499 semper
602 2465 727 2490 sanctum
743 2468 801 2496 est,
817 2455 849 2492 ac
862 2467 930 2494 nihil
954 2467 995 2495 ef-

208 2500 277 2535 fugit
291 2501 344 2528 vim
359 2502 555 2532 dominationis
568 2504 634 2539 Dei,
660 2508 708 2536 sed
723 2514 750 2536 et
764 2511 886 2538 omnium
901 2520 992 2540 rerum

208 2546 320 2580 potitur,
339 2551 366 2574 et
382 2549 456 2583 quod
473 2550 506 2576 ad
521 2551 767 2582 sanctificationem
784 2557 902 2590 attinet,
918 2559 993 2594 adje-

207 2590 296 2617 clione
310 2591 426 2626 amplius
438 2600 508 2628 opus
523 2602 577 2622 non
592 2596 689 2631 habet,
704 2600 804 2635 quippe
815 2602 859 2629 cui
872 2610 921 2636 per
932 2590 992 2630 oin-

206 2635 250 2661 nia
266 2635 333 2663 nihil
350 2637 442 2671 deest,
461 2640 509 2667 sed
531 2642 669 2676 perfectus
685 2649 746 2673 est:
769 2646 836 2681 quid
858 2635 909 2675 sibi
934 2650 991 2677 vult

207 2681 258 2709 hoc
272 2687 410 2718 optatum,
427 2685 614 2721 Sanctiﬁcelur
629 2698 723 2717 nomen
747 2695 821 2718 tuum
831 2699 841 2718 :
866 2693 989 2722 adveniat

208 2736 314 2762 regnum
330 2734 404 2757 tuum
418 2732 430 2758 .9
444 2732 485 2759 An
500 2732 614 2762 forsitan
629 2735 682 2763 tale
698 2737 836 2773 quidpiam
853 2738 986 2772 Verbum,

1060 1783 1217 1818 Ῥυσθείην
1238 1784 1273 1811 ἐκ
1298 1784 1358 1812 τῶν
1380 1786 1553 1820 μισούντων
1574 1795 1630 1821 με,
1658 1786 1758 1821 λέγων’
1776 1788 1840 1819 καὶ,

1059 1830 1339 1865 Ἀποστραφείησαν
1362 1832 1389 1858 οἱ
1406 1831 1507 1866 ἐχθροί
1526 1840 1587 1866 μου
1607 1833 1651 1865 είς
1674 1833 1710 1860 τὰ
1727 1833 1838 1860 ὀπίσω·

1052 1875 1116 1908 καὶ,
1143 1875 1199 1908 Δὸς
1226 1875 1299 1910 ἡμῖν
1321 1876 1468 1909 ,βοήθειαν
1490 1877 1524 1903 ἐκ
1548 1877 1689 1912 θλίψεως,
1718 1879 1765 1905 καὶ
1790 1879 1839 1905 ὃσα

1051 1920 1178 1952 τοιαῦτα,
1200 1920 1234 1946 δι’
1248 1917 1286 1947 ὦν
1305 1920 1362 1947 ἔστι
1385 1920 1432 1947 τοῦ
1449 1920 1516 1947 Θεοῦ
1531 1921 1581 1956 τὴν
1597 1922 1753 1957 συμμαχίαν
1769 1924 1839 1950 κατὰ

1051 1965 1104 1992 τῶν
1128 1966 1255 1992 ἐναντίων
1280 1966 1470 2001 διαναστῆσαις
1489 1967 1558 1994 Νυνὶ
1569 1967 1599 1994 δὲ
1612 1967 1638 1994 τι
1659 1976 1741 2003 φησιν
1756 1969 1771 1995 ό
1791 1969 1839 2003 τῆς

1051 2012 1206 2047 προσευχῆς
1222 2012 1320 2046 νόμος;
1348 2012 1526 2047 Ἁγιασθήτω
1551 2013 1583 2040 τὸ
1609 2013 1704 2048 ὄνομά
1718 2021 1786 2041 σου.
1807 2014 1838 2041 El

1050 2057 1103 2093 γὰρ
1121 2057 1158 2093 μὴ
1181 2057 1285 2091 λέγοιτο
1306 2058 1370 2092 παρ’
1395 2058 1463 2093 ὲμοῦ
1475 2058 1571 2091 τοῦτο,
1586 2057 1641 2094 ἆρα
1655 2060 1766 2086 δυνατόν
1781 2061 1837 2086 ἐστι

1051 2103 1092 2138 μὴ
1105 2102 1181 2136 ἆγιον
1195 2100 1264 2128 εῖναι
1279 2102 1326 2128 τοῦ
1348 2102 1415 2129 Θεοῦ
1435 2102 1465 2129 τὸ
1486 2102 1586 2138 δνομας
1608 2103 1734 2131 Ἐλθέτω
1748 2104 1767 2136 ἠ
1780 2105 1837 2136 ,βα-

1049 2147 1149 2173 σιλεία
1165 2155 1233 2173 σου.
1256 2146 1288 2172 Τί
1302 2146 1357 2182 γὰρ
1381 2147 1431 2182 τῆς
1456 2146 1580 2179 ἐξουσίας
1604 2147 1652 2174 τοῦ
1674 2148 1741 2174 Θεοῦ
1757 2148 1836 2183 ¹ίδιλλο-

1047 2191 1176 2226 τρίωται,
1199 2190 1246 2218 τοῦ
1266 2191 1433 2227 διειληφότος
1451 2193 1484 2228 τῇ
1506 2193 1628 2229 σπιθαμῇ
1653 2193 1697 2220 τὸν
1723 2193 1836 2230 οὐρανὸν

1048 2237 1123 2271 ὅλον,
1150 2237 1240 2269 καθώς
1260 2246 1342 2273 φησιν
1371 2237 1498 2270 Ἡσαΐας,
1518 2237 1565 2264 τοῦ
1590 2238 1835 2274 περιδεδραγμένου

1048 2283 1097 2319 τὴν
1111 2284 1173 2318 γῆν,
1195 2283 1242 2309 τοῦ
1255 2283 1486 2318 περικρατοῦντος
1503 2284 1531 2310 ὲν
1550 2285 1582 2319 τῇ
1600 2285 1671 2320 χειρὶ
1683 2285 1731 2320 τὴν
1748 2286 1835 2320 ὑγρὰν

1047 2328 1147 2363 φύσιν,
1178 2328 1208 2359 ὃς
1239 2329 1329 2355 πᾶσαν
1361 2329 1508 2364 ἐγκόσμιόν
1529 2338 1558 2355 τε
1582 2330 1630 2356 καὶ
1651 2331 1835 2367 ὑπερκόσμιον

1047 2373 1241 2408 ὲνηγκάλισται
1262 2374 1365 2407 κτίσιν;
1384 2374 1415 2400 Et
1435 2373 1481 2401 οὖν
1497 2374 1573 2409 ἅγιον
1592 2376 1636 2402 ἀεὶ
1659 2375 1706 2402 τοῦ
1722 2376 1788 2403 Θεοῦ
1803 2377 1834 2404 τὸ

1047 2419 1155 2455 κράτος,
1170 2419 1217 2446 καὶ
1229 2419 1305 2446 οὐδὲν
1317 2419 1470 2454 ἐκπέφευγε
1485 2420 1516 2446 τὸ
1529 2421 1628 2456 κράτος
1640 2421 1690 2457 τῆς
1702 2421 1749 2448 τοῦ
1763 2423 1831 2450 Θεοῦ

1026 2480 1032 2487 ι
1046 2465 1217 2497 δεσποτείας,
1234 2465 1303 2492 ἀλλὰ
1321 2465 1369 2492 καὶ
1385 2466 1481 2500 κρατεῖ
1497 2466 1615 2500 πάντων,
1639 2467 1686 2494 καὶ
1702 2468 1774 2494 κατὰ
1786 2469 1832 2495 τὸν

1046 2511 1180 2546 άγιασμὸν
1205 2511 1362 2547 προσθήκης
1385 2512 1435 2538 οὐκ
1447 2511 1615 2548 ἐπιδέχεται,
1627 2513 1641 2539 ὁ
1658 2513 1700 2540 διὰ
1723 2513 1832 2541 πάντων

1045 2557 1190 2591 ἀνελλιπὴς
1211 2557 1259 2583 καὶ
1279 2556 1397 2588 τέλειος·
1418 2557 1445 2584 τί
1459 2557 1582 2592 βούλεται
1600 2559 1617 2593 ἠ
1632 2559 1710 2594 εὐχὴ,
1739 2559 1831 2594 Ἀγια-

1045 2602 1145 2635 σθήτω
1166 2601 1199 2629 τὸ
1220 2601 1314 2636 ὄνομά
1331 2609 1400 2629 σου³
1420 2603 1532 2632 ἐλθέτω
1560 2604 1579 2638 ἠ
1591 2603 1737 2636 ,βασιλεία
1752 2613 1828 2638 σου,

1045 2649 1076 2675 Et
1090 2648 1159 2683 τάχα
1173 2657 1198 2674 τι
1213 2647 1331 2675 τοιοῦτον
1345 2649 1359 2674 ό
1371 2647 1459 2682 Λόγος
1471 2649 1500 2675 ὲν
1512 2648 1550 2684 τῷ
1565 2649 1630 2675 εἴδει
1649 2650 1699 2685 τῆς
1715 2659 1830 2686 προσευ-

1045 2695 1093 2730 χῆς
1108 2695 1278 2730 δογματίζει,
1293 2694 1334 2720 ὅτι
1351 2694 1466 2730 ἀσθενής
1485 2695 1543 2721 ἐστι
1558 2695 1626 2731 πρὸς
1640 2696 1743 2731 ἀγαθοῦ
1757 2705 1827 2730 τινος

1042 2741 1137 2776 κτῆσιν
1151 2741 1167 2775 ἡ
1193 2740 1347 2775 ἀνθρωπίνη
1372 2741 1460 2774 φύσις,
1478 2741 1524 2767 καὶ
1538 2740 1582 2768 διᾶι
1594 2742 1673 2769 τοῦτο
1685 2742 1736 2770 οὐκ
1753 2743 1784 2771 ἄν
1800 2751 1828 2771 τι

238 2821 261 2835 ⁸¹
281 2820 351 2849 Psal.
368 2831 431 2857 xxx,
451 2824 490 2851 l6.
530 2825 551 2841 ⁵³
571 2824 632 2852 Psal
659 2832 702 2858 ιν,
725 2827 764 2855 ευ.
803 2827 826 2843 δ’
847 2827 919 2855 Psal.
937 2837 991 2862 tu,

1091 2831 1112 2845 "
1133 2829 1183 2858 lail.
1203 2839 1245 2863 an,
1267 2832 1305 2858 12.
