1978 3068
228 122 297 151 “55

839 124 867 152 S.
882 123 1046 152 GREGORII
1073 124 1220 152 NYSSEN!

1778 126 1846 156 1156

227 186 317 207 autent
342 182 423 213 atque
447 179 560 211 nitatur,
584 180 812 215 quemadmodum
828 181 878 214 illi,
908 182 955 217 qui
983 183 1010 209 in

1064 184 1144 218 τῆσαι
1155 183 1205 218 τῆς
1213 183 1404 215 ἀναπαύσεως.
1415 183 1463 215 Τίς
1476 183 1565 210 τοίνυν
1578 183 1623 210 τὸν
1633 182 1751 210 τοιοῦτον
1765 183 1847 219 δρῶν,

206 224 295 250 queri
322 228 455 250 vexantur
481 227 563 258 atque
587 225 754 260 alliiguntur,
777 234 876 262 capere
904 231 1012 262 portum

227 268 369 303 requietis.
383 268 451 301 Quis
468 269 549 304 igitur
561 270 583 297 si
600 270 681 297 talem
696 271 795 304 videat,
811 279 922 303 nomen,
940 272 1012 306 quod

225 315 260 341 ab
273 314 409 349 ejusmodi
429 314 482 341 vita
510 315 663 348 invocetur,
685 324 738 343 non
756 316 908 352 gloriﬁcet?
938 317 1013 349 Quo-

225 361 300 388 circa
324 361 371 395 qui
397 361 425 388 in
447 363 572 389 oratione
601 363 679 395 dicit,
707 362 894 397 Sanctiﬁcatur
918 372 1013 390 nomen

226 411 310 439 tuum,
327 407 353 433 vi
369 408 513 434 verborum
531 408 588 435 haec
607 412 686 435 orat:
711 409 812 436 Auxilii
832 410 868 436 tui
888 409 1013 444 praesidio

225 456 307 486 atque
321 452 478 486 adjumento
495 453 555 480 tiam
576 454 825 489 irrepreliensibilis
842 459 868 482 et
889 456 1012 490 inculpa-

223 502 279 529 tus.
290 498 392 532 justus,
404 499 465 533 pius
478 508 484 526 :
499 500 650 527 abstineam
660 501 694 528 ali
706 502 779 528 omni
791 502 862 528 malo
874 501 1009 530 facinore:

225 543 340 578 loquens
365 545 391 571 id
413 545 486 579 quod
501 553 606 579 verum,
624 546 726 575 faciens
750 548 822 582 quod
835 548 940 582 justum
958 548 1010 576 sit:

225 589 252 616 in
267 591 430 618 rectitudine
447 592 601 623 ambulans,
629 594 806 628 temperantia
825 595 950 626 illustris.
969 589 1011 622 in:

178 634 181 637 ’
225 636 352 670 tegritate
367 637 521 668 decoratus.
536 639 668 674 sapientia
683 645 763 673 atque
775 641 916 674 prudentia
931 649 1012 668 orna—

225 686 280 714 tus,
301 683 334 710 ad
351 691 449 718 supera
470 684 606 719 aspirans,
624 689 730 713 terrena
747 686 914 721 despiciens,
931 687 1011 714 insti-

225 728 291 754 tutis
317 729 447 762 angeliea:
467 729 527 756 vitae
554 731 720 758 eiarescens.
747 730 810 758 llaec
831 738 856 758 et
878 732 1012 765 ejusmodi

225 772 316 799 brevis
331 773 388 800 hinc
415 775 509 808 petitio
524 775 657 807 continet,
675 783 735 810 qua:
752 783 800 810 per
814 776 964 804 orationem
979 777 1012 804 ad

224 815 309 844 Deum
327 818 413 845 dicit:
441 819 630 854 Snnctiﬁcetur
649 828 742 847 nomen
757 825 841 846 tuum.
867 821 925 848 Non
940 822 1010 848 enim

1063 229 1092 255 οὐ
1117 228 1215 265 δοξάζῃ
1233 229 1263 256 τὸ
1282 229 1367 264 ὄνομα
1391 229 1422 256 τὸ
1442 228 1653 264 ἐπικεκλημένον
1677 228 1716 263 τῷ
1736 229 1849 263 τοιούτῳ

1065 275 1129 310 βίῳ;
1148 275 1251 302 Οὐκοῦν
1274 275 1303 300 ἐν
1327 275 1360 310 τῇ
1383 276 1520 310 προσευχῇ
1540 274 1636 308 λέγων,
1667 272 1851 308 Ἁγιασθήτω

1063 321 1097 348 τὸ
1116 320 1209 356 ὄνομά
1223 329 1291 352 σου,
1308 321 1336 348 ἐν
1348 321 1409 356 ἐμοὶ
1423 320 1510 348 ταῦτα
1528 322 1561 356 τῇ
1574 320 1685 355 δυνάμει
1699 320 1752 346 τῶν
1772 320 1850 354 λεγο-

1065 367 1153 401 μένων
1176 365 1369 401 προσεύχεται·
1388 366 1520 402 Γενοίμην
1542 367 1574 400 τῇ
1595 365 1724 402 συνεργίᾳ
1736 365 1785 400 τῆς
1799 365 1849 399 σῆς

1064 411 1205 446 βοηθείας,
1222 411 1375 446 ἄμεμπτος,
1397 411 1508 442 δίκαιος,
1526 410 1665 445 θεοσεϐὴς,
1683 409 1850 444 ἀπεχόμενος

1063 456 1117 481 ἀπὸ
1141 455 1240 487 παντὸς
1262 454 1381 491 πονηροῦ
1406 455 1584 490 πράγματος,
1607 454 1694 481 λαλῶν
1710 453 1848 488 ἀλήθειαν,

1063 501 1245 536 ἐργαζόμενος
1262 501 1447 537 δικαιοσύνην
1467 502 1496 527 ἐν
1513 500 1640 535 εὐθύτητι
1657 500 1848 535 πορευόμενος,

1063 549 1096 583 τῇ
1113 547 1271 583 σωφροσύνῃ
1296 548 1422 583 λάμπων,
1440 549 1473 583 τῇ
1490 547 1627 582 ἀφθαρσίᾳ
1646 545 1848 581 κοσμούμενος,

1063 595 1096 629 τῇ
1112 594 1192 629 σοφίᾳ
1206 593 1253 620 καὶ
1263 594 1294 628 τῇ
1312 594 1439 628 φρονήσει
1453 592 1688 627 καλλωπιζόμενος
1697 613 1704 624 ,
1735 592 1769 618 τὰ
1793 592 1850 619 ἄνω

1063 639 1179 676 φρονῶν,
1195 639 1249 666 τῶν
1266 640 1368 674 γηΐνων
1387 639 1540 675 ὑπερορῶν,
1554 639 1614 670 ταῖς
1627 638 1783 673 ἅγγελικαῖς
1799 646 1850 664 πο-

1063 686 1176 718 λιτείαις
1205 685 1469 720 ἐλλαμπρυνὸμενος.
1495 684 1588 711 Ταῦτα
1613 685 1660 711 καὶ
1682 684 1716 710 τὰ
1737 684 1849 711 τοιαῦτα

1064 731 1185 767 περιέχει
1210 732 1226 767 ἡ
1251 731 1364 767 βραχεῖα
1388 730 1493 765 αἴτησις
1517 730 1601 765 αὕτη,
1625 731 1641 765 ή
1667 729 1781 763 λέγουσα
1805 729 1849 756 διὰ

1064 778 1215 813 προσευχῆς
1230 778 1268 813 τῷ
1283 777 1356 812 Θεῷ,
1375 777 1415 804 ὅτι
1427 775 1608 811 Ἀγιασθήτω
1622 775 1654 802 τὸ
1670 774 1762 809 ὄνομά
1778 782 1846 802 σου.

1063 823 1102 850 Οὺ
1115 823 1169 859 γάρ
1183 825 1255 850 ἐστιν
1269 823 1357 854 ἄλλως
1371 822 1483 849 δυνατὸν
1499 822 1527 848 ἐν
1543 821 1678 856 ἀνθρώπῳ
1690 820 1848 855 δοξασθῆναι

224 862 303 888 aliter
332 870 380 897 per
405 863 544 891 hominem
567 864 638 891 Deus
661 864 806 900 gloriﬁcari
832 869 931 899 potest,
959 865 1011 892 nisi

1064 870 1138 900 Θεὸν,
1153 869 1188 904 μὴ
1202 869 1253 903 τῆς
1269 870 1328 895 κατ’
1342 868 1423 895 αὑτὸν
1436 868 1536 904 ἀρετῆς
1550 869 1583 903 τῇ
1595 867 1655 902 θείᾳ⁵
1668 866 1781 902 δυνάμει
1799 866 1848 901 τὴν

223 907 312 935 virtus
330 909 390 942 ejus
406 913 532 941 testetur,
552 910 672 936 divinam
690 910 838 944 potentiam
862 913 943 945 atque
958 910 1012 937 vir-

224 958 308 980 tuteln
324 962 386 981 esse
401 962 512 981 causam
533 955 677 982 bonorum.

259 998 324 1031 Quae
340 999 469 1034 deinceps
483 1001 606 1035 sequitur
624 1001 728 1036 petitio.
744 1009 857 1036 regnum
875 1001 921 1028 Dei
937 1005 1013 1036 optat

224 1043 365 1072 advenire.
385 1045 515 1080 Nunquid
539 1054 611 1073 nunc
627 1055 717 1081 regem
736 1046 869 1074 ﬁerivult
892 1047 1012 1074 universi

223 1097 326 1124 regem,
353 1092 398 1125 qui
416 1099 524 1127 semper
544 1097 598 1123 est,
622 1092 694 1126 quod
710 1093 771 1120 est?
795 1093 840 1127 qui
855 1093 887 1119 ad
903 1100 1012 1119 omnem

225 1137 406 1164 mutationem
424 1138 518 1166 ﬁrmus
532 1142 559 1165 et
584 1138 730 1165 immobilis
746 1139 809 1166 est?
825 1139 870 1173 qui
890 1146 944 1166 non
964 1146 1009 1173 po-

223 1185 278 1208 test
298 1184 416 1216 reperire
436 1183 533 1211 melius
556 1184 716 1218 quidquam,
734 1185 761 1211 in
783 1185 856 1219 quod
872 1186 1013 1213 transeat?

224 1227 295 1260 Quid
311 1229 396 1262 igitur
413 1229 465 1256 sibi
483 1229 541 1255 vult
556 1230 671 1264 optatio,
686 1237 746 1264 quae
761 1237 874 1265 regnum
888 1230 935 1257 Dei
952 1238 1013 1257 evo-

223 1272 286 1299 cat?
301 1266 341 1299 Ac
353 1280 444 1299 veram
458 1274 568 1306 quidem
585 1274 667 1308 hujus
684 1275 721 1301 rei
739 1276 872 1302 rationem
887 1275 1013 1302 noverint

223 1318 261 1344 illi
279 1319 379 1352 quibus
396 1319 509 1353 spiritus
524 1320 649 1347 veritatis
671 1321 779 1347 occulta
795 1322 921 1356 mysteria
937 1329 1012 1349 reve-

224 1363 262 1389 lat
277 1371 284 1389 :
300 1370 350 1390 nos
367 1370 457 1390 autem
482 1364 615 1398 ejusmodi
635 1365 669 1392 de
685 1365 737 1392 hoc
759 1366 831 1392 dicto
854 1361 1012 1400 opinionem

223 1414 307 1443 atque
324 1410 488 1437 sententiam
517 1409 649 1437 habemus
667 1410 747 1437 :Una
768 1411 850 1438 rebus
877 1411 1012 1438 universis

224 1455 435 1490 superimposita
455 1459 496 1482 est
509 1462 540 1482 ac
555 1457 682 1490 prtesidet
699 1464 761 1484 vera
779 1461 900 1492 potestas
916 1462 943 1485 et
958 1458 1012 1484 vir-

225 1506 280 1532 tus,
295 1509 356 1535 qua:
370 1501 557 1528 universitatis
570 1503 690 1536 suscepit
704 1503 860 1537 imperium,
876 1509 902 1531 et
917 1508 1012 1538 regnat

224 1554 278 1573 non
305 1547 425 1573 violento
450 1546 567 1581 quodam
587 1552 669 1582 atque
697 1549 838 1582 tyrannico
857 1553 1011 1584 potentatu,

226 1595 255 1618 ut
269 1599 330 1625 quae
348 1597 418 1618 metu
433 1600 465 1618 ac
479 1591 682 1619 necessitudine
700 1593 750 1619 sub
765 1593 908 1627 imperium
923 1601 954 1621 ac
970 1595 1012 1621 di-

225 1638 327 1664 tionem
351 1645 428 1663 suam
451 1637 585 1665 obnoxios
600 1638 782 1672 subjunxerit.
798 1637 924 1666 Liberam
939 1639 1010 1666 enim

226 1690 258 1709 ac
274 1690 386 1709 vacuam
403 1682 437 1709 ab
450 1683 524 1709 omni
537 1688 610 1710 metu
626 1683 782 1717 nulliusque
791 1683 913 1711 dominio
925 1684 1013 1718 subje-

224 1733 296 1754 clam
309 1728 437 1755 convenit
452 1736 512 1756 esse
523 1728 664 1759 virtutem,
682 1729 784 1756 lubenti
799 1729 891 1756 animo
910 1729 1011 1757 bonum

224 1774 368 1809 eligentem
394 1778 476 1808 atque
503 1778 673 1802 sumentem:
705 1778 788 1810 caput
812 1780 901 1803 autem
923 1775 1012 1803 omnis

224 1820 288 1848 boni
305 1824 357 1851 est,
372 1820 486 1847 vivilicze
499 1820 626 1854 potestati
642 1820 780 1847 subditum
793 1828 863 1848 esse.
877 1820 1011 1853 Quoniam

225 1867 309 1901 igitur
321 1866 438 1892 humana
452 1870 549 1893 natura
565 1873 579 1892 a
593 1865 657 1893 boni
672 1866 776 1899 judicio
793 1866 887 1894 fraude
901 1867 1012 1894 inducta

225 1912 371 1943 aberravit,
388 1915 416 1939 et
436 1912 469 1938 ad
483 1912 653 1939 contrarium
670 1917 794 1940 nostrum
813 1913 955 1939 arbitrium
972 1913 1013 1940 in-

225 1958 348 1989 clinavit,
377 1963 404 1985 et
428 1965 509 1984 omne
525 1958 625 1985 malum
643 1959 783 1985 hominum
799 1958 882 1985 vitam
900 1959 1011 1991 invasit,

224 2008 253 2031 et
279 2005 306 2030 in
330 2008 492 2038 potestatem
513 2011 591 2031 suam
614 2003 732 2038 redegit:
754 2004 904 2033 innumeris
925 2005 1012 2033 modis

225 2054 313 2077 morte
330 2053 433 2076 natura
453 2050 572 2076 immista
593 2049 697 2085 (omnis
716 2050 788 2077 enim
806 2050 915 2078 malitiae
930 2051 1012 2078 vitio-

228 2097 371 2129 sitatisque
393 2094 481 2122 forma
497 2100 628 2130 tanquam
655 2096 696 2123 via
721 2096 844 2130 quaedam
868 2100 895 2124 et
922 2097 1012 2125 aditus

225 2141 306 2168 morti
322 2142 467 2168 adversum
484 2148 534 2168 nos
551 2141 681 2177 exsistit).
694 2142 828 2174 Quoniam
840 2142 921 2177 igitur
936 2143 1012 2178 ejus-

1062 915 1151 942 αἰτίαν
1165 915 1219 942 τῶν
1231 914 1339 949 ἀγαθῶν
1351 913 1552 950 μαρτυρούσης.

1103 1006 1131 1032 '0
1145 1006 1173 1032 δὲ
1188 1005 1285 1040 ἐφεξῆς
1294 1005 1371 1039 λόγος
1385 1005 1434 1041 τὴν
1447 1004 1584 1040 βασιλείαν
1597 1003 1643 1030 τοῦ
1657 1003 1724 1031 Θεοῦ
1740 1003 1847 1038 εὔχεται

1064 1051 1160 1078 ἐλθεῖν.
1171 1049 1245 1086 Ἀρα
1258 1051 1305 1077 νῦν
1317 1050 1388 1083 ἀξιοῖ
1398 1050 1524 1084 γενέσθαι
1539 1050 1651 1085 βασιλέα
1664 1044 1708 1075 τὸν
1722 1049 1768 1075 τοῦ
1781 1057 1849 1074 παν-

1063 1097 1108 1128 τὸς
1121 1097 1246 1132 βασιλέα,
1259 1097 1305 1123 τὸν
1325 1096 1369 1123 ἀεὶ
1390 1096 1454 1123 ὄντα
1468 1097 1537 1131 ὅπερ
1552 1096 1626 1122 ἐστὶν
1635 1115 1642 1127 ,
1655 1095 1700 1121 τὸν
1716 1094 1784 1130 πρὸς
1797 1095 1848 1120 πᾶ-

1065 1152 1114 1170 σαν
1141 1142 1290 1178 μεταϐολὴν
1310 1142 1492 1177 ἀμετάθετον,
1515 1142 1561 1168 τὸν
1580 1142 1629 1168 οὐκ
1646 1141 1740 1176 ἔχοντα
1759 1141 1849 1175 εὑρεῖν

1064 1189 1186 1224 κρεῖττον
1201 1189 1241 1219 εἰς
1252 1188 1266 1213 ὃ
1278 1187 1477 1223 μεταϐήσεται;
1496 1187 1528 1213 Τί
1541 1186 1587 1214 οὖν
1607 1187 1729 1222 βούλεται
1746 1187 1762 1221 ὴ
1780 1186 1847 1221 εὐχὴ

1063 1234 1110 1260 τοῦ
1135 1233 1202 1260 Θεοῦ
1226 1233 1363 1268 βασιλείαν
1386 1233 1587 1268 ἐκκαλουμένης
1621 1232 1700 1259 Ἀλλὰ
1725 1233 1771 1259 τὸν
1800 1232 1848 1267 μὲν

1062 1279 1150 1314 ἀληθῆ
1170 1280 1234 1315 περὶ
1248 1280 1344 1306 τούτου
1363 1279 1440 1314 λόγον
1464 1281 1550 1313 γνοῖεν
1570 1279 1613 1311 ἂν,
1637 1276 1678 1310 οἷς
1693 1278 1723 1304 τὸ
1740 1278 1848 1312 πνεῦμα

1062 1326 1111 1360 τῆς
1124 1325 1252 1360 ἀληθείας
1267 1325 1451 1352 ἀνακαλύπτει
1463 1325 1496 1351 τὰ
1507 1325 1684 1360 κεκρυμμένα
1694 1324 1832 1358 μυστήρια
1842 1331 1848 1338 ·

1063 1371 1145 1406 ἡμεῖς
1171 1371 1199 1397 δὲ
1221 1370 1347 1406 τοιαύτην
1370 1370 1465 1406 ἐχομεν
1485 1371 1548 1406 περὶ
1563 1370 1609 1396 τοῦ
1627 1370 1709 1405 ῥητοῦ
1722 1369 1771 1404 τὴν
1789 1369 1849 1395 διά-

1062 1424 1150 1442 νοιαν⁹
1165 1415 1222 1442 Μία
1233 1415 1286 1442 τῶν
1301 1415 1408 1442 πάντων
1423 1415 1581 1450 ὑπέρκειται
1598 1415 1614 1449 ὴ
1629 1414 1731 1449 ἀληθὴς
1742 1413 1849 1445 ἐξουσία

1063 1462 1110 1488 καὶ
1127 1461 1241 1496 δύναμις
1251 1481 1259 1493 ,
1277 1461 1294 1496 ἡ
1307 1461 1353 1487 τοῦ
1368 1461 1468 1492 παντὸς
1481 1459 1678 1494 ἀναδεδεγμένη
1695 1458 1725 1484 τὸ
1737 1458 1848 1493 κράτος,

1063 1507 1110 1534 καὶ
1134 1507 1327 1542 βασιλεύουσα,
1350 1507 1380 1533 οὐ
1401 1507 1446 1542 βίᾳ
1467 1508 1520 1533 τινὶ
1539 1505 1586 1532 καὶ
1607 1506 1754 1541 τυραννικῇ
1771 1505 1849 1531 δυνα-

1064 1553 1156 1589 στείᾳ,
1173 1553 1265 1588 φόϐοις
1279 1553 1326 1579 καὶ
1348 1553 1479 1586 ἀνάγκαις
1499 1551 1670 1584 ὕποζεύξασα
1681 1553 1713 1586 τῇ
1726 1551 1848 1586 ὑποταγῇ

1062 1599 1092 1626 τὸ
1106 1599 1235 1634 ὑπήκοον.
1256 1597 1415 1633 Ἐλευθέραν
1436 1597 1490 1633 γὰρ
1508 1595 1578 1623 εἶναι
1593 1598 1725 1632 προσήκει
1750 1596 1850 1627 παντὸς

1063 1644 1145 1679 φόϐου
1167 1644 1216 1679 τὴν
1230 1644 1331 1679 ἀρετὴν
1348 1643 1395 1670 καὶ
1408 1643 1565 1675 ἀδέσποτον,
1585 1643 1695 1677 ἑκουσίᾳ
1709 1641 1804 1678 γνώμῃ
1818 1642 1848 1669 τὸ

1062 1690 1164 1724 ἀγαθὸν
1177 1689 1342 1724 αἱρουμένην
1351 1698 1358 1704 ·
1378 1688 1481 1724 ἀγαθοῦ
1494 1688 1523 1715 δὲ
1535 1688 1634 1720 παντὸς
1649 1688 1677 1714 τὸ
1691 1688 1846 1722 κεφάλαιον,

1062 1736 1093 1762 τὸ
1118 1736 1170 1762 ὑπὸ
1191 1735 1239 1770 τὴν
1266 1735 1396 1767 ζωοποιδν
1422 1734 1544 1767 ἐξουσίαν
1569 1734 1708 1769 τετάχθαι.
1740 1733 1848 1768 Ἐπειδὴ

1062 1781 1152 1808 τοίνυν
1161 1781 1210 1815 τῆς
1219 1781 1266 1807 τοῦ
1279 1781 1362 1807 καλοῦ
1377 1780 1494 1816 κρίσεως
1507 1779 1684 1814 ἀπεπλανήθη
1696 1779 1729 1805 δι’
1741 1779 1850 1814 ἀπάτης

1063 1827 1079 1862 ἡ
1093 1826 1248 1862 ἀνθρωπίνη
1265 1826 1356 1861 φύσις,
1371 1826 1418 1852 καὶ
1432 1826 1501 1861 πρὸς
1515 1825 1546 1852 τὸ
1558 1825 1676 1852 ἐναντίον
1690 1824 1784 1859 γέγονε
1799 1824 1850 1859 τῆς

1063 1872 1251 1908 προαιρέσεως
1273 1872 1351 1908 ἡμῶν
1365 1874 1381 1908 ἡ
1400 1871 1487 1908 ῥοπὴ,
1504 1872 1551 1899 καὶ
1568 1871 1649 1897 παντὶ
1663 1870 1702 1906 τῷ
1715 1871 1815 1906 χείρονι
1832 1871 1848 1905 ἡ

1063 1918 1119 1953 ζωὴ
1132 1918 1187 1945 τῶν
1199 1918 1350 1953 ἀνθρώπων
1365 1917 1555 1953 κατεκρατήθη
1565 1937 1572 1949 ,
1592 1916 1701 1952 μυρίαις
1714 1916 1784 1947 ὁδοῖς
1802 1915 1849 1941 τοῦ

1063 1964 1178 1990 θανάτου
1200 1963 1409 1999 κατακριθέντος
1425 1964 1458 1998 τῇ
1477 1962 1556 1997 φύσει
1567 1970 1574 1977 ο
1589 1962 1663 1989 πᾶσα
1676 1961 1731 1997 γὰρ
1750 1960 1850 1992 κακίας

1065 2009 1122 2036 ἰδέα
1141 2007 1197 2036 οἷόν
1218 2018 1260 2041 τις
1284 2009 1343 2040 ὀδδς
1363 2008 1402 2044 τῷ
1424 2008 1531 2043 θανάτῳ
1556 2007 1617 2035 καθ’
1639 2008 1719 2043 ἡμῶν
1735 2007 1848 2042 γίνεται.

1069 2056 1177 2091 Ἐπειδὴ
1191 2055 1280 2082 τοίνυν
1295 2056 1328 2090 τῇ
1343 2054 1454 2090 τοιαύτῃ
1473 2054 1608 2090 τυραννίδι
1623 2052 1849 2089 περιεσχέθημεν,

1063 2101 1188 2136 καθάπερ
1203 2101 1311 2136 δημίοις
1329 2101 1400 2128 τισὶν
1420 2101 1437 2135 ἢ
1453 2100 1601 2135 πολεμίοις,
1615 2100 1675 2131 ταῖς
1689 2099 1850 2135 προσϐολαῖς

1062 2148 1118 2174 τῶν
1144 2147 1313 2183 παθημάτων
1337 2147 1377 2182 τῷ
1398 2146 1505 2182 θανάτῳ
1529 2145 1738 2181 δεδουλωμένοι·
1760 2144 1850 2176 καλῶς

224 2187 297 2214 modi
312 2187 448 2221 tyrannidi
468 2187 649 2215 circumventi
670 2192 752 2223 atque
772 2189 881 2216 obnoxii
897 2188 1011 2220 fuimus,

1064 2194 1210 2229 εὐχόμεθα,
1231 2193 1278 2220 τοῦ
1301 2193 1369 2220 Θεοῦ
1384 2193 1432 2229 τὴν
1447 2193 1585 2228 βασιλείαν
1604 2191 1647 2226 ἐφ’
1662 2192 1736 2227 ἡμᾶς
1753 2190 1848 2218 ἐλθεῖν.

224 2237 353 2268 tanquam
368 2242 417 2268 per
436 2233 579 2261 carniﬁces
595 2235 726 2269 quosdam
744 2235 785 2262 vel
798 2235 901 2266 hostes,
919 2236 1012 2262 incur-

224 2279 301 2307 sihus
315 2279 460 2307 aﬂ'ectuum
473 2285 554 2316 atque
564 2281 799 2315 perturbationum
812 2281 839 2308 in
851 2281 1010 2309 servitutem

224 2332 239 2351 a
254 2329 340 2351 morte
352 2325 454 2352 redacti
469 2334 476 2351 :
495 2329 569 2352 recte
583 2332 727 2360 precamur
740 2333 853 2360 regnum
867 2325 912 2353 Dei
929 2334 1012 2361 super

224 2378 275 2398 nos
292 2371 394 2397 venire.
421 2370 479 2397 Non
499 2371 572 2408 enim
592 2371 673 2398 aliter
692 2379 805 2406 pravam
825 2373 1011 2407 corruptionis

224 2420 386 2450 potestatem
413 2423 514 2443 exuere
528 2421 610 2451 atque
633 2416 752 2451 eﬂugere
769 2412 934 2452 poterimus,
958 2417 1011 2445 nisi

225 2463 331 2490 viviﬁca
351 2463 438 2490 virtus
462 2463 578 2491 invicem
599 2463 626 2490 in
647 2464 725 2491 nobis
752 2465 895 2500 imperium
916 2472 1011 2493 susce-

224 2513 304 2546 perit.
338 2511 367 2539 Si
398 2511 482 2547 igitur
513 2520 625 2547 regnum
655 2511 700 2539 Dei
734 2519 817 2546 super
841 2520 893 2540 nos
918 2513 1012 2540 venire

224 2558 419 2593 petiverimus,
449 2559 506 2585 haec
525 2559 551 2585 vi
571 2559 717 2586 verborum
738 2559 821 2586 Deum
848 2565 1009 2592 precamur:

222 2605 398 2640 Corruptioni
413 2610 555 2640 exemptus
570 2606 633 2638 sim,
649 2613 664 2632 a
692 2609 780 2632 morte
800 2604 933 2631 liberatus
947 2604 1010 2635 sim,

223 2651 314 2679 solvar
335 2658 349 2677 a
368 2651 485 2678 vinculis
509 2651 613 2686 peccati
629 2660 635 2679 :
651 2659 685 2678 ne
702 2651 817 2686 posthac
838 2654 933 2685 regnet
951 2658 1011 2677 am-

222 2697 295 2732 plius
313 2697 340 2723 in
361 2705 404 2725 me
420 2704 495 2724 mors
511 2706 518 2724 :
535 2705 569 2725 ne
587 2697 708 2732 amplius
723 2696 870 2724 adversum
890 2703 941 2723 nos
955 2695 1011 2723 elli-

222 2751 272 2772 (δίίί
291 2744 327 2771 sit
341 2744 455 2773 malitiae
467 2743 683 2778 vitiositatisque
696 2742 832 2778 tyrannis,
855 2749 890 2769 ne
907 2749 1011 2776 praeva-

222 2790 276 2817 leat
291 2790 436 2818 adversum
456 2797 500 2818 me
516 2789 614 2823 hostis,
631 2797 683 2816 neu
699 2797 748 2824 per
764 2793 905 2824 peceatum
923 2788 1012 2824 capti-

221 2843 286 2864 vum
318 2843 362 2864 me
389 2836 473 2866 ducat
493 2845 500 2864 :
520 2836 568 2864 sed
592 2835 682 2864 veniat
710 2844 792 2870 super
818 2843 862 2863 me
895 2843 1010 2869 regnum

1065 2241 1102 2267 Οὐ
1114 2241 1168 2276 γὰρ
1180 2241 1254 2268 ἐστιν
1268 2241 1356 2272 ἄλλως
1367 2239 1477 2267 ἐκδύναι
1489 2239 1539 2274 τὴν
1553 2238 1674 2274 πονηρὰν
1686 2238 1736 2273 τῆς
1747 2237 1850 2273 φθορᾶς

1063 2285 1233 2317 δυναστείαν,
1260 2286 1296 2321 μὴ
1321 2285 1371 2320 τῆς
1398 2284 1528 2317 ζωοποιοῦ
1550 2284 1691 2319 δυνάμεως
1707 2282 1751 2317 ἐφ’
1771 2282 1850 2318 ἡμῶν

1064 2330 1333 2366 ἀντιμεταλαϐούσης
1357 2331 1388 2357 τὺ
1401 2330 1513 2366 κράτος.
1542 2330 1605 2357 Ἐὰν
1625 2327 1672 2356 οὖν
1696 2328 1783 2355 ἐλθεῖν
1807 2327 1849 2362 ἐφ’

1065 2378 1139 2412 ἡμᾶς
1151 2376 1200 2412 τὴν
1218 2376 1354 2411 βασιλείαν
1377 2375 1424 2403 τοῦ
1447 2375 1514 2402 Θεοῦ
1527 2375 1692 2410 αἰτήσωμεν,
1709 2373 1795 2401 ταῦτα
1816 2375 1849 2408 τῇ

1063 2422 1177 2458 δυνάμει
1188 2422 1234 2449 τὸν
1247 2422 1313 2448 Θεὸν
1328 2421 1493 2457 ίκετεύομεν·
1518 2420 1714 2455 Ἀπαλλαγείην
1723 2421 1772 2455 τῆς
1787 2419 1851 2454 φθο-

1067 2469 1132 2504 ρᾶς,
1151 2468 1361 2504 ἐλευθερωθείην
1383 2468 1437 2494 τοῦ
1455 2467 1570 2494 θανάτου
1581 2488 1589 2500 ,
1605 2467 1697 2498 ἄνετος
1720 2466 1851 2501 γενοίμην

1064 2514 1118 2541 τῶν
1142 2514 1192 2549 τῆς
1213 2513 1348 2549 ἁμαρτίας
1365 2513 1488 2548 δεσμῶνο
1503 2512 1600 2548 μηκέτι
1615 2511 1778 2547 βασιλευέτω
1791 2511 1850 2538 κατ’

1065 2560 1132 2596 ἐμοῦ
1152 2560 1166 2586 ὁ
1189 2558 1319 2591 θάνατος·
1337 2559 1436 2594 μηκέτι
1449 2558 1559 2594 ἐνεργὸς
1577 2558 1648 2584 ἔστω
1662 2558 1723 2584 καθ’
1737 2557 1815 2592 ἡμῶν
1833 2557 1850 2592 ὴ

1064 2606 1192 2641 τυραννὶς
1209 2605 1259 2640 τῆς
1283 2605 1399 2636 κακίας,
1422 2605 1470 2632 καὶ
1490 2604 1527 2639 μὴ
1545 2603 1751 2638 κατακρατείτω
1772 2610 1822 2637 μου
1836 2603 1850 2629 ὁ

1066 2651 1199 2686 πόλεμος,
1217 2651 1286 2686 μηδὲ
1303 2651 1396 2684 ἀγέτω
1419 2659 1452 2686 με
1466 2650 1498 2677 δι’
1513 2649 1647 2685 ἁμαρτίας
1662 2648 1849 2684 αἰχμάλωτον·

1065 2697 1122 2724 ἀλλ’
1137 2697 1236 2724 ἐλθέτω
1250 2697 1293 2724 ἐπ’
1308 2697 1357 2732 ἐμὲ
1370 2698 1386 2731 ἡ
1402 2697 1522 2732 βασιλεία
1541 2704 1598 2729 σου,
1617 2695 1661 2722 ἴνα
1684 2695 1849 2730 ύποχωρήσῃ

1065 2743 1112 2770 ἀπ’
1136 2743 1218 2778 ἐμοῦ,
1246 2743 1346 2779 μᾶλλον
1365 2743 1393 2770 δὲ
1416 2744 1455 2774 είς
1472 2742 1501 2769 τὸ
1521 2742 1557 2777 μὴ
1573 2741 1602 2768 δν
1619 2741 1800 2776 μεταχωρήσῃ
1815 2739 1849 2766 τὰ

1064 2789 1112 2815 νῦν
1132 2789 1330 2824 ἐπικρατοῦντα
1352 2789 1399 2815 καὶ
1419 2787 1594 2823 βασιλεύοντα
1620 2787 1703 2822 πάθη.
1731 2786 1775 2816 Ὠς
1796 2785 1848 2820 γὰρ

1065 2833 1185 2860 ἐκλείπει
1197 2834 1299 2866 καπνὸς
1309 2853 1317 2866 ,
1333 2833 1419 2864 οὕτως
1432 2832 1586 2866 ἑκλείψουσι
1596 2840 1603 2848 ·
1624 2832 1671 2858 καὶ
1684 2831 1720 2861 ὡς
1737 2830 1849 2864 τήκεται
