1978 3068
259 131 326 160 1159

258 191 353 215 statera
381 186 533 214 remittendi
561 189 688 220 peccata,
711 184 792 212 simul
814 186 894 212 etiam
922 194 1032 220 prorsus
1048 191 1068 217 Α

255 241 316 259 eum
333 232 459 259 deitatem
485 232 585 258 habere
607 235 732 258 testatur.
758 230 846 265 Atque
869 231 920 257 hoc
943 231 1030 266 ipsum

255 277 337 303 etiam
350 271 382 303 de
398 276 541 310 Uuigenito
549 276 586 302 ait
600 276 757 310 Apostolus,
770 276 842 310 quod
858 281 1031 310 posteaquam

257 321 474 355 purificationem
501 326 671 356 peccatorum
700 321 858 354 confecerit,
882 321 974 348 sedeat
998 321 1032 348 ad

256 368 392 394 dexteram
414 367 564 401 majestatis
575 366 674 394 Patris.
692 365 780 393 Unum
796 366 878 400 igitur
890 366 1031 393 amborum

257 417 297 438 est
325 419 393 446 opus
423 400 646 445 etripurilicantis
670 400 811 444 peccatum
844 407 975 443 Spiritus,
1006 413 1033 436 et

257 457 368 487 Christi.
393 457 438 490 qui
465 460 635 490 peccatorum
659 454 872 489 purificationem
898 455 1031 489 praestitit.

261 502 321 537 [(a)
348 502 468 534 Quorum
495 504 586 528 autem
611 507 665 527 una
688 500 830 528 etiicientia
854 503 910 531 est,
939 507 1032 527 eorum

260 548 340 574 etiam
362 552 456 574 natura
474 554 586 580 prorsus
600 546 692 573 eadem
707 550 757 572 est.
771 544 864 572 Omnis
878 545 949 572 enim
963 546 1034 572 actio

260 591 398 618 facultatis
413 591 523 618 eﬂ‘ectus
542 594 594 618 est.
611 590 791 622 Quamobrem
810 590 832 616 si
858 590 930 616 actio
953 593 980 616 et
995 589 1034 616 fa-

259 638 348 664 cultas
362 640 403 663 cst
416 644 480 668 una,
497 635 632 670 quomodo
647 640 749 661 natura?
760 634 903 661 diversitas
920 634 1033 668 intelligi

258 686 345 716 potest
367 682 393 708 in
417 682 482 714 illis,
498 682 524 707 in
547 680 647 714 quibus
668 680 771 706 nullum
792 679 929 706 facultatis
951 679 1034 706 actio-

258 728 354 760 nisque
381 726 528 753 discrimen
557 724 804 759 deprehendimus?
840 723 872 751 Ut
900 724 973 751 enim
1001 732 1032 751 ex

258 772 329 806 ignis
343 771 563 806 proprietatibus,
587 777 648 796 cum
672 769 733 796 duae
755 769 821 800 sint.
844 768 917 804 quod
934 769 1034 795 illumi-

257 822 312 847 nct.
330 821 356 843 et
379 815 451 850 quod
469 815 604 847 incendat,
626 822 680 841 non
706 814 768 840 licet
787 813 902 848 subjecti
922 813 1035 840 diversi-

258 865 336 887 tatem
352 861 452 887 inferre
467 869 473 886 :
487 860 523 886 ita
539 867 588 886 nec
608 856 690 891 ullus,
706 859 752 893 qui
766 858 886 892 prudens
909 858 956 889 sit,
972 865 1033 884 cum
1051 857 1070 884 Β

263 914 334 934 exea
347 906 782 942 Scripturadidiceritunamesse
802 904 863 931 Filii
886 908 914 932 et
941 905 1059 940 Spiritus

257 951 355 987 bitur.]

291 996 349 1023 Jam
366 1003 430 1023 vero
450 996 663 1024 demonstratum
690 1000 732 1023 est
749 1002 828 1023 antea
845 997 951 1031 piorum
969 1005 1033 1025 sen-

231 1071 234 1074 λ
258 1041 358 1071 tentiis,
376 1041 497 1069 eamdem
512 1049 572 1069 esse
595 1041 621 1068 in
647 1041 726 1068 Patre
746 1046 773 1068 et
800 1041 868 1069 Filio
897 1046 1033 1075 naturam,

224 1075 231 1084 ί
257 1093 345 1120 neque
363 1085 420 1112 fieri
435 1093 524 1120 posse,
541 1091 570 1113 ut
584 1093 644 1121 qua:
659 1085 758 1113 diversi
772 1091 836 1113 sunt
851 1087 971 1121 generis,
989 1087 1034 1114 Dei

258 1129 368 1155 nomine
380 1130 805 1164 appellentur:quemadmodum
833 1131 901 1157 fabri
930 1131 1036 1166 lignarii

257 1174 328 1201 ﬁlius
342 1182 395 1201 nou
410 1175 510 1201 dicitur
525 1183 676 1207 scamnum,
705 1183 793 1210 neque
818 1176 938 1211 prudens
965 1176 1036 1204 ullus

258 1219 355 1245 dixerit
373 1219 407 1246 ab
426 1219 575 1247 architecto
587 1221 670 1247 tilium
688 1228 748 1248 esse
769 1225 968 1253 constructum,
988 1221 1035 1248 sed

259 1263 318 1297 ipsa
336 1263 382 1290 ﬁlii
394 1267 420 1290 et
435 1265 518 1298 patris
531 1265 710 1300 appellatione
724 1265 798 1299 quod
822 1266 972 1293 secundum
986 1273 1036 1293 na-

258 1312 348 1334 turam
376 1309 550 1343 coniunctum
578 1314 631 1342 est,
661 1310 837 1345 designatur;
856 1318 970 1338 necesse
994 1315 1036 1339 est

259 1354 337 1387 plane
349 1361 410 1380 cum
428 1354 481 1381 duo
497 1358 561 1382 sunt
572 1354 773 1382 necessitudine
784 1355 880 1390 juncta
896 1363 955 1382 cum
971 1363 1034 1389 uno,

259 1405 346 1432 neque
362 1398 431 1425 inter
444 1406 473 1425 se
485 1398 624 1432 differunt,
641 1399 663 1427 si
675 1407 736 1426 cum
751 1399 831 1427 Patre
845 1399 930 1428 Filius
941 1406 1035 1428 natura

258 1443 351 1470 unitus
365 1447 417 1476 est,
439 1443 559 1470 eamdem
580 1452 661 1478 porro
688 1443 821 1479 Spiritum
841 1449 966 1472 sanctum
986 1446 1035 1472 ha-

259 1490 323 1517 bere
340 1498 401 1517 cum
420 1489 489 1517 Filio
503 1495 627 1518 naturam
653 1499 686 1518 ex
707 1491 910 1526 operationibus
926 1493 1036 1519 demon-
1050 1505 1074 1536 ο

259 1539 373 1561 stratum
390 1539 451 1562 est:
469 1535 606 1571 colligitur
617 1536 678 1563 inde
695 1544 777 1563 unam
803 1540 905 1564 sancta:
919 1537 1038 1565 Trinita-

231 1604 234 1608 ,
261 1580 295 1606 tis
309 1579 522 1607 demonstratam
539 1588 600 1607 esse
617 1585 741 1607 naturam
764 1580 867 1615 absque
877 1582 1036 1616 proprieta-

260 1627 317 1650 tum
331 1623 502 1656 confusione,
514 1632 573 1659 qua;
585 1625 719 1659 praecipue
731 1625 758 1652 in
773 1625 886 1660 singulis
914 1631 1039 1661 spectan-

260 1672 306 1694 tur
317 1668 451 1702 personis,
464 1676 515 1696 nec
540 1668 689 1696 immutatis
706 1669 813 1696 iudiciis
839 1670 939 1704 quibus
967 1678 981 1697 a
1010 1679 1039 1699 se

262 1712 377 1738 invicem
391 1712 593 1739 discernuntur.
609 1713 676 1745 Quis
691 1712 772 1747 igitur
789 1713 867 1740 furor
881 1717 922 1741 est
934 1721 1037 1748 eorum,

259 1757 305 1790 qui
318 1755 448 1791 Spiritum
464 1761 586 1784 sanctum
598 1762 763 1792 oppugnant,
775 1759 879 1786 servire
895 1759 1038 1787 Dominum

260 1802 446 1829 tradentium?
461 1803 559 1837 quibus
577 1810 609 1830 ne
623 1803 723 1830 Paulus
748 1801 868 1838 quidem,
895 1806 940 1832 cui
960 1805 1038 1833 fidem

262 1847 390 1878 habeant,
404 1847 470 1874 satis
486 1847 601 1875 idoneus
617 1848 693 1875 testis
708 1851 760 1880 est,
776 1849 822 1883 qui
836 1849 893 1876 ait:
913 1849 1038 1877 Dominus

261 1895 348 1917 autem
371 1891 487 1922 Spiritus
507 1892 592 1918 est".
623 1892 664 1918 An
684 1892 797 1920 forsitan
811 1893 967 1928 dictionem,
984 1895 1039 1922 Ad-

261 1935 358 1965 veniat.
371 1936 424 1961 vim
445 1935 555 1962 tollendi
572 1935 730 1970 dignitatem
747 1937 848 1966 habere
862 1941 1040 1968 existimant?

261 1982 288 2005 et
303 1986 355 2005 non
370 1979 482 2006 audiunt
498 1987 623 2013 magnum
640 1980 766 2008 Davidem
779 1983 860 2010 etiam
877 1983 985 2011 Patrem
1005 1985 1038 2011 ad

263 2032 292 2051 se
306 2025 455 2051 trahentem
469 2035 475 2052 :
489 2030 527 2056 et,
548 2025 612 2052 Veni
625 2027 659 2053 ad
682 2029 836 2055 seruandum
848 2038 905 2064 nas,
920 2030 1039 2058 claman-

262 2070 335 2096 tem?
352 2069 379 2095 Si
399 2070 479 2104 igitur
499 2070 524 2096 in
540 2070 619 2098 Patre
635 2072 727 2099 venire
756 2073 875 2101 salutare
890 2078 946 2107 est,
969 2083 1038 2110 quo«

263 2114 342 2140 modo
357 2114 382 2140 in
399 2114 500 2149 Spiritu
520 2115 612 2142 venire
636 2117 797 2150 probrosum
815 2122 842 2145 et
862 2119 1039 2146 contumelio-

262 2166 322 2185 sum
333 2159 397 2185 est?
412 2166 444 2185 au
463 2166 477 2185 a
495 2162 613 2193 peccatis
629 2168 745 2196 purgare
760 2163 867 2197 signum
879 2171 941 2191 esse
957 2164 1037 2190 dimi-
1054 2163 1076 2191 D

262 2208 333 2230 nuta:
347 2203 486 2237 dignitatis
498 2203 651 2231 existimant
663 2205 675 2231 ?
689 2206 769 2241 Atqui
790 2207 852 2233 audi
885 2207 1039 2236 incredulos

262 2247 368 2275 Judazos
384 2249 546 2280 clamantes,
568 2250 640 2284 quod
660 2251 797 2278 remittere
816 2256 927 2286 peccata
954 2253 1038 2280 solius

264 2293 299 2318 sit
314 2292 369 2322 Dei,
389 2300 450 2318 cum
465 2293 499 2320 de
513 2293 593 2321 Patre
609 2294 660 2322 hoc
678 2295 789 2322 verbum
812 2296 932 2324 dicerent
946 2307 952 2324 :
969 2297 1039 2330 Quid

264 2337 315 2369 hic,
341 2337 476 2371 inquiunt.
506 2338 623 2373 loquitur
656 2340 853 2374 blasphemias?
872 2343 929 2376 quia
955 2349 1038 2376 potest

264 2382 395 2408 remittere
407 2387 523 2415 peccata,
540 2384 591 2410 nisi
615 2386 686 2411 solus
705 2385 773 2412 Deus
785 2386 830 2412 "?
844 2386 872 2413 Si
888 2387 968 2421 igitur
988 2388 1037 2414 Pa—

266 2431 306 2454 ter
319 2427 425 2461 quidem
441 2433 550 2462 peccata
567 2430 689 2462 remittit,
708 2430 792 2458 Filius
816 2439 882 2458 vero
898 2436 1037 2467 peccatum

266 2472 358 2499 mundi
376 2473 461 2500 tollit:
474 2474 598 2508 purificat
613 2475 674 2502 item
690 2475 807 2510 Spiritus
823 2481 933 2504 sanctus
948 2486 961 2504 a
975 2486 1038 2512 pec-

265 2517 316 2543 cati
330 2517 541 2552 inquinamentis
556 2527 615 2551 eos,
636 2520 662 2546 in
677 2521 777 2554 quibus
793 2521 874 2548 fuerit
889 2530 894 2547 :
914 2523 977 2556 quid
995 2524 1038 2549 di-

265 2565 336 2593 cunt,
350 2563 395 2596 qui
409 2571 485 2590 suam
498 2564 579 2591 vitam
593 2565 765 2600 oppugnant?
785 2565 837 2592 Sed
855 2568 943 2594 veniat
956 2576 1039 2602 super

266 2614 317 2634 nos
340 2607 456 2642 Spiritus
482 2614 601 2641 sanctus,
618 2615 645 2637 et
661 2610 785 2644 put-ilicet
801 2618 860 2642 nos,
878 2616 904 2638 et
925 2620 1038 2647 capaces

299 2676 321 2692 ⁵⁸
344 2676 364 2702 ll
380 2676 443 2704 Cor.
460 2685 506 2710 ιιι,
523 2677 566 2704 17.
603 2678 626 2693 "
645 2677 728 2704 Marc.
745 2686 782 2711 ιι,
800 2678 826 2707 7.

283 2750 338 2812 ἀξια)
359 2751 419 2779 Haec
446 2753 524 2780 uncis
541 2753 642 2780 inclusa
660 2754 693 2780 ab
707 2754 854 2788 interprete
870 2755 983 2786 omissa,
1015 2762 1075 2789 qua:

286 2795 290 2798 ~
320 2793 401 2812 imus.

267 2793 401 2813 audimus.

871 127 900 156 S.
917 128 1077 156 GREGORII
1097 129 1244 156 NYSSENI

1791 133 1859 162 “60

1082 186 1128 212 τοῦ
1144 187 1310 218 Μονογενοῦς
1324 195 1404 221 φησιν
1419 187 1433 213 ό
1455 187 1621 220 ’Λπόστολος,
1636 187 1677 214 ὅτι
1691 188 1860 224 καθαρισμὸν

1084 231 1137 258 τῶν
1151 232 1290 266 ἁμαρτιῶν
1311 233 1501 274 ποιησάμενος,
1526 232 1649 259 ἐκάθισεν
1676 234 1704 259 ἐν
1719 233 1791 268 δεξιᾷ
1811 234 1860 268 τῆς

1086 276 1269 311 μεγαλοσύνης
1294 276 1342 302 τοῦ
1366 277 1479 312 Πατρός.
1497 278 1545 303 Ἓν
1565 278 1653 304 τοίνυν
1669 279 1805 313 ἑκατέρων
1831 280 1862 306 τὸ

1084 322 1173 357 ἔργον,
1188 322 1234 349 τοῦ
1257 331 1286 348 τε
1308 323 1497 358 καθαρίζοντος
1513 323 1561 358 τὴν
1581 323 1717 359 ἁμαρτίαν
1735 324 1860 359 Πνεύμα-

1084 377 1138 399 τος,
1151 368 1198 394 καὶ
1209 367 1255 394 τοῦ
1269 368 1314 394 τὸν
1325 368 1492 404 καθαρισμὸν
1501 369 1555 396 τῶν
1567 369 1707 404 ἁμαρτιῶν
1721 370 1862 404 πεποιηκό-

1084 420 1129 442 τος
1152 411 1279 446 Χριστοῦ.
1295 409 1345 438 Ὧν
1362 412 1390 438 δὲ
1411 413 1427 447 ἡ
1446 413 1569 448 ἐνέργεια
1599 414 1658 447 μία,
1678 414 1724 440 καὶ
1749 414 1764 448 ἡ
1782 413 1862 447 φύσις

1085 457 1192 487 πάντως
1209 457 1226 490 ή
1250 457 1318 492 αὑτὴ
1339 457 1440 485 τούτων
1467 458 1549 485 ἐστίν.
1566 459 1644 484 Πᾶσα
1659 458 1713 493 γὰρ
1738 458 1862 492 ἐνέργεια

1085 501 1223 535 δυνάμεώς
1238 502 1311 527 ἐστιν
1325 502 1505 538 ἀποτέλεσμα.
1517 503 1549 529 Εἰ
1563 501 1609 529 οὖν
1624 503 1669 529 καὶ
1679 503 1801 537 ἐνέργεια
1815 504 1862 528 καὶ

1085 546 1197 580 δύναμις
1213 546 1272 580 μία,
1286 546 1344 578 πῶς
1355 547 1427 575 ἔστιν
1441 547 1585 583 ἑτερότητα
1595 547 1699 581 φύσεως
1712 547 1816 581 νοῆσαι,
1833 548 1861 573 ἐν

1085 589 1126 622 οἷς
1141 591 1268 625 οὐδεμίαν
1283 592 1353 618 κατὰ
1367 592 1416 626 τὴν
1431 592 1543 627 δύναμίν
1554 601 1582 619 τε
1597 593 1644 619 καὶ
1658 593 1796 628 ἐνέργειαν
1806 593 1862 619 δια-

1086 635 1170 671 φορὰν
1187 636 1392 671 ἐξευρίσκομεν;
1415 637 1457 668 Ὠς
1476 637 1530 672 γὰρ
1545 638 1594 664 οὐκ
1609 638 1681 663 ἐστιν
1696 639 1724 663 ὲν
1742 639 1796 668 τοῖς
1814 637 1861 663 τοῦ

1086 681 1171 715 πυρὸς
1191 681 1340 716 ἰδιώμασιν,
1364 682 1428 707 ὅταν
1441 681 1497 714 δύο,
1519 683 1549 708 τὸ
1573 682 1687 716 φωτίζον
1710 691 1739 708 τε
1760 683 1807 708 καὶ
1831 682 1862 708 τὸ

1086 725 1161 751 καῐόν
1183 726 1251 757 ἐστι,
1271 725 1301 751 τὸ
1324 727 1461 752 κοινωνεῖν
1486 727 1594 761 νομίσαι
1616 726 1663 752 τοῦ
1683 727 1861 762 προκειμένου

1086 769 1257 803 ὑπαλλαγὴν·
1273 768 1358 800 οὕτως
1380 769 1430 795 οὐκ
1443 769 1474 795 ἄν
1489 778 1531 801 τις
1551 769 1687 804 εὖφρονῶν
1711 770 1773 803 μίαν
1787 769 1864 803 ἐνέρ-

1087 823 1162 848 γειαν
1181 815 1213 840 ἐκ
1234 814 1283 848 τῆς
1303 814 1414 849 Γραφῆς
1438 815 1570 850 διδαχθεὶς
1594 814 1640 841 τοῦ
1663 814 1726 840 Υἱοῦ
1747 813 1794 840 καὶ
1814 813 1860 840 τοῦ

1084 859 1250 893 Πνεύματος,
1265 859 1395 895 διαφοράν
1409 868 1470 886 τινα
1486 859 1591 894 φύσεως
1610 860 1727 886 ὑπονοεῖ.

1085 905 1253 933 cﬂicieutiam
1267 926 1274 938 ,
1307 910 1410 934 natura:
1432 907 1579 935 discrimen
1610 907 1719 942 aliquod
1741 905 1864 940 suspica—

1127 995 1206 1022 Ἀλλὰ
1224 996 1271 1021 νῦν
1290 996 1526 1030 προαποδέδεικται
1545 998 1603 1028 ταῖς
1616 997 1670 1023 τῶν
1687 997 1804 1024 εὐσεϐῶν
1817 999 1861 1025 δό-

1087 1040 1212 1076 ξαις,τὴν
1219 1040 1302 1075 αὐτὴν
1316 1041 1361 1067 ἐπὶ
1375 1042 1481 1076 Πατρὸς
1498 1042 1543 1068 καὶ
1556 1042 1619 1069 Υἱοῦ
1632 1043 1711 1076 φύσιν
1728 1042 1806 1075 εἶναι,
1824 1045 1861 1078 μὴ

1086 1082 1155 1110 εἶναι
1165 1084 1274 1110 δυνατὸν
1289 1084 1322 1111 τὰ
1335 1086 1477 1120 ἑτερογενῆ
1491 1087 1523 1121 τῇ
1541 1087 1585 1112 τοῦ
1606 1086 1673 1113 Θεοῦ
1688 1088 1780 1122 κλήσει
1795 1098 1860 1118 κατ-

1087 1129 1276 1164 ονομάζεσθαι·
1296 1129 1333 1161 ὡς
1349 1131 1378 1156 οὐ
1398 1131 1502 1165 λέγεται
1530 1131 1627 1167 βάθρον
1645 1133 1701 1164 υίὸς
1728 1133 1861 1164 τέκτονος.

1090 1175 1149 1210 μηδ’
1173 1176 1205 1202 ἄν
1221 1184 1262 1206 τις
1281 1176 1350 1203 εἴποι
1366 1177 1419 1203 τῶν
1446 1177 1645 1212 εὐφρανούντων
1664 1180 1703 1205 ὃτι
1726 1179 1861 1212 οἰκοδόμος

1086 1220 1143 1246 υΞδν
1172 1221 1403 1254 κατεσκευάσατο,
1427 1222 1494 1249 ἀλλὰ
1519 1225 1552 1258 τῇ
1582 1223 1629 1249 τοῦ
1662 1223 1720 1248 υἱοῦ
1746 1223 1791 1249 καὶ
1815 1223 1861 1250 τοῦ

1088 1264 1191 1300 πατρὸς
1222 1265 1391 1301 προσηγορίᾳ
1423 1264 1454 1291 τὺ
1480 1266 1552 1293 κατὰ
1571 1265 1619 1300 τὴν
1633 1265 1711 1299 φύσιν
1727 1267 1863 1302 συνημμέ-

1088 1316 1131 1334 νον
1146 1308 1353 1343 ἐπισημαίνεται
1363 1317 1370 1325 ·
1385 1307 1488 1343 ἀνάγκη
1504 1310 1588 1340 πᾶσα,
1602 1310 1665 1336 ὅταν
1683 1310 1718 1336 τὰ
1735 1311 1781 1337 δύο
1795 1312 1863 1346 πρὸς

1087 1352 1117 1378 ab
1137 1353 1165 1379 ἓν
1179 1354 1284 1384 οἰκείως
1298 1353 1356 1388 ἔχῃ,
1373 1353 1420 1379 καὶ
1437 1353 1502 1389 μηδὲ
1524 1353 1591 1389 πρὸς
1610 1354 1710 1389 ἄλληλα
1728 1356 1862 1391 διαφόρως

1087 1398 1152 1433 ἔχει,
1166 1397 1202 1432 τῷ
1222 1398 1308 1432 Πατρὶ
1326 1397 1396 1424 κατὰ
1413 1398 1461 1433 τὴν
1478 1398 1556 1432 φύσιν
1574 1399 1588 1425 ὁ
1608 1399 1670 1430 Υἱὸς
1682 1400 1798 1434 ἥνωταιο
1814 1403 1863 1436 τῆς

1087 1444 1114 1470 δὲ
1130 1443 1176 1470 τοῦ
1195 1442 1257 1469 Υἱοῦ
1281 1442 1387 1477 φύσεως
1404 1443 1447 1469 διὰ
1466 1443 1519 1470 τῶν
1536 1445 1679 1479 ἐνεργειῶν
1703 1446 1863 1481 πιστότητος

1087 1489 1136 1514 οὐκ
1155 1488 1292 1524 ἀλλότριον
1316 1488 1460 1523 ἀπεδείχθη
1477 1488 1506 1515 τὺ
1525 1489 1636 1524 Πνεῦμα
1651 1490 1681 1515 τὸ
1705 1491 1796 1524 ἅγιον·
1815 1491 1863 1526 μία

1088 1534 1157 1561 κατὰ
1174 1534 1205 1560 τὸ
1228 1533 1372 1561 ἀκόλουθον
1388 1534 1573 1561 ἀποδέδεικται
1592 1535 1640 1569 τῆς
1657 1535 1734 1569 ἁγίας
1752 1536 1864 1572 Τριάδος

1087 1581 1103 1614 ἡ
1123 1579 1213 1613 φύσις,
1241 1579 1271 1605 οὑ
1288 1579 1453 1614 συγχεομένη
1470 1579 1512 1614 ἐφ’
1530 1580 1648 1615 ἑκάστης
1670 1581 1719 1616 τῆς
1745 1582 1813 1608 κατὰ
1835 1582 1864 1607 τὺ

1088 1624 1225 1660 ἐξαίρετον
1247 1624 1483 1660 ὲπιθεωρουμένης
1512 1625 1608 1656 αὑταῖς
1639 1626 1778 1661 ἰδιότητος,
1805 1627 1865 1653 οὐδὲ

1088 1669 1141 1696 τῶν
1164 1669 1358 1705 γνωρισμάτων
1381 1671 1408 1695 ὲν
1434 1669 1558 1705 ἀλλήλοις
1580 1670 1794 1705 ἀλλασσομένων.
1817 1672 1866 1702 Τίς

1088 1712 1133 1741 οὖν
1149 1715 1165 1750 ἡ
1182 1714 1264 1749 μανία
1277 1715 1330 1740 τῶν
1353 1714 1658 1748 πνευματομαχούντων,
1673 1715 1807 1742 δουλεύειν
1820 1716 1866 1742 τὸν

1088 1759 1190 1795 Κύριον
1204 1759 1432 1794 δογματιζόντων;
1447 1756 1495 1790 Οἷς
1514 1759 1574 1785 οὐδὲ
1592 1759 1696 1791 Παῦλος
1717 1760 1864 1795 διαμαρτυ-

1091 1804 1202 1840 ρόμενός
1219 1805 1292 1831 ἐστιν
1313 1805 1476 1838 ἀξιόπιστος,
1493 1804 1522 1835 ὃς
1538 1813 1634 1839 φησιν·
1657 1805 1687 1831 '0
1709 1805 1743 1831 δὲ
1762 1807 1867 1839 Κύριος

1089 1850 1122 1877 τὸ
1134 1847 1257 1882 Πνεῦμά
1267 1849 1359 1875 ἐστιν.
1377 1849 1414 1876 Ἦ
1433 1849 1502 1883 τάχα
1516 1849 1556 1881 τὺ,
1573 1849 1702 1881 Ἐλθέτω,
1715 1849 1866 1884 καθαιρετι-

1088 1895 1135 1922 κδν
1148 1895 1198 1930 τῆς
1213 1895 1291 1927 ἀξίας
1312 1893 1484 1928 νομίζουσιν;
1506 1893 1571 1921 Εἶτα
1593 1895 1642 1921 οὐκ
1661 1895 1804 1921 ἀκούουσιν
1820 1896 1865 1922 τοῦ

1091 1939 1205 1975 μεγάλου
1223 1938 1313 1970 Δαὸὶδ,
1328 1938 1375 1965 καὶ
1393 1938 1437 1965 τὸν
1456 1938 1565 1974 Πατέρα
1578 1939 1645 1974 πρὸς
1662 1940 1757 1966 ἑαυτὸν
1774 1940 1866 1965 ἕλκον-

1088 1992 1144 2015 τος,
1160 1983 1216 2015 καὶ,
1234 1983 1318 2010 Ἐλθὲ
1328 1984 1370 2015 εἷς
1381 1982 1414 2009 τὸ
1424 1983 1522 2010 σῶσαι
1537 1983 1623 2018 ἡμᾶς,
1635 1983 1762 2018 βοῶντος;
1778 1985 1808 2011 Et
1820 1983 1866 2011 οὖν

1090 2029 1136 2055 ἐπὶ
1156 2029 1203 2055 τοῦ
1223 2028 1327 2063 Πατρὸς
1351 2028 1380 2054 τὺ
1407 2028 1493 2054 ἐλθεῖν
1507 2029 1649 2064 σωτήριον,
1670 2029 1727 2061 πῶς
1754 2030 1800 2055 ἐπὶ
1820 2029 1866 2055 τοῦ

1089 2074 1247 2109 Πνεύματος
1261 2073 1291 2099 τὸ
1312 2073 1397 2100 ἐλθεῖν
1420 2074 1614 2105 ὲπονείδιστον;
1628 2075 1662 2100 Ἦ
1678 2074 1708 2100 τὺ
1729 2073 1867 2109 καθαίρειν

1089 2118 1143 2144 τῶν
1157 2119 1306 2153 ἁμαρτιῶν,
1319 2119 1429 2152 σημεῖον
1441 2118 1579 2144 ποιοῦνται
1590 2118 1639 2152 τῆς
1648 2118 1718 2144 κατὰ
1728 2119 1777 2153 τὴν
1789 2119 1867 2152 ἀξίαν

1089 2163 1225 2197 ὑφέσεως;
1251 2163 1305 2189 Καὶ
1332 2163 1384 2198 μὴν
1412 2163 1492 2189 ἄκουε
1513 2163 1568 2190 τῶν
1589 2164 1709 2190 ἀπίστων
1737 2164 1868 2190 Ἰουδαίων

1090 2208 1220 2242 βοώντων,
1235 2209 1275 2235 ὃτι
1287 2208 1317 2234 τὸ
1335 2208 1463 2242 Ἀφιέναι
1479 2209 1620 2243 ἁμαρτίας
1628 2210 1723 2244 μόνου
1737 2209 1801 2236 ἐστὶ
1815 2210 1867 2236 τοῦ

1090 2253 1179 2280 Θεοῦ·
1199 2254 1262 2288 περὶ
1281 2253 1327 2279 τοῦ
1342 2254 1448 2289 Πατρδς
1471 2254 1609 2287 λέγοντες·
1630 2254 1661 2280 Τί
1676 2252 1774 2286 οὗτος,
1791 2255 1866 2288 φησὶ,

1088 2300 1393 2334 λαλεῖβλασφημίαω
1406 2300 1453 2332 Τίς
1464 2300 1586 2326 δύναται
1599 2299 1714 2333 ἀφιέναι
1726 2300 1868 2333 ἁμαρτίας

1088 2345 1113 2370 εί
1128 2345 1170 2378 μὴ
1181 2345 1273 2378 μόνος
1286 2346 1302 2371 ὁ
1317 2345 1403 2376 Θεός;
1417 2345 1447 2370 Εἰ
1463 2342 1509 2371 οὖν
1528 2345 1622 2379 ἀφίησι
1640 2344 1688 2379 μὲν
1707 2344 1841 2378 ἁμαρτίας
1855 2345 1869 2369 ὁ

1090 2390 1193 2424 Πατὴρ,
1213 2390 1283 2424 αἴρει
1300 2389 1328 2415 δὲ
1349 2391 1364 2415 ὁ
1379 2390 1442 2421 Υἱὸς
1458 2390 1503 2416 τοῦ
1521 2390 1622 2424 κόσμου
1643 2389 1693 2423 τὴν
1712 2389 1848 2423 ἁμαρτίαν
1860 2409 1867 2419 ,

1090 2434 1230 2469 καθαρίζει
1240 2435 1268 2460 δὲ
1277 2434 1307 2460 τὸ
1318 2434 1429 2469 Πνεῦμα
1437 2434 1468 2460 τὸ
1479 2434 1554 2466 ἆγιον
1564 2435 1595 2460 ὲκ
1605 2434 1659 2460 τῶν
1670 2434 1719 2468 τῆς
1732 2434 1868 2469 ἁμαρτίας

1091 2479 1267 2514 μολυσμάτων
1286 2477 1326 2510 οἷς
1343 2479 1376 2505 ἂν
1390 2480 1532 2515 ἐγγένηται
1544 2487 1550 2494 ·
1564 2479 1589 2505 τι
1609 2479 1716 2514 ἐροῦσιν
1728 2479 1751 2504 οἱ
1768 2479 1800 2514 τῇ
1818 2478 1870 2513 ἰδίᾳ

1090 2525 1338 2560 προσπολεμοῦντες
1368 2524 1443 2560 Coiﬁ;
1471 2525 1539 2550 Ἀλλ’
1559 2524 1657 2550 ἐλθέτω
1681 2524 1723 2557 ἐφ’
1741 2524 1813 2558 ἡμᾶς
1839 2523 1870 2548 τὸ

1090 2571 1200 2605 Πνεῦμα
1219 2571 1249 2596 τὺ
1268 2572 1355 2604 ἂγιον,
1374 2571 1422 2596 καὶ
1441 2570 1612 2605 καθαρισάτω
1629 2570 1714 2604 ἡμᾶς,
1732 2568 1779 2595 καὶ
1794 2569 1869 2602 ποιή-

1092 2623 1145 2640 σειε
1160 2615 1298 2647 δεκτικοὺς
1309 2615 1362 2642 τῶν
1377 2615 1486 2650 ὑψὴλῶν
1498 2624 1526 2641 τε
1542 2615 1588 2641 καὶ
1599 2614 1757 2649 θεοπρεπῶν
1768 2613 1869 2648 νοημά-

1095 2754 1215 2782 citantur
1234 2740 1445 2792 ali-Euthymio,
1465 2757 1491 2785 in
1513 2758 1658 2793 l’auoplia,
1677 2758 1718 2786 tit.
1738 2759 1778 2793 1‘2,
1796 2767 1867 2786 nunc
