1978 3068
106 104 172 131 H65

569 103 612 130 DE
625 102 800 132 οιιΑΤιυΝΕ
821 101 994 130 DOMINICA.
1006 117 1041 122 —
1054 101 1182 129 ORATIO
1199 100 1242 128 IV.

1654 99 1723 126 HGG

106 163 231 198 σθήματι,
251 161 520 197 ἢκαταπτώματι,ἢ
545 162 647 189 πλείονι
675 162 721 197 τῆς
743 162 883 197 δυνάμεως

941 168 1016 195 gnum
1034 167 1065 187 ac
1078 167 1191 195 parvum
1210 158 1305 186 veneni
1321 161 1471 193 gustatum,
1491 157 1534 185 vel
1553 157 1663 192 penitus
1676 157 1720 185 in—

104 208 248 244 hang-tavit},
261 207 277 242 ἢ
291 208 363 243 ἄλλῳ
379 208 430 234 τινὶ
446 206 568 242 τοιούτῳ,
587 208 688 239 εὐθέως
704 207 888 242 ἐπηκολούθη-

106 261 148 278 σεν
168 253 184 287 ἢ
208 253 293 284 νόσος,
320 252 336 287 ἢ
364 252 524 286 οἀνατο;’ὴ
549 253 576 278 δὲ
603 253 649 278 τοῦ
675 252 888 288 ἁρῤωστὴματος

105 297 255 333 ἀπαλλαγὴ,
270 297 378 329 πολλαῖς
393 297 524 329 ἐπινοίαις
537 299 650 330 γίνεται,
666 299 713 324 καὶ
723 298 886 329 δυσκολίαις,

105 343 149 370 καὶ
165 343 272 378 τέχναις
297 345 442 378 ἰατρικαῖς,
467 343 514 369 ἐὰν
541 344 594 378 ἄρα
621 343 667 370 καὶ
693 344 814 378 γένηται.
841 344 888 371 Διὰ

104 390 181 416 τοῦτο
195 390 262 425 πρὸς
281 390 330 425 μὲν
346 390 375 416 τὸ
387 391 471 417 κακον
486 392 549 425 ἡμῖν
564 391 611 424 τῆς
627 391 715 425 ὁρμῆς
731 391 887 425 γινομένης,

104 436 132 462 οὺ
146 436 224 470 χρεία
248 435 293 461 τοῦ
311 436 514 470 συνεργοῦντος,
538 436 697 470 αὐτομάτως
713 437 741 461 'sv
757 436 795 470 τῷ
810 436 888 472 θελή-

107 490 167 516 ματι
182 481 260 516 ἡμῶν
273 483 321 516 τῆς
333 482 430 513 κακίας
447 482 545 517 ἑαυτὴν
557 482 711 517 τελειούσης
722 490 728 497 ·
745 482 769 508 εἰ
780 482 808 508 δὲ
821 481 888 517 πρὸς

103 528 132 554 τὸ
151 529 272 563 κρεῖττον
284 528 387 561 γένοιτο
402 529 418 562 ἡ
437 527 515 563 ῥοπὴ.
533 528 578 554 τοῦ
601 528 667 554 Θεοῦ
682 528 761 563 χρεία
775 528 822 554 τοῦ
839 528 887 563 τὴν

103 573 248 608 ἐπιθυμίαν
261 575 301 605 εἰς
316 574 395 607 ἔργον
417 574 538 608 ἄγοντος.
556 573 605 600 Διὰ
625 573 703 600 τοῦτό
724 582 829 609 φαμεν·
848 575 887 601 ὅτι

105 619 211 655 Ἐπειδὴ
224 619 327 655 θέλημά
343 629 388 648 σου
401 620 474 647 ἐστὶν
488 622 503 654 ἡ
519 620 687 656 σωφροσύνη,
705 620 759 654 ἐγὼ
780 621 807 647 δὲ
824 621 889 656 adp-

106 665 178 695 κινὸς
203 665 261 699 εἶμι
286 666 460 700 πεπραμένος
476 666 529 692 ὑπὸ
549 665 597 701 τὴν
621 666 772 701 ἁμαρτίαν·
793 668 826 701 τῇ
855 667 887 701 σῇ

103 708 216 744 δυνάμει
243 709 424 745 κατορθωθείη
444 718 488 744 μοι
511 710 541 736 τὸ
557 711 657 744 ἀγαθὴν
670 710 749 737 τοῦτο
764 710 869 745 θέλημα
880 719 886 726 ·

104 753 188 785 οὓτως
204 753 220 788 ἡ
240 753 408 787 δικαιοσύνη,
429 754 445 788 ὴ
470 754 602 787 εὐσέϐεια,
618 756 634 790 ἡ
652 754 706 781 τῶν
728 755 821 781 παθῶν
840 755 888 781 ἀλ-

104 798 252 833 λοτρίωσις.
274 799 306 825 ἸΙ
319 799 374 834 γὰρ
390 799 436 825 τοῦ
451 799 602 834 θελήματος
618 799 702 834 φωνὴ,
719 800 807 832 πάσας
817 809 888 834 γενι-

104 843 158 874 κῶς
182 843 413 878 ἐμπεριλαμϐάνει
436 844 485 875 τὰς
503 844 611 880 ἀρετὰς,
629 846 675 871 καὶ
696 845 731 871 τὰ
751 845 811 871 καθ’
822 846 888 872 ’ἐκα-

104 898 165 915 στον
182 889 235 915 τῶν
252 890 281 915 ὲν
298 889 337 924 τῷ
349 890 450 925 ἀγαθῷ
472 890 634 925 νοουμένων,
653 893 681 918 ἐν
698 891 736 926 τῷ
756 891 887 927 θελήματι

103 935 149 962 τοῦ
166 936 232 962 Θεοῦ
249 935 399 970 θεωρεῖται.

939 204 1048 235 terﬁcit.
1065 205 1106 231 vel
1120 203 1185 239 quin
1198 203 1223 231 id
1237 203 1328 236 faciat,
1342 211 1437 239 parum
1450 204 1527 230 abest
1540 211 1546 230 :
1559 206 1585 230 et
1600 210 1720 229 morsmn

939 250 1084 285 serpentis,
1105 254 1152 277 aut
1173 250 1297 277 aculeum
1310 249 1433 277 venenati
1449 249 1565 284 alicujus
1582 245 1719 278 animalis,

939 301 984 323 aut
1000 297 1116 331 lapsum,
1135 299 1181 322 aut
1202 296 1326 328 ruinam,
1347 299 1393 321 aut
1426 295 1524 330 largius
1544 302 1625 329 quam
1648 294 1720 321 vires

939 342 1010 370 ferre
1035 343 1139 378 possint
1163 345 1300 376 sumptum
1324 341 1425 371 cibum.
1446 345 1493 367 aut
1524 340 1625 375 aliquid
1648 336 1721 367 aliud

939 388 1086 422 ejusmodi,
1102 388 1192 415 statitn
1209 387 1249 414 vel
1263 387 1383 415 morbus,
1395 386 1528 420 sequitur,
1555 384 1596 412 vel
1623 392 1696 412 tuors
1713 393 1720 411 :

939 438 967 461 at
987 433 1074 461 morbi
1103 433 1257 468 proﬂigatio
1281 432 1373 459 multis
1394 431 1541 459 solertibus
1558 426 1677 458 inventis
1695 434 1722 456 et

939 476 1094 507 rationibus
1118 478 1290 513 excogitatis,
1307 477 1390 504 multa
1410 485 1469 504 ctrm
1501 475 1667 514 difﬁcultate,
1695 480 1723 503 et

939 526 1044 552 artibus
1065 524 1179 552 medicis
1202 523 1358 555 conﬁcitur,
1390 518 1412 550 si
1430 522 1499 549 forte.
1516 522 1596 549 etiam
1626 521 1721 548 conﬁci

940 572 1037 607 possit.
1052 571 1156 599 Idcirco
1170 578 1231 597 cum
1247 564 1280 596 ad
1297 566 1397 595 malum
1418 564 1526 603 quidem
1544 574 1575 594 ac
1589 563 1682 593 vitium
1695 566 1722 593 in

939 617 1019 644 nobis
1035 616 1090 642 ruit
1103 616 1248 651 appetitus,
1263 622 1315 640 non
1334 621 1402 648 opus
1416 618 1458 641 est
1472 610 1607 648 adjutore,
1623 612 1723 647 quippe

940 663 966 689 in
984 663 1124 689 voluntate
1139 665 1231 688 nostra
1247 661 1395 687 vitiositate
1409 659 1527 694 seipsam
1555 655 1626 685 ultro
1642 657 1724 693 perli-

940 709 1048 740 cienlc;
1064 707 1134 742 qttod
1153 707 1174 735 si
1190 707 1216 734 in
1233 706 1330 733 melius
1351 700 1491 732 inclinatio
1506 704 1559 734 fiat.
1575 703 1629 731 Deo
1655 710 1724 738 opus

939 759 991 785 est,
1013 754 1060 789 qui
1078 753 1198 780 studium
1215 757 1240 779 ct
1256 752 1421 780 desiderium
1439 751 1472 778 ad
1490 759 1559 786 opus
1583 749 1722 785 perducat.

940 799 1086 833 Propterea
1101 798 1237 825 dicimus:
1253 797 1386 830 Quoniam
1412 797 1539 823 voluntas
1559 795 1604 822 tua
1623 797 1724 829 tempe-

942 845 1028 872 rantia
1048 844 1100 875 est,
1125 850 1174 878 ego
1198 851 1262 870 vero
1285 850 1401 870 carneus
1426 850 1498 874 sum,
1528 840 1655 868 venditus
1674 839 1724 866 sub

943 896 1095 927 peccaturo,
1122 889 1222 916 virtute
1245 892 1291 915 tua
1322 890 1378 915 haec
1406 887 1476 915 bona
1506 887 1571 913 mibi
1599 883 1724 913 voluntas

945 937 1086 970 contingat
1104 942 1110 962 :
1128 931 1166 962 ita
1189 934 1306 969 jnstitia,
1330 934 1426 969 pietas,
1452 940 1467 959 a
1485 932 1558 959 vitiis
1586 931 1724 958 alienatio.

103 982 168 1009 Nam
204 982 349 1009 voluntatis
380 983 541 1009 vocabulum
568 984 731 1018 generaliter
764 992 858 1012 omnes
884 984 998 1012 virtutes
1026 984 1052 1010 itt
1072 990 1102 1011 se
1128 981 1350 1017 comprehcndit,
1377 989 1409 1008 ac
1425 988 1486 1015 qua:
1510 979 1664 1015 singulatim
1697 978 1726 1005 in

104 1030 174 1057 bono
188 1029 383 1063 intelliguntur,
403 1029 429 1056 ill
451 1030 590 1057 voluntate
611 1030 655 1057 Dci
674 1031 765 1057 omnia
780 1031 1044 1058 animadvertuntur.

145 1073 224 1100 Ἀλλὰ
238 1074 266 1100 τί
282 1073 403 1108 βούλεται
422 1075 438 1108 ἡ
456 1074 597 1110 προσθήκη
617 1074 664 1101 τοῦ
686 1075 776 1108 λόγου.
798 1076 843 1108 Ὡς
853 1076 887 1102 ἐν

101 1119 218 1153 οὐρανῷ
232 1119 281 1145 καὶ
294 1119 342 1145 ἐπὶ
357 1120 410 1152 τῆς
420 1119 492 1154 γῆς
507 1120 583 1155 Τάχα
597 1129 641 1155 μοι
655 1121 727 1147 δοκεῖ
740 1121 792 1147 τῶν
806 1121 887 1156 βαθυ-

102 1165 188 1200 τέρων
199 1174 226 1191 τι
234 1165 375 1200 δογμάτων
385 1166 580 1200 ὑποσημαίνειν
592 1167 605 1192 ὁ
612 1166 700 1200 λόγος,
709 1166 755 1193 καί
762 1175 821 1193 τινα
831 1176 889 1193 ποι-

102 1211 191 1237 εῖσθαι
214 1210 385 1238 διδασκαλίαν
399 1211 565 1247 θεοπρεποῦς
575 1211 692 1244 διανοίας
704 1213 731 1238 ὲν
743 1214 775 1248 τῇ
789 1212 890 1248 θεωρίᾳ

103 1258 152 1292 τῆς
159 1258 281 1288 κτίσεως.
289 1258 320 1284 '0
327 1257 354 1284 δὲ
360 1257 432 1291 λέγω
438 1257 556 1284 τοιοῦτόν
565 1259 631 1284 ἐστι·
639 1259 808 1294 Μεμέρισται
816 1259 889 1285 πᾶσα

103 1305 119 1340 ἡ
133 1304 228 1340 λογικὴ
244 1305 341 1336 κτίσις,
353 1304 393 1336 εἷς
406 1313 437 1330 τε
451 1304 500 1338 τὴν
514 1303 658 1339 ἀσώματον
680 1305 725 1330 καὶ
743 1304 792 1339 τὴν
807 1303 890 1331 ἐνσώ-

105 1350 286 1386 ματονφύσιν.
301 1351 377 1376 ’Ἐστι
388 1350 416 1376 δὲ
427 1349 557 1384 ἀγγελικὴ
569 1350 616 1384 μὲν
628 1350 643 1384 ἡ
655 1349 796 1384 ἀσώματος
806 1358 812 1365 ·
824 1349 853 1376 τὸ
862 1350 889 1376 δὲ

103 1395 196 1430 ἕτερον
208 1394 276 1426 εἶδος
288 1396 365 1430 ἡμεῖς
382 1396 404 1421 οἱ
417 1395 563 1429 ἄνθρωποι.
582 1394 610 1420 ἸΙ
622 1394 670 1429 μὲν
682 1392 728 1421 οὖν
738 1395 829 1428 νοητὴ,
842 1395 889 1421 ἆτε

102 1442 134 1476 δὴ
147 1441 193 1467 τοῦ
211 1441 354 1476 βαροῦντος
365 1441 550 1476 κεχωρισμένη
567 1440 690 1475 σώματος
699 1440 802 1475 (τούτου
819 1440 889 1475 λέγω

103 1486 150 1512 τοῦ
170 1486 316 1513 ἀντιτύπου
336 1495 365 1512 τε
389 1486 435 1513 καὶ
455 1487 493 1518 εἰς
516 1486 566 1520 γῆν
585 1485 738 1521 βρίθοντος)
763 1486 811 1522 τὴν
833 1486 889 1513 ἄνω

103 1531 179 1566 λῆξιν
200 1531 401 1567 ἐπιπορεύεται.
423 1533 479 1561 τοῖς
498 1532 608 1565 κούφοις
622 1540 650 1557 τε
664 1532 708 1558 καὶ
723 1531 890 1567 αἰθεριώδεσι

102 1580 196 1611 τόποις
207 1579 420 1614 ἐνδιατρίϐουσα,
435 1579 463 1604 ὲν
478 1578 583 1614 ὲλ;φρᾷ
599 1587 629 1604 τε
649 1579 695 1605 καὶ
711 1579 843 1614 εὑκινήτῳ
857 1581 889 1614 τῇ

104 1624 184 1659 φύσει
196 1633 202 1640 ⁸
220 1626 236 1660 ἡ
249 1624 276 1651 δὲ
288 1624 369 1659 ἑτέρα
382 1624 425 1650 διὰ
439 1624 488 1650 τὴν
500 1624 545 1650 τοῦ
559 1624 682 1660 σώματος
697 1625 774 1660 ἡμῶν
786 1625 852 1661 πρὸς
861 1626 891 1652 τὸ

104 1670 205 1704 γεῶδες
219 1670 389 1705 συγγένειαν,
401 1667 457 1696 οἷόν
470 1679 529 1696 τινα
548 1670 618 1702 ἰλύος
635 1671 820 1705 ὑποστάθμην,
831 1671 890 1698 κατ’

103 1718 226 1753 ἀνάγκην
241 1719 285 1745 τὸν
302 1719 440 1754 περίγειον
454 1719 548 1745 τοῦτον
563 1718 654 1753 εἴληχε
673 1714 738 1753 βίον.
764 1719 820 1744 Οὐκ
833 1716 892 1744 οἴδα

106 1765 155 1800 μὲν
167 1765 181 1791 ὃ
191 1773 215 1791 τι
226 1763 272 1791 τοῦ
285 1764 356 1792 θείου
373 1765 540 1799 βουλήματος
551 1764 594 1790 διὰ
606 1764 708 1790 τούτων
721 1763 892 1798 οἰκοκνομοῦν-

103 1818 160 1841 τος,
179 1808 234 1835 εἴτε
249 1809 338 1835 πᾶσαν
354 1809 420 1843 πρὸς
433 1808 528 1844 ἑαυτὴν
550 1809 711 1839 οίκειοῦντος
730 1809 778 1844 τὴν
793 1809 890 1839 κτίσιν,

102 1855 143 1886 ὡς
159 1856 193 1881 ἂν
215 1855 282 1890 μήτε
297 1853 351 1880 τῶν
366 1855 497 1889 οὐρανίων
523 1854 675 1889 ὑψωμάτων
690 1855 705 1889 ἡ
730 1854 804 1880 κάτω
816 1853 892 1889 λῆξις

103 1901 275 1936 ἀμοιρήσειε,
299 1901 366 1935 μήτε
389 1901 403 1926 ὁ
416 1900 528 1936 οὐρανὸς
554 1900 667 1927 καθόλου
682 1900 737 1926 τῶν
757 1899 827 1926 κατὰ
842 1899 891 1935 τὴν

104 1946 157 1979 γῆν
176 1946 359 1980 ἀμοιρήσειεν,
381 1945 418 1976 ὡς
441 1945 473 1971 ἂν
495 1945 597 1979 γένοιτό
613 1954 653 1977 τις
666 1946 709 1972 διὰ
724 1944 770 1972 τοῦ
786 1945 890 1980 ἀνθρω-

105 1991 184 2017 πίνου
200 1991 359 2025 πλάσματος
378 1989 500 2025 ἐκατέρῳ
524 1990 577 2016 τῶν
599 1990 736 2025 στοιχείων
763 1990 891 2025 μετουσία

103 2035 159 2062 τῶν
178 2036 206 2061 ἐν
222 2035 327 2070 θατέρῳ
341 2035 502 2069 νοουμένων,
519 2035 564 2061 τοῦ
580 2044 609 2061 τε
626 2035 718 2070 νοεροῦ
730 2036 778 2070 τῆς
791 2035 889 2070 ψυχῆς,

103 2082 173 2116 ὅπερ
186 2082 260 2107 δοκεῖ
274 2081 405 2115 συγγενές
419 2090 448 2107 τε
464 2082 510 2108 καὶ
525 2081 657 2115 ὁμόφυλον
668 2081 722 2107 τῶν
735 2081 794 2107 κατ’
808 2081 890 2116 οὐρα-

104 2127 158 2154 νῶν
178 2125 245 2154 εἶναι
262 2127 411 2162 δυνάμεων,
425 2129 480 2160 τοῖς
497 2128 601 2162 γηῖνοις
616 2127 739 2162 σώμασιν
755 2127 890 2153 ἐνοικοῦν-

103 2182 161 2204 τος,
177 2173 226 2208 τῆς
247 2172 275 2198 δὲ
289 2173 392 2208 γεηρᾶς
412 2172 512 2207 ταύτης
528 2172 628 2207 σαρκὸς
653 2173 681 2197 ὲν
703 2173 735 2206 τῇ
753 2172 890 2198 ἀποκατα-

105 2218 200 2245 στάσει
219 2218 272 2244 τῶν
287 2218 395 2244 πάντων
415 2219 456 2249 είς
472 2218 516 2245 τὸν
530 2218 654 2252 οὐράνιον
668 2217 755 2253 χῶρον
770 2219 801 2253 τῇ
818 2217 890 2253 ψυχῇ

105 2264 397 2299 συμμετοικιζομὲνης.
433 2264 676 2298 Ἀρπαγησὸμεθα
701 2265 772 2299 γὰρ,
802 2263 893 2295 καθώς

106 2318 188 2344 φησιν
205 2309 218 2336 ὁ
242 2310 409 2340 Ἀπόστολος,
432 2310 467 2336 ἐν
487 2310 637 2344 νεφέλαις,
657 2311 701 2342 sic
723 2309 893 2342 ἀπάντησιν

104 2354 161 2381 τοῦ
182 2355 308 2388 Κυρίου,
332 2357 375 2388 εἰς
390 2355 477 2389 ἀέρα,
495 2356 541 2382 καὶ
570 2355 661 2387 οὔτως
684 2354 813 2381 πάντοτε
832 2353 893 2381 σὺν

106 2399 205 2433 Κυρίῳ
217 2400 355 2434 ἐσόμεθα.
373 2400 437 2432 ξεῖ-τε
449 2398 495 2426 οὖν
508 2400 593 2432 τοῦτο,
610 2400 663 2426 εἴτε
674 2409 699 2426 τι
715 2399 808 2434 ἕτερον
819 2398 893 2434 παρὰ

105 2446 187 2483 τοᾷτο
201 2446 250 2479 τῆς
266 2445 312 2482 τοῦ
329 2446 395 2472 Θεοῦ
420 2447 514 2479 σοφίας
534 2446 736 2481 οἰκονομούσης,
758 2447 786 2472 ὲν
800 2447 832 2480 τῇ
855 2445 894 2471 δι-

106 2491 161 2526 πλῇ
180 2490 264 2525 ταύτῃ
280 2491 336 2525 ζωῇ
357 2491 513 2526 μερισθεῖσα
530 2492 604 2518 πᾶσα
622 2492 638 2526 ἡ
655 2491 750 2526 λογικὴ
768 2491 893 2526 διῄρηται

107 2536 199 2571 φύσις,
215 2537 230 2570 ὴ
247 2536 294 2571 μὲν
310 2536 453 2570 ἀσώματος
466 2536 514 2571 τὴν
530 2537 654 2571 οὐράνιον
671 2536 788 2571 λαχοῦσα
805 2545 892 2571 μακα-

107 2580 219 2615 ριότητα
233 2589 240 2595 ⁸
264 2581 279 2615 ὴ
292 2580 319 2606 δὲ
332 2578 376 2606 διὰ
388 2581 487 2616 σαρκὺς
497 2582 536 2613 εἰς
547 2581 598 2616 γῆν
612 2581 839 2617 ἐπιστρεφομένη,
851 2581 893 2607 διὰ

106 2625 157 2660 τὴν
171 2624 238 2659 πρὸς
259 2625 342 2660 αὐτὴν
358 2625 520 2659 οἰκειότητα.
543 2626 575 2652 Ἡ
588 2625 637 2660 μέν
648 2634 689 2652 τοι
703 2626 749 2652 τοῦ
763 2625 845 2652 καλοῦ
861 2634 890 2651 τε

107 2670 154 2696 καὶ
164 2669 267 2712 αγαθοῦ
283 2670 422 2705 ἐπιθυμία,
439 2670 576 2706 όμοτίμως
593 2671 709 2707 ἑκατέρᾳ
725 2670 890 2706 συνουσιὼθη

104 2716 139 2750 τῇ
154 2715 241 2748 φύσει,
259 2715 306 2743 καὶ
318 2716 347 2742 τὸ
363 2716 528 2752 αὐτοκρατές
540 2726 568 2743 τε
589 2718 635 2743 ναὶ
650 2717 830 2750 αὐτεξούσιον,
845 2718 891 2744 καὶ

143 2807 167 2820 ⁸³
187 2806 196 2832 ι
216 2804 313 2833 Titus}.
330 2812 365 2835 μ’.
389 2805 430 2832 iii.
799 2776 807 2792 ί

976 1075 1028 1103 Sed
1045 1075 1109 1110 quid
1126 1074 1178 1102 sibi
1192 1074 1249 1101 vult
1264 1073 1381 1108 adjectio
1398 1070 1481 1105 verbi,
1503 1072 1578 1099 Sicut
1608 1072 1634 1098 in
1662 1071 1727 1099 ιιι-ιο

939 1127 963 1150 ει
980 1123 1004 1148 in
1020 1122 1110 1148 terra?
1128 1114 1239 1148 Videtur
1254 1115 1318 1147 mihi
1343 1127 1433 1146 sermo
1461 1119 1579 1152 aliquam
1611 1116 1726 1145 fortasse

941 1167 1146 1204 profundiorem
1158 1166 1279 1194 indicare
1293 1165 1466 1196 sententiam,
1480 1168 1506 1191 et.
1522 1162 1665 1198 quamdam
1679 1170 1727 1198 per

941 1212 1197 1247 contemplationem
1213 1215 1345 1238 creatura:
1362 1204 1447 1237 divini
1467 1207 1619 1236 intellectus
1635 1208 1726 1236 trade-

940 1267 970 1286 re
999 1258 1161 1286 doctrinam.
1189 1257 1266 1290 Quod
1294 1261 1384 1284 autem
1408 1256 1480 1287 dico,
1499 1255 1550 1282 tale
1565 1254 1726 1282 cst':0mnis

942 1308 1066 1330 creatura
1084 1303 1224 1330 rationalis
1240 1302 1338 1337 partim
1356 1301 1381 1327 in
1399 1301 1596 1335 incorpoream,
1625 1299 1725 1335 partim

943 1350 970 1376 in
988 1357 1148 1384 corpoream
1161 1353 1285 1376 naturam
1302 1347 1389 1375 divisa
1402 1353 1452 1375 est.
1468 1347 1515 1374 Est
1529 1346 1618 1374 autem
1642 1354 1726 1381 ange-

943 1395 994 1421 lica
1008 1394 1116 1428 quidem
1147 1395 1331 1429 incorporea:
1360 1394 1443 1420 altera
1469 1398 1532 1420 ver‘o
1560 1390 1650 1427 specie
1676 1400 1727 1420 nos

943 1441 1066 1467 homines
1082 1448 1185 1467 sumus.
1200 1441 1288 1474 Atque
1301 1440 1345 1466 illa
1360 1439 1467 1474 quidem
1480 1446 1549 1474 qum.
1568 1439 1727 1472 incorporea

942 1495 1003 1514 cum
1021 1488 1066 1520 sit,
1080 1487 1138 1514 sola
1152 1491 1241 1513 mente
1255 1486 1503 1520 comprcbemlitur,
1520 1489 1550 1512 ut
1571 1492 1631 1519 qua:
1645 1482 1726 1511 nimi-

915 1522 925 1551 ἶ
943 1541 1002 1560 rntn
1016 1541 1030 1560 a
1047 1536 1176 1568 gravante
1187 1540 1299 1566 corpore
1317 1535 1419 1559 remota
1447 1535 1527 1567 atque
1549 1526 1671 1565 seiuncta
1692 1530 1728 1557 sit

942 1580 985 1611 (de
998 1579 1049 1607 hoc
1064 1580 1159 1614 loquor
1170 1577 1249 1611 duro,
1277 1579 1413 1609 renitenti,
1429 1585 1461 1605 ac
1478 1578 1597 1612 pondere
1621 1584 1671 1605 suo
1693 1577 1727 1603 ad

943 1630 1042 1653 terram
1058 1629 1184 1659 vergente
1200 1625 1388 1659 corpore),per
1410 1631 1535 1659 superam
1554 1626 1656 1658 partem
1677 1623 1726 1649 ob-

943 1674 1066 1698 versatur
1079 1670 1106 1697 in
1120 1671 1223 1697 levibus
1235 1674 1262 1697 et
1275 1670 1400 1697 :etbcreis
1422 1666 1500 1699 locis.
1529 1669 1677 1696 immorans
1699 1668 1727 1696 in

942 1716 1004 1751 agili
1014 1720 1040 1742 et
1051 1715 1175 1750 expedita
1186 1719 1299 1748 natura;
1310 1716 1393 1742 altera
1404 1722 1467 1742 vero
1482 1718 1594 1749 propter
1602 1714 1726 1748 corporis

942 1761 1029 1789 nostri
1043 1768 1104 1788 cum
1126 1764 1214 1787 terrea
1241 1765 1337 1787 natura
1367 1760 1568 1794 cognationem,
1597 1763 1725 1793 tanquam

942 1807 999 1834 limi
1015 1810 1041 1833 et
1061 1805 1134 1833 ftecis
1159 1805 1294 1840 quoddam
1327 1805 1519 1835 serlimentum,
1543 1804 1613 1830 banc
1642 1807 1727 1831 terre.

942 1857 1025 1880 strem
1038 1852 1120 1879 vitam
1135 1851 1297 1878 necessitate
1312 1850 1409 1877 sortita
1430 1853 1480 1877 est.
1508 1849 1583 1876 Haud
1600 1849 1724 1884 equidem

942 1897 998 1924 scio
1028 1896 1093 1931 quid
1116 1904 1163 1931 per
1182 1896 1237 1923 haec
1258 1896 1348 1922 divina
1365 1895 1491 1922 voluntas
1510 1894 1675 1930 disposuerit
1695 1902 1727 1921 ao

942 1943 1126 1975 destinaverit,
1144 1943 1201 1971 sive
1214 1950 1321 1970 omnem
1334 1942 1385 1969 sibi
1401 1945 1554 1968 creaturam
1568 1939 1726 1967 consociare

941 1993 1021 2024 atque
1032 1989 1178 2016 conciliare
1194 1987 1339 2018 studuerit,
1353 1991 1381 2013 ut
1395 1994 1482 2021 neque
1499 1985 1604 2013 inferna
1629 1989 1726 2013 natura

941 2035 1093 2063 cmlestium
1110 2035 1294 2066 altitudinum,
1312 2040 1399 2067 neque
1428 2032 1526 2058 cmlum
1557 2036 1725 2059 terrenarum

941 2089 1032 2108 rerum
1051 2081 1157 2114 penitus
1171 2087 1267 2114 expers
1282 2081 1364 2110 esset,
1379 2081 1408 2104 ut
1424 2085 1472 2112 per
1489 2077 1606 2104 hominis
1625 2075 1728 2103 forma-

943 2125 1042 2152 tionem
1059 2128 1140 2158 atque
1155 2123 1336 2150 conditionem
1354 2122 1461 2156 utrique
1487 2120 1621 2149 elemento
1650 2122 1727 2149 fieri-1

942 2171 1033 2205 aliqua
1051 2169 1221 2204 participatio
1241 2175 1335 2195 eorum
1351 2175 1412 2202 quas
1431 2166 1456 2194 in
1481 2167 1612 2194 alterutro
1628 2166 1728 2194 intelli-

942 2219 1061 2249 guntur;
1080 2221 1141 2239 cum
1157 2216 1183 2239 et
1198 2212 1299 2242 anima,
1321 2218 1382 2246 qua:
1408 2214 1497 2237 mente
1518 2213 1637 2242 constat,
1666 2218 1727 2245 qua:

941 2264 1019 2284 mens
1044 2256 1133 2283 aﬂinis
1149 2259 1176 2283 et
1201 2260 1315 2290 cognata
1332 2253 1482 2282 cmlestium
1514 2254 1643 2281 virtutum
1667 2262 1728 2281 csse

942 2301 1059 2332 videtur,
1089 2301 1204 2328 terrenis
1231 2299 1393 2336 corporibus
1431 2300 1573 2333 inhabitet,
1607 2305 1634 2328 et
1670 2301 1727 2328 ha-c

943 2352 1032 2374 terrea
1043 2355 1105 2373 caro
1121 2346 1146 2373 in
1161 2347 1332 2374 restitutione
1342 2346 1530 2374 universorum
1545 2346 1571 2373 in
1588 2347 1725 2374 ccelestem

944 2394 1033 2420 locum
1066 2400 1119 2419 una
1148 2400 1209 2419 cum
1235 2392 1327 2418 anima
1356 2392 1541 2426 transmigret.
1568 2391 1728 2426 (Rapiemur

942 2436 1025 2469 enim,
1046 2442 1074 2466 ut
1091 2438 1178 2473 inquit
1192 2437 1349 2472 Apostolus,
1364 2438 1390 2464 in
1405 2437 1527 2468 nubibus,
1543 2437 1570 2464 in
1589 2445 1727 2464 occursum

943 2484 1058 2514 Domini.
1071 2486 1095 2511 in
1105 2493 1200 2515 acrem,
1208 2489 1231 2511 et
1243 2482 1281 2511 sic
1290 2491 1389 2516 semper
1396 2492 1454 2509 cum
1463 2483 1575 2510 Domino
1583 2483 1726 2515 erimus".)

943 2532 1006 2559 Sive
1023 2531 1106 2565 igitur
1118 2530 1178 2562 hoc,
1196 2530 1253 2557 sive
1267 2528 1369 2563 aliquid
1391 2528 1463 2555 aliud
1478 2535 1575 2563 prater
1590 2529 1642 2555 hoc
1655 2528 1726 2555 divi—

943 2586 977 2605 na
991 2577 1126 2612 sapientia
1153 2576 1322 2611 disponente,
1345 2576 1372 2602 in
1387 2576 1457 2602 hanc
1483 2576 1618 2609 duplicem
1645 2575 1726 2601 vitam

944 2629 1017 2652 secta
1031 2623 1122 2651 omnis
1139 2626 1233 2650 natura
1248 2621 1389 2649 rationalis
1405 2625 1486 2656 atque
1505 2621 1592 2648 divisa
1608 2623 1659 2653 est,
1673 2627 1728 2646 una

944 2669 1052 2705 quidem
1081 2670 1254 2703 incorporea,
1278 2673 1338 2702 quae
1367 2667 1506 2695 caelestem
1536 2665 1728 2694 beatitudinem

945 2715 1039 2743 sortita
1058 2720 1100 2742 est
1137 2714 1221 2741 altera
1249 2720 1326 2745 vero,
1350 2719 1410 2748 qum
1438 2715 1548 2747 propter
1573 2710 1729 2738 aﬂinitatem
