1978 3068
258 113 323 141 1167

889 109 917 138 S.
939 109 1103 139 GREGORII
1124 111 1267 139 NYSSENI

1818 116 1885 143 nos

254 179 334 208 quam
351 179 412 198 cum
431 179 462 198 ea
480 170 571 202 habet,
589 171 614 198 in
629 175 702 199 terra
718 179 766 207 per
784 179 894 199 carnem
915 176 1036 207 occupat:

1099 173 1187 208 πάσης
1194 173 1317 208 ἀνάγκης
1327 172 1468 209 ἐλεύθερον
1478 172 1533 198 ίςον
1544 173 1587 198 ἐπ’
1595 173 1694 208 ἀμφοῖν
1704 173 1717 199 ὁ
1729 173 1773 199 τοῦ
1786 174 1886 206 παντὸς

254 223 313 244 est:
329 212 512 244 verumtamen
527 217 589 243 boni
606 221 632 243 et
645 217 750 244 honesti
768 218 888 245 studium
904 218 1044 254 aequaliter

255 265 398 299 utriusqtle
415 268 519 291 natum
535 264 661 291 essentia!
676 265 757 291 simul
775 265 886 292 insitum
909 270 935 292 et
965 265 1044 290 attri-

254 310 349 340 butum
364 314 416 340 est,
426 310 587 345 plenamque
601 310 663 337 item
680 317 711 336 ac
726 318 859 338 summam
878 310 904 337 in
918 318 978 338 sese
995 318 1043 344 po-

254 360 391 388 testatem,
402 360 428 383 et
445 356 478 382 ab
487 356 560 382 omni
579 356 740 384 necessitate
751 356 863 383 liberam
875 356 1042 383 voluntatem

253 402 278 428 in
297 402 422 436 utrisque
438 409 529 436 parem
546 409 636 429 rerum
656 402 844 429 universarum
861 410 961 437 prmscs
977 402 1043 429 elle-

252 447 299 478 rit.
329 451 357 474 ιιι
373 447 455 474 animi
482 447 568 474 libero
584 446 700 481 quodam
717 447 828 477 arbitrio
845 452 926 482 alque
943 455 1043 482 prepo-

254 493 306 520 sito
322 496 430 528 regatur
447 492 579 527 quidquid
597 493 702 518 ratione
725 493 826 526 pariter
842 500 873 519 ac
889 496 977 519 mente
995 493 1043 519 hoc

253 544 379 565 noratum
400 543 453 566 est.
471 537 522 566 Sed
537 546 656 573 superna
674 538 782 573 quidem
807 538 860 564 vita
891 539 1002 573 penitus
1027 546 1041 565 a

253 583 374 618 nequitia
390 587 472 618 atque
492 583 640 611 vitiositate
656 591 724 617 pura
740 588 790 615 est,
814 591 846 610 ac
874 584 941 611 nihil
963 584 1044 619 quid-

251 637 332 664 quam
349 637 382 655 cx
398 629 432 656 iis
457 636 519 664 qua:
545 636 576 656 ex
595 628 735 656 contrario
761 629 949 664 intelliguntur
978 637 1041 656 cum

251 676 295 701 illa
309 674 362 701 vita
378 678 558 702 conversatur
587 678 667 709 atque
703 675 923 701 cuunnunionem
950 675 1041 707 habet.

251 722 297 747 sed
315 718 405 748 omnis
429 721 545 748 vitiosus
567 721 796 756 perturbatusque
815 726 905 749 motus
928 725 955 749 et
978 721 1042 749 alle-

251 774 321 800 ctus,
336 768 436 802 quibus
452 768 533 794 rebus
548 775 634 803 genus
651 767 799 794 lnunanum
817 767 964 795 obnoxium
988 772 1039 799 est.

251 823 297 850 per
314 814 458 842 infernam
485 815 567 841 vitam
597 818 711 848 vagatur
736 817 762 840 ct
792 813 911 841 oberrat.
940 815 1039 847 Quam-

249 862 342 887 obrem
359 867 418 887 eam
435 868 494 894 (litin
518 860 544 886 in
562 859 640 886 neiis
663 862 705 886 est
725 865 882 886 sanctarum
905 859 1037 887 virtutum

249 907 330 932 vitam
357 914 371 932 ιι
396 905 515 940 nequitia
533 910 613 940 atque
637 906 787 933 vitiositate
811 914 924 933 vacuam
947 910 974 934 et
1005 907 1039 933 ab

249 951 322 978 omni
339 955 512 987 peccatorum
529 951 634 978 macula
653 952 786 987 integram
805 959 835 979 ac
856 960 951 987 puram
977 960 1039 980 esse

249 999 324 1026 novit
338 998 467 1025 divinitus
484 997 610 1032 przedieta
625 997 776 1032 Scriptura.
794 997 931 1032 Quidquid
946 1002 1036 1025 autem

248 1049 324 1073 extra
338 1045 439 1071 bomnn
452 1051 498 1078 per
514 1044 600 1078 ipsam
617 1043 652 1070 ab
672 1051 705 1070 eo
728 1043 911 1071 secessionem
935 1043 1036 1069 malum

247 1091 330 1118 subiit
345 1093 424 1124 atque
436 1089 567 1124 suscepit,
585 1089 657 1116 circa
669 1096 817 1116 concavam
833 1095 913 1124 atque
929 1090 1036 1123 depres-

247 1145 303 1164 sam
321 1137 391 1163 lianc
401 1135 497 1165 vita-ii.
516 1135 596 1162 sicuti
612 1134 737 1168 qnzedatn
755 1133 805 1161 ﬁex
829 1138 856 1161 et
874 1134 955 1162 limus
972 1142 1039 1161 con-

247 1182 335 1214 ﬂuxit,
364 1188 418 1216 qua
447 1181 552 1207 ratione
580 1179 738 1214 inquinatur
768 1187 853 1215 genus
876 1179 1036 1212 humanum,

246 1235 300 1263 quo
313 1227 403 1255 minus
418 1226 542 1254 divinum
561 1227 651 1253 lumen
669 1226 792 1252 veritatis
815 1225 964 1257 intueatur,
990 1233 1038 1260 per

246 1273 381 1308 ejusmodi
408 1273 536 1299 tenebras
560 1271 729 1306 impeditum.
760 1269 788 1297 Si
818 1270 900 1304 igitur
918 1278 1037 1305 superna

247 1319 354 1354 quidem
370 1319 424 1345 vita
441 1319 474 1345 ab
487 1317 630 1345 affectibus
654 1321 680 1344 et
708 1316 781 1344 vitiis
808 1324 904 1349 vacua,
931 1317 1036 1352 integra

247 1370 326 1400 atque
342 1365 498 1400 incorrupta
524 1368 585 1397 est;
612 1363 694 1390 variis
725 1367 815 1390 autem
837 1362 980 1390 aﬂ‘eetibus
1009 1367 1036 1390 et

246 1409 376 1437 aerumnis
405 1410 528 1437 demersa
543 1413 585 1436 est
600 1408 682 1443 hujus
697 1413 812 1436 terrena-
829 1408 890 1435 vita:
914 1409 1034 1439 miseria,

247 1456 421 1484 manifestum
443 1455 524 1482 fuerit
541 1455 613 1490 quod
630 1462 748 1490 superna
769 1454 878 1490 quidem
907 1455 971 1483 vita.
991 1459 1035 1482 ut«

1095 218 1243 254 ἐπιστάτης
1265 219 1402 252 ἐποίησεν,
1425 217 1462 248 ὡς
1486 218 1626 253 αὐτονόμῳ
1648 218 1701 244 τινὶ
1728 219 1885 254 προαιρέσει

1095 263 1294 298 οἰκονομεῖσθαι
1315 265 1369 290 πᾶν
1385 263 1445 289 ὅσον
1460 263 1530 298 λόγῳ
1545 271 1574 289 τε
1590 263 1636 289 καὶ
1653 263 1758 299 διανοίᾳ
1772 263 1884 299 τετίμη-

1095 317 1139 336 ται
1154 318 1160 324 ·
1181 309 1236 336 ἀλλ’
1254 311 1271 345 ἡ
1285 310 1334 344 μὲν
1350 309 1406 336 ἄνω
1421 309 1488 344 ζωὴ,
1507 308 1653 344 καθαρεύει
1671 309 1757 345 πάντη
1773 310 1883 341 κακίας,

1095 355 1141 381 καὶ
1155 355 1213 381 οὐδὲ
1236 355 1265 381 ἓν
1280 355 1372 391 ἐκείνῃ
1395 355 1448 381 τῶν
1470 355 1501 381 ἐκ
1526 354 1572 380 τοῦ
1596 355 1716 382 ἐναντίου
1732 355 1883 390 νοουμένων

1095 401 1338 435 συμπολιτεύεται·
1364 402 1439 427 πᾶσα
1462 400 1490 428 δὲ
1510 401 1635 436 ἐμπαθὴς
1659 401 1764 436 κίνησίς
1785 410 1813 428 τε
1837 402 1883 428 καὶ

1094 446 1224 478 διάθεσις.
1245 447 1295 482 τὴν
1313 447 1388 473 κάτω
1405 446 1476 482 ζωὴν
1498 447 1649 482 περιπολεῖ,
1675 448 1703 472 ὲν
1717 445 1758 478 οἷς
1773 449 1829 474 ἐστι
1852 448 1882 474 τὺ

1094 492 1271 528 ἀνθρώπινον.
1289 493 1349 519 Διὰ
1365 493 1442 519 τοῦτο
1456 493 1506 528 τὴν
1524 494 1553 519 ἐν
1575 493 1698 528 οὐρανοῖς
1721 493 1776 519 τῶν
1797 493 1882 527 ἁγίων

1093 538 1233 572 δυνάμεων
1251 538 1385 564 πολιτείαν
1404 537 1492 572 ἀμιγῆ
1514 537 1623 569 κακίας,
1648 538 1695 564 καὶ
1718 537 1818 567 παντὸς
1835 537 1881 564 τοῦ

1094 584 1122 617 ἐξ
1139 584 1275 618 ἁμαρτίας
1296 584 1434 618 μολυσμοῦ
1450 583 1664 619 καθαρεύουσαν,
1676 585 1690 610 ὁ
1706 583 1882 616 θεόπνευστος

1094 629 1235 656 ἐπίσταται
1252 629 1340 664 λόγος.
1374 629 1431 656 Πᾶν
1445 629 1473 655 δὲ
1487 629 1549 656 ὅσον
1568 629 1647 661 ἐκτὸς
1669 628 1716 656 τοῦ
1732 629 1833 664 ἀγαθοῦ
1848 629 1881 656 δι’

1093 675 1178 710 αὐτῆς
1198 675 1247 710 τῆς
1271 676 1469 711 ἀναχωρήσεως
1489 675 1571 702 αὑτοῦ
1597 675 1760 710 παρυπέστη
1786 675 1880 708 κακὸν,

1093 721 1157 756 περὶ
1174 722 1223 757 τὴν
1240 721 1332 756 κοίλην
1344 722 1445 757 ταύτην
1460 721 1542 756 ζωὴν,
1554 718 1610 748 οἷόν
1624 730 1666 753 τις
1682 721 1780 757 τρυγία
1791 730 1821 748 τε
1833 720 1881 748 καὶ

1095 767 1150 798 ἰλὺς
1170 767 1316 803 συνερρύη,
1366 768 1508 802 μολύνεται
1525 768 1555 794 τὸ
1568 768 1746 803 ἀνθρώπινον,
1767 769 1834 805 προς
1851 769 1881 795 τὸ

1092 813 1209 840 κατιδεῖν
1226 813 1256 839 τὸ
1272 813 1342 840 θεῖον
1360 813 1408 848 τῆς
1424 813 1552 847 ἀληθείας
1568 813 1624 847 φῶς
1639 814 1682 840 διὰ
1697 814 1743 840 τοῦ
1758 815 1879 841 τοιούτου

1093 859 1204 891 σκότους
1214 859 1435 894 ὲμποδιζόμενον.
1450 860 1480 886 Εἰ
1491 861 1579 886 τοίνυν
1591 861 1698 895 ἀπαθὴς
1711 861 1758 896 μὲν
1769 862 1785 896 ἡ
1799 862 1880 896 ὕπερ-

1090 905 1204 941 κειμένη
1224 905 1280 941 ζωὴ
1295 907 1342 933 καὶ
1360 907 1507 942 ἀκήρατος.
1523 907 1659 938 παντοίοις
1672 907 1700 933 δὲ
1721 907 1818 934 πάθεσι
1832 907 1880 934 καὶ

1089 951 1285 986 ταλαιπωρίαις
1303 952 1552 979 καταεεΰάπτισται
1571 953 1588 988 ὴ
1613 952 1738 988 ἀθλιότης
1754 952 1803 987 τῆς
1827 949 1878 979 ὦδε

1090 997 1175 1032 ζωῆς·
1193 997 1271 1032 δῆλον
1287 997 1320 1024 ἂν
1343 997 1397 1033 εἴη,
1420 998 1461 1024 ὅτι
1477 999 1493 1032 ἡ
1509 997 1558 1033 μὲν
1581 997 1636 1024 ἀνω
1659 997 1788 1029 πολιτεία,
1831 998 1877 1025 ἅτε

1090 1044 1189 1075 παντὸς
1205 1043 1290 1070 κα.κοῦ
1311 1043 1510 1080 καθαρεύουσα,
1531 1045 1559 1069 ἐν
1581 1043 1619 1079 τῷ
1635 1043 1729 1079 ἀγαθῷ
1743 1043 1875 1079 θελήματι

1088 1089 1135 1116 τοῦ
1155 1089 1221 1116 Θεοῦ
1246 1089 1424 1125 κατορθοῦται
1436 1099 1442 1105 ·
1469 1089 1532 1116 ἔνθα
1551 1090 1603 1126 γὰρ
1630 1090 1712 1116 κακον
1730 1090 1778 1116 οὐκ
1794 1089 1875 1120 ἐστιν,

1089 1135 1195 1170 ἀνάγκη
1213 1136 1287 1162 πᾶσα
1301 1135 1402 1169 ἀγαθὸν
1414 1133 1498 1162 εἶναι·
1525 1137 1542 1171 ἡ
1559 1135 1586 1161 δὲ
1598 1135 1659 1162 καθ’
1671 1136 1744 1170 ἡμᾶς
1761 1135 1815 1170 ζωὴ
1828 1134 1877 1169 τῆς

1088 1181 1142 1208 τῶν
1158 1181 1266 1215 ἀγαθῶν
1281 1181 1423 1215 μετουσίας
1433 1182 1635 1213 ἐκπεπτωκυία,
1652 1180 1877 1207 συνεκπέπτωκεν

1089 1227 1135 1253 καὶ
1148 1227 1195 1253 τοῦ
1206 1227 1277 1254 θείου
1294 1227 1471 1262 βουλήματος.
1499 1227 1548 1254 Διά
1559 1227 1637 1254 τοῦτο
1648 1227 1677 1253 ὲν
1691 1229 1723 1263 τῇ
1739 1229 1875 1263 προσευχῇ

1087 1273 1285 1308 διδασκόμεθα,
1307 1273 1393 1305 οὕτως
1413 1273 1491 1309 ἡμῶν
1511 1273 1557 1299 τοῦ
1579 1272 1664 1300 κακοῦ
1683 1273 1733 1308 τὴν
1747 1273 1818 1309 ζωὴν
1832 1274 1878 1300 ἐκ·

1088 1318 1272 1354 καθαρθῆναι,
1301 1318 1339 1351 ὡς
1366 1319 1425 1345 καθ’
1449 1319 1594 1354 ὁμοιότητα
1616 1319 1666 1353 τῆς
1686 1318 1811 1354 οὐρανίου
1833 1319 1874 1345 δι·

1087 1365 1214 1399 αγωγῆς,
1231 1365 1277 1391 καὶ
1299 1365 1328 1390 ὲν
1348 1366 1414 1399 ἡμῖν
1435 1364 1639 1400 ἀνεμποδίστως
1653 1364 1683 1390 τὸ
1702 1364 1806 1399 θέλημα
1830 1363 1876 1391 τοῦ

1087 1409 1154 1436 Θεοῦ
1179 1409 1402 1440 πολιτεύσασθαι,
1423 1409 1460 1441 ὡς
1472 1410 1504 1436 ἄν
1519 1419 1560 1439 τις
1574 1409 1648 1443 λέγοι
1662 1418 1668 1424 ·
1691 1409 1731 1436 ὃτι
1744 1409 1875 1444 Καθάπερ

1087 1456 1115 1482 ὲν
1142 1455 1246 1491 θρόνοις
1272 1455 1317 1482 καὶ
1342 1455 1455 1492 ἀρχαῖς,
1485 1456 1532 1483 καὶ
1548 1456 1696 1488 ἐξουσίαις,
1724 1455 1769 1481 καὶ
1785 1457 1877 1488 κυριό-

247 1503 309 1534 pote
324 1501 358 1527 ab
378 1499 452 1527 omni
471 1499 543 1526 malo
565 1507 643 1534 pura,
665 1507 712 1534 per
739 1499 838 1526 bonam
868 1500 1034 1526 voluntatem

1089 1509 1159 1535 τησι,
1179 1501 1225 1528 καὶ
1239 1501 1312 1537 πάσῃ
1329 1502 1361 1536 τῇ
1383 1501 1560 1536 ὑπερκοσμίῳ
1579 1501 1691 1535 δυνάμει
1710 1500 1813 1534 γίνεταί
1826 1509 1873 1528 σου

246 1543 294 1572 Dei
321 1551 450 1578 prospere
475 1543 600 1578 exigatur
623 1549 702 1579 atque
739 1548 857 1578 regatur.
887 1543 937 1572 Ubi
962 1545 1034 1572 enim

247 1589 347 1616 malum
360 1597 413 1616 non
428 1594 480 1622 est,
496 1589 596 1617 bonum
624 1597 735 1624 prorsus
751 1598 813 1618 esse
838 1598 950 1618 necesse
975 1596 1034 1618 est:

246 1641 339 1664 nostra
354 1640 444 1663 autem
460 1636 524 1668 vita,
538 1643 598 1663 cum
616 1636 808 1664 counnnuione
825 1640 851 1664 et
869 1645 920 1664 usu
951 1637 1036 1664 bono-

246 1690 306 1709 rum
321 1681 462 1714 exciderit.
475 1681 556 1708 simul
569 1681 649 1708 etiam
663 1681 764 1708 excidit
781 1682 872 1709 divina
885 1682 1034 1710 voluntate.

246 1727 351 1755 Idcirco
366 1735 413 1762 per
427 1727 578 1754 orationem
592 1727 734 1758 docemur,
760 1727 797 1753 ita
813 1735 828 1753 a
855 1727 925 1754 malo
955 1727 1034 1754 vitam

247 1777 368 1800 nostram
381 1781 543 1808 expurgare,
563 1777 592 1799 ut
620 1772 654 1800 ad
680 1773 888 1800 similitudinem
915 1773 1035 1801 ccclesiis

246 1820 309 1847 vitae
333 1819 462 1852 instituti,
478 1820 560 1846 etiam
577 1819 605 1846 in
620 1819 699 1846 nobis
711 1819 814 1853 absque
841 1819 895 1846 ullo
921 1819 1036 1854 impedi-

246 1871 338 1892 mento
353 1865 479 1892 voluntas
495 1864 541 1892 Dei
559 1868 729 1895 exerceatur,
754 1863 866 1899 perinde
881 1871 912 1891 ac
926 1865 948 1892 si
973 1864 1035 1899 quis

245 1909 332 1937 dicat:
349 1909 582 1942 Quemadmodum
600 1909 628 1936 in
657 1908 765 1935 tbronis
779 1913 806 1935 et
823 1909 1033 1944 principatibus‘

245 1959 272 1983 et
283 1955 475 1991 potestatibus,
498 1960 525 1982 et
536 1954 780 1985 dominationibus,
796 1958 822 1981 et
847 1955 921 1982 omni
937 1962 1034 1990 supra-

246 2000 384 2027 mundano
395 2001 515 2028 exercitu
532 2000 560 2027 [it
575 2000 700 2027 voluntas
712 2003 768 2033 tua,
783 2000 884 2026 malitia
901 2004 981 2035 atque
997 2001 1035 2028 vi-

246 2047 366 2074 tiositate
389 2054 523 2081 nusquam
538 2046 602 2073 boui
630 2046 765 2073 actionem
792 2046 974 2080 impediente:
994 2047 1033 2074 ita

1087 1547 1118 1573 τὸ
1151 1547 1266 1582 θέλημα,
1293 1546 1418 1582 μηδαμοῦ
1443 1547 1543 1578 κακίας
1567 1546 1804 1582 παραποδιζούσης
1827 1546 1875 1572 τοῦ

1088 1592 1191 1627 ἀγαθοῦ
1206 1593 1254 1627 τὴν
1273 1592 1411 1627 ἐνέργειαν
1422 1601 1428 1607 ⁸
1456 1592 1527 1619 οὕτω
1541 1592 1588 1619 καὶ
1608 1593 1637 1618 ὲν
1650 1594 1716 1627 ἡμῖν
1733 1592 1763 1619 τὸ
1774 1592 1875 1624 ἀγαθὸν

1088 1638 1253 1674 τελειωθείη.
1274 1639 1316 1666 ἵνα
1336 1639 1426 1674 πάσης
1450 1639 1550 1670 κακίας
1572 1638 1692 1664 ἐκποδὼν
1714 1639 1875 1674 γενομένης,

1088 1684 1133 1711 διὰ
1147 1685 1255 1712 πάντων
1301 1685 1331 1711 τὸ
1346 1684 1453 1720 θέλημά
1469 1693 1515 1711 σου
1528 1686 1588 1716 ταῖς
1604 1684 1702 1719 ψυχαῖς
1719 1684 1797 1719 ἡμῶν
1811 1693 1877 1712 κατ-

1088 1729 1274 1765 ευοδοὺμενον.
1312 1729 1381 1756 Ἀλλ’
1403 1730 1440 1761 ὡς
1463 1729 1708 1764 ἁνθυπενεγκόντος
1722 1729 1810 1761 τινός·
1823 1730 1877 1757 Καὶ

1091 1775 1147 1806 πῶς
1170 1776 1227 1802 ἐστι
1245 1775 1357 1810 δυνατὸν
1374 1776 1423 1811 τὴν
1441 1777 1469 1802 ὲν
1487 1777 1546 1808 ταῖς
1573 1776 1728 1812 ἀσωμάτοις
1745 1776 1876 1812 δυνάμεσι

1087 1821 1271 1857 καθαρότητα,
1287 1823 1342 1853 τοῖς
1358 1821 1400 1848 διὰ
1416 1821 1516 1857 σαρκὸς
1531 1821 1578 1857 τὴν
1593 1822 1663 1857 ζωὴν
1681 1822 1800 1857 είληχόσι
1815 1831 1877 1849 κατ-

1086 1867 1248 1902 ορθωθῆναι,
1270 1868 1298 1893 ὲν
1318 1868 1427 1903 μυρίαις
1444 1867 1566 1903 φροντίσι
1589 1867 1633 1894 διὰ
1652 1867 1701 1899 τὰς
1716 1868 1876 1903 σωματικὰς

1086 1913 1180 1948 χρείας
1190 1913 1240 1947 τῆς
1252 1913 1342 1948 ψυχῆς
1351 1913 1573 1948 ὲμδαθυνούσης;
1584 1913 1633 1940 Διά
1648 1913 1726 1940 τοῦτο
1735 1922 1779 1949 μοι
1790 1914 1875 1946 δοκεῖ,

1087 1955 1209 1991 καθάπερ
1224 1955 1294 1982 λύων
1305 1957 1353 1991 τὴν
1367 1956 1492 1992 τοιαύτην
1503 1958 1668 1993 ἀμηχανίαν,
1680 1957 1718 1993 τῷ
1729 1958 1792 1992 ἑξῆς
1802 1957 1876 1993 λόγῳ

1085 2002 1115 2028 τὸ
1138 2002 1231 2029 δοκοῦν
1248 2002 1376 2038 δυσχερὲς
1401 2003 1468 2040 πρὸς
1492 2004 1541 2039 τὴν
1559 2004 1741 2040 προκειμένην
1757 2003 1875 2039 σπουδὴν

1087 2048 1246 2075 ὐπεκλῦσαι.
1530 2046 1533 2049 ’
1770 2049 1774 2051 “

246 2093 348 2121 bonum
358 2094 439 2120 etiam
456 2093 482 2120 in
497 2094 575 2120 nobis
594 2093 753 2128 perﬁciatur
766 2098 792 2120 et
817 2085 986 2126 absolvatur,
1021 2099 1052 2121 ut
1070 2101 1085 2122 e
1097 2095 1186 2122 medio
1202 2095 1309 2122 sublata
1325 2095 1400 2122 omni
1428 2095 1532 2122 malitia
1557 2101 1639 2131 atque
1669 2096 1802 2131 nequitia,
1827 2103 1875 2123 vo-

246 2141 336 2168 luntas
351 2144 395 2168 tua
408 2141 435 2168 in
450 2140 549 2167 animis
577 2140 679 2167 nostris
710 2147 757 2174 per
781 2140 875 2167 omnia
903 2148 1032 2175 prospere
1053 2141 1193 2168 succedat.
1210 2141 1263 2168 Sed
1278 2142 1357 2176 quasi
1370 2141 1471 2176 aliquis
1491 2150 1525 2169 ex
1559 2142 1674 2169 adverso
1702 2141 1875 2176 subjicienda

245 2192 326 2223 atque
352 2186 513 2222 opponendo
532 2185 663 2213 dixisset:
691 2185 724 2212 Et
743 2185 788 2220 qui
812 2185 883 2212 (irrit
909 2190 999 2220 potest
1024 2191 1054 2213 ut
1075 2186 1111 2213 illi
1130 2186 1230 2221 quibus
1257 2194 1288 2213 ea
1312 2194 1371 2214 sors
1386 2187 1492 2222 obtigit,
1522 2192 1550 2213 ut
1577 2187 1661 2213 vitam
1689 2194 1736 2221 per
1764 2193 1874 2213 carnem

244 2236 370 2271 exigant,
395 2241 455 2261 eam
478 2240 538 2268 qua:
561 2232 589 2260 in
610 2232 778 2268 incorporcis
802 2232 950 2260 virtutibus
977 2237 1019 2260 est
1047 2233 1194 2268 puritatem
1217 2238 1409 2268 assequuntur,
1427 2234 1508 2264 'cu'n,
1536 2237 1646 2268 propter
1673 2233 1798 2268 corporis
1827 2225 1874 2259 ne-

244 2281 380 2310 ccssarios
395 2287 462 2308 usus
481 2279 571 2306 anima
586 2278 738 2306 innumeris
753 2279 827 2306 curis
861 2279 986 2306 demersa
1021 2279 1080 2307 sit?
1098 2279 1201 2306 Idi-into
1215 2280 1280 2306 mihi
1297 2279 1402 2306 videtur
1427 2284 1556 2315 tanquam
1572 2279 1724 2307 discutiens
1738 2279 1873 2314 ejusmodi

244 2327 460 2363 perplexitatem,
474 2324 499 2352 id
515 2324 585 2360 quod
599 2323 633 2351 ad
648 2324 816 2359 propositum
830 2323 949 2352 studium
964 2324 1073 2352 dillicile
1085 2325 1236 2357 videbatur,
1253 2325 1376 2360 sequenti
1389 2325 1512 2351 oratione
1527 2325 1695 2352 dissolvissc.

279 2372 388 2399 Certam
400 2371 472 2398 enim
489 2370 668 2404 stabilemque
683 2370 845 2397 sententiam
861 2369 960 2405 opinor
972 2378 1033 2397 eum

1122 2371 1214 2406 Δόγμα
1225 2371 1279 2406 γὰρ
1293 2369 1368 2406 οἶμαι
1379 2370 1423 2397 διὰ
1434 2370 1535 2397 τούτων
1545 2370 1599 2397 τῶν
1608 2370 1694 2405 λόγων
1705 2371 1771 2405 ἡμῖν
1782 2370 1875 2397 ὑποτί-

244 2419 324 2446 nobis
345 2425 394 2453 per
411 2417 468 2445 haec
483 2417 565 2444 verba
588 2416 706 2449 tradere,
724 2416 824 2451 quibus
845 2416 1033 2452 quotidianum

245 2472 342 2500 panem
361 2468 453 2499 petere
468 2471 519 2491 nos
533 2462 630 2498 jubet:
646 2463 717 2498 quod
741 2463 871 2490 nimirum
892 2461 1034 2498 frugalitas

244 2513 271 2537 et
294 2508 482 2540 mediocritas,
509 2511 641 2543 quantum
660 2508 757 2534 attinet
775 2507 808 2534 ad
827 2507 962 2534 rationem
986 2513 1034 2532 va—

243 2554 356 2583 cuitatis
378 2551 524 2581 atiectuum
550 2558 576 2580 et
596 2554 734 2585 vitiorum,
757 2553 924 2588 obsequetur
947 2552 971 2580 ei
998 2551 1035 2578 fa-

243 2599 338 2628 cultati
359 2599 403 2626 cui
427 2603 525 2626 natura
548 2599 614 2626 nihil
640 2599 726 2626 deest.
747 2598 807 2625 Non
827 2598 901 2625 enim
919 2597 1032 2632 angelus

243 2647 273 2675 in
297 2646 477 2674 orationibus
494 2653 508 2672 a
535 2645 589 2672 Deo
609 2645 674 2680 petit
699 2645 750 2672 sibi
779 2637 874 2679 panem
896 2645 1032 2672 submini-

244 2693 337 2724 strari,
350 2692 479 2728 quoniam
495 2691 625 2726 praeditus
639 2695 680 2718 est
701 2695 797 2718 natura
819 2697 879 2725 qua:
900 2690 969 2717 nihil
987 2698 1033 2718 ea-

243 2746 305 2766 rum
323 2746 414 2766 rerum
429 2737 545 2772 amplius
561 2745 631 2772 opus
647 2737 756 2770 habeat,
780 2737 826 2764 sed
844 2737 925 2764 homo
941 2740 1032 2772 petere

241 2783 364 2819 jubetur,
387 2787 532 2818 propterea
559 2783 632 2818 quod
662 2782 689 2810 id
718 2783 791 2818 quod
821 2786 972 2810 evacuatur
998 2790 1031 2810 eo

245 2829 318 2863 quod
340 2829 442 2866 repleat
459 2828 571 2858 omnino
590 2835 660 2867 opus
680 2828 797 2863 habeat;
813 2836 878 2856 nam
899 2828 970 2856 ﬂuxa
989 2831 1031 2856 at-

1084 2416 1187 2448 θεσθαι,
1198 2418 1225 2443 ἐν
1233 2417 1269 2452 τῷ
1279 2417 1323 2443 τὸν
1332 2418 1468 2452 ἐφήμερον
1480 2417 1561 2452 ἄρτον
1570 2417 1654 2443 αἰτεῖν
1664 2416 1822 2451 προστάξαι,
1833 2417 1874 2443 ὅτι

1083 2461 1121 2496 τῷ
1133 2461 1250 2488 ἀνενδεεῖ
1263 2462 1333 2489 κατὰ
1345 2462 1393 2496 τὴν
1405 2462 1495 2495 φύσιν,
1510 2461 1541 2488 τὸ
1556 2461 1700 2496 ὀλιγαρκὲς
1713 2469 1741 2487 τε
1760 2461 1807 2487 καὶ
1824 2460 1874 2496 μέ·

1083 2516 1156 2542 τριον
1176 2507 1247 2534 κατὰ
1259 2508 1305 2534 τὸν
1319 2508 1368 2542 τῆς
1382 2501 1515 2539 ἁπᾶθείας
1528 2507 1606 2541 λόγον
1620 2505 1814 2539 ωνεξισοῦται.
1835 2507 1873 2534 Οὐ

1083 2553 1137 2589 γὰρ
1148 2555 1218 2580 αἰτεῖ
1231 2553 1275 2580 τὸν
1290 2553 1355 2580 Θεὸν
1375 2555 1403 2580 ὲν
1418 2554 1479 2586 ταῖς
1495 2555 1657 2589 προσευχαῖς
1673 2554 1687 2580 ὁ
1700 2553 1815 2587 ἄγγελος
1824 2553 1876 2589 τὴν

1085 2599 1215 2635 χορηγίαν
1226 2599 1271 2626 τοῦ
1286 2599 1377 2634 ἄρτου,
1398 2599 1438 2626 ὅτι
1455 2599 1590 2636 ἀπροσδεῆ
1605 2599 1735 2635 κέκτηται
1750 2599 1804 2625 τῶν
1819 2608 1876 2626 τοι·

1085 2644 1170 2671 ούτων
1183 2643 1231 2680 τὴν
1248 2643 1329 2678 φύσιν
1338 2652 1345 2659 ⁶
1367 2645 1452 2671 αἰτεῖν
1466 2645 1493 2671 δὲ
1505 2643 1675 2680 προσετάχθη
1692 2645 1706 2670 ὁ
1717 2643 1874 2680 ἄνθρωπος,

1085 2690 1150 2717 διότι
1165 2690 1195 2716 τὸ
1215 2690 1376 2726 κενούμενον
1391 2691 1495 2723 ὲπιδεὲς
1513 2690 1559 2718 τοῦ
1576 2690 1795 2727 ἀναπληροῦντας
1809 2690 1877 2717 πάνυ

1084 2744 1137 2768 τως
1152 2735 1218 2762 ἐστί.
1243 2735 1360 2770 Ῥοώδης
1379 2735 1407 2762 δὲ
1427 2736 1473 2762 καὶ
1490 2735 1624 2772 παροδικὴ
1638 2735 1687 2771 τῆς
1702 2735 1877 2771 ἀνθρωπίνης

1085 2779 1158 2815 ζωῆς
1168 2781 1241 2807 ἐστιν
1252 2782 1268 2816 ἡ
1283 2781 1422 2812 σύστασις,
1432 2781 1491 2807 ἀντὶ
1503 2780 1549 2807 τοῦ
1561 2781 1752 2816 ἐκποιηθὲντος
1765 2780 1796 2807 τὸ
1811 2781 1878 2807 ἀνα-

1085 2827 1179 2859 νεάζον
1194 2827 1369 2863 ἐπιζητοῦσα.
1389 2827 1417 2854 '0
1432 2825 1478 2855 οὖν
1496 2828 1564 2863 πρὸς
1576 2828 1624 2863 τὴν
1636 2827 1686 2863 τῆς
1703 2827 1811 2863 φύσεως
1828 2828 1879 2854 ὑπο
