1978 3068
111 166 178 195 ηοο

595 173 637 200 DE
653 173 828 202 ORATIONE
848 175 1020 205 DOMINICA.
1043 194 1076 198 —
1089 177 1217 208 ῡιιΑΉο
1237 181 1279 208 ιν.

1657 187 1727 215 H70

108 226 222 260 ηρεσίαν
242 226 356 261 βλέπων,
383 228 430 255 καὶ
447 230 528 264 μηδὲν
552 231 604 263 ἔξω
621 232 668 258 τοῦ
685 233 832 267 ἀναγκαίου
846 234 871 261 8:

925 243 995 270 ,qne
1016 237 1172 265 transitoria
1189 239 1251 266 vitae
1274 239 1398 267 humanm
1415 240 1533 269 conditio
1554 246 1605 275 est,
1623 250 1672 277 pro
1691 251 1724 271 eo

108 271 160 298 τῶν
179 272 301 306 ματαίων
314 275 459 309 φροντίδων
482 277 685 312 ἐπισυρόμενος,
707 279 737 306 οὐ
761 280 826 307 πολὺ
840 282 889 317 τῆς

106 317 254 354 ἁγγελικῆς
265 320 400 351 πολιτείας
408 322 634 359 ἐλαττωθήσεται,
649 325 679 352 τὸ
692 326 811 359 ἀνενδεὲς
820 328 890 354 ἐκεί-

107 371 157 389 νων
175 364 235 390 καθ’
250 365 344 393 ἑαυτὸν
355 368 386 402 τῇ
402 367 544 404 ὀλιγαρχίᾳ
556 370 730 406 μιμούμενος.
748 372 797 398 Διὰ
811 373 890 400 τοῦτο

106 407 195 443 ζητεῖν
211 411 434 447 προσετάχοημεν
455 414 486 440 τὸ
501 415 567 450 πρὶς
591 417 638 450 τὴν
664 419 827 453 συντήρησιν
846 419 889 451 ἐξ·

103 455 204 489 αρκοῦν
216 457 264 491 τῆς
277 459 434 493 σωματικῆς
454 460 560 492 οὐσίας’
593 463 646 488 Τὸν
660 462 751 496 ἄρτον
769 464 832 497 δὸς,
849 465 888 500 τῷ

103 499 161 534 Θεῷ
174 500 308 535 λέγοντες,
326 504 356 530 οὐ
373 505 477 541 τρυφὴν
492 506 550 532 οὐδὲ
565 507 687 540 πλοῦτον,
703 509 751 535 οὒκ
766 509 886 543 εὐανθεῖς

101 545 270 582 ἁλουργίδας,
288 550 318 576 οὐ
341 551 385 577 τὸν
399 553 431 578 ἐκ
447 553 558 588 χρυσίου
576 555 691 589 κόσμον,
712 556 742 582 οὐ
759 556 808 588 τὰς
833 558 886 585 τῶν

101 591 181 639 λίθων
198 594 293 628 αὐγὰς,
309 596 338 622 οὗ
351 597 385 623 τὰ
396 596 425 630 ἐξ
440 599 569 634 ἀργυρίου
584 601 678 636 σκεύη,
694 602 722 627 οὐ
742 602 792 637 γῆς
808 611 885 639 περι-

100 638 202 669 ουσίαν,
224 641 254 666 οὐ
271 643 456 677 στρατοπέδων
483 645 580 680 ἀρχὴν,
605 646 635 672 οὐ
651 647 776 682 πολέμων
790 656 819 674 τε
839 638 884 675 θεαὶ

100 682 183 710 ἐθνῶν
207 686 362 720 ἡγεμονίαν,
390 689 438 724 οὐχ
462 689 552 717 ἵππων
580 700 608 717 τε
628 693 673 719 καὶ
689 692 757 728 βοῶν
773 694 881 728 ἀγέλας,

99 728 144 754 καὶ
159 729 212 756 τῶν
220 731 306 758 ἄλλων
318 732 499 768 βοσκημάτων
512 737 600 772 πλήθη
613 737 706 769 πολλὰ,
720 739 768 765 οὐκ
785 740 882 776 ἀνδρα-

99 775 184 802 πόδων
203 779 377 812 περιουσίαν,
394 782 423 806 οὐ
442 781 490 816 τὴν
511 783 538 808 ἐν
555 783 668 818 ἀγοραῖς
692 785 879 820 περιφάνειαν,

97 821 126 847 οὐ
145 822 254 858 στήλας,
271 824 321 851 οὐκ
335 825 450 859 εἰκόνας,
469 828 498 853 οὑ
515 829 549 855 τὰ
567 830 599 855 ὲκ
614 829 703 865 σηρῶν
722 832 880 867 ὑφάσματα,

95 867 125 892 οὺ
136 867 175 910 ’τὰ
187 869 219 895 ἑκ
231 871 362 905 μουσικῆς
373 872 543 908 ἀκροάματα,
553 874 613 901 οὐδέ
626 883 651 900 τι
661 876 779 903 τοιοῦτον
792 877 879 910 οὐδὲν,

941 282 1014 316 quod
1031 288 1221 319 consumptum
1240 289 1266 312 et
1285 290 1423 313 excretum
1444 291 1494 317 cst,
1510 287 1534 314 id
1553 288 1624 324 quod
1641 297 1721 316 reno-

940 332 983 354 vet
1005 329 1156 363 requirens.
1181 330 1233 363 Qui
1257 330 1339 366 igitur
1357 332 1389 358 ad
1411 336 1516 359 naturae
1539 333 1721 362 ministerium

940 373 1058 407 respicit,
1078 379 1103 401 ct
1119 375 1185 402 nihil
1204 381 1381 411 prcctcrquam
1397 378 1468 412 quod
1489 387 1601 407 necesse
1616 384 1658 407 est
1676 388 1723 415 per

939 427 1023 446 vanas
1041 428 1121 448 curas
1137 422 1273 450 desiderat
1288 429 1369 457 atque
1387 425 1511 459 requirit,
1532 433 1586 453 non
1607 427 1720 453 multum

939 464 1008 492 infra
1036 467 1118 493 vitam
1141 468 1290 503 angelicam
1316 470 1378 501 erit,
1406 470 1469 497 dum
1492 478 1540 497 sua
1566 471 1721 506 frugalitate

938 511 1045 538 illorum
1064 512 1169 547 copiam
1191 514 1265 541 nulla
1291 523 1320 542 re
1334 516 1450 550 amplius
1474 517 1610 551 egentium
1633 517 1721 544 itaita-

937 560 990 583 tur.
1011 555 1114 585 Idcirco
1135 566 1257 593 qiizerere
1269 559 1397 594 jubcniur
1415 561 1440 587 id
1457 561 1529 596 quod
1548 561 1616 589 satis
1635 561 1671 589 sit
1685 561 1720 589 ad

936 607 1060 630 naturam
1086 605 1210 639 corporis
1235 606 1459 633 causervandam.
1488 606 1587 634 Panem
1606 607 1658 640 da,
1685 607 1718 634 ad

935 645 1018 674 Deum
1043 648 1177 681 dicentes,
1203 657 1258 676 non
1282 650 1385 682 luxum,
1411 659 1464 677 non
1493 651 1606 679 delicias
1631 658 1719 685 neque

934 692 1053 726 divitias,
1073 701 1126 720 non
1149 693 1258 721 floridas
1271 699 1360 722 vestes
1383 703 1544 731 purpureas,
1567 703 1619 723 non
1635 703 1718 723 orna-

934 743 1024 765 menta
1042 747 1136 771 aurea,
1156 747 1209 766 non
1231 740 1349 774 lapidum
1367 741 1499 775 fulgores,
1517 749 1570 768 non
1588 748 1652 768 vasa
1672 748 1716 767 ar-

933 788 1041 818 genlea,
1061 792 1113 812 non
1135 786 1192 820 agri
1210 786 1315 821 copiam
1337 794 1368 813 ac
1390 786 1571 819 latitudinem,
1592 794 1646 814 non
1664 786 1716 818 ini-

933 830 1036 864 perium
1051 831 1230 863 exercituum,
1247 839 1301 858 non
1322 831 1455 859 bellorum
1471 837 1498 860 et
1514 833 1635 867 gentium
1648 839 1715 866 prie-

933 875 1060 908 fecturas,
1075 885 1135 903 non.
1147 885 1278 912 equorum
1301 885 1405 913 greges,
1423 886 1477 905 non
1496 879 1576 906 boum
1592 881 1714 905 armenta

95 910 127 937 δι’
138 908 175 938 ὧν
190 913 321 960 ἀφέληται
339 917 354 951 ή
372 916 444 952 ψυχὴ
460 918 510 953 τῆς
526 918 600 951 θείας
614 929 642 947 τε
659 921 705 948 καὶ
717 924 873 959 προτιμοτέ-

932 922 1154 958 reliquorumque
1184 931 1312 958 pecorum
1338 932 1463 960 magnam
1494 924 1712 956 multitudinem,

95 964 144 1005 pa;
158 959 295 1005 φροντίδος
304 980 311 993 ,
331 961 399 989 ἀλλὰ
411 963 456 989 τὸν
471 964 561 999 ἄρτον.
583 965 663 1002 Ὁρᾷς
675 967 704 993 τὸ
718 968 817 1000 πλάτος
829 970 878 1005 τῆς

95 1001 251 1051 φιλοσοφίας
265 1013 272 1037 ;
319 1005 368 1033 ὅσα
388 1007 509 1044 δόγματα
524 1012 556 1046 τῇ
571 1001 686 1048 βραχείᾳ.
698 1013 785 1050 ταύτῃ
801 1001 876 1051 φωνῇ

93 1048 282 1083 περιείληπται
295 1058 302 1082 ;
317 1054 456 1088 μονονουχὶ
468 1055 589 1090 φανερῶς
599 1057 685 1092 ὲνμῆοᾷ
693 1057 735 1084 διὰ
743 1048 788 1085 τοδ
798 1048 876 1093 λόγοῦ

92 1094 147 1124 τοῖς
164 1094 305 1121 ἐπαΐουσιν
315 1105 321 1111 '
341 1097 382 1123 ὅτι
405 1099 591 1131 Παύσασθε,οἰ
607 1094 752 1138 ἄνθρωποι,
765 1105 828 1138 περὶ
843 1105 876 1132 τὰ

94 1138 195 1172 μάταια
215 1142 274 1172 ταῖς
287 1142 445 1178 ἐπιθυμίαις
461 1144 643 1180 διαχεόμενον
669 1148 807 1176 παύσασθε
828 1150 876 1183 τὰς

90 1184 144 1210 τῶν
160 1185 247 1211 πόνων
262 1187 388 1223 ἀφορμὰς
403 1189 463 1216 καθ’
481 1190 556 1225 ὑμῶν
573 1192 662 1219 αὐτῶν
673 1193 877 1229 πλεονάζοντες,

54 1228 59 1233 ”
92 1230 189 1265 μικρόν
203 1232 259 1257 ἐστί
269 1241 310 1258 σοι
320 1233 350 1260 τὸ
359 1233 409 1268 τῆς
424 1235 530 1270 φύσεως
540 1236 649 1273 δφλημα
659 1247 665 1254 ·
677 1240 779 1275 τροφὴν
790 1228 876 1276 χρεωέ

91 1277 163 1306 στεῖς
176 1277 214 1312 τῷ
230 1279 335 1315 σαρχίῳ
352 1289 409 1314 σου,
427 1283 543 1318 πρᾶγμα
557 1283 666 1319 μέτριόν
682 1295 712 1312 τε
736 1289 782 1314 καὶ
794 1288 876 1315 εὐπό-

91 1329 190 1356 ριστον,
208 1324 231 1349 εί
243 1323 310 1358 πρὸς
326 1325 375 1361 τὴν
392 1327 485 1361 χρείαν
505 1327 622 1362 βλέπεις.
637 1329 685 1356 Διὰ
697 1331 723 1357 τί
738 1331 874 1360 πολυπλα-

90 1367 191 1400 σιάζεις
200 1369 270 1396 κατὰ
283 1371 394 1397 σεαυτοῦ
402 1373 464 1404 τοὺς
475 1373 573 1408 φόρους
581 1383 588 1407 ;
597 1375 683 1411 Ὑπὲρ
693 1377 767 1409 τίνος
781 1379 874 1405 τοσού-

87 1422 142 1444 τοις
164 1415 302 1452 ὀφλήμασι
322 1418 432 1444 σεαυτὸν
456 1419 545 1455 φέρων
567 1421 733 1456 ὑπέζευξας;
755 1424 873 1460 ἄργυρον

88 1460 268 1495 μεταλλεύων,
278 1463 325 1489 καὶ
335 1464 434 1499 χρυσὸν
448 1465 580 1501 ὀρύσσων,
595 1468 640 1494 καὶ
654 1469 703 1504 τὴν
717 1469 869 1505 διαφαίνου-

87 1515 137 1533 σαν
153 1506 218 1543 ῠλην
234 1508 391 1544 avni-ricam;
423 1510 466 1543 Ὠς
480 1511 512 1538 ἄν
528 1521 568 1539 σοι
588 1514 631 1541 διὰ
646 1514 701 1541 τῶν
717 1516 844 1543 τοιούτων
857 1519 871 1544 ό

930 977 982 996 non
1007 971 1202 1005 mancipiorum
1217 972 1333 1006 copiam,
1355 980 1407 998 non
1428 971 1617 998 claritudinem
1633 975 1714 1005 atque

928 1016 1101 1050 splendorem
1130 1017 1156 1043 in
1183 1017 1252 1047 foro.
1277 1025 1330 1044 non
1349 1019 1501 1050 columnas,
1521 1025 1574 1045 non
1596 1020 1711 1048 statuas,

929 1067 982 1086 non
996 1068 1101 1094 pannos
1120 1062 1232 1094 sericos,
1252 1070 1305 1089 non
1323 1063 1426 1089 musica
1443 1066 1607 1096 acroamata,
1626 1069 1712 1096 neque

928 1106 1077 1140 quidquam
1093 1107 1157 1140 tale,
1178 1115 1226 1142 per
1239 1115 1298 1142 qua:
1313 1108 1401 1134 anima
1416 1116 1431 1134 a
1448 1107 1543 1135 divina
1562 1115 1593 1134 ac
1613 1107 1710 1142 potiori

927 1158 992 1177 cura
1011 1151 1190 1184 abstrahitur,
1213 1152 1260 1180 sed
1275 1160 1381 1188 panem.
1402 1153 1481 1180 Vides
1497 1153 1668 1180 latitudinem
1684 1157 1711 1181 et.

927 1197 1078 1224 ubertatem
1103 1198 1301 1233 philosophia?
1321 1202 1388 1233 quot
1405 1199 1547 1225 sentcntiae
1564 1198 1638 1226 brevi
1659 1198 1710 1225 hac

926 1252 992 1272 voce
1019 1243 1303 1278 comprehendantur?
1332 1249 1435 1271 tantum
1461 1251 1514 1271 non
1543 1248 1635 1279 aperte
1662 1252 1710 1279 per

926 1289 997 1316 hanc
1024 1290 1175 1316 orationem
1196 1289 1297 1316 clamat
1317 1289 1552 1325 inteiligentibus:
1575 1289 1707 1322 Desinite,

925 1345 941 1364 ο
960 1335 1094 1367 homines,
1110 1336 1181 1363 circa
1200 1344 1244 1364 res
1263 1344 1348 1364 vanas
1374 1337 1570 1372 cupiditatibus
1593 1336 1707 1364 diffundi

924 1389 957 1409 ac
971 1381 1095 1410 distineri
1114 1390 1120 1409 :
1137 1381 1255 1409 desinite
1282 1382 1403 1409 laborum
1427 1382 1560 1410 adversus
1588 1386 1708 1409 vosmet-

923 1430 998 1465 ipsos
1023 1436 1122 1456 causas
1145 1432 1173 1456 et
1206 1429 1334 1456 materias
1359 1429 1548 1461 accumulare,
1580 1429 1707 1464 exiguum

922 1478 975 1506 est,
993 1475 1065 1509 quod
1095 1478 1199 1502 naturae
1220 1474 1314 1508 debes,
1336 1474 1427 1502 cibum
1451 1475 1533 1502 debes
1549 1475 1705 1502 caruncula:

922 1525 986 1553 tum,
1007 1529 1063 1548 rem
1077 1528 1103 1548 ei
1124 1522 1256 1548 modicam
1272 1526 1299 1549 et
1321 1526 1418 1556 paratu
1442 1521 1559 1554 facilem,
1583 1522 1606 1549 si
1625 1529 1703 1548 usum

85 1552 210 1605 Superi];
230 1551 305 1586 οὗτος
319 1556 463 1591 φορολόγος
481 1559 497 1592 ἡ
513 1559 618 1594 γαστὴρ
636 1561 748 1597 τρυφῴη
758 1570 764 1577 '
793 1559 826 1597 ἦς
840 1563 870 1589 τὸ

925 1571 949 1595 ct
963 1567 1151 1594 necessitatem
1171 1567 1303 1599 intueris;
1321 1575 1371 1594 cur
1384 1567 1515 1594 adversus
1531 1567 1705 1601 temetipsum

85 1598 163 1632 χρέος
174 1599 254 1634 ἄρτος
267 1600 351 1633 ἐστὶν,
363 1602 377 1627 ὸ
390 1602 552 1639 ἀναπληρῶν
560 1605 590 1630 τὸ
599 1605 687 1633 ἐνδέον
699 1606 737 1641 τῷ
752 1607 868 1642 σώματι.

86 1643 121 1669 Σὺ
135 1643 162 1669 δὲ
177 1645 215 1677 εἰς
238 1644 333 1677 Ἰνδοὺς
355 1647 511 1683 ὲμπορεύῃ,
533 1650 580 1675 καὶ
606 1650 759 1687 βαρὸαρικῇ
781 1661 869 1688 παρα-

85 1689 247 1722 κινδυνεύεις
262 1690 393 1727 θαλάσσῃ,
408 1694 455 1718 καὶ
469 1694 610 1726 ἐνιαυσίοις
626 1696 772 1728 ναυτιλίαις
791 1705 871 1723 σεαυ-

83 1734 130 1761 τὸν
139 1734 226 1767 δίδως,
237 1736 279 1762 ἶνα
289 1738 344 1768 τοῖς
354 1738 457 1765 ἐκεῖθεν
470 1739 619 1774 ἁγωγίμοις
632 1741 680 1776 τὴν
693 1743 797 1778 τροφὴν
806 1743 870 1778 ἠδύ-

83 1789 142 1815 νῃς,
157 1781 188 1807 οὐ
205 1782 313 1808 σκοπῶν
323 1783 363 1809 ὃτι
373 1783 453 1818 μέχρι
462 1784 510 1819 τῆς
519 1785 645 1821 ὑπερῴας
655 1787 671 1821 ἡ
683 1787 736 1813 τῶν
749 1789 870 1823 ἡδυσμά-

82 1835 138 1853 των
153 1827 278 1862 αἴσθησις
296 1828 341 1854 τὸν
355 1829 416 1863 ὅρον
427 1829 491 1864 ἔχει.
505 1829 640 1863 Ὡσαύτως
653 1832 681 1858 δὲ
695 1833 726 1859 τὸ
742 1834 867 1868 εὐφανὲς,

82 1872 113 1898 τὸ
129 1872 253 1905 εὔπνουν,
280 1874 310 1900 τὸ
324 1873 470 1909 εὔστομον,
492 1876 635 1912 ὡκύμορὸν
657 1886 718 1905 τινα
741 1880 788 1906 καὶ
801 1881 868 1907 ἀκα-

84 1919 174 1954 ριαίαν
186 1920 333 1954 παρέχεται
348 1922 380 1956 τῇ
394 1921 516 1957 αἰσθήσει
529 1923 577 1958 τὴν
593 1923 689 1959 χάρινο
706 1925 760 1952 ἀπὺ
774 1926 802 1952 δὲ
819 1927 867 1961 τῆς

83 1964 210 2000 ὑπερῴας
230 1965 383 2001 ἀδιάκριτος
406 1966 460 1993 τῶν
475 1968 682 2004 ἐμϐαλλομένων
704 1972 720 2006 ὴ
741 1971 866 2007 διαφορὰ,

80 2010 221 2045 ὁμοτίμως
235 2010 269 2037 τὰ
292 2011 378 2038 πάντα
390 2012 439 2046 τῆς
457 2013 562 2047 φύσεως
581 2014 649 2049 πρὸς
669 2015 800 2043 δυσωδίαν
820 2017 867 2044 ἁλ-

81 2057 215 2093 λοιούσης.
243 2058 324 2093 Ὁρᾷς
338 2058 369 2084 τὸ
383 2055 473 2099 πέρας
487 2059 535 2094 τῆς
550 2059 708 2094 ὀψοποιῖαςς
732 2062 813 2098 Ὁρᾷς
837 2062 867 2089 τὸ

81 2102 255 2137 ἀποτέλεσμα
267 2103 316 2137 τῆς
327 2103 508 2139 ὀψαρτυτικῆς
520 2105 686 2139 μαγγανείας
698 2115 705 2138 ;
719 2107 770 2133 Τὸν
786 2107 866 2143 ἄρτον

80 2148 151 2174 αῐτει
171 2147 215 2174 διὰ
233 2148 282 2184 τὴν
295 2150 345 2184 τῆς
356 2148 427 2184 ζωῆς
448 2150 550 2184 χρείαν,
568 2151 663 2177 τούτου
679 2161 708 2178 σε
723 2153 864 2188 ὀφειλέτην

79 2193 207 2229 ἐποίησεν
221 2195 237 2230 ὴ
254 2194 332 2228 φύσις
348 2194 386 2230 τῷ
398 2194 510 2230 σώματι.
532 2195 572 2222 Τὰ
588 2196 610 2222 δ’
627 2197 676 2224 ὅσα
694 2199 864 2234 παρεύρηται

79 2241 139 2272 ταῖς
156 2240 210 2266 τῶν
231 2239 395 2276 τρυφώντων
409 2241 550 2274 ἐπινοίαις,
569 2243 655 2270 ταῦτα
669 2245 721 2271 τῶν
738 2244 865 2277 ζιζανίων

79 2286 139 2312 ἐστὶ
148 2287 337 2322 παρασπορᾶς.
357 2287 496 2323 ὐισπὸρος
512 2288 561 2314 τοῦ
567 2289 754 2317 οἰκοδεσπότου
768 2292 782 2318 6
793 2292 864 2323 σῖτος

78 2333 165 2365 ἐστὶν,
182 2333 213 2358 ὲκ
226 2333 254 2359 δὲ
271 2333 317 2359 τοῦ
334 2333 405 2360 σίτου
425 2335 438 2361 ό
452 2334 531 2368 ἄρτος
552 2335 655 2369 γίνεται
669 2344 675 2350 “
703 2337 719 2372 ἡ
733 2337 762 2363 δὲ
775 2339 864 2374 τρυφὴ

76 2376 108 2403 τὸ
125 2376 241 2408 ζιζάνιον
253 2377 267 2403 ὃ
284 2378 445 2414 παρεσπάρη
464 2380 538 2414 παρὰ
554 2379 600 2406 τοῦ
618 2380 714 2416 ἐχθροῦ
731 2381 769 2416 τῷ
786 2383 861 2418 σίτῳ.

84 2423 156 2449 Ἀλλ’
171 2423 286 2457 ἀφέντες
304 2424 330 2450 οἱ
349 2424 486 2459 ἅνθρωποι
505 2425 547 2452 διὰ
567 2426 620 2452 τῶν
637 2427 792 2462 ἀναγκαίων
807 2429 862 2456 λει-

75 2469 202 2503 τουργεῖν
216 2470 248 2504 τῇ
267 2468 358 2503 φύσει,
372 2469 455 2502 ὅντως
475 2471 680 2507 συμπνίγονται,
696 2473 787 2506 καθώς
797 2475 863 2511 φησί

77 2522 130 2540 που
147 2514 162 2540 ὸ
174 2514 270 2549 Λόγος,
281 2516 339 2546 ταῖς
351 2516 415 2551 περὶ
429 2516 462 2542 τὰ
474 2517 574 2551 μάταια
588 2518 724 2551 σπουδαῖς,
739 2520 786 2546 καὶ
801 2521 863 2547 ἁτες

77 2558 238 2594 λεσφόρητοι
264 2559 382 2594 μένουσι,
402 2561 469 2596 πρὸς
486 2562 570 2589 ταῦτα
590 2563 639 2598 τῆς
662 2564 750 2602 ψυχῆς
764 2566 862 2602 ἑαυτὴν

77 2606 118 2636 εἰς
134 2605 163 2631 τὺ
173 2605 298 2640 ’διηνεκὲς
315 2606 491 2641 ἀσχολούσης.

923 1612 1087 1647 niultiplicas
1110 1612 1229 1639 tributa?
1254 1612 1339 1647 Cujus
1363 1612 1402 1640 rei
1427 1613 1513 1647 gratia
1540 1615 1580 1639 tot
1605 1612 1704 1640 debitis

922 1657 1038 1692 teipsutn
1061 1657 1210 1692 obligatum
1234 1662 1316 1692 atque
1332 1658 1486 1692 subjectum
1508 1659 1543 1689 is,
1560 1662 1704 1693 argentum

921 1707 1058 1733 scrutans,
1082 1710 1178 1729 aurum
1204 1702 1317 1735 fodiens,
1345 1708 1371 1730 et
1395 1703 1541 1738 fulgentem
1561 1704 1703 1731 materiam

921 1748 1082 1782 requirens?
1102 1753 1129 1774 ut
1146 1747 1194 1774 tibi
1214 1756 1262 1782 per
1277 1748 1410 1782 ejusmodi
1432 1757 1476 1776 res
1496 1754 1643 1784 perpetuus
1660 1749 1704 1777 hic

921 1794 1084 1821 tributorum
1098 1797 1218 1826 exactor,
1237 1799 1329 1821 venter
1348 1794 1410 1821 luxu
1428 1798 1509 1828 atque
1528 1794 1633 1821 deliciis
1648 1795 1702 1821 dif-

919 1839 998 1871 fluat,
1017 1839 1061 1866 cui
1089 1839 1177 1874 panis,
1197 1839 1242 1874 qui
1266 1839 1291 1866 id
1319 1839 1391 1874 quod
1411 1839 1487 1866 deest
1504 1840 1612 1874 corpori
1631 1847 1703 1874 sup—

919 1887 1001 1921 pleat,
1020 1886 1145 1913 debetur.
1163 1885 1203 1912 Tu
1222 1893 1287 1912 vero
1304 1885 1337 1912 ad
1353 1885 1433 1913 Indos
1449 1885 1604 1921 negotiandi
1619 1893 1703 1913 causa

918 1929 1112 1964 proficisceris,
1129 1934 1155 1956 et
1178 1930 1204 1956 in
1232 1929 1374 1956 barbarico
1397 1930 1466 1956 mari
1484 1931 1658 1965 periclitaris,
1677 1935 1704 1958 ct

918 1976 1113 2002 anniversariis
1127 1975 1345 2010 navigationibus
1363 1976 1479 2010 lcipsum
1497 1976 1658 2008 committis,
1674 1981 1703 2004 ut

918 2022 999 2049 rebus
1018 2022 1092 2048 illinc
1105 2021 1260 2056 importatis
1273 2025 1299 2050 et
1321 2022 1453 2054 advectis,
1469 2023 1559 2049 cibum
1576 2023 1701 2056 condias,

918 2075 971 2094 non
997 2067 1176 2095 considerans
1198 2067 1270 2102 quod
1292 2075 1346 2094 non
1368 2068 1439 2094 ultra
1460 2069 1580 2102 palatum
1604 2075 1701 2096 sensus

916 2113 1154 2141 condimentorum
1176 2113 1360 2148 progreditur.
1385 2112 1516 2140 Similiter
1539 2113 1602 2140 item
1627 2114 1700 2148 quod

917 2160 976 2186 visu
995 2164 1020 2186 et
1038 2164 1149 2193 aspectu
1171 2164 1276 2194 gratum
1293 2163 1345 2190 est,
1364 2159 1435 2194 quod
1452 2159 1546 2189 odore,
1563 2159 1635 2193 quod
1653 2168 1701 2186 ore

916 2211 942 2232 ct
968 2206 1035 2232 facie
1061 2206 1158 2240 placet,
1189 2210 1405 2232 iiiomentaneaiii
1423 2206 1570 2240 quamdam
1598 2210 1624 2232 et
1646 2206 1702 2233 cito

919 2252 1065 2285 perituram
1082 2255 1197 2285 gratiam
1213 2259 1244 2277 ac
1262 2251 1425 2286 voluptatem
1446 2252 1538 2279 sensui
1556 2253 1665 2287 praebet,
1686 2261 1700 2280 a

918 2298 1009 2332 palato
1037 2305 1102 2323 vero
1125 2297 1279 2331 promiscua
1310 2304 1392 2331 atque
1419 2297 1577 2325 indistincta
1606 2305 1699 2326 earum

918 2351 1008 2370 rermn
1029 2351 1090 2377 qum
1111 2343 1297 2370 immittuntur
1317 2343 1472 2370 differentia
1488 2350 1540 2376 est,
1558 2345 1701 2379 mqualiter

917 2387 1008 2414 omnia
1033 2388 1058 2413 in
1082 2387 1280 2414 maleolentiam
1306 2391 1334 2415 et
1357 2387 1470 2415 fetorem
1489 2393 1586 2416 natura
1608 2394 1700 2417 trans-

917 2436 1049 2458 mutante.
1070 2431 1150 2460 Vides
1166 2432 1244 2459 finem
1259 2433 1437 2460 obsoniorum
1453 2434 1642 2468 apparationis
1656 2439 1698 2462 at-

915 2485 968 2512 que
997 2477 1199 2505 confectionis?
1224 2476 1306 2506 Vides
1328 2478 1452 2506 eﬂ'cctum
1477 2479 1634 2513 inipostum
1660 2482 1699 2507 rei

914 2525 1066 2556 culinarizc,
1097 2524 1275 2559 ciborumque
1297 2525 1485 2552 conditionis?
1511 2525 1611 2554 Panem
1639 2530 1699 2560 pete

915 2575 1026 2603 propter
1048 2569 1118 2599 vitae.
1131 2572 1314 2597 necessarium
1338 2577 1427 2602 nsunt,
1447 2570 1529 2605 liujns
1549 2575 1574 2598 te
1588 2571 1696 2606 corpori

913 2614 1063 2642 debitorem
1080 2619 1177 2642 natura
1203 2615 1278 2642 fecit.
1307 2615 1411 2642 Caatera
1435 2624 1496 2651 qua:
1521 2622 1617 2650 praeter
1641 2617 1698 2643 limo

78 2651 200 2683 solertia,
216 2652 321 2679 deliciis
342 2660 373 2679 ac
392 2653 466 2680 luxui
487 2654 640 2682 deditorum
674 2657 826 2692 excogitata
850 2662 878 2686 et.
916 2661 1026 2687 inventa
1050 2665 1125 2688 sunt.
1151 2668 1183 2687 ea
1213 2661 1246 2687 de
1269 2660 1439 2688 zizaniorum
1464 2661 1542 2696 juxta
1575 2664 1696 2687 satorum

76 2698 182 2727 semine
197 2703 270 2726 sunt.
293 2699 392 2726 Semen
408 2700 630 2735 patrisfamilias,
647 2703 812 2732 frumentum
831 2710 873 2733 est
897 2706 966 2739 5"“,
984 2712 1014 2734 et‘
1027 2715 1058 2734 ex
1077 2707 1214 2734 frumento
1230 2708 1307 2743 panis
1321 2708 1485 2740 conficitur;
1506 2712 1533 2734 at
1557 2707 1637 2734 luxus
1655 2711 1697 2734 at-

76 2754 131 2782 que
150 2746 254 2774 delicia:
279 2747 414 2774 zizaniam
432 2752 484 2780 est,
507 2750 579 2783 quod
619 2750 654 2777 ab
689 2751 799 2779 inimico
817 2753 893 2787 juxta
915 2753 1080 2781 frumentum
1096 2759 1183 2781 satum
1206 2758 1258 2780 est.
1277 2754 1329 2780 Sed
1348 2754 1473 2781 homines
1488 2753 1591 2780 omisso
1608 2752 1692 2783 ,niini-

75 2793 161 2820 sterio
187 2798 298 2829 natura;
315 2795 479 2827 necessario,
505 2803 600 2823 revera
623 2797 792 2825 sulfocantur
817 2802 858 2834 (ut
897 2799 993 2827 alicubi
1020 2799 1116 2827 Seruio
1145 2800 1221 2833 dicit)
1246 2808 1375 2828 vanaruni
1401 2807 1491 2826 rerum
1519 2799 1629 2830 studiis,
1670 2805 1694 2827 et

75 2839 228 2875 infrugiferi
246 2845 364 2874 manent,
381 2841 445 2868 dum
471 2842 498 2869 in
516 2843 557 2871 his
575 2842 665 2871 anima
685 2853 744 2874 sese
757 2851 886 2882 perpetuo
900 2851 1006 2875 exercet
1021 2852 1045 2874 ct
1060 2851 1190 2882 occupata
1206 2851 1259 2874 est.

113 2897 175 2918 "-"
197 2897 290 2926 Matth.
309 2907 374 2933 xtll,
391 2901 406 2927 5
422 2908 481 2935 sqq.
