1978 3068
119 160 184 187 “75

567 161 610 189 or.
625 146 802 190 ominosa
823 163 995 193 DOMlNlCA.
1016 180 1050 185 —
1067 165 1195 193 ennio
1215 165 1255 194 iv.

1674 168 1740 196 liii

118 217 162 249 τὰς
181 217 339 253 πλησμονὰς
359 219 405 244 ἐπὶ
427 219 475 253 τὴν
494 219 643 247 ἀκόλαστον
658 221 761 248 λύσσαν
781 222 898 248 ἰλυσπώ-

956 223 1066 258 Iugendi
1097 223 1234 258 cupiditas
1260 223 1424 259 ingreditur.
1460 223 1527 251 Nam
1554 231 1588 251 ne
1614 228 1742 258 sumplus

120 272 195 298 μενος
211 263 404 299 κατασύρεται,
419 265 496 292 τοῦτο
510 266 538 292 δέ
549 267 610 303 ,ἐστι
623 267 653 293 τὸ
666 266 777 302 ἔσχατον
793 267 846 294 τῶν
857 269 901 295 ἀν-

117 308 255 344 θρωπίνων
266 309 369 337 κακῶν.
384 310 427 341 Ὣς
438 311 471 337 ἂν
481 309 526 338 οὖν
540 311 623 347 μηδὲν
637 313 741 347 γένοιτο
749 313 899 350 τούτων,τῇ

116 354 227 389 εὐπορία
241 353 288 381 τοῦ
304 354 386 390 ἄρτου
404 355 453 391 τὴν
473 356 545 392 ζωὴν
563 357 758 392 περιορίζεται,
773 358 838 392 ὄψον
853 359 900 394 ζη-

115 399 165 425 τῶν
182 400 212 426 τὸ
235 401 298 436 παρ’
319 401 403 436 αὐτῆς
421 401 631 437 ὀψοποιοὺμενόν
655 411 695 430 σοι
708 403 757 439 τῆς
782 403 900 438 φύσεως.

116 445 198 472 Τοῦτο
218 446 247 472 δέ
263 447 331 479 ἐστι,
349 447 466 482 μάλιστα
484 448 532 483 μὲν
554 449 570 483 ή
589 449 677 485 ἀγαθὴ
695 449 857 484 συνείδησις,
870 451 903 486 τῇ

115 491 204 527 δικαίᾳ
224 493 372 528 μεταλήψει
387 493 433 519 τὸν
447 494 528 529 ἄρτον
543 493 684 528 ἡδύνουσα.
704 495 735 521 Et
752 495 780 520 δὲ
795 495 841 521 καὶ
856 495 904 530 τὴν

115 537 181 564 κατὰ
203 539 249 564 τὸν
271 538 366 572 λαιμὸν
381 538 506 572 αἴσθησιν
525 538 636 573 ἣδεσθαι
660 539 758 570 θέλοις,
783 539 847 573 ὄψον
861 548 902 566 σοι

114 582 231 615 γενέσθω
247 583 263 617 ἡ
277 583 376 614 ἔνδεια,
394 584 441 609 καὶ
452 583 482 609 τδ
497 583 534 619 μὴ
550 584 688 611 inﬂa}.st
705 585 786 620 κόρον
801 585 839 620 τῷ
856 585 902 612 x6-

115 636 161 663 ρῳ.
179 628 246 663 μηδὲ
267 628 444 664 ἀπαμσλῦναι
455 630 487 664 τῇ
504 630 642 666 κραιπάλῃ
653 631 701 666 τὴν
711 630 817 665 ὄρεξιν·
832 631 899 658 ἀλλὰ

115 673 335 708 προηγείσθωσάν
353 682 392 700 σοι
405 676 454 710 τῆς
466 676 569 710 τροφῆς
583 675 638 702 τῶν
654 676 766 702 ἐντολῶν
777 677 809 703 οίκ
820 677 899 712 ἱδρῶ-

114 726 163 750 τες.
193 719 354 753 “Εν·[δρῶτι
371 721 419 747 καὶ
440 722 529 754 πόνῳ·
545 722 624 756 φάγῃ
645 721 698 748 τὸν
718 721 810 756 ἄρτον
828 730 896 749 σου.

119 764 197 798 Ὁρᾷς
211 764 260 799 τὴν
277 764 387 800 πρώτην
406 765 547 799 ὀψοποιίαν
564 765 610 792 τοῦ
630 765 727 798 Λόγου.

954 268 1108 296 subsidium
1130 273 1157 296 et
1183 273 1332 304 apparatus
1363 270 1396 296 ad
1426 269 1561 304 ejusmodi
1589 277 1633 297 res
1660 268 1741 302 desit,

955 313 1087 341 reditibus
1108 322 1178 349 opus
1200 320 1250 347 est,
1267 322 1316 350 por
1332 322 1401 350 quos
1424 315 1605 342 conﬁciantur
1624 320 1650 342 et
1668 322 1741 342 com-

955 363 1085 393 parentur
1098 368 1128 386 ca
1146 368 1206 394 quo:
1221 360 1412 387 desiderantur
1427 364 1452 388 cl.
1469 360 1655 395 requiruntur.
1673 360 1742 394 Ergo

955 403 1019 431 flere
1034 404 1111 431 iiluin
1127 409 1160 432 et'
1172 405 1246 432 illum
1264 411 1382 441 oportet,
1398 411 1424 434 et
1440 407 1547 441 plorare
1563 407 1743 433 contuberna-

954 449 1018 481 lem,
1033 449 1198 484 multosque,
1215 450 1260 485 qui
1285 451 1343 478 suis
1366 451 1448 478 rebus
1464 451 1606 482 excidunt,
1625 452 1737 478 misera-

954 494 1022 521 biles
1059 495 1127 526 ﬁeri,
1147 499 1176 522 ιιι
1194 503 1241 530 per
1258 495 1366 522 illorum
1393 496 1528 531 lacrymas
1550 496 1613 522 huic
1633 494 1742 530 magni—

953 539 1060 566 ﬁcentia
1079 545 1159 574 alque
1181 541 1328 567 ostentatio
1345 548 1446 567 mensa:
1472 540 1656 574 splendescat.
1674 540 1742 567 Cum

952 589 1040 611 antem
1054 585 1134 611 etiam
1153 585 1194 611 his
1210 594 1238 612 se
1262 594 1375 620 serpens
1390 586 1535 612 involverit
1552 591 1633 620 atque
1652 585 1742 619 impli-

952 631 1048 662 cuerit,
1079 634 1106 657 ct
1130 635 1250 658 ventrem
1280 632 1342 658 ciho
1370 637 1489 666 potaque
1512 631 1553 658 ad
1574 632 1741 658 roluntatcm

952 677 1088 710 exquisito
1110 677 1271 712 impleverit,
1294 681 1354 711 post
1380 677 1621 712 iugurgitationem
1649 683 1681 703 ac
1699 685 1741 702 rc-

953 722 1109 756 pletiimcm,
1131 722 1262 757 deinceps
1285 722 1316 749 ad
1338 722 1511 749 libidinosam
1528 722 1629 749 rabiem
1651 721 1741 748 invol-

954 767 1038 793 vendo
1052 775 1112 795 Sese
1134 767 1287 794 ιιιιΙτιὺιειυν.
1304 768 1329 794 Id
1350 772 1440 794 autem
1460 774 1611 795 extrenmm
1628 772 1669 795 est
1687 767 1736 793 hu-

114 816 253 836 manorum
271 811 416 838 malorum.
435 809 469 838 Ut
487 811 568 845 igitur
602 810 669 837 ni‘il
703 810 799 837 horum
812 811 927 843 accidat,
951 811 1079 840 facultate
1110 815 1186 847 panis
1219 814 1299 840 \‘imm
1335 814 1555 846 circumscribit,
1592 813 1736 840 obsonium

113 863 234 889 quasrens
254 857 325 892 quod
348 858 382 884 ab
417 857 475 892 ipsa
498 862 594 884 natura
631 857 679 884 tibi
714 861 835 892 paratur.
870 857 898 884 ιι]
925 863 1014 885 autem
1049 860 1221 894 potissimum
1251 860 1360 894 quidem
1390 860 1460 887 bona
1485 861 1653 887 conscientia
1682 865 1742 891 cst',

113 901 188 935 justo
203 910 253 930 usu
273 910 369 937 panem
405 903 542 930 condiens.
579 902 656 935 Quod
672 903 695 930 si
716 902 798 929 etiam
815 911 925 930 sensum
945 905 1014 938 gulae
1033 905 1180 932 demnlceri
1196 906 1246 937 vis,
1261 906 1408 933 obsonium
1425 906 1472 932 tibi
1488 909 1548 933 esto
1581 903 1742 939 indigentia.

112 955 148 981 ct,
174 953 203 976 ut
225 958 258 976 ne
281 950 391 977 satietas
416 950 534 976 satietati
555 949 681 980 addatur,
711 958 763 976 neu
804 951 917 984 crapula
955 951 1122 985 infringatur
1135 957 1160 978 et
1177 952 1319 979 hebetetur
1333 952 1481 986 appetitus,
1497 951 1544 979 sed
1561 951 1651 978 cibum
1666 956 1742 978 tuum

114 995 266 1032 praecedant
289 999 484 1030 pnt-ceptornm
502 995 626 1022 sudores.

113 1043 217 1070 obsonii
236 1043 464 1069 coniectionem?

153 1089 246 1125 ’Λρκεῖ
269 1097 309 1115 σοι
328 1089 356 1115 τὸ
380 1088 460 1124 μέχρι
480 1089 529 1124 τῆς
541 1088 635 1124 χρείας
651 1089 754 1125 ταύτης
774 1090 900 1124 ἀσχολεῖν
918 1094 937 1120 Β

112 1134 160 1169 τὴν
177 1134 297 1161 διάνοιαν
307 1141 313 1148 ·
329 1133 428 1168 μᾶλλον
440 1133 469 1159 δὲ
482 1133 562 1169 μέχρι
570 1133 665 1160 τούτου
681 1134 730 1169 τὴν
744 1134 833 1170 ψυχὴν
843 1137 902 1167 ταῖς

94 1170 96 1172 ’
113 1178 232 1215 περὶτοῦ
250 1178 332 1213 ἄρτου
348 1179 494 1214 μερίμναις
508 1179 622 1214 ὲνδὴσῃς
635 1187 641 1193 ·
659 1179 714 1205 ἀλλ’
732 1180 792 1206 εἰπὲ
806 1179 844 1215 τῷ
858 1180 903 1206 τὸν

113 1224 194 1259 ἄρτον
209 1225 240 1250 ὲκ
254 1224 306 1258 γῆς
323 1223 446 1258 ὲξάγοντι
459 1232 465 1238 ·
491 1224 551 1251 εἰπὲ
568 1225 606 1260 τῷ
625 1225 688 1256 τοὺς
709 1225 828 1260 κόρακας
843 1225 904 1261 τρέ-

113 1278 200 1303 φοντι,
220 1268 259 1304 τῷ
272 1269 368 1295 διδόντι
388 1269 490 1305 τροφὴν
509 1271 582 1306 πάσῃ
599 1271 691 1306 σαρκὶ,
715 1271 753 1305 τῷ
769 1272 903 1305 ἀνοίγοντι

113 1316 162 1351 τὴν
185 1316 273 1351 χεῖρα,
297 1315 344 1341 καὶ
370 1315 517 1351 πληροῦντι
546 1318 599 1342 πᾶν
615 1316 683 1348 ζῶον
698 1317 837 1348 εὐδοκίας·
863 1318 903 1344 ὅτι

115 1361 191 1398 Παρᾶ
203 1361 248 1388 σοῦ
263 1361 331 1396 μοιὴ
358 1360 414 1396 ζωή
427 1370 434 1376 θ
459 1361 534 1398 παρὰ
548 1362 593 1388 σοῦ
609 1362 729 1397 γενέσθω
742 1363 790 1389 καὶ
803 1364 819 1398 ὴ
839 1363 904 1398 πρὸς

113 1407 162 1441 τὴν
177 1407 248 1443 ζωὴν
260 1407 370 1442 ἀφορμή
383 1417 388 1422 ·
402 1407 443 1434 σὺ
459 1407 513 1441 δὺς
522 1409 575 1434 τὸν
588 1408 689 1442 ἄρτον,
706 1410 854 1441 τουτέστιν,
872 1411 904 1436 ὲκ

113 1452 226 1479 δικαίων
239 1453 326 1479 πόνων
348 1453 397 1488 τὴν
411 1454 515 1489 τροφὴν
533 1455 636 1490 σχοίην.
662 1455 693 1481 Εἰ
704 1455 758 1491 γὰρ
780 1457 793 1481 ὁ
806 1456 871 1488 Θεὸς
886 1457 902 1491 ὴ

113 1499 269 1534 δικαιοσύνη
286 1500 373 1531 ἐστὶν,
395 1500 444 1526 οὐκ
462 1500 518 1535 ἔχει
539 1501 615 1537 παρὰ
634 1501 701 1527 θεοῦ
716 1502 759 1528 τὸν
776 1503 867 1537 ἄρτον,
889 1503 903 1528 ὁ

113 1545 146 1571 ἐκ
161 1544 316 1578 πλεονεξίας
334 1546 381 1581 τὴν
396 1547 499 1581 τροφὴν
513 1547 596 1582 ἔχων·
613 1548 693 1579 αὐτὸς
707 1549 799 1583 κύριος
814 1547 839 1575 εί
851 1549 902 1584 τῆς

113 1590 206 1625 εὖχῆς,
227 1592 250 1617 εἰ
265 1591 301 1626 μὴ
315 1591 344 1623 ἐξ
359 1592 504 1628 ἀλλοτρίων
520 1594 536 1628 ἡ
553 1594 667 1629 εὐπορία
678 1615 684 1625 ,
703 1595 727 1620 εί
743 1593 780 1630 μὴ
803 1595 836 1620 ἐκ
854 1594 903 1620 δα-

114 1637 205 1673 κρύων
225 1638 242 1673 ἡ
260 1638 398 1673 πρόσοδος,
419 1640 443 1665 εί
457 1639 542 1671 οὐδεὶς
560 1640 604 1666 ἐπὶ
627 1639 666 1674 τῷ
682 1639 720 1674 σῴ
739 1640 813 1675 κόρῳ
830 1640 904 1665 ἐπεί-

113 1690 204 1715 νασεν,
217 1684 246 1709 εί·
256 1683 341 1715 οὐδεὶς
355 1684 402 1710 ἐπὶ
413 1686 446 1720 τῇ
461 1685 602 1720 πλησμονῇ
620 1693 665 1711 σου
677 1685 827 1718 ἐστέναξεν,
836 1685 903 1711 Θεοῦ

114 1728 196 1764 ἄρτος
213 1728 331 1763 μάλιστα
348 1730 361 1755 ὁ
375 1729 494 1761 τοιοῦτός
513 1731 581 1762 ἐστι,
598 1729 770 1765 δικαιοσύνης
786 1729 902 1763 καρπὸς,

667 994 699 1021 1η
722 995 817 1022 sudore
854 1001 885 1022 ει·
913 995 1002 1024 labore
1038 997 1147 1024 cureris
1171 1005 1238 1031 pane
1260 997 1348 1025 tuo“.
1370 996 1451 1024 Vides
1469 996 1609 1024 Sermonis
1626 996 1742 1032 primam

994 1088 1098 1115 Sumcit
1115 1088 1164 1115 tibi
1187 1089 1219 1115 ad
1235 1089 1308 1116 hunc
1324 1097 1402 1116 usum
1419 1096 1506 1123 usque
1521 1091 1611 1116 mente
1624 1095 1742 1123 occupa-

955 1134 989 1165 ri,
1006 1134 1061 1160 imo
1075 1141 1139 1162 vero
1153 1134 1207 1162 huc
1221 1142 1306 1168 usque
1319 1135 1436 1161 animam
1453 1133 1685 1161 sollicitudinibus
1695 1140 1741 1168 pa-

954 1180 997 1207 nis
1012 1180 1100 1214 illiges
1122 1189 1128 1207 :
1145 1188 1177 1208 ac
1192 1180 1236 1208 dic
1258 1181 1281 1208 ci
1306 1181 1351 1216 qui
1369 1180 1462 1208 educit
1479 1188 1576 1215 panem
1592 1180 1626 1208 de
1641 1185 1714 1208 terra
1733 1188 1740 1208 :

953 1224 997 1251 die
1019 1232 1115 1252 corvos
1138 1225 1270 1259 pascenti,
1298 1226 1343 1260 qui
1371 1225 1445 1252 omni
1464 1226 1540 1252 carni
1565 1225 1655 1253 cibum
1681 1225 1738 1259 dat,

953 1269 998 1304 qui
1015 1277 1123 1297 manum
1141 1270 1239 1305 operit,
1257 1275 1283 1298 et
1297 1279 1377 1298 omne
1398 1272 1584 1298 animai'bona
1603 1272 1741 1300 voluntate

955 1314 1039 1349 replet
1056 1314 1078 1330 "
1092 1325 1098 1343 :
1112 1315 1169 1343 Ate
1189 1315 1255 1342 mihi
1273 1315 1329 1342 vita
1340 1321 1391 1348 est,
1408 1324 1421 1342 a
1439 1321 1464 1344 te
1476 1325 1586 1352 quoque
1602 1318 1666 1345 mibi
1680 1319 1742 1346 vita:

954 1359 1104 1387 subsidium
1122 1361 1282 1395 contingat:
1311 1365 1338 1388 tu
1353 1362 1387 1388 da
1401 1371 1494 1397 panem
1535 1363 1560 1390 id
1578 1367 1634 1395 est,
1652 1372 1685 1392 ex
1698 1365 1742 1399 ju-

954 1405 1004 1432 stis
1023 1405 1163 1432 laboribus
1176 1405 1266 1431 ribnm
1283 1406 1432 1440 adipiscar.
1452 1406 1519 1434 Nam
1539 1410 1562 1434 sl
1575 1407 1645 1436 Deus
1658 1409 1740 1444 justi-

954 1452 990 1478 tia
1006 1456 1056 1483 est,
1074 1459 1127 1478 non
1141 1451 1221 1479 habet
1231 1459 1253 1488 ,ιι
1269 1451 1323 1479 Deo
1336 1460 1445 1487 panem,
1465 1453 1511 1488 qui
1529 1461 1561 1481 ex
1581 1462 1609 1482 re
1627 1455 1740 1482 fraudu-

954 1497 1040 1524 lenter
1055 1500 1083 1524 et
1098 1496 1199 1532 injuste
1215 1501 1290 1531 parta
1315 1497 1405 1524 cibum
1422 1497 1503 1526 habet
1519 1507 1526 1531 ;
1548 1499 1606 1533 ipse
1626 1507 1740 1534 compos

953 1543 1007 1569 voti
1022 1550 1061 1575 es,
1075 1542 1128 1569 nisi
1158 1549 1190 1569 ex
1211 1542 1308 1569 alienis
1327 1543 1404 1577 copia
1424 1547 1507 1579 atque
1533 1543 1661 1577 facultas,
1685 1545 1739 1572 nisi

953 1596 984 1616 ex
1001 1589 1128 1624 lacrymis
1144 1589 1258 1623 reditus,
1270 1589 1293 1617 si
1312 1597 1393 1616 nemo
1409 1594 1520 1625 propter
1540 1594 1614 1617 luant
1631 1591 1742 1618 satieta-

953 1638 1007 1661 tem
1027 1635 1133 1666 esuriit,
1156 1634 1178 1661 si
1207 1635 1298 1662 nullus
1320 1635 1355 1661 ob
1377 1638 1451 1660 tuam
1473 1635 1651 1670 repletiouem
1666 1635 1742 1670 inge-

955 1681 1032 1712 muit,
1056 1679 1101 1707 Dei
1117 1674 1195 1715 panis
1209 1681 1327 1707 maxime
1346 1681 1407 1707 talis
1425 1685 1477 1712 est,
1495 1680 1611 1715 justitize
1624 1681 1741 1714 fructus,

957 1727 1033 1761 pacis
1052 1726 1139 1760 spica,
1158 1734 1211 1753 non
1232 1727 1362 1760 pcrmista
1377 1735 1466 1762 neque
1485 1727 1626 1761 inquinata
1643 1727 1742 1755 zizanii

114 1775 228 1810 είρήνης
245 1776 258 1801 ὁ
274 1775 403 1810 ἄσταχυς,
425 1776 541 1809 ἄμικτος
554 1777 601 1802 καὶ
624 1776 770 1810 ὰμόλυντος
785 1776 838 1801 τῶν
857 1775 903 1802 τοῦ

956 1772 1117 1800 seminibus.
1135 1771 1213 1804 Quod
1228 1772 1251 1798 si
1266 1780 1347 1800 arans
1358 1776 1385 1799 et
1405 1772 1614 1806 colens-aliena,
1627 1777 1654 1801 et
1667 1774 1739 1808 inju-

115 1821 236 1852 ζιζανίου
259 1821 433 1856 σπερμάτων.
463 1822 495 1848 Et
517 1822 544 1848 δὲ
567 1822 696 1857 γεωργῶν
715 1821 748 1847 τὶι
768 1821 903 1856 ἀλλότρια,

115 1867 163 1892 καὶ
174 1867 202 1892 ἐν
213 1865 361 1901 ὀφθαλμοῖς
373 1866 440 1901 ἔχων
457 1866 507 1902 τὴν
521 1866 637 1898 ἀδικίαν,
650 1868 694 1893 καὶ
706 1867 904 1903 γραμματείοις

114 1911 253 1946 κρατύνας
266 1912 314 1946 τὴν
330 1911 419 1938 ἄδικον
428 1912 530 1947 ’κτῆσιν
542 1921 548 1928 ·
565 1912 659 1939 ἔπειτα
678 1913 716 1948 τῷ
730 1914 788 1948 θεῷ
804 1913 904 1947 λέγοις,

114 1956 171 1988 Δλύς
184 1956 237 1983 τὸν
250 1955 341 1990 ἄρτον
357 1965 362 1971 ⁸
380 1956 458 1989 ἄλλος
472 1958 486 1983 ὁ
496 1957 602 1984 ἀκούων
616 1958 665 1993 τῆς
677 1959 769 1992 φωνῆς
781 1967 826 1984 σου
839 1958 904 1984 ταύ-

113 2010 166 2037 της
181 2002 264 2034 ἐστὶν,
281 2001 329 2036 οὐχ
348 2003 362 2029 ὁ
373 2002 448 2032 Θεός.
477 2002 528 2029 Τὸν
551 2003 606 2038 γὰρ
621 2003 651 2036 ἐξ
668 2004 775 2035 ἀδικίας
802 2003 905 2039 καρπὸν

115 2050 132 2083 ἡ
148 2048 321 2084 ἀντικειμένη
343 2050 513 2084 καρποφορεῖ
533 2049 613 2083 φύσις
626 2057 632 2064 ·
660 2050 673 2075 ό
686 2048 843 2081 σπουδάζων
859 2048 906 2084 τὴν

114 2093 306 2128 δικαιοσύνην,
332 2093 423 2120 οεόοεν
439 2094 485 2120 τον
511 2094 592 2129 ἄρτον
618 2094 745 2129 δέχεται·
771 2096 785 2121 ὁ
810 2094 837 2121 δὲ
858 2094 906 2130 τὴν

115 2137 222 2164 ἀδικίαν
241 2137 381 2173 γεωργῶν,
407 2137 482 2173 παρὰ
506 2138 552 2164 τοῦ
574 2138 716 2174 εὐεργέτου
736 2139 786 2174 τῆς
802 2138 907 2170 ἀδικίας

116 2183 258 2215 σιτίζεται.
283 2183 354 2220 Πρὸς
366 2181 412 2210 οὖν
431 2184 480 2219 τὴν
499 2184 649 2219 συνείδησιν
664 2184 713 2219 τὴν
728 2184 824 2211 ἑαυτοῦ
845 2184 906 2219 βλέ-

115 2237 185 2260 πων,
203 2229 323 2265 πρόσαγε
343 2230 391 2265 τὴν
406 2229 453 2256 τοῦ
470 2230 552 2265 ἄρτου
569 2223 679 2264 ἀἴτησιν
696 2229 734 2265 τῷ
749 2230 817 2265 Θεῷ,
831 2230 907 2263 εἰδὼς

114 2275 157 2301 ὅτι
171 2275 220 2301 οὑκ
232 2275 289 2302 ἔστι
303 2276 428 2303 κοινωνία
444 2276 554 2312 Χριστῷ
569 2276 636 2310 πρὸς
649 2276 755 2303 Βελιάλ.
780 2276 839 2303 Κᾶν
854 2277 905 2303 δω-

116 2322 237 2356 ροφορῇς
256 2321 285 2354 ἐξ
312 2321 428 2354 ἀδικίας,
452 2322 578 2357 ἄλλαγμα
603 2321 682 2353 κυνὸς
705 2322 752 2348 καὶ
779 2322 908 2357 μίσθωμα

114 2365 220 2401 πόρνης
232 2366 264 2392 τὺ
274 2366 364 2401 δῶρόν
380 2367 438 2393 ἐστι
449 2375 456 2383 ”
473 2366 524 2393 κᾶν
544 2367 705 2403 λαμπρόν-ης
719 2369 752 2403 τῇ
769 2368 908 2404 φιλοτιμίᾳ

113 2412 166 2442 τὰς
180 2411 324 2442 ἐπιδόσεις,
345 2411 448 2447 ἀκούσῃ
471 2411 518 2438 τοῦ
536 2412 680 2447 Προφήτου
695 2412 904 2448 βδελυσσομένου

114 2457 165 2493 τὴν
178 2457 232 2484 ἀπὸ
245 2457 299 2484 τῶν
315 2456 442 2484 τοιούτων
461 2458 649 2493 συνεισφοράν.
677 2459 707 2485 Τί
717 2467 768 2493 μοι
789 2459 905 2494 πλῆθος

114 2502 178 2530 τῶν
189 2502 320 2535 θυσιῶν;
338 2502 418 2536 λέγει
428 2504 550 2537 Κύριοςί
559 2503 677 2537 πλήρης
691 2505 748 2538 εἰμὶ
777 2506 905 2533 ὁλοκαυ-

115 2548 258 2583 τωμάτων
265 2547 364 2582 κριῶν,
371 2547 518 2583 καὶστέιιρ
528 2548 638 2582 ἀρνῶν,
653 2549 701 2576 κα)
709 2546 782 2584 αἷμα
791 2551 906 2585 ταύρων

115 2595 168 2621 καὶ
180 2594 294 2629 τράγων
305 2594 505 2629 οὺβούλομαι·
513 2595 654 2630 θυμίαμα,
663 2603 699 2630 φη
705 2597 741 2628 σι,
748 2596 906 2631 ,βδέλυγμό

112 2641 168 2676 μοι
183 2641 277 2668 ἐστιν.
300 2641 428 2677 Ἑτέρωθι
442 2641 486 2668 τὸν
496 2641 593 2668 Θύοντα
607 2643 705 2678 μόσχον
719 2644 779 2670 ἀντὶ
797 2643 842 2670 τοῦ
857 2645 903 2670 ἀν-

115 2685 259 2722 αιροῦντος
277 2686 346 2712 κύνα
364 2686 525 2720 λελόγισται.
556 2688 619 2714 Ἐὰν
641 2686 688 2715 οὖν
713 2689 786 2724 παρὰ
802 2681 910 2725 ΚυρίουΔ

115 2730 164 2757 τὸν
178 2730 259 2766 ἄρτον
276 2730 350 2766 ἔχῃς,
366 2732 512 2763 τουτέστιν,
528 2733 560 2759 ἐκ
574 2733 685 2760 δικαίων
703 2734 800 2765 πόνων,
817 2735 904 2767 ἔξεστί

118 2785 161 2803 σοι
176 2777 222 2803 καὶ
245 2777 410 2812 ἀπέρχεσθαι
428 2778 501 2814 αὐτῷ
519 2779 570 2805 ἀπὸ
588 2779 642 2806 τῶν
666 2781 778 2814 καρπῶν
796 2781 845 2815 τῆς
868 2782 905 2807 δι-

117 2821 276 2857 καιοσύνης,

155 2880 179 2895 ⁸⁸
198 2879 264 2907 Gen.
282 2888 328 2912 Ill,
350 2881 389 2908 lt).
429 2882 451 2897 ⁸⁷
465 2881 536 2909 Psal.
557 2889 645 2914 C\LVI,
665 2882 706 2909 l6.

745 2883 767 2898 "
787 2881 838 2909 lsa.
858 2890 875 2914 ι,
897 2882 935 2908 ll.

957 1817 1060 1845 stitiam
1084 1817 1110 1844 in
1131 1817 1219 1844 oculis
1238 1817 1352 1848 habens.
1372 1817 1472 1844 tabulis
1493 1817 1606 1852 insuper
1628 1818 1741 1853 scriptis

956 1862 1085 1897 injustam
1100 1863 1306 1898 acquisitionem
1323 1863 1496 1890 roboraveris
1518 1867 1545 1890 et
1560 1863 1741 1892 conﬁrmave-

957 1909 1005 1940 ris.
1027 1909 1124 1936 deinde
1141 1909 1173 1935 ad
1197 1908 1280 1936 Deum
1295 1908 1381 1941 dicas,
1402 1909 1552 1943 Da'panem
1568 1917 1577 1935 :
1599 1909 1670 1936 alius
1691 1910 1743 1937 erit

957 1954 1083 1988 quihanc
1096 1961 1189 1980 vocem
1206 1958 1280 1980 tuam
1297 1954 1399 1986 audiat,
1424 1963 1476 1982 non
1498 1954 1578 1982 Deus.
1602 1953 1669 1981 Nam
1683 1954 1742 1981 fru-

957 2004 1030 2027 ctum
1049 2000 1095 2034 qui
1112 2008 1146 2027 ex
1165 2000 1299 2035 injustitia
1316 2001 1467 2035 percipitur
1485 2000 1623 2027 contraria
1645 2003 1743 2027 natura

957 2045 1082 2080 producit
1096 2053 1103 2078 ;
1120 2045 1164 2080 qni
1178 2045 1269 2072 studet
1281 2045 1403 2079 justitiae,
1418 2053 1433 2071 a
1445 2045 1499 2073 Deo
1515 2045 1741 2080 panemaccipit:

957 2097 983 2120 at
992 2092 1036 2127 qui
1051 2093 1115 2120 colit
1125 2092 1297 2127 iniustitiam,
1308 2092 1341 2118 ab
1354 2092 1495 2127 injustitiae
1505 2093 1645 2120 inventore
1655 2093 1743 2119 nutrié

958 2143 1001 2165 tur
1013 2141 1094 2172 atque
1103 2138 1219 2165 cibatur.
1228 2137 1433 2164 Conscientiam
1444 2138 1527 2173 igitur
1536 2142 1610 2165 tuam
1620 2138 1742 2171 intuens,

958 2184 993 2210 ita
1017 2184 1095 2218 panis
1119 2183 1278 2218 petitionem
1294 2182 1347 2211 Deo
1372 2183 1449 2215 blfer,
1480 2183 1583 2214 sciens,
1598 2183 1671 2218 quod
1687 2190 1742 2210 non

958 2235 999 2258 est
1014 2230 1133 2257 societas
1149 2229 1262 2256 Christo
1282 2236 1343 2256 cum
1360 2229 1452 2256 Belial.
1471 2228 1502 2255 Et
1521 2229 1543 2255 si
1556 2227 1743 2256 dona-otl‘eras

957 2284 989 2303 ex
1003 2275 1148 2310 injustitia,
1161 2275 1353 2309 compensatio
1362 2279 1444 2309 atque
1459 2275 1644 2301 remuneratio
1655 2274 1742 2306 canis,

957 2326 984 2350 et
1003 2329 1107 2348 merces
1124 2321 1277 2348 meretricis
1292 2320 1393 2348 donum
1407 2324 1468 2348 est:
1495 2321 1601 2348 etiamsi
1623 2320 1744 2356 splendi-

958 2366 1018 2399 das,
1034 2366 1197 2393 ambitiosas
1225 2370 1252 2393 et
1277 2365 1435 2400 magnificas
1460 2365 1620 2400 largitiones
1645 2364 1742 2397 facias,

959 2411 1053 2439 audies
1067 2411 1231 2446 Prophetam
1244 2415 1271 2438 et
1283 2411 1486 2438 abominantcm
1501 2419 1532 2438 ex
1547 2411 1647 2438 talibus
1663 2412 1744 2439 bonis

959 2458 1131 2485 collationem
1147 2462 1174 2484 et
1190 2457 1434 2484 contributionem.
1453 2456 1495 2483 Ad
1516 2457 1579 2492 quid
1596 2457 1661 2483 mihi
1677 2457 1744 2484 mul-

959 2504 1045 2530 titudo
1076 2504 1243 2530 victimarum
1278 2504 1450 2531 vestrarum?
1487 2503 1551 2529 dicit
1589 2503 1742 2530 Dominus:

957 2549 1048 2584 plenus
1068 2558 1126 2577 sum
1150 2550 1311 2577 holocumtis
1335 2549 1459 2580 arietum,
1484 2554 1507 2575 et
1533 2547 1635 2582 adipem
1659 2555 1742 2583 agno-

958 2605 1017 2622 rum
1039 2601 1063 2622 et
1086 2597 1240 2630 sanguinem
1259 2599 1435 2634 tauroruntet
1453 2585 1650 2621 ltircoruinnon
1664 2593 1741 2620 volo:

957 2644 1111 2676 incensum,
1139 2643 1236 2677 inquit,
1264 2641 1424 2669 abomiualio
1454 2641 1517 2668 nti/ti
1544 2646 1582 2667 est
1599 2640 1636 2666 ⁸⁸.
1668 2638 1741 2666 Alibi

958 2689 1142 2716 immolantem
1152 2689 1264 2715 vitulum
1275 2695 1324 2722 pro
1335 2695 1429 2715 canem
1445 2690 1581 2714 mactante
1589 2687 1696 2719 reputat
1705 2683 1739 2712 ".

958 2735 986 2761 Si
999 2735 1080 2769 igitur
1095 2742 1109 2760 a
1126 2733 1239 2760 Domino
1253 2741 1349 2768 panem
1364 2733 1501 2763 habueris,
1516 2732 1542 2758 id
1553 2736 1604 2761 est,
1615 2737 1646 2757 cx
1656 2729 1741 2772 justis

959 2780 1109 2810 laboribus.
1130 2779 1192 2805 licet
1207 2780 1254 2806 tibi
1273 2780 1353 2806 etiam
1370 2779 1395 2806 ci
1418 2777 1554 2812 primitias
1569 2776 1602 2803 dc
1626 2775 1739 2809 justiti;e

962 2825 1096 2853 fructibus
1111 2825 1219 2852 ol'l'erre.

975 2883 996 2898 θ’
1018 2882 1067 2909 Ιδιι.
1088 2890 1164 2911 ιλιι.
1182 2883 1208 2909 5,
