1978 3068
149 167 220 196 H77

613 166 656 193 DE
675 166 849 193 ORA'l'lONlL
870 165 1044 193 l)U.\IlNlU.\.
1061 182 1093 186 ~
1113 166 1241 194 ORATIO
1264 166 1293 193 Υ.

1700 165 1769 192 H78

148 225 227 260 φησὶ,
245 223 299 258 τὴν
322 222 490 255 βασιλείαν,
517 222 564 249 καί
584 222 634 256 τὴν
664 222 867 255 δικαιοσύνην,
886 222 933 248 καὶ

990 223 1023 248 tio
1037 223 1091 250 sit:
1109 223 1151 249 sin
1168 227 1259 250 autem
1275 222 1384 256 aliquod
1400 221 1497 248 animae
1514 221 1771 257 bonum.intellige—

148 270 240 296 ταῦτα
263 269 361 295 πάντα
392 266 627 302 προστεθήσεται
650 267 738 301 ὑμῖν,
772 267 800 292 ἐν
825 266 933 301 Χριστῷ

149 314 237 350 Ἰησοῦ
252 314 290 350 τῷ
305 314 398 349 Κυρίῳ
414 313 502 349 ἡμῶν,
521 310 543 347 ᾧ
560 314 576 348 ἡ
591 313 654 345 δόξα
667 313 713 339 καὶ
727 312 756 339 τὸ
774 313 881 348 κράτος,
894 313 934 344 είς

149 359 210 390 τοὺς
225 359 325 390 αἰῶνας
339 357 392 384 τῶν
405 356 519 384 αἰώνων.
542 357 638 392 Ἂμήν.

989 272 1032 294 tur
1057 268 1130 303 quod
1154 269 1248 303 petitio
1264 269 1399 303 pertineat
1423 267 1456 294 ad
1480 275 1536 295 rem
1563 271 1720 302 perpetuam
1744 271 1771 294 et

987 313 1143 343 inﬁnitam:
1175 325 1231 350 quo
1262 318 1436 353 potissimutn
1470 322 1595 352 spectare
1626 322 1771 352 precantes

983 359 1060 393 jubet
1077 369 1083 387 :
1101 363 1178 396 quasi
1194 371 1246 390 una
1260 372 1321 391 cum
1337 364 1433 399 majori
1450 365 1538 399 prima
1551 372 1659 399 quoque
1675 359 1772 390 neces-

150 406 216 431 sitas
239 409 267 431 et
293 412 359 431 usus
393 402 564 430 conﬁciatur.
594 401 688 433 Petita,
713 401 811 435 inquit,
836 408 944 435 regnum
963 409 987 430 et
1013 405 1162 438 justitiam,
1179 413 1203 434 et
1219 409 1274 436 lia-c
1296 410 1383 436 omnia
1400 410 1556 444 adjicientiu
1574 410 1645 436 vobis
1662 412 1695 441 ",
1723 415 1772 443 per

150 451 286 480 Christum
302 448 395 476 Jesum
415 447 557 475 Dominum
574 451 708 478 nostrum,
724 446 767 472 eui
795 445 883 481 gloria
907 450 934 473 et
952 447 1108 483 imperium,
1125 451 1152 478 in
1167 453 1265 480 saecula
1278 455 1451 481 smculorum.
1465 454 1562 481 Amen.

459 517 567 545 ΛΟΓΟΣ
589 517 626 543 E’.

153 577 239 609 Ἀ
253 572 325 609 ἡμῖν
336 574 369 601 τὰ
382 574 564 609 ὀφειλήματα
576 572 672 609 ’ἡμῶνἱ
681 572 781 609 καθὼς,
789 572 841 609 καὶ»
851 571 934 609 ἡμεῖς
956 594 965 603 ,

185 607 311 644 ἆριέίίεν
338 607 406 642 τοῖς(
425 608 590 643 ὀφειλέταις
611 607 706 644 ημῶν.
730 608 790 644 Κᾳζ
808 607 851 641 μὴ
865 608 933 644 εἰσί-

185 642 310 680 εἰ·ἐγὶιῃς
324 643 402 678 ἡμᾶς
413 645 460 680 εις
470 643 644 680 πειρασμόν.
653 642 844 676 ’Λλλάρῦσαι
856 642 934 676 ἡμᾶς

207 682 244 705 ,τὸ
261 680 313 706 τοῦ
330 679 473 713 πονηροῦ.

186 680 204 706 ἀ

68 679 167 794 κζ
184 722 204 751 η

151 779 204 794 τατι

81 766 90 777 ’⁷
122 766 246 799 Χτατον·
262 771 414 806 ὑπογράφει
427 770 481 805 γὰρ
496 769 538 796 διὰ
552 768 605 794 τῶν
620 769 667 802 τῆς
683 767 836 803 προσευχῆς
848 766 935 801 ρημίιι

184 722 269 753 *Ηλοε
281 725 380 760 προῖὼν
391 726 405 750 6
420 724 498 758 λόγος
508 723 551 750 ἐπ’
564 723 629 750 αὐτὸ
637 724 687 758 τῆς
698 723 798 758 ἀρετῆς
807 723 837 762 τί)
852 722 935 757 ἀκρό-

150 825 213 847 των,
230 813 283 842 οἷον
298 814 367 842 εἶναι
383 814 505 850 βούλεται
523 814 567 840 τὸν
582 813 620 848 τῷ
638 813 696 848 Θεῷ
709 813 934 848 προσερχόμενον,

151 862 194 888 τὸν
219 861 309 888 οὐκέτι
324 861 413 895 σχεδὸν
431 861 458 886 ἐν
475 859 647 894 ἀνθρωπίνης
668 858 772 892 φύσεως
791 859 864 893 ὅροις
880 857 935 883 δει-

1286 522 1415 550 ORATlO
1439 522 1471 549 V.

985 573 1097 601 Remitte
1109 576 1182 602 nobis
1198 577 1285 604 debila
1301 583 1392 604 nostra
1402 599 1408 610 ,
1424 578 1492 604 sicut
1508 582 1532 604 et
1547 586 1594 604 nos
1611 578 1769 605 remittimus

1019 609 1180 638 debitoribus
1198 614 1305 639 nostris.
1321 612 1353 639 Et
1367 609 1459 639 neruos
1475 613 1584 640 inducas
1599 613 1627 639 in
1645 613 1769 640 tentatio-

1021 652 1089 672 item.
1109 645 1160 672 Sed
1175 647 1258 674 libera
1274 656 1320 674 nos
1336 657 1352 674 a
1369 649 1450 676 mulo.

1021 721 1202 759 Progrediens
1234 733 1322 753 sermo
1346 726 1420 753 venit
1443 726 1477 753 ad
1505 726 1593 761 ipsum
1616 731 1769 753 extremum

986 773 1117 803 punctum
1135 771 1262 803 virtutis;
1281 772 1433 806 praescribit
1450 772 1524 800 enim
1542 780 1589 807 per
1607 773 1687 800 verba
1704 780 1767 800 ora-

986 815 1067 842 tionis
1084 816 1192 850 qualem
1215 817 1280 844 velit
1301 825 1363 845 esse
1387 825 1449 845 eum
1470 818 1516 852 qui
1531 818 1564 844 ad
1580 817 1663 845 Deum
1678 826 1770 846 acces-

986 867 1067 888 surus
1078 862 1127 893 sit,
1138 862 1184 897 qui
1197 863 1390 898 propemodum
1403 871 1457 890 non
1471 863 1588 898 amplius
1600 863 1669 890 intra
1681 867 1770 890 tenni-

153 908 291 942 κνύμενον,
306 907 362 933 ἀλλ’
378 905 451 940 αὑτῷ
466 905 504 940 τῷ
517 904 576 939 Θεῴ
593 904 636 930 διὰ
651 904 699 938 τῆς
714 904 812 938 ἀρετῆς
828 902 935 938 ὁμοιού-

990 915 1038 933 nos
1054 907 1180 934 humana:
1196 912 1302 936 naturae
1315 908 1512 943 conspiciatur.
1526 908 1573 936 sed
1588 909 1639 942 ipsi
1654 908 1707 934 Deo
1723 915 1770 942 per

153 961 250 988 tta-mw
266 953 335 978 ὥστε
352 952 439 978 δοκεῖν
451 951 528 977 ἄλλον
552 951 654 976 ἐκεῖνον
668 947 737 975 εἶναι
751 949 779 974 ὲν
800 948 839 982 τῷ
852 948 936 975 ταῦτα

151 999 235 1024 ποιεῖν
249 1017 256 1029 ,
273 996 292 1024 ἃ.
308 997 354 1024 τοῦ
369 996 436 1023 Θεοῦ
455 996 534 1031 μόνου
558 995 616 1021 ἐστὶ
635 996 730 1021 ποιεῖν.
748 993 781 1020 ῚΙ
803 994 857 1029 γὰρ
882 993 936 1020 τῶν

150 1043 314 1079 ὸρλημάτων
327 1043 422 1077 ἄφεσις
433 1063 440 1076 ,
454 1042 518 1068 ἴδιόν
533 1042 590 1067 ἐστι
607 1040 654 1067 τοῦ
675 1040 741 1067 Θεοῦ
764 1040 810 1066 καὶ
834 1039 938 1075 ἐξαίρε-

151 1096 218 1115 τον·
245 1088 353 1124 εἴρηται
379 1088 451 1123 γὰρ,
480 1088 520 1113 ὅτι
549 1086 652 1118 Οὐδεὶς
671 1085 794 1112 δύναται
819 1085 937 1119 ἀφιέναι

151 1134 294 1168 ἁμαρτίας
307 1154 314 1165 ,
331 1134 357 1160 εί
379 1133 422 1168 μὴ
436 1133 531 1167 μόνος
546 1134 562 1159 ό
586 1133 667 1164 Θεός.
692 1132 723 1157 Εἰ
747 1131 835 1157 τοίνυν
851 1139 892 1162 τις
907 1131 937 1156 ὲν

151 1179 191 1216 τῷ
207 1180 263 1215 ἰδίῳ
279 1179 327 1214 βίῳ
346 1180 493 1214 μιμήσαιτο
511 1180 559 1214 τῆς
577 1177 649 1209 θείας
668 1177 775 1212 φύσεως
790 1177 822 1203 τὰ
839 1176 938 1211 γνωρί-

153 1234 242 1260 σματα
253 1244 260 1256 ,
275 1226 361 1252 ἐκεῖνο
381 1225 483 1259 γίνεται
506 1224 605 1260 τρόπον
619 1223 679 1249 τινὰ
692 1243 698 1252 .
712 1219 742 1249 οῦ
758 1222 806 1258 τὴν
823 1222 937 1258 μίμησιν

153 1271 444 1306 ἐναργῶς-ἐνεδείξατο.
462 1271 493 1297 Τί
510 1269 555 1297 οὖν
572 1270 690 1296 διδάσκει
708 1270 722 1296 6
736 1269 838 1303 Λόγος;
857 1268 937 1304 Πρῶ-

154 1326 196 1343 τον
210 1317 253 1343 διὰ
263 1316 317 1343 τῶν
333 1317 420 1352 ἔργων
437 1317 482 1352 τὴν
498 1316 651 1352 παρρησίαν
668 1315 759 1341 λαῦεῖν
769 1335 776 1347 ,
795 1315 841 1342 καὶ
853 1314 937 1346 οὕτως

154 1363 318 1398 ἁμνηστείαν
337 1363 380 1389 διὰ
393 1362 447 1388 τῶν
473 1371 536 1388 ποτε
559 1361 799 1397 πλημμελημάτων
824 1361 936 1396 αἰτήσα-

154 1407 224 1435 σθαι.
239 1407 331 1435 Ταῦτα
353 1407 407 1442 γὰρ
421 1407 548 1442 ἄντικρυς
574 1407 638 1441 ἡμῖν
652 1406 804 1440 διαλέγεται
819 1408 852 1441 τῇ
868 1413 937 1440 παρ-

153 1453 220 1488 οᾶτῃ
243 1454 317 1487 φωνῇ
328 1472 334 1483 ,
356 1453 395 1478 ὃτι
411 1452 424 1478 6
438 1451 475 1487 τῷ
489 1452 621 1487 εὐεργέτῃ
639 1451 758 1487 προσιὼν
768 1471 775 1483 ,
789 1451 937 1486 εὐεργέτης

154 1499 222 1525 ἔστω
232 1507 239 1514 ·
256 1500 270 1525 ὁ
285 1499 323 1533 τῷ
338 1497 430 1533 ἀγαθῷ
440 1518 446 1530 ,
462 1498 577 1532 ἀγαθός’
598 1498 611 1523 ὁ
628 1497 665 1523 τῶ
689 1497 801 1535 δικαίω,
816 1497 935 1537 δίκαιος·

987 952 1115 979 virtutem
1137 947 1316 986 assimilctur,
1336 953 1454 981 ut'alius
1476 953 1520 980 ille
1541 953 1598 987 ipse
1620 953 1687 980 deus
1709 961 1770 980 esse

987 995 1121 1029 videatur,
1137 997 1202 1024 dum
1224 997 1290 1026 facit
1311 1006 1341 1025 ea
1361 1006 1422 1033 qua:
1442 997 1487 1025 Dei
1507 998 1592 1025 solius
1608 1002 1649 1025 est
1669 998 1769 1025 facere.

988 1041 1145 1069 Debitorum
1168 1044 1239 1070 enim
1265 1044 1390 1071 remissio
1413 1044 1554 1079 proprium
1580 1050 1613 1070 ac
1636 1043 1771 1078 peculiare

988 1085 1034 1113 Dei
1051 1095 1150 1115 munus
1166 1091 1192 1115 et
1207 1088 1325 1115 oﬂicium
1340 1093 1400 1116 est:
1417 1088 1520 1115 dictum
1535 1092 1576 1115 est
1593 1088 1682 1120 enim,
1699 1087 1773 1122 quod

989 1132 1073 1160 Nemo
1087 1138 1171 1168 potest
1186 1135 1316 1161 remittere
1329 1139 1446 1169 peccata,
1461 1134 1514 1161 nisi
1526 1135 1598 1161 solus
1613 1134 1681 1161 Deus
1695 1135 1728 1161 ⁷².
1743 1134 1771 1161 Si

988 1179 1049 1212 quis
1064 1178 1146 1213 igitur
1163 1179 1190 1205 in
1207 1186 1257 1205 sua
1275 1179 1328 1206 vita
1344 1172 1442 1205 divina:
1456 1184 1560 1205 natura:
1574 1178 1691 1213 insignia
1709 1178 1771 1205 imi-

989 1228 1071 1256 tctur,
1091 1224 1156 1251 illud
1174 1225 1262 1260 ipsum
1284 1225 1486 1260 quodammodo
1513 1224 1559 1256 fit.
1585 1224 1664 1259 cujus
1689 1224 1715 1251 in
1743 1231 1775 1251 se

988 1269 1122 1296 evidentia
1139 1266 1285 1297 simulacra
1310 1274 1391 1304 atque
1414 1269 1582 1296 imitamenta
1607 1269 1771 1296 ostenderit.

988 1315 1057 1347 Quid
1074 1316 1155 1350 igitur
1171 1315 1266 1343 Sermo
1283 1315 1383 1342 docet?
1399 1319 1427 1341 ut
1444 1315 1560 1349 primum
1578 1322 1625 1350 per
1641 1322 1723 1350 opera
1740 1315 1772 1341 ti-

988 1361 1095 1388 dnciant
1121 1369 1281 1394 sumamus.
1305 1365 1386 1396 atque
1412 1361 1449 1387 ita
1473 1360 1647 1387 abolitionem
1670 1365 1697 1388 et
1721 1361 1770 1387 iiii-

988 1408 1136 1443 punitatem
1173 1415 1267 1435 eorum
1299 1415 1359 1443 quae
1388 1407 1535 1442 aliquando
1567 1407 1773 1442 peccaverimus

990 1459 1122 1489 petamus.
1142 1453 1203 1480 [huc
1216 1454 1290 1481 enim
1307 1454 1387 1488 plane
1402 1453 1544 1481 nobiscum
1564 1452 1691 1487 przescnti
1706 1460 1774 1479 voce

989 1500 1119 1535 loquitur,
1145 1500 1274 1527 nimirum
1292 1500 1339 1535 qui
1364 1500 1396 1526 ad
1422 1499 1622 1527 benefactorein
1649 1498 1771 1528 accedit.

154 1544 312 1577 ἁνεξίκακός
330 1552 360 1570 τε
381 1543 420 1578 τῷ
444 1543 611 1578 ἀνεξικάκιρ’
628 1543 674 1570 καὶ
695 1542 734 1578 τῷ
755 1542 937 1578 φιλανθρώπῳ

990 1545 1147 1573 benefactor
1164 1551 1247 1574 esto:
1266 1546 1312 1581 qni
1337 1545 1370 1572 ad
1395 1545 1513 1577 bonum,
1538 1545 1644 1576 bonus,
1668 1543 1714 1579 qui
1739 1543 1773 1570 ad

154 1589 342 1625 φιλάνθρωπος
353 1597 360 1604 ·
377 1590 422 1616 καὶ
435 1589 470 1616 τὰ
482 1589 547 1616 ἄλλα
564 1589 651 1615 πάντα
662 1589 799 1620 ὡσαύτως,
818 1588 856 1624 τῷ
870 1597 937 1624 χρη-

155 1636 209 1671 στῴ
228 1644 256 1664 τε
281 1635 328 1664 καὶ
350 1637 465 1664 ἐπιεικεῖ
489 1635 535 1662 καὶ
566 1635 731 1670 μεταδοτικῷ
748 1635 803 1661 τῶν
815 1634 936 1668 ἀγαθῶν,

154 1683 200 1710 καὶ
217 1683 297 1708 παντὶ
314 1682 358 1708 τὸν
370 1681 443 1708 ἔλεον
461 1681 584 1717 νέμοντι,
601 1682 646 1709 καὶ
662 1681 727 1707 εἴτι
742 1681 807 1716 περὶ
821 1680 852 1705 τὸ
862 1679 938 1706 Θεῖον

153 1730 259 1764 ὁρᾶται,
274 1728 341 1763 πρὸς
355 1725 468 1754 ἕκαστον
481 1727 524 1754 διὰ
538 1728 586 1762 τῆς
599 1725 784 1761 προαιρέσεως
796 1724 938 1760 ὁμοιούμε-

154 1784 218 1808 νος,
243 1774 328 1805 οὕτως
347 1773 434 1808 ἐαυτῷ
460 1772 508 1808 τὴν
534 1774 583 1807 τῆς
607 1773 758 1807 προσευχῆς
783 1771 938 1806 παρρησίαν

156 1819 356 1857 περιποιείσθω.
372 1819 416 1850 Ὠς
429 1816 474 1844 οὖν
490 1818 539 1844 οὐκ
553 1818 624 1844 ἔστιν
636 1816 697 1844 οὔτε
713 1817 829 1852 πονηρὸν
845 1816 939 1851 ἀγαθῷ

156 1864 412 1901 προσοικειωθῆναι,
431 1863 491 1890 οὔτε
506 1864 550 1890 τὸν
566 1865 594 1890 ἐν
617 1863 780 1898 ἀκαθάρτοις
801 1862 939 1897 λογισμοῖς

155 1911 359 1946 κυλινδούμενον
381 1910 448 1945 πρὸς
464 1910 509 1936 τὸν
526 1908 644 1945 καθαρόν
664 1909 710 1935 καὶ
730 1900 939 1943 ἀκήρατονκοι-

134 1978 139 1981 -
155 1959 252 1985 νωνίαν
270 1958 341 1993 ἔχειν
354 1966 361 1973 ·
384 1959 454 1985 οὕτω
467 1957 578 1993 χωρίζει
596 1957 645 1992 τῆς
667 1954 870 1991 φιλανθρωπίας
891 1954 938 1981 τοῦ

156 2004 223 2032 Θεοῦ
237 2024 245 2036 ,
257 2004 304 2031 τοῦ
328 2004 484 2041 προσιόντος
495 2004 612 2038 ἀπήνεια
630 2002 737 2038 ἑαυτήν.
761 2001 789 2028 '0
800 2001 889 2027 τοίνυν
911 2001 939 2027 ἐν

157 2050 253 2086 πικρίᾳ
272 2050 392 2085 κατέχων
407 2050 477 2085 ὑπὲρ
493 2048 546 2076 τῶν
564 2048 753 2083 ὀφειλημάτων
765 2047 810 2073 τὸν
830 2047 939 2082 ὑποχεί-

157 2106 230 2132 ριον.
247 2096 290 2123 διὰ
311 2094 357 2123 τοῦ
375 2096 439 2123 ἰδίου
456 2096 554 2132 τρόπον
576 2097 625 2131 τῆς
646 2094 720 2125 θείας
736 2093 939 2129 φιλανθρωπίας

155 2142 250 2169 ἑαυτὸν
265 2141 446 2177 ἀπεσχοίνισε.
464 2141 511 2172 Τίς
536 2140 589 2175 γὰρ
605 2139 730 2167 κοινωνία
752 2139 940 2175 φιλανθρωπίᾳ

154 2197 183 2217 τε
201 2188 249 2215 καὶ
261 2187 392 2223 ὠμότητι,
403 2187 450 2218 καὶ
463 2187 618 2223 ἁγαπητικῇ
633 2186 751 2213 διαθέσει
767 2186 834 2223 πρὸς
844 2186 939 2222 ἀγριό-

986 1592 1106 1627 justum,
1122 1592 1232 1627 justus,
1247 1593 1353 1628 patiens
1369 1592 1432 1619 item
1449 1599 1481 1619 ac
1497 1591 1584 1621 lenis.
1610 1591 1656 1625 qui
1679 1590 1711 1617 ad
1736 1590 1774 1616 le-

989 1645 1048 1664 nem
1072 1646 1103 1664 ac
1127 1638 1276 1673 patientem
1297 1645 1460 1665 accessurus
1484 1636 1541 1670 sit;
1565 1635 1598 1663 ad
1625 1636 1773 1663 humanum

989 1684 1124 1711 humanus
1139 1693 1145 1711 :
1161 1687 1188 1711 et
1204 1683 1297 1711 itidem
1315 1684 1342 1710 in
1358 1683 1464 1711 caneris
1482 1683 1627 1714 omnibus,
1646 1681 1678 1708 ad
1698 1681 1775 1708 beni-

987 1737 1070 1763 gnum
1082 1749 1089 1761 ,
1105 1729 1138 1756 ad
1154 1729 1268 1764 probum
1284 1734 1309 1756 et
1326 1729 1492 1759 humanum,
1507 1735 1614 1763 acquum
1626 1747 1633 1760 ,
1650 1727 1775 1753 lubenter

989 1775 1052 1801 item
1068 1774 1137 1800 bona
1150 1773 1395 1800 communicantem
1409 1777 1436 1800 et
1448 1773 1647 1807 impertientem
1658 1791 1665 1803 ,
1679 1775 1705 1798 et
1717 1771 1775 1798 cni-

990 1810 1054 1846 libct
1078 1819 1295 1846 misericordiam
1319 1818 1500 1850 tribuentem,
1521 1822 1547 1845 et
1568 1817 1590 1845 si
1612 1817 1676 1852 quid
1699 1817 1773 1843 aliud

989 1865 1062 1891 circa
1078 1864 1183 1892 Numen
1201 1864 1324 1891 divinum
1342 1864 1474 1894 cernitur,
1493 1862 1526 1890 ad
1542 1870 1626 1890 untttn
1644 1862 1773 1898 quodque

990 1911 1071 1938 animi
1089 1911 1130 1938 sui
1147 1910 1286 1946 proposito
1310 1917 1370 1938 sese
1395 1909 1551 1937 assimilans
1572 1912 1600 1936 et
1619 1915 1775 1936 accommo-

989 1957 1058 1983 dans
1070 1977 1077 1988 ,
1093 1957 1129 1982 ita
1146 1956 1197 1983 sibi
1212 1955 1314 1983 aditum
1328 1960 1410 1990 atque
1425 1954 1551 1981 ﬁduciam
1566 1954 1699 1981 orationis
1713 1961 1776 1980 con-

990 2003 1073 2031 ﬁciat.
1092 2003 1124 2030 Ut
1137 2003 1220 2038 igitur
1235 2002 1292 2029 tieri
1309 2010 1362 2029 non
1377 2004 1465 2036 potest
1483 2005 1513 2027 ut
1534 2000 1575 2028 vel
1600 2000 1687 2028 malus
1703 1999 1777 2026 bono

990 2049 1162 2080 concilietur.
1172 2048 1214 2076 vel
1227 2049 1250 2076 is
1265 2048 1310 2083 qui
1327 2048 1353 2075 in
1371 2047 1484 2082 impuris
1495 2045 1705 2082 cogitationibus
1717 2053 1775 2073 ver-

990 2099 1066 2122 satur
1085 2102 1146 2122 cum
1167 2101 1234 2129 puro
1258 2098 1340 2128 atque
1357 2093 1463 2127 integro
1478 2091 1704 2120 consuetudinem
1727 2091 1775 2118 ha-

991 2141 1052 2168 b‘cat
1065 2150 1071 2168 :
1089 2141 1124 2168 ita
1141 2140 1244 2168 saevitia
1258 2139 1412 2167 accedentis
1425 2139 1543 2173 seipsam
1557 2138 1592 2165 ab
1607 2137 1776 2165 humanitate

991 2186 1037 2214 Dei
1052 2187 1180 2222 sejungit.
1195 2186 1246 2219 Qui
1262 2194 1327 2221 ergo
1340 2186 1491 2213 debitorum
1506 2184 1615 2212 nomine
1627 2183 1774 2210 obnoxium

154 2243 223 2269 τητα
236 2243 243 2268 ;
256 2235 302 2261 καὶ
315 2234 349 2261 τὰ
367 2233 448 2261 λοιπὰ
462 2233 512 2259 ὅσα
526 2234 558 2260 ὲκ
571 2233 618 2259 τοῦ
637 2233 758 2260 ἐναντίου
777 2235 810 2269 τῇ
829 2234 896 2269 πρὸς
910 2233 938 2260 τὸ

991 2236 1017 2260 et
1032 2232 1180 2267 obligatum
1195 2231 1292 2258 acerbe
1314 2230 1435 2262 detinet,
1452 2229 1511 2256 suis
1534 2227 1655 2255 moribus
1677 2234 1709 2253 ac
1730 2234 1775 2253 ra-

154 2279 238 2306 κακον
260 2279 394 2307 ἀντιθέσει
409 2280 507 2306 νοεῖται
520 2298 528 2310 ,
544 2275 581 2305 ὧν
601 2278 714 2314 ἄμικτος
730 2279 746 2315 ή
761 2278 913 2314 ἐναντιότης
930 2287 937 2294 ·

155 2325 197 2359 ἐφ’
209 2322 245 2352 ὧν
257 2325 271 2350 6
282 2325 320 2360 τῷ
336 2325 377 2351 ἐνὶ
389 2324 605 2360 κατειλημμένος
616 2345 623 2356 ,
641 2324 688 2351 τοῦ
700 2325 820 2351 ἐναντίου
831 2325 940 2356 πάντως
957 2326 961 2327 ⁷

154 2370 316 2407 ἀφώρισται.
339 2369 383 2401 Ὠς
405 2370 459 2405 γὰρ
474 2371 488 2396 6
505 2371 534 2397 ἐν
550 2369 589 2404 τῷ
607 2369 713 2405 θανάτῳ
733 2369 876 2404 γενόμενος
887 2390 895 2402 ,
910 2370 939 2397 ὲν

155 2415 210 2450 ζωῇ
224 2415 274 2442 οὐκ
287 2414 360 2442 ἔστιν
372 2423 378 2429 ·
393 2415 439 2440 καὶ
451 2415 465 2440 6
478 2414 528 2449 τῆς
544 2414 616 2449 ζωῆς
633 2414 753 2450 μετέχων
766 2414 812 2440 τοῦ
824 2414 938 2441 θανάτου

155 2461 318 2496 κεχώρισται
329 2469 337 2476 ·
351 2460 437 2492 οὕτως
452 2460 557 2496 ἀνάγκη
581 2461 655 2487 πᾶσα
668 2460 713 2487 τὸν
733 2461 766 2496 τῇ
790 2460 940 2496 φιλανθρω-

155 2508 205 2543 πίᾳ
219 2506 264 2533 τοῦ
280 2505 346 2533 Θεοῦ
365 2506 520 2542 προσιόντα,
539 2506 628 2541 πάσης
644 2506 775 2541 ἀπηνείας
792 2506 869 2538 ἐκτὸς
893 2515 939 2541 γε-

154 2553 257 2580 νέσθαι.
279 2552 308 2578 Ὀ
330 2552 358 2578 δὲ
382 2552 459 2583 ἐκτὸς
476 2552 584 2578 πάντων
599 2551 652 2578 τῶν
680 2552 708 2577 ὲν
725 2552 809 2588 κακίᾳ
831 2552 942 2587 νοουμέ-

155 2607 208 2626 νων
225 2597 369 2633 γενόμενος
383 2617 391 2630 ,
407 2597 472 2629 Θεὸς
496 2598 595 2633 τρόπον
611 2597 670 2624 τινὰ
690 2597 733 2624 διὰ
746 2599 794 2633 τῆς
815 2598 941 2634 τοιαύτης

154 2643 236 2676 ἕξεως
253 2642 366 2676 γίνεται,
381 2643 468 2669 ἐκεῖνο
479 2642 654 2678 κατορθώσας
665 2642 764 2678 ἐαυτῷ,
781 2643 796 2670 ὃ
810 2643 874 2679 περ)
891 2644 939 2679 τὴν

155 2688 229 2715 θείαν
243 2687 324 2723 φύσιν
338 2689 352 2714 6
375 2687 453 2722 λόγος
477 2687 579 2723 βλέπει.
600 2688 681 2724 Ὁρᾷς
695 2688 735 2720 εἰς
749 2689 809 2715 ὅσον
827 2689 940 2723 μέγεθος

154 2734 216 2769 ὑψοῖ
228 2735 291 2766 τοὺς
303 2735 451 2766 ἀκούοντας
463 2735 507 2762 διὰ
518 2735 572 2762 τῶν
583 2735 633 2770 τῆς
645 2736 797 2771 προσευχῆς
811 2735 941 2771 ῥημάτων

153 2783 168 2808 6
185 2780 301 2817 Κύριος,
320 2781 479 2808 μεταϐαλὼν
501 2781 601 2817 τρόπον
622 2782 682 2808 τινὰ
696 2779 747 2815 τὴν
765 2781 937 2818 ἀνθρωπίνην

190 2871 210 2887 ⁷⁸
233 2870 328 2898 Matih.
349 2879 392 2903 Vl,
412 2871 466 2903 35;
484 2870 549 2898 Luc.
570 2879 622 2902 xu,
640 2871 683 2897 3].
723 2871 744 2886 τ’
765 2870 830 2898 Luc.
849 2879 874 2903 ν,
890 2871 934 2897 '21.

990 2279 1063 2306 tione
1088 2278 1150 2305 facti
1170 2277 1229 2308 sui,
1247 2277 1281 2304 ab
1298 2276 1465 2303 humanitate
1481 2275 1572 2302 divina
1592 2273 1711 2308 seipsum
1728 2280 1773 2300 se-

990 2329 1069 2360 parat
1081 2329 1162 2359 atque
1174 2323 1301 2359 seiungit.
1314 2323 1378 2356 Quae
1389 2323 1461 2349 enim
1477 2321 1596 2349 societas
1609 2319 1776 2346 humanitati

990 2380 1051 2399 cum
1067 2370 1246 2401 crudelitate,
1262 2374 1288 2397 et
1304 2368 1459 2397 dilectionis
1477 2365 1614 2394 aﬂ'ectioni
1631 2373 1693 2393 cum
1710 2364 1775 2392 feri—

980 2417 1066 2453 tate?
1081 2418 1144 2444 item
1161 2417 1187 2444 in
1203 2416 1315 2451 reliquis
1327 2435 1334 2446 ,
1350 2422 1410 2450 qua?
1433 2422 1465 2441 ex
1487 2411 1628 2440 contrario
1640 2430 1648 2443 ,
1669 2409 1777 2446 opposiv

991 2464 1064 2491 tione
1090 2463 1154 2490 mali
1181 2462 1270 2495 facta,
1297 2461 1507 2496 intelliguntur:
1535 2464 1650 2493 quarum
1681 2463 1773 2484 rerum

990 2510 1171 2538 contrarietas
1196 2507 1365 2537 insociabilis
1389 2510 1447 2538 est,
1463 2512 1579 2541 quarum
1603 2510 1656 2530 una
1681 2501 1773 2536 aliqua

990 2559 1132 2590 correptus
1153 2562 1168 2581 a
1192 2553 1328 2581 contraria
1351 2559 1464 2587 prorsus
1485 2553 1642 2585 segregatus
1663 2551 1718 2574 cst.
1741 2545 1774 2573 Ut

990 2601 1062 2627 enim
1086 2601 1131 2628 ille
1151 2600 1197 2635 qui
1218 2603 1332 2632 mortem
1348 2597 1416 2625 obiit
1431 2597 1457 2623 in
1474 2599 1528 2623 vita
1543 2596 1669 2621 nonest:
1684 2595 1712 2618 et
1726 2591 1773 2625 qui

992 2647 1054 2675 vita:
1067 2647 1202 2682 particeps
1215 2649 1272 2678 est,
1289 2651 1303 2671 a
1320 2647 1405 2670 morte
1421 2646 1541 2669 remotus
1556 2644 1582 2667 ct
1595 2638 1699 2665 alienus
1712 2639 1754 2663 est
1765 2655 1773 2668 ,

993 2693 1030 2720 ita
1056 2692 1168 2720 omnino
1183 2698 1295 2718 necesse
1318 2692 1360 2716 est
1382 2695 1444 2716 cum
1461 2686 1508 2722 qui
1525 2685 1558 2713 ad
1576 2682 1773 2711 humanitatem

995 2739 1039 2766 l‘ei
1053 2745 1215 2766 accessurus
1229 2736 1265 2764 sit
1275 2755 1282 2768 .
1297 2735 1331 2763 ab
1346 2734 1420 2763 omni
1440 2733 1541 2761 saevitia
1558 2731 1675 2758 alienum
1701 2735 1771 2755 esse.

992 2785 1025 2811 At
1038 2784 1082 2819 qni
1097 2783 1217 2810 omnium
1231 2788 1322 2809 carum
1340 2787 1428 2807 rerum
1447 2785 1507 2813 qua:
1527 2782 1572 2812 per
1596 2773 1726 2802 malitiam
1742 2780 1774 2799 ac
