1978 3068
126 112 195 143 1185

601 111 646 140 DE
669 110 847 139 ORATIONE
865 108 1039 137 DOMINI‘CA.
1062 124 1096 129 ——
1128 108 1257 137 ORATIO
1285 109 1316 137 ν.

1692 107 1762 136 1186

167 171 277 206 *Επειδὴ
290 170 360 206 γὰρ,
377 170 468 203 καθώς
483 179 565 206 φησιν
582 171 596 197 ὁ
619 170 796 203 ’Δπόστολος,
813 170 848 197 ἐν
876 168 916 201 τῷ

1003 166 1140 200 Quoniam
1155 168 1240 199 enim,
1266 171 1295 194 ut
1314 166 1403 201 inquit
1432 165 1588 201 Apostolus,
1614 173 1704 192 omtm
1716 173 1762 200 per

133 219 224 253 ’Λδὰμ
240 217 352 251 πάντες
367 216 604 251 ἀποθνήσκομεν
616 237 624 249 ,
647 215 716 244 εἴναι
731 217 863 253 προσήκει
881 214 920 251 τῷ

134 266 219 301 Ἀδὰμ
235 265 280 292 ἐπὶ
302 265 335 300 τῇ
357 264 488 300 μετανοίᾳ
517 263 674 299 πρέπουσαν
701 262 792 298 φωνὴν
811 262 920 289 πάντων

126 312 181 339 τῶν
205 311 303 347 ἐκείνῳ
318 311 538 346 συντεθνηκότων
550 329 558 342 ,
577 309 614 342 ὡς
643 309 675 337 ἂν
698 311 748 345 τῆς
767 309 920 344 ἀμνηστίας

129 359 194 393 ἡμῖν
211 358 265 385 τῶν
289 357 532 393 πλημμελημάτων
549 356 688 392 δοθείσης,
719 357 809 392 χάριτι
839 355 920 383 πάλιν

129 404 182 431 ὑπὸ
194 404 240 431 τοῦ
256 404 360 439 Κυρίου
378 403 541 438 σωθείημεν,
556 402 646 434 καθώς
662 411 743 437 φησιν
759 402 773 428 ὁ
792 402 920 429 Ἀπόστο-

130 449 184 482 λος.
202 450 282 477 Ἀλλᾶ
299 449 385 477 ταῦτα
399 449 448 485 μὲν
471 449 595 485 εἴρηται,
611 447 649 480 ὡς
668 448 701 475 ἄν
711 457 753 480 τις
772 447 816 474 τὸν
834 448 921 474 κοινό-

129 504 208 531 τερον
223 495 380 522 ἐπισκοπῶν
396 495 492 529 λόγον,
506 494 536 521 τὸ
555 493 735 530 προκείμενον
747 492 919 528 θεωρήσειεν.

131 542 162 569 Εἰ
173 542 201 568 δέ
217 550 260 574 τις
274 541 323 577 τὴν
341 540 428 576 ἀληθῆ
451 540 497 567 τοῦ
524 540 646 575 ῥήματος
671 539 765 575 ζητοίη
783 539 919 566 διάνοιαν·

130 588 180 614 οὐκ
192 585 269 623 οἶμαι
284 586 378 622 χρείαν
393 587 436 621 ἐφ’
452 586 518 622 ἡμῖν
533 584 602 613 εἶναι
615 606 621 619 ,
643 586 710 621 πρὸς
725 586 756 612 τὺ
771 585 859 612 κοινὸν
873 586 921 620 τῆς

131 632 238 667 φύσεως
254 631 399 668 ἀναφέρειν
421 632 471 668 τὴν
491 632 595 659 ἔννοιαν
607 641 614 649 ·
631 631 710 667 ἱκανὴ
725 631 780 666 γὰρ
797 631 813 666 ἡ
832 630 922 657 συνεί-

128 680 208 715 δησις
227 680 258 706 ἐκ
272 680 327 706 τῶν
350 678 457 714 ἑκάστῳ
482 678 655 714 βεϐιωμένων
674 678 826 713 ἀναγκαίαν
845 678 923 713 ποιή-

132 725 230 752 σασθαι
245 725 292 752 τοῦ
314 725 389 752 ἐλέου
403 725 452 761 τὴν
466 725 585 760 αἴτησιν.
609 724 760 756 Πολυειδώς
777 724 831 761 γὰρ
851 723 923 750 κατὰ

131 771 176 798 τὸν
199 771 256 806 βίον
272 770 365 798 τοῦτον
382 772 431 806 τῆς
451 771 523 806 ζωῆς
546 771 612 806 ἡμῖν
631 771 831 807 ἐνεργουμένης
845 779 852 786 ·
873 771 924 806 τῆς

134 817 183 852 μὲν
197 817 267 844 κατὰ
277 817 365 852 ψυχὴν
380 818 426 844 καὶ
437 817 567 848 διάνοιαν,
578 817 627 852 τῆς
640 817 668 844 δὲ
679 817 750 844 κατὰ
764 817 815 849 τὰς
825 817 922 853 αἰσθή-

134 871 190 894 σεις
216 863 263 890 τοῦ
288 863 414 899 σώματος
429 871 437 878 ο
464 863 602 896 δύσκολον,
633 863 649 899 ἢ
678 863 726 890 καὶ
749 863 922 890 παντάπασιν

132 910 272 946 ἀμήχανον
292 907 380 941 εἶναι,
400 910 437 945 μὴ
463 909 502 936 ὲνί
521 918 575 936 τινι
595 909 665 945 πρὸς
688 910 824 945 ἁμαρτίαν
841 909 922 936 πάθει

133 955 335 991 συνενεχθῆναι,
349 952 404 981 οἷόν
420 963 446 981 τι
465 954 552 988 λέγω·
568 954 624 990 Τῆς
639 954 841 990 ἀπολαυστικῆς
859 955 923 982 ταύ-

132 1008 183 1035 της
201 999 251 1034 τῆς
267 1000 338 1027 κατὰ
354 1000 383 1026 τὺ
401 999 480 1035 σῶμα
498 1000 570 1035 ζωῆς
592 999 823 1036 ὲπιμεριζομένης
844 1001 923 1036 ἡμῶν

133 1049 193 1079 ταῖς
207 1046 360 1082 αίσθήσεσι,
381 1048 431 1082 τῆς
446 1047 475 1073 δὲ
489 1047 560 1073 κατὰ
575 1047 675 1082 ψυχὴν,
696 1048 724 1074 ἐν
742 1049 773 1083 τῇ
798 1048 848 1083 τῆς
866 1048 923 1074 δια-

134 1093 208 1124 νοίας
224 1094 296 1128 ὁρμῇ
319 1092 527 1128 θεωρουμένης,
546 1093 594 1119 καὶ
622 1094 651 1119 ὲν
676 1094 709 1128 τῇ
743 1094 848 1129 κινήσει
874 1095 923 1130 τῆς

135 1139 339 1175 προαιρέσεως·
355 1139 398 1171 τις
423 1136 501 1172 οὗτος
515 1139 615 1175 ὑψηλός
634 1148 664 1166 τε
685 1141 732 1167 καὶ
752 1140 925 1176 μεγαλοφυὴς

134 1184 173 1220 τῷ
189 1184 353 1220 φρονήματι,
377 1183 414 1215 ὡς
436 1183 468 1211 δι’
488 1184 651 1220 ἀμφοτέροιν
669 1184 721 1217 ἔξω
737 1185 862 1219 γενέσθαι
877 1185 923 1212 τοῦ

134 1229 206 1256 κατὰ
229 1229 328 1256 κακίαν
347 1229 537 1264 μολύσματος;
562 1230 609 1262 Τίς
631 1230 702 1256 κατὰ
726 1230 770 1256 τὸν
787 1230 925 1266 ὀφθαλμὸν

135 1275 325 1310 ἀναμάρτητος
335 1283 342 1306 ;
353 1275 397 1307 Τίς
413 1275 483 1302 κατὰ
497 1275 546 1310 τὴν
564 1275 648 1310 ἀκοὴν
660 1275 861 1309 ἁνυπεύθυνος;
878 1277 898 1303 Τ
902 1276 925 1307 ίς

134 1322 184 1356 τῆς
198 1320 425 1357 βοσκηματώδους
439 1322 542 1358 ταύτης
565 1322 636 1349 κατὰ
653 1322 698 1349 τὸν
718 1322 815 1358 λαιμὸν
829 1323 926 1359 ἡδονῆς

135 1368 291 1403 ἁλλότριοςς
307 1368 356 1399 Τίς
375 1369 408 1403 τῇ
425 1368 480 1403 ἁφῇ
495 1368 545 1403 τῆς
569 1368 640 1395 κατὰ
653 1368 701 1403 τὴν
725 1369 860 1404 ἁμαρτίαν
877 1369 925 1395 λα-

137 1414 187 1448 ϐῆς
203 1413 368 1448 καθαρεύει;
385 1413 434 1445 Τίς
454 1414 504 1440 οὐκ
519 1411 588 1440 οἶδεν
607 1414 636 1440 τὺ
655 1413 769 1449 αἴνιγμα
784 1414 833 1450 τῆς
857 1415 926 1450 rp:-

137 1458 191 1494 φῆς
200 1458 333 1494 λεγούτης
341 1467 348 1475 ·
358 1458 410 1486 Διὰ
420 1458 479 1485 τῶν
492 1459 621 1493 θυρίδων
631 1459 862 1494 εἰσεληλυθέναι
873 1461 927 1486 τὸν

136 1505 284 1556 (-Idrarorl;
302 1504 431 1556 Tdiyr'zp
444 1505 585 1541 αἰσθήσεις
596 1526 603 1538 ,
619 1506 651 1532 δι’
673 1502 710 1532 ὦν
725 1506 895 1533 ἐκπίπτουσα
909 1507 925 1542 ή
942 1525 964 1556 c

136 1551 209 1588 ψυχὴ
225 1551 292 1586 πρὸς
305 1551 339 1578 τὰ
353 1551 453 1583 ἔξωθεν
467 1551 618 1586 πράγματα
644 1551 698 1578 τῶν
722 1552 793 1579 κατὰ
815 1552 928 1589 γνώμην

137 1596 380 1632 ἀντιλαμϐάνεται,
401 1596 510 1631 θυρίδας
538 1597 555 1632 ἡ
580 1597 675 1633 Γραφὴ
696 1600 927 1633 προσηγόρευσεν,

137 1644 170 1676 ἃς
184 1644 315 1671 ὁδοποιεῖν
328 1643 366 1678 τῷ
389 1642 496 1678 θανάτῳ
520 1642 570 1677 τὴν
590 1642 691 1670 εἴσοδον
713 1645 727 1670 ὁ
745 1644 831 1677 Λόγος
852 1643 928 1678 φησι.

137 1689 182 1726 Τῷ
198 1690 255 1717 ὖντι
271 1689 325 1724 γὰρ
337 1688 441 1727 πολλῷν
458 1689 581 1716 θανάτων
594 1679 696 1721 siccae;
705 1690 809 1724 γίνεται
830 1690 929 1718 πολλὰ-

137 1745 182 1769 ut;
195 1737 210 1763 ὸ
221 1736 358 1772 ὀφθαλμὸς
369 1757 375 1768 ,
390 1737 404 1763 ὁ
424 1735 594 1771 θυμούμενον
608 1736 715 1772 βλέπων
727 1757 734 1768 ,
753 1737 800 1764 καὶ
817 1738 884 1772 πρὸς
899 1738 929 1765 τὺ

139 1782 196 1809 ἴσον
224 1781 311 1813 πάθος
338 1780 579 1816 ἁντεγειρόμενος·
610 1781 626 1816 ἢ
648 1781 837 1817 εὐημεροῦντα
864 1783 929 1818 παρ’

138 1827 227 1860 ἀξίαν,
242 1826 289 1853 καὶ
301 1826 341 1858 είς
357 1825 454 1860 φθόνον
469 1825 634 1860 φλεγόμενος
647 1834 654 1840 ·
702 1826 929 1863 ὑπερηφανούμε-

139 1883 194 1905 νον,
213 1873 260 1900 καὶ
284 1872 352 1908 πρὸς
375 1873 453 1908 μῖσος
474 1871 632 1899 ἐκπίπτων·
648 1873 664 1907 ἦ
687 1881 749 1899 τινα
765 1873 930 1908 εὐχροοῦσαν

140 1920 223 1956 ὕλην,
243 1920 260 1955 ἢ
282 1919 327 1946 ἐπὶ
351 1918 458 1954 μορφῆς
482 1918 667 1954 εὐφυεστέραν
692 1918 854 1950 διάπλασιν,
875 1919 930 1946 ’καὶ

140 1967 199 1997 ὅλος
215 1965 281 2001 πρὸς
299 1964 349 2000 τὴν
366 1963 413 1990 τοῦ
429 1964 577 1999 ἁρὲσαντος
591 1964 739 1999 ἐπιθυμίαν
757 1964 930 1992 κατολισθαί-

140 2021 204 2039 νων.
222 2010 315 2042 Οὕτως
329 2010 431 2044 ἀνοίγει
450 2009 489 2045 τῷ
506 2009 614 2045 θανάτῳ
628 2010 676 2042 τὰς
692 2010 801 2046 θυρίδας
820 2011 850 2038 τὺ
873 2009 929 2045 οὖς,

141 2058 174 2085 δι’
187 2054 224 2084 ὧν
239 2056 332 2084 ἀκούει
342 2077 349 2090 ,
361 2055 447 2082 πολλὰ
467 2055 540 2091 πάθη
554 2055 600 2082 ἐπὶ
612 2056 660 2092 τὴν
679 2056 768 2092 ψυχὴν
783 2058 932 2093 παραδέχε-

141 2113 186 2130 ται
197 2122 204 2135 ,
217 2101 298 2138 φόϐον
310 2123 317 2135 ,
335 2101 434 2137 λύπην,
446 2101 531 2137 θυμὸν
544 2122 551 2134 ,
565 2102 672 2137 ἡδονὴν,
687 2102 835 2138 ἐπιθυμίαν
847 2123 855 2136 ,
872 2104 931 2132 διὰ-

142 2158 220 2186 χυσιν
236 2149 369 2184 γέλωτος,
385 2148 432 2175 καὶ
444 2147 478 2174 τὰ
493 2147 615 2175 τοιαῦτα.
634 2149 666 2175 Ὴ
684 2149 712 2175 δὲ
728 2149 799 2176 κατὰ
809 2149 858 2186 τὴν
872 2151 933 2185 γεῦ-

940 847 960 874 Β

973 214 1106 241 Adamum
1133 215 1263 241 morimur
1277 214 1311 246 7’,
1330 213 1458 240 convenit
1489 219 1549 239 eam
1578 219 1672 240 vocem
1701 220 1763 248 quae

971 258 1106 286 Adamum
1132 259 1242 286 nomine
1271 258 1440 294 paenitentia:
1466 257 1556 289 decet,
1582 263 1761 284 communem

972 312 1033 332 esse
1049 305 1172 332 omnium
1186 304 1233 340 qui
1252 312 1314 332 cum
1329 304 1376 330 illo
1392 303 1493 330 mortui
1510 306 1593 335 sunt,
1609 295 1650 335 ut,
1665 310 1763 337 quem-

972 351 1120 378 admodum
1143 351 1181 378 ait
1199 350 1358 386 Apostolus.
1385 349 1534 377 abolitione
1554 352 1582 376 et
1600 348 1762 384 impunitate

972 397 1136 424 delictorum
1155 398 1235 425 nobis
1250 404 1393 428 concessa,
1418 403 1466 431 per
1483 394 1597 430 gratiam
1627 403 1725 423 rursus
1746 402 1762 422 a

975 442 1091 470 Domino
1107 451 1257 471 serventur.
1281 444 1334 471 Sed
1351 443 1408 470 haec
1425 443 1536 478 quidem
1557 441 1670 477 perinde
1689 441 1762 468 dicta

973 493 1049 523 sunt,
1062 497 1094 517 ac
1109 490 1131 517 si
1147 490 1210 525 quis
1224 490 1356 517 rationem
1374 489 1461 524 magis
1483 495 1657 517 communem
1675 487 1761 522 inspi-

972 535 1058 569 ciens,
1069 537 1239 572 propositam
1251 543 1307 563 rctn
1320 535 1476 563 consideret
1492 543 1499 562 :
1513 534 1586 570 quod
1608 533 1630 561 si
1646 533 1709 569 quis
1718 540 1764 560 ve-

973 589 1031 609 ram
1048 582 1124 609 verbi
1134 582 1299 610 sententiam
1317 581 1428 617 quaerit,
1440 588 1495 608 non
1510 579 1608 615 opinor
1623 586 1690 614 opus
1702 585 1764 606 esse

972 628 1001 656 in
1016 628 1093 656 nobis
1109 628 1142 655 ad
1158 635 1329 655 communem
1348 631 1474 654 naturam
1492 625 1596 654 referre
1620 624 1765 660 cogitatio-

975 682 1036 702 nem
1050 683 1056 702 :
1072 678 1162 709 potest
1173 673 1246 701 enim
1270 681 1320 701 sua
1345 673 1482 708 cujusque
1505 672 1568 699 vitae
1593 670 1764 698 conscientia

975 720 1160 748 necessariam
1182 719 1272 748 facere
1289 720 1486 749 misericordia:
1503 721 1672 756 petitionem.
1695 720 1764 747 Cum

975 765 1048 793 enim
1064 766 1118 792 vita
1130 773 1144 792 a
1163 765 1243 793 nobis
1260 766 1287 792 in
1302 766 1353 793 hoc
1372 767 1473 793 saeculo
1485 765 1560 795 varie
1583 764 1764 792 multiformi-

975 814 1073 846 terque
1100 811 1242 846 exigatur;
1272 811 1324 838 alia
1351 811 1461 846 quidem
1488 811 1565 846 juxta
1594 811 1714 838 animum
1738 814 1765 838 et

976 861 1104 888 mentem.
1117 857 1170 884 alia
1181 865 1245 885 vero
1261 858 1413 884 secundum
1433 866 1533 886 sensus
1549 858 1693 893 corporis:
1707 857 1763 885 dif-

976 903 1142 935 ficulter,aut
1154 904 1235 931 etiam
1249 904 1361 930 omnino
1372 903 1428 931 fieri
1445 911 1497 931 non
1511 912 1591 940 posse
1598 904 1726 936 arbitror,
1736 909 1766 930 ut

976 957 1031 977 non
1042 957 1103 977 cum
1120 957 1174 977 uno
1188 949 1279 984 aliquo
1288 950 1384 977 aliectu
1395 950 1455 986 quis
1465 951 1491 977 in
1502 953 1641 986 peccatqu
1652 949 1766 981 labatur.

976 996 1057 1031 quale
1071 995 1136 1030 quid
1152 996 1268 1031 exempli
1286 996 1373 1031 gratia
1398 996 1482 1023 aliero
1502 996 1529 1023 in
1546 996 1664 1023 medium
1680 995 1766 1023 :Cum

977 1042 1035 1069 haec
1058 1042 1112 1069 vita
1136 1050 1190 1077 qua
1213 1050 1260 1076 per
1279 1050 1380 1077 corpus
1402 1042 1519 1070 fruimur
1545 1043 1572 1070 in
1601 1050 1700 1070 sensus
1722 1050 1768 1069 n0-

977 1093 1051 1116 stros
1078 1088 1227 1120 dividatur,
1254 1095 1285 1115 ea
1309 1096 1374 1115 vero
1391 1096 1452 1124 qua:
1471 1089 1621 1116 secundum
1645 1089 1766 1115 animum

977 1134 1097 1169 exigitur
1117 1134 1144 1160 in
1165 1134 1267 1161 utentis
1287 1134 1389 1169 impetu
1407 1138 1434 1161 et
1452 1139 1526 1161 motu
1552 1134 1645 1162 liberte
1667 1134 1767 1162 volun-

979 1180 1044 1206 tatis
1059 1179 1264 1211 consideretur,
1286 1178 1350 1213 quis
1365 1177 1434 1205 adeo
1452 1186 1551 1214 magno
1564 1182 1646 1214 atque
1658 1179 1768 1206 excelso

978 1224 1080 1255 animo,
1094 1224 1157 1258 quis
1173 1228 1249 1250 tanta
1274 1224 1420 1258 prudentia
1447 1224 1590 1259 praeditus,
1614 1225 1677 1258 quis
1699 1224 1768 1250 tanti

979 1270 1093 1306 spiritus
1108 1273 1161 1302 est,
1191 1273 1221 1296 ut
1238 1277 1287 1304 per
1304 1276 1448 1304 utramque
1461 1270 1522 1297 vitm
1534 1270 1669 1297 rationem
1689 1270 1770 1296 vitio-

979 1316 1069 1344 sitatis
1097 1323 1129 1343 ac
1153 1315 1263 1343 malitia:
1285 1316 1474 1350 contagionem
1498 1320 1526 1343 et
1553 1315 1768 1351 inquiuationem

979 1362 1105 1398 effugiat?
1123 1363 1195 1396 quis,
1213 1361 1284 1397 quod
1297 1363 1330 1389 ad
1345 1362 1455 1389 oculum
1469 1362 1576 1395 attinet,
1592 1370 1691 1398 expers
1706 1371 1769 1398 pec-

980 1410 1032 1436 cati
1053 1408 1193 1444 est?quis.
1204 1409 1275 1443 quod
1291 1408 1323 1436 ad
1341 1408 1464 1436 auditum
1487 1408 1596 1441 attinet,
1619 1409 1770 1436 innoxius?

980 1456 1042 1492 quis
1055 1456 1088 1484 ab
1107 1456 1158 1483 hac
1182 1455 1290 1482 bestiali
1315 1455 1386 1490 gula:
1402 1455 1541 1490 voluptate
1557 1455 1684 1483 alienus?
1709 1456 1771 1490 quis

981 1507 1054 1530 laetu
1073 1510 1158 1537 purus
1173 1506 1199 1529 et
1215 1509 1320 1528 vacuus
1338 1502 1372 1528 ali
1390 1501 1536 1529 occasione
1555 1501 1677 1536 peccati?
1703 1501 1772 1534 Quis

981 1550 1068 1577 nescit
1083 1549 1254 1576 involucrum
1273 1552 1300 1575 et
1326 1548 1442 1584 mnigma
1473 1547 1621 1583 Scriptura:
1641 1547 1770 1581 dicentis,

980 1596 1052 1632 quod
1077 1604 1124 1631 per
1152 1594 1287 1622 fenestras
1311 1603 1385 1623 mors
1416 1595 1541 1630 ingressa
1558 1594 1645 1622 sit“?
1669 1595 1773 1623 Sensus

980 1643 1063 1673 enim,
1080 1650 1127 1676 per
1143 1649 1213 1676 quos
1228 1641 1337 1668 animus
1366 1640 1490 1668 eminens
1505 1645 1531 1668 et
1558 1640 1591 1668 ad
1610 1649 1653 1668 res
1682 1645 1773 1668 exter-

981 1697 1031 1717 nas
1049 1696 1110 1716 sese
1131 1695 1263 1715 exercens
1286 1695 1317 1714 ea
1343 1695 1404 1721 quae
1428 1686 1539 1722 placent
1559 1687 1657 1722 arripit
1679 1692 1706 1714 et
1724 1695 1774 1722 ap-

980 1733 1132 1769 prehendit,
1172 1732 1307 1760 fenestras
1338 1730 1480 1766 Scriptura
1509 1732 1665 1767 appellavit,
1703 1741 1772 1768 quas

981 1780 1078 1808 Sermo
1085 1779 1163 1807 morti
1172 1779 1274 1805 aditum
1284 1777 1436 1813 patefacere
1444 1778 1589 1807 dicit.Nam
1599 1786 1692 1806 revera
1704 1779 1774 1806 mul-

981 1826 1017 1855 tis
1031 1834 1103 1861 saepe
1118 1825 1253 1852 mortibus
1266 1824 1423 1851 introeundi
1447 1825 1524 1851 locus
1539 1824 1637 1852 oculus
1653 1824 1773 1856 exsistit,

981 1873 1045 1901 dum
1058 1873 1100 1900 vel
1113 1873 1278 1900 irascentem
1303 1871 1388 1904 videt,
1419 1874 1446 1899 et
1472 1870 1505 1898 ad
1527 1871 1651 1899 eamdem
1679 1876 1773 1898 contra

981 1919 1214 1956 perturbationem
1243 1917 1388 1949 incitatur,
1427 1917 1469 1944 vel
1501 1924 1631 1952 prospera
1665 1917 1774 1945 fortuna

982 1969 1079 2001 praeter
1094 1964 1220 1992 meritum
1238 1967 1377 1995 utentem,
1405 1967 1432 1990 et.
1452 1963 1480 1990 in
1507 1963 1637 1990 invidiam
1658 1963 1775 1990 exarde-

982 2000 1035 2040 scit
1051 2021 1057 2040 :
1071 2011 1112 2039 vel
1129 2011 1341 2046 superbientem.
1359 2010 1426 2037 ‘etin
1439 2009 1532 2037 odium
1551 2010 1623 2041 ruit;
1651 2009 1692 2037 vel
1722 2000 1774 2036 ali—

982 2066 1064 2094 quam
1094 2057 1236 2084 materiam
1253 2056 1318 2084 boni
1336 2057 1448 2089 coloris,
1477 2056 1693 2084 dexteriorcmve
1716 2055 1774 2083 oris

983 2112 1014 2131 ac
1032 2103 1126 2131 formae
1141 2103 1266 2138 figuram,
1287 2106 1314 2129 et
1339 2106 1413 2130 totus
1431 2102 1463 2129 ad
1477 2102 1728 2137 concupiscendum
1749 2102 1775 2129 id

984 2150 1056 2185 quod
1070 2149 1203 2184 placuerit
1220 2148 1367 2175 delabitur.
1384 2148 1421 2174 ita
1443 2146 1518 2174 auris
1541 2148 1623 2174 morti
1641 2147 1775 2175 fenestras

145 2204 187 2223 σιν
204 2195 354 2226 ἀπόλαυσις
366 2215 374 2227 ,
393 2194 484 2229 μήτηρ
495 2213 503 2226 .
522 2193 560 2226 ὡς
576 2194 609 2221 ἂν
623 2193 694 2221 εἴποι
716 2203 775 2227 τις,
795 2195 850 2222 τῶν
870 2197 927 2224 καθ’

987 2196 1085 2232 aperit,
1101 2199 1127 2223 et
1142 2203 1190 2231 per
1206 2203 1237 2223 ea
1255 2203 1316 2230 qme
1332 2195 1407 2222 audit
1421 2194 1523 2221 multos
1540 2193 1653 2221 allectus
1667 2193 1700 2220 ad
1716 2194 1776 2220 ani-

144 2241 260 2269 ἓκαστόν
273 2242 330 2268 ἐστι
341 2241 434 2267 κακῶν
446 2249 452 2256 ·
467 2239 509 2272 τίς
519 2240 574 2276 γὰρ
587 2241 638 2267 οὐκ
651 2239 731 2273 οἶδεν,
743 2242 782 2269 ὃτι
795 2243 858 2278 ῥίζα
872 2252 933 2278 σχε-

144 2289 188 2316 δόν
203 2289 261 2315 ἐστι
274 2287 328 2314 τῶν
340 2287 404 2323 περὶ
416 2287 462 2314 τὸν
483 2287 539 2322 βίον
553 2283 797 2324 πλημμελημάτων
809 2309 816 2321 ,
830 2291 846 2325 ἡ
869 2291 934 2327 περὶ

144 2335 189 2361 τὸν
201 2334 298 2369 λαιμὸν
310 2333 439 2369 ἀσχολίας
454 2333 562 2369 Ταύτης
576 2333 631 2369 γὰρ
643 2333 816 2371 ὲξήρτηταιή
831 2337 931 2373 τρυφὴ,
956 2337 958 2339 ’

145 2380 161 2414 ἡ
187 2378 270 2414 μέθη,
285 2379 301 2413 η
319 2377 525 2413 γαστριμαργία
536 2398 543 2410 ,
560 2379 576 2413 ἡ
592 2378 656 2414 περὶ
671 2379 721 2414 τὴν
734 2379 838 2407 δίαιταν
860 2382 932 2408 ἀσω-

145 2424 207 2456 τία,
230 2424 248 2459 ἡ
272 2422 402 2458 πληθώρα
415 2443 422 2454 ,
443 2423 457 2449 ὁ
477 2423 575 2458 κόρος,
595 2425 609 2450 ὁ
623 2424 715 2459 κῶμος
727 2445 734 2456 ,
765 2426 781 2460 ἡ
797 2426 936 2463 κτηνώδης

148 2469 195 2496 καὶ
217 2467 313 2503 ἄλογος
331 2469 395 2503 περὶ
422 2468 456 2494 τὰ
482 2468 555 2504 πάθη
581 2469 630 2504 τῆς
654 2469 767 2505 ἀτιμίας
784 2473 936 2508 καταφορὰ.

153 2514 269 2550 Ὁμοίως
280 2515 298 2549 ἡ
312 2514 383 2540 κατὰ
397 2514 446 2548 τὴν
457 2514 529 2549 ἁφὴν
547 2514 672 2550 αἴσθησις
682 2535 688 2546 ,
702 2515 810 2543 πάντων
825 2517 937 2553 ἔσχατον

147 2561 201 2588 τῶν
218 2559 449 2596 ἁμαρτανομένων
467 2559 541 2586 ἐστί·
561 2560 650 2587 πάντα
668 2561 723 2597 γὰρ
749 2562 799 2589 ὅσα
822 2563 861 2599 τῷ
885 2564 938 2591 σώ-

150 2615 216 2643 ματι
234 2606 309 2642 παρὰ
324 2605 379 2632 τῶν
394 2605 543 2640 φιληδόνων
560 2606 748 2642 ἐπιτηδεύεται
759 2629 766 2640 ,
792 2609 842 2645 τῆς
863 2611 938 2638 ἀντι-

148 2652 255 2688 λήψεως
271 2652 320 2687 τῆς
347 2652 465 2686 ἁπτικῆς
489 2653 561 2678 ἐστιν
592 2653 814 2689 ἀρρωστήματα,
841 2653 879 2682 ὧν
903 2657 938 2684 τὰ

150 2699 212 2726 καθ’
227 2698 342 2725 ἕκαστον
364 2698 516 2732 διηγεῖσθαι
535 2698 640 2733 μακρὸν
667 2698 700 2726 ἂν
721 2699 778 2734 εἴη·
804 2701 850 2728 καὶ
876 2702 937 2729 οὐδὲ

151 2745 256 2781 πρέπον
282 2744 340 2779 ἃμα
368 2745 424 2776 τοῖς
454 2744 626 2780 σεμνοτέροις
650 2747 705 2771 τῶν
733 2745 819 2780 λόγων
849 2757 937 2784 παρα-

153 2789 287 2826 μιγνύειν,
302 2790 352 2821 ὅσα
362 2789 412 2825 τῆς
427 2789 499 2825 ἁφῆς
517 2790 575 2816 ἐστι
588 2792 813 2828 κατηγορήματα.

186 2848 209 2865 τ’
229 2847 239 2876 ι
258 2845 322 2876 Cor.
339 2855 384 2883 xv,
400 2847 446 2875 22.
483 2847 507 2864 ⁸ο
525 2846 580 2876 Jcr.
598 2854 624 2874 Ix
637 2866 644 2880 ,
658 2847 703 2875 Ἣ.

986 2250 1061 2270 mum
1075 2241 1246 2274 transmittit,
1265 2244 1378 2273 metum,
1394 2240 1545 2272 tristitiam,
1559 2240 1636 2270 iram.
1652 2240 1777 2274 volupta-

987 2292 1052 2321 tem,
1083 2287 1271 2320 cupiditatem,
1300 2286 1385 2314 risum
1413 2285 1542 2317 ell'usum,
1577 2290 1603 2312 et
1632 2285 1776 2319 ejusmodi.

988 2334 1074 2362 Porro
1086 2322 1211 2368 gustatus
1229 2333 1365 2368 voluptas,
1385 2337 1481 2364 mater,
1504 2336 1533 2358 ut
1548 2331 1647 2359 dixerit
1663 2332 1775 2367 aliquis,

988 2380 1155 2415 singulorum
1166 2378 1300 2405 malorum
1312 2381 1353 2404 est
1371 2377 1454 2412 :quis
1480 2377 1552 2404 enim
1574 2377 1680 2412 ignorat
1704 2378 1776 2412 quod

985 2425 1055 2460 gula:
1069 2425 1190 2453 studium
1204 2423 1280 2451 radix
1291 2423 1487 2458 propemodum
1505 2423 1541 2450 sit
1563 2430 1658 2451 eorum
1678 2431 1778 2458 pecca-

985 2476 1074 2499 torum
1094 2478 1155 2506 quaa
1174 2470 1202 2498 in
1227 2470 1281 2497 vita
1303 2469 1533 2497 committuntur?
1559 2469 1601 2497 Ab
1631 2469 1682 2496 hac
1703 2469 1775 2496 enim

987 2518 1106 2554 pendent
1134 2517 1215 2545 luxus
1231 2521 1313 2551 atque
1336 2515 1450 2547 deliciae,
1473 2515 1604 2547 ebrietas,
1631 2515 1776 2551 ingluvies,

988 2564 1015 2591 in
1032 2563 1104 2591 victu
1130 2563 1308 2598 prodigalitas
1332 2566 1414 2596 atque
1431 2561 1565 2596 profusio,
1600 2561 1776 2593 abundantia,

989 2610 1112 2641 satietas,
1141 2608 1317 2640 comessatio,
1341 2608 1465 2635 bestialis
1493 2611 1520 2634 et
1549 2607 1653 2634 ratione
1679 2614 1777 2641 carens

991 2657 1108 2691 impetus
1134 2655 1167 2683 ad
1182 2655 1246 2682 vitia
1275 2654 1465 2689 ignominiosa.
1495 2653 1627 2681 Similiter
1650 2652 1777 2688 tangendi

989 2697 1088 2730 sensus
1103 2701 1224 2729 omnium
1238 2704 1411 2736 peccatorum
1425 2704 1576 2727 extremum
1600 2703 1642 2726 cst
1661 2708 1667 2725 :
1686 2698 1777 2725 omnia

990 2748 1062 2776 enim
1080 2755 1141 2783 qua:
1155 2754 1271 2782 corpore
1282 2749 1447 2773 exercentur
1466 2752 1480 2771 a
1502 2743 1685 2772 sectatoribus
1706 2743 1780 2771 volu-

992 2793 1091 2830 ptatis,
1108 2793 1335 2830 apprellcnsionis
1357 2799 1417 2828 quae
1441 2794 1514 2818 tactu
1540 2790 1568 2817 lit
1586 2789 1673 2818 morbi
1697 2793 1779 2824 sunt,
