1978 3068
150 110 218 138 1189

634 115 677 142 DE
697 114 1068 143 OR;\TI().\'E.D0.\IINIC.»\.
1084 131 1118 135 -—
1137 117 1267 146 ORATIO
1286 118 1318 145 ι’.

1714 122 1785 149 Ηίὶυ

150 177 224 196 σκειν
238 171 252 196 ὁ
268 169 367 206 Κύριος
381 171 586 208 διηγηματικῶς
604 175 634 201 τὸ
650 175 738 210 δόγμα
757 175 837 202 τοῦτο
850 185 924 212 παρα

992 176 1046 202 alio
1064 183 1192 204 sermone
1206 178 1316 210 docere.
1333 185 1380 213 per
1394 179 1503 206 modunn
1524 179 1692 207 narrationis
1709 181 1781 206 hanc

148 215 300 251 τιθέμενος,
313 217 376 244 ἔνθα
394 218 519 253 βασιλεύς
539 221 580 252 τίς
592 222 665 248 ὲστιν
680 223 708 249 ἐν
719 222 758 257 τῷ
777 222 935 258 διηγήματι,

146 262 270 298 φοϐερῶς
289 266 498 301 προκαθήμενος
509 275 515 282 ⁸
531 269 578 294 καὶ
592 270 655 301 τοὺς
672 270 780 302 υικὲτας
793 272 832 302 εἰς
846 271 937 307 κρίσιν

144 309 237 343 ἄγων,
269 311 317 336 καὶ
341 311 395 337 τῶν
418 314 649 348 οἰκονομηθέντων
665 317 728 351 παρ’
750 317 864 343 ἑκάστου
886 318 936 352 τὴν

144 356 245 388 γνῶσιν
271 356 418 392 ἐπιζητῶν.
434 359 637 394 Προσαχθέντος
656 362 683 388 δέ
702 371 773 394 τινος
799 363 853 389 τῶν
873 373 936 400 χρε-

144 401 298 435 ωφειλετῶν
312 423 319 434 ,
344 404 391 432 καὶ
412 404 615 439 φιλανθρωπίας
630 408 808 443 τετυχηκότος
820 430 827 442 ,
841 410 934 446 ἐπειδὴ

144 449 307 483 προσπεσὼν
335 451 395 477 ἀντὶ
409 453 458 486 τῆς
480 452 534 479 τῶν
559 454 708 489 χρημάτων
733 456 863 488 ὲκτίσεως
884 457 934 494 τὴν

144 494 281 530 Ικετηρίαν
295 497 479 532 προσήγαγεν.
494 495 553 524 εἶτα
566 499 637 526 κατὰ
651 500 698 526 τοῦ
715 501 858 536 ὁμοδούλου
875 503 934 529 ἐπι-

144 540 246 575 μετρίῳ
259 541 392 576 όφλήματι
404 543 508 577 πικρῶς
524 552 553 570 τε
569 545 616 570 καὶ
629 545 741 581 ἀπηνῶς
754 546 931 580 διατεθέντος,

142 585 318 622 ὀργιζόμενον
334 588 444 623 ἐποίησε
462 590 495 624 τῇ
513 590 581 625 πρὸς
595 591 641 617 τὸν
657 591 799 626 ὁμόδουλον
814 594 932 629 ἀπηνείᾳ,

141 632 186 658 τὸν
204 632 326 667 βασιλέα·
348 635 394 661 καὶ
413 636 562 670 προσέταξε
576 638 632 668 τοῖς
647 637 821 672 βασανισταῖς
840 639 930 675 πάγχυ

141 678 222 704 αὐτὸν
237 679 286 714 τῆς
300 679 346 706 τοῦ
363 680 494 715 βασιλέως
507 682 595 714 οίκίας
621 683 810 720 ἀλλοτριῶσαι,
827 686 873 711 ἐπὶ
886 694 930 712 το-

143 724 235 752 σοῦτόν
247 734 277 752 τε
290 728 449 762 παρατεῖναι
462 728 512 763 τὴν
529 728 648 761 κόλασιν,
669 730 720 762 ἓως
740 730 772 757 ἂν
788 730 837 766 τὴν
852 730 930 762 ἀξίαν

141 771 275 807 τιμωρίαν
290 772 518 809 ἀναποπληρώσῃ.
540 774 660 809 Ἀληθῶς
684 775 739 811 γὰρ
755 776 842 803 ὀῦολοί
858 777 929 809 τινές

141 819 207 844 εἰσιν
225 818 330 851 ἀτελεῖς
348 828 377 846 τε
396 820 442 847 καὶ
457 820 634 857 εὐαρίθμητοι
650 822 717 857 πρὸς
733 823 864 858 μυριάδας
881 832 928 850 τα-

139 863 242 890 λάντων
266 865 487 900 παρατιθέμενοι,
512 866 547 893 τὰ
567 867 620 893 τῶν
645 867 766 902 ἀδελφῶν
787 868 863 903 ἡμῶν
890 869 928 900 εἰς

140 911 212 945 ἡμᾶς
231 911 376 946 ὀφλήματα
400 913 542 948 συγκρίσει
556 913 602 940 τὸν
623 914 688 940 Θεὸν
712 914 766 940 τῶν
788 915 929 951 ἡμετέρων

140 957 392 993 πλημμελημάτων.
425 959 515 993 Ζημία
546 959 654 991 πάντως
682 960 757 987 ἐστὶν
781 962 797 995 ὴ
824 961 929 995 ὕϐρεως

139 1002 250 1039 ἀφορμὴ
269 1003 343 1039 παρά
359 1011 430 1036 τινος
446 1006 615 1040 γεγενημένη
628 1025 635 1035 ,
649 1005 665 1040 ἢ
681 1006 788 1032 οἰκέτου
802 1007 895 1038 κακία,
910 1007 927 1043 ἦ

139 1049 185 1075 καὶ
205 1050 243 1080 εἰς
270 1050 425 1084 σωματικὸν
447 1050 560 1077 θάνατον
577 1051 719 1087 ἐπιϐουλή
735 1050 794 1078 εἶτα
811 1053 842 1079 σὺ
861 1054 929 1088 πρὸς

138 1095 186 1130 τὴν
205 1095 309 1130 ἄμυναν
325 1095 427 1123 τούτων
445 1097 473 1123 ὲν
491 1097 627 1134 φλεγμονῇ
645 1099 756 1133 καρδίας
770 1099 925 1136 ἐξερεοὶζη,

139 1140 185 1166 καὶ
209 1141 299 1167 πᾶσαν
319 1141 368 1177 τὴν
389 1141 510 1169 ἐπίνοιαν
539 1143 578 1174 εἰς
604 1143 652 1178 τὴν
672 1143 725 1170 τῶν
754 1144 927 1179 προλελυπη-

137 1184 223 1210 κότων
238 1185 372 1220 τιμωρίαν
388 1186 540 1221 ἁναζητείς,
561 1187 590 1213 οὐ
608 1186 712 1223 λογίζῃ·
740 1189 764 1214 εί
788 1189 836 1223 μὲν
861 1189 928 1224 πρὸς

136 1230 244 1265 οίκέτην
271 1232 285 1257 ὁ
310 1231 394 1265 θυμὸς
411 1232 589 1266 φλεγμαίνοι·
614 1233 654 1259 ὅτι
680 1234 708 1260 οὐ
734 1235 829 1269 φύσις,
858 1234 926 1261 ἀλλὰ

136 1276 277 1303 δυναστεία
299 1277 366 1312 πρὸς
389 1277 511 1304 δουλείαν
535 1286 564 1304 τε
584 1280 630 1305 καὶ
651 1280 798 1314 κυριότητα
826 1280 856 1306 τὸ
878 1281 925 1306 ἀν-

137 1321 271 1356 Θρώπινον
295 1322 420 1356 ἐσχισεν;
442 1322 486 1358 Τῷ
512 1323 565 1359 γὰρ
592 1323 726 1359 ἀνθρώπῳ
752 1325 887 1352 δουλεύειν
912 1326 926 1352 ὁ

135 1366 182 1392 τοῦ
198 1367 298 1399 παντὸς
313 1367 452 1403 οἰκονόμος
466 1368 514 1403 τὴν
528 1368 624 1402 ἄγονον
638 1370 718 1404 φύσιν
731 1371 813 1405 μόνην
831 1371 925 1405 ἐνομο-

136 1409 243 1445 θέτησε,
256 1411 346 1442 καθώς
360 1420 441 1446 φησιν
453 1413 467 1438 ὁ
482 1413 637 1447 Προφήτης,
651 1415 692 1441 ὅτι
707 1414 808 1442 Πάντα
821 1414 925 1442 ὑπέτα-

136 1456 190 1490 ξας
205 1457 342 1484 ὑποκάτω
353 1457 413 1484 τῶν
423 1458 523 1485 ποδῶν
532 1460 634 1489 αὐτοῦ,
648 1461 779 1494 πρόϐατα
789 1461 835 1487 καὶ
846 1461 924 1494 ,βόας

135 1503 255 1536 ἁπάσας
266 1523 274 1534 ,
290 1504 339 1530 καὶ
361 1503 397 1530 τὰ
411 1505 530 1531 πετεινὰ
547 1505 595 1532 καὶ
616 1506 651 1532 τὰ
668 1505 773 1540 κτήνη,
790 1506 839 1534 καὶ
853 1507 923 1540 τοὺς

135 1547 249 1582 ἰχθύας.
270 1549 362 1576 Ταῦτά
377 1558 406 1576 τε
423 1551 468 1576 καὶ
481 1550 562 1577 δοῦλα
577 1551 784 1586 προσαγορεύει,
799 1552 924 1587 φησὰσης

134 1593 246 1629 ἑτέρωθι
253 1594 303 1629 τῆς
311 1595 602 1630 προφητείαςδιὸόντι
610 1596 672 1629 τοῖς
679 1597 803 1630 κτήνεσι
811 1597 926 1631 τροφὴν

134 1639 243 1669 αὐτῶν,
253 1640 299 1667 κα)
310 1641 408 1674 χλόην
416 1640 454 1674 τῇ
464 1641 588 1675 δουλείᾳ
598 1641 656 1668 τῶν
663 1643 889 1676 ἀνθρώπων.Τὺν
897 1644 924 1670 δὲ

134 1685 275 1720 ἄνθρωπον
291 1688 322 1721 τῇ
336 1687 496 1722 αὺτεξουσίᾳ
506 1688 597 1722 χάριτι
611 1688 826 1724 κατεκόσμησεν.
844 1689 924 1715 Ὥστε

136 1730 169 1757 τὸ
185 1730 240 1757 ἴσον
253 1731 310 1766 ἔχει
327 1740 369 1757 σοι
382 1731 420 1766 τῷ
433 1732 483 1766 τῆς
499 1732 606 1766 φύσεως
621 1732 766 1768 ἀξιώματι,
782 1734 796 1759 ὁ
809 1734 923 1766 ὑπεζευ-

133 1777 232 1811 γμένος
252 1777 380 1812 συνηθείᾳ
393 1778 440 1803 καὶ
456 1777 540 1812 νόμῳ,
556 1777 618 1804 οὔτε
641 1779 715 1813 παρὰ
740 1779 786 1806 σοῦ
799 1779 921 1813 γέγονεν,

133 1822 195 1849 οὕτε
205 1823 233 1849 ἒν
248 1823 288 1848 σοὶ
299 1823 343 1858 ζῇ,
358 1823 421 1850 οὔτε
428 1822 477 1854 τὰς
487 1823 644 1858 σωματικάς
652 1832 681 1849 τε
690 1824 737 1850 καὶ
751 1824 798 1856 τὰς
805 1824 924 1859 ψυχικὰς

132 1870 182 1905 τῆς
191 1870 277 1904 ψυχῆς
290 1869 429 1904 ἐνεργείας
443 1870 518 1905 παρὰ
533 1870 579 1896 σοῦ
588 1869 679 1896 λαϐὼν
694 1870 760 1905 ἔχει.
775 1871 808 1897 Τί
820 1868 867 1898 οὖν
883 1880 924 1898 το-

133 1915 227 1942 σοῦτον
239 1915 356 1947 ὲπιζέεις
367 1917 426 1942 κατ’
439 1915 521 1942 αὐτοῦ
528 1916 565 1950 τῷ
573 1916 661 1951 θυμῷ,
669 1916 877 1952 ῥᾳθυμήσαντός
886 1925 923 1944 τι-

133 1969 186 1992 νος,
197 1961 214 1996 ἦ
227 1961 440 1996 ἀποστήσαντος.
452 1961 546 1996 ἢτάχα
558 1962 759 1997 καταφρόνησιν
772 1963 922 1998 ἐνδειξαμέ-

132 2016 178 2033 νου
190 2015 229 2033 σοι
240 2007 310 2033 κατὰ
322 2006 477 2042 πρόσωπον;
489 2007 553 2033 Δέον
561 2007 628 2042 πρὸς
637 2008 732 2034 ἑαυτὸν
741 2008 860 2042 βλέπειν,
867 2005 922 2041 οἷος

132 2053 164 2079 σὺ
189 2053 303 2087 γέγονας
325 2052 364 2088 τῷ
386 2053 508 2089 Δεσπότῃ
522 2052 560 2088 τῷ
581 2054 712 2081 πλάσαντί
734 2063 764 2081 σε
786 2055 832 2081 καὶ
852 2063 922 2091 παρ-

132 2099 261 2133 αγαγόντι
283 2099 326 2126 διὰ
347 2098 497 2132 γενέσεως,
523 2100 571 2126 καὶ
585 2100 712 2127 κοινωνόν
727 2109 757 2127 σε
770 2101 823 2127 τῶν
840 2102 869 2127 ὲν
882 2100 921 2136 τῷ

131 2146 225 2180 κόσμῳ
241 2145 388 2180 θαυμάτων
406 2147 566 2182 ποιήσαντις
583 2146 627 2181 Τῷ
643 2146 770 2182 προθέντι
785 2147 831 2174 τὸν
845 2147 920 2182 ἣλιον

990 222 1155 249 sententiam
1177 222 1203 249 in
1220 223 1338 250 medium
1355 223 1471 252 aﬂ‘erens
1489 233 1495 251 :
1523 224 1567 251 tibi
1595 232 1641 252 rev
1667 225 1780 259 quidam

990 266 1018 294 in
1040 268 1199 296 narratione
1214 269 1400 298 introducitur
1415 271 1572 298 terribiliter
1586 279 1634 306 pro
1648 271 1779 298 tribunali

988 313 1102 346 sedens,
1123 318 1148 340 et
1172 322 1266 342 servos
1284 316 1318 342 ad
1339 316 1472 351 judicium
1500 324 1611 352 cogens,
1634 321 1662 344 ct
1683 325 1779 344 eormn

987 367 1047 393 quze
1077 360 1267 395 unusquisque
1294 361 1516 390 administrassct
1540 364 1726 399 cognitionem
1751 369 1780 390 et

986 407 1166 440 quaestionem
1182 407 1332 435 instituens
1344 409 1377 436 ⁸³.
1394 409 1461 436 Cum
1479 415 1569 436 autem
1587 409 1698 444 quidam
1728 409 1778 437 de-

986 451 1060 478 bitor
1074 452 1219 483 adductus.
1237 460 1269 479 ac
1281 455 1410 488 quoniam
1427 454 1460 482 ad
1474 462 1562 490 genua
1574 456 1702 484 accidens
1716 457 1776 484 loro

985 499 1182 533 persolutionis
1200 500 1387 534 pecuniarum,
1405 501 1555 536 supplicem
1581 502 1701 529 libellum
1725 503 1776 530 ob-

984 544 1095 577 tulerat,
1120 545 1318 573 humanitatem
1336 551 1504 574 consecutus
1529 551 1612 579 esset.
1629 548 1727 576 deinde
1742 549 1777 576 ob

984 590 1122 618 modicum
1137 591 1260 619 debitum
1273 592 1404 620 adversus
1421 600 1585 620 conservum
1598 594 1698 623 acerbe
1715 602 1777 622 sese

982 639 1010 662 et
1028 636 1215 664 inhumaniter
1229 638 1370 671 gessisset.
1389 646 1423 666 ex
1444 639 1647 667 inhumanitate
1679 640 1776 667 adver-

981 689 1029 709 sus
1045 690 1208 710 conservum
1220 684 1286 711 iram
1303 684 1374 719 regis
1393 686 1550 719 provocavit
1565 693 1571 710 :
1585 685 1631 720 qui
1646 687 1775 721 quaesito-

982 726 1057 754 ribus
1079 731 1105 754 et
1138 728 1288 756 tortoribus
1318 730 1448 764 przecepit
1476 736 1503 757 ιιι
1531 738 1593 757 eoin
1624 731 1732 766 penitus
1759 739 1774 758 a

981 772 1062 799 domo
1078 773 1149 808 regis
1163 774 1325 806 alienarent,
1340 779 1421 809 atque
1433 783 1466 802 eo
1495 784 1582 810 usque
1610 776 1773 811 supplicium

981 823 1168 852 prorogarent,
1186 819 1275 853 quoad
1293 820 1405 848 meritas
1431 828 1526 855 paruas
1555 821 1686 849 dedisset.
1703 821 1773 848 Nam

980 863 1052 890 oboli
1067 864 1177 898 quidem
1193 873 1289 892 revera
1307 866 1375 893 viles
1386 871 1413 894 et
1429 872 1571 894 numerato
1586 867 1678 895 faciles
1696 872 1772 901 sunt.

979 916 1041 935 Clttl]
1058 909 1209 937 innumeris
1225 910 1335 937 talentis
1363 911 1526 945 comparati,
1544 911 1690 938 adversum
1721 919 1773 938 nos

979 955 1069 981 debita
1091 954 1217 987 fratrum,
1236 956 1259 983 si
1275 964 1336 983 cum
1355 957 1458 984 nostris
1473 957 1608 984 adversus
1625 956 1708 984 Deum
1725 956 1773 984 dc-

979 1000 1051 1027 lictis
1065 1000 1255 1028 conferantur.
1275 1001 1411 1030 Damnosa
1427 1010 1540 1038 prorsus
1555 1007 1597 1030 est
1610 1003 1650 1030 vel
1665 1003 1772 1037 injuriae

978 1047 1088 1073 occasio
1099 1047 1136 1074 ab
1152 1048 1245 1082 aliquo
1267 1049 1391 1083 praebita,
1420 1049 1459 1076 vel
1487 1049 1558 1077 servi
1574 1049 1708 1084 nequitia,
1727 1049 1772 1076 vel

978 1092 1058 1118 etiam
1075 1092 1180 1120 insidia:
1197 1094 1258 1120 vitae
1275 1095 1412 1128 corporali
1446 1098 1567 1128 structge,
1584 1099 1610 1121 et
1627 1099 1656 1122 tu
1674 1095 1707 1122 ad
1729 1095 1772 1122 ul-

978 1138 1136 1165 ciscendum
1151 1139 1285 1173 ejusmodi
1309 1140 1482 1167 incommoda
1503 1148 1549 1175 per
1576 1140 1771 1167 inﬂammatio-

978 1192 1039 1210 nem
1056 1184 1147 1212 cordis
1168 1186 1327 1212 accenderis
1358 1190 1385 1212 et
1417 1186 1543 1217 irritaris,
1564 1189 1591 1213 et
1620 1185 1688 1213 nihil
1715 1194 1769 1220 non

977 1230 1196 1258 comminisceris
1217 1235 1243 1257 et
1258 1231 1408 1266 exCogitas,
1431 1239 1486 1266 quo
1509 1232 1651 1259 ulciscaris
1679 1239 1726 1259 eos
1754 1239 1770 1259 a

977 1275 1078 1309 quibus
1093 1275 1193 1309 injuria
1209 1276 1353 1304 lacessitos
1369 1277 1409 1304 sis
1420 1297 1426 1308 ,
1449 1285 1502 1304 non
1528 1277 1633 1312 cogitas
1651 1277 1694 1312 (si
1721 1270 1770 1305 ad-

978 1329 1073 1349 versus
1086 1329 1194 1349 servum
1215 1323 1344 1349 nimirum
1367 1325 1404 1350 ita
1424 1323 1582 1356 exarseris)
1610 1324 1682 1358 quod
1712 1331 1768 1350 non

977 1372 1085 1399 natura.
1103 1369 1151 1396 sed
1167 1369 1208 1397 vis
1222 1369 1249 1396 in
1265 1371 1423 1397 servitutem
1443 1370 1546 1405 pariter
1559 1374 1585 1397 et
1599 1371 1767 1398 dominatio-

976 1421 1037 1440 nem
1054 1422 1140 1448 genus
1167 1414 1316 1441 humanum
1351 1415 1431 1442 scidit
1463 1420 1545 1450 atque
1561 1415 1674 1442 divisit?
1701 1414 1767 1442 Nam

976 1459 1078 1486 homini
1102 1460 1206 1487 servire
1223 1468 1305 1487 unam
1338 1461 1453 1488 rationis
1471 1465 1609 1495 expertem
1629 1466 1766 1493 naturam,

978 1512 1069 1531 rerum
1096 1505 1286 1532 universarum
1315 1505 1523 1533 administrator
1551 1506 1607 1539 lege
1625 1505 1768 1532 constituit

977 1554 1004 1578 et
1014 1551 1116 1583 sanxit,
1133 1556 1163 1578 ut
1176 1551 1265 1586 inquit
1279 1550 1414 1585 Propheta
1429 1559 1434 1576 :
1449 1551 1545 1579 Omnia
1557 1551 1692 1586 subjecisti
1705 1551 1768 1577 sub.

978 1601 1018 1622 ter
1038 1596 1115 1629 pedes
1130 1597 1198 1630 ejus.
1217 1605 1275 1624 oves
1298 1601 1323 1624 et
1339 1596 1414 1624 bores
1431 1599 1585 1627 universas,
1607 1597 1724 1624 volucres
1741 1600 1766 1623 et

974 1642 1138 1676 iumenta,et
1158 1642 1241 1676 pisces
1254 1642 1287 1669 '“.
1308 1642 1394 1677 Atque
1428 1642 1484 1669 hinc
1505 1642 1589 1669 etiam
1618 1650 1698 1669 serva
1717 1649 1766 1675 ap-

976 1687 1066 1722 pellat,
1086 1695 1147 1714 cum
1175 1687 1201 1713 in
1236 1687 1289 1714 alio
1319 1687 1379 1714 loco
1406 1686 1542 1721 Propheta
1563 1687 1655 1714 dicat:
1684 1686 1767 1713 Danti

980 1731 1116 1766 pecoribus
1133 1732 1287 1758 alimentum
1315 1732 1444 1766 ipsorum,
1476 1737 1501 1759 ει
1529 1732 1637 1759 herbam
1659 1733 1765 1759 servitio

974 1777 1110 1804 hominum
1128 1777 1161 1810 ης
1181 1777 1317 1804 hominem
1338 1785 1402 1804 vero
1426 1778 1542 1812 propria:
1559 1785 1591 1805 ac
1607 1778 1698 1805 liberm.
1716 1786 1765 1804 vo-

974 1823 1087 1850 luntatis
1100 1823 1186 1857 gratia
1210 1830 1241 1850 ac
1259 1823 1331 1850 dono
1344 1823 1493 1851 decoravit.
1517 1823 1611 1858 itaque
1632 1828 1764 1859 quantum

973 1868 1008 1895 ad
1021 1872 1126 1895 natura:
1140 1868 1299 1903 dignitatem
1309 1868 1416 1898 attinet,
1427 1868 1549 1902 ejusdem
1566 1872 1656 1894 tecum
1667 1869 1764 1895 condi-

973 1914 1056 1941 tionis
1072 1914 1095 1941 is
1108 1918 1161 1944 cst,
1181 1915 1227 1948 qui
1242 1914 1300 1948 lege
1311 1917 1393 1948 atque
1406 1914 1605 1941 consuetudine
1632 1914 1680 1941 tibi
1697 1914 1763 1942 sub-

973 1959 1049 1988 ditus
1059 1964 1119 1991 ,est.
1132 1968 1219 1994 neque
1231 1967 1246 1986 ιι
1262 1964 1287 1987 te
1302 1959 1391 1987 factus
1404 1964 1457 1992 est,
1472 1967 1559 1995 neque
1575 1968 1622 1995 per
1635 1964 1661 1987 te
1677 1960 1764 1994 vivit;

971 2014 1061 2041 neque
1079 2006 1203 2040 corporis
1219 2006 1321 2040 pariter
1347 2010 1374 2032 et
1391 2005 1475 2032 animi
1503 2005 1638 2043 efficacias
1661 2005 1710 2032 abs
1737 2009 1764 2033 te

972 2052 1054 2079 habet
1069 2055 1206 2086 acceptas.
1223 2051 1294 2084 Quid
1311 2051 1394 2085 igitur
1412 2050 1546 2079 adversus
1570 2059 1631 2078 eum
1650 2051 1763 2078 iracun-

971 2098 1015 2125 dia
1033 2102 1176 2133 tantopere
1197 2098 1366 2129 elTervescis,
1397 2097 1420 2125 si
1437 2098 1499 2132 quis
1532 2097 1714 2132 negligentior
1735 2100 1764 2125 et

971 2144 1126 2172 demissiori
1143 2144 1247 2174 animo,
1275 2147 1324 2171 aut
1342 2143 1475 2179 fugitivus
1491 2143 1583 2175 fuerit,
1600 2144 1641 2170 vel
1672 2143 1762 2178 palam

130 2192 170 2224 εἰς
191 2191 351 2225 ἀπόλαυσιν,
376 2193 424 2219 καὶ
446 2193 535 2224 πάσας
552 2192 601 2223 τὰς
614 2192 661 2219 τοῦ
683 2192 732 2228 ζῇν
747 2194 873 2229 ἀφορμὰς
888 2195 919 2220 ἐκ

976 2190 1098 2219 fortassis
1114 2191 1248 2218 adversus
1259 2195 1284 2217 te
1297 2190 1527 2218 contumaciorem
1544 2197 1573 2217 se
1587 2189 1762 2222 exhibuerit,

129 2238 182 2264 τῶν
209 2238 347 2273 στοιχείων
371 2238 559 2274 χαρισαμένῳ,
583 2239 614 2265 ὲκ
631 2239 682 2274 γῆς
698 2248 727 2265 τε
752 2240 798 2266 καὶ
819 2240 918 2276 πυρὸς,

130 2285 177 2311 καὶ
191 2286 280 2321 ἀέρος,
293 2286 339 2312 καὶ
354 2285 462 2318 ibin-tog;
477 2285 522 2320 Τῷ
536 2285 734 2320 παρασχομένῳ
749 2285 797 2321 τὴν
811 2286 919 2321 διανοη-

128 2331 207 2367 τικὴν
221 2331 310 2367 χάριν,
327 2331 377 2367 τὴν
391 2331 589 2368 ἀντιληπτικὴν
606 2332 741 2367 αἴσθησιν,
756 2332 804 2367 τὴν
816 2332 919 2367 διακρι-

128 2376 208 2412 τικὴν
219 2377 302 2404 καλοῦ
315 2386 345 2403 τε
359 2378 404 2404 καὶ
417 2377 537 2413 χείρονος
551 2378 719 2412 ἐπιστήμηνς
734 2376 795 2408 Πῶς
807 2378 839 2404 σὺ
851 2377 919 2413 πρὸς

128 2421 173 2447 τὸν
199 2422 318 2448 τοιοῦτον
340 2421 478 2457 Δεσπότην
503 2421 551 2457 ἔσῃ
571 2421 739 2456 καταπειθὴς
763 2423 809 2449 καὶ
829 2422 916 2458 ἀπρό-

129 2476 244 2499 σκοπτος
257 2476 264 2499 ;
277 2467 334 2493 Οὐκ
344 2468 464 2502 ἀπέστης
476 2469 525 2502 τῆς
536 2468 694 2498 δεσποτείας
705 2476 711 2499 ;
729 2469 786 2494 Οὐκ
802 2468 917 2503 ἐδραπέ-

127 2521 225 2544 τευσας
239 2513 306 2548 πρὸς
327 2514 375 2548 τὴν
390 2513 542 2548 ἁμαρτίανς
559 2513 616 2540 Οὺκ
630 2512 786 2548 ἁντηλλάξω
800 2513 849 2548 τὴν
868 2522 917 2540 πο-

132 2557 213 2593 νηρὰν
231 2557 408 2589 δεσποτείανς
427 2559 463 2584 Οὐ
480 2557 511 2584 τό
524 2567 554 2592 γε
572 2558 618 2585 ἐπὶ
634 2558 674 2585 σοὶ
689 2558 791 2594 ἔρημον
804 2558 852 2593 τὴν
869 2558 916 2585 τοῦ

127 2602 263 2629 Δεσπότου
279 2603 422 2634 κατέλιπες
433 2603 531 2634 οἰκίαν,
547 2604 576 2629 ὲν
622 2602 738 2639 ἐτάχθης
752 2602 916 2638 ἐργάξεσθαι

127 2650 172 2675 καὶ
189 2649 345 2682 φυλάσσειν,
359 2648 454 2675 τούτου
471 2649 673 2684 ἀπεφοίτησαςς
695 2650 734 2676 Τὸι
750 2650 778 2676 δὲ
800 2650 915 2676 καταλε-

126 2695 245 2729 λεγμένα
270 2694 508 2730 πλημμελήματα,
524 2695 573 2730 οὺχ
592 2695 645 2721 ὑπὸ
663 2695 780 2731 μάρτυρι
801 2694 840 2730 τῷ
856 2696 916 2731 Θεῷ

123 2740 164 2776 τῷ
181 2740 316 2776 πανταχοῦ
333 2741 400 2773 ὃντι,
418 2742 466 2768 καὶ
481 2742 568 2768 πάντα
583 2741 725 2777 ἐφορῶντι,
741 2742 757 2777 ἢ
773 2742 914 2777 πράττεις,

160 2832 183 2848 ⁸³
203 2832 299 2860 Matth.
315 2839 382 2860 xvn.

971 2245 1033 2264 cum
1050 2241 1076 2264 te
1091 2237 1181 2271 ipsum
1199 2236 1336 2271 inspicere
1352 2239 1493 2271 oporteat,
1509 2236 1599 2270 qualis
1615 2240 1643 2262 tu
1666 2234 1762 2263 adver-

969 2290 1017 2310 sus
1033 2281 1177 2309 Dominum
1197 2281 1298 2311 fueris,
1315 2281 1361 2315 qui
1378 2285 1404 2308 te
1431 2280 1568 2311 formavit,
1597 2280 1643 2315 qui
1659 2283 1686 2307 te
1713 2287 1762 2315 per

970 2329 1140 2356 nativitatem
1159 2329 1300 2363 prodtuit.
1319 2331 1345 2355 et
1368 2328 1564 2354 miraculorum
1588 2326 1681 2354 mundi
1698 2334 1761 2361 par-

969 2374 1078 2409 ticipem
1094 2374 1178 2407 fecit;
1202 2375 1249 2409 qui
1273 2374 1358 2402 solem
1380 2373 1413 2400 ad
1437 2373 1582 2400 fruendum
1617 2372 1760 2408 proposuit

969 2424 995 2447 et
1014 2428 1045 2447 ex
1063 2420 1208 2447 elementis
1222 2419 1314 2447 omnia
1338 2419 1445 2447 vivendi
1474 2419 1598 2446 subsidia
1633 2417 1758 2453 praebuit,

968 2473 1000 2492 ex
1022 2470 1105 2496 terra.
1121 2473 1154 2493 ex
1175 2466 1242 2501 igni,
1260 2473 1293 2493 cx
1321 2473 1395 2497 aere,
1413 2470 1439 2492 et
1457 2472 1545 2499 aqua;
1582 2465 1628 2499 qui
1657 2464 1758 2491 domum

968 2512 1117 2547 cogitandi.
1136 2512 1372 2539 animadvertendi
1387 2511 1614 2545 intelligendique
1627 2510 1758 2544 pratbuit;

968 2558 1014 2593 qui
1034 2558 1253 2593 apprehendendi
1270 2563 1297 2586 et
1318 2557 1483 2586 defendendi
1505 2565 1627 2588 sensum.
1644 2557 1690 2591 qui
1712 2556 1759 2582 bo-

967 2612 1032 2631 num
1048 2613 1063 2632 a
1081 2604 1152 2631 malo
1168 2603 1341 2632 discernendi
1356 2604 1499 2632 scientiam
1519 2602 1616 2630 dedit?
1629 2602 1674 2636 qui
1699 2601 1756 2628 fieri

967 2650 1050 2685 igitur
1066 2654 1156 2685 potest
1179 2654 1208 2676 ut
1231 2655 1259 2676 tu
1280 2649 1417 2684 ejusmodi
1438 2648 1553 2676 Domino
1573 2648 1695 2677 ohedias,
1730 2651 1758 2673 ut

966 2705 1028 2724 eum
1046 2704 1100 2724 non
1113 2696 1258 2724 offendas?
1273 2703 1307 2723 an
1323 2704 1377 2723 non
1404 2703 1418 2722 a
1435 2695 1576 2723 dominatu
1597 2693 1759 2720 desciiisti?

967 2750 1000 2769 an
1018 2750 1074 2770 non
1091 2742 1123 2770 ad
1140 2747 1284 2779 peccatum
1299 2742 1468 2782 profugisti?
1484 2750 1517 2768 an
1537 2748 1590 2768 non
1603 2740 1757 2775 improbum

422 2833 445 2848 ”
464 2832 538 2860 Psal.
555 2841 620 2867 vin,
638 2832 663 2860 8.
695 2833 717 2849 ¹¹
738 2832 810 2861 Psal.
828 2840 945 2865 cum”,
961 2833 987 2865 8..
