1978 3068
206 95 270 124 “3|

823 90 852 119 S.
866 90 1030 119 GllEGOllll
1050 91 1194 120 NYSSENI

1773 93 1841 120 me

205 155 346 182 dominum
362 160 410 188 pro
425 153 498 181 bono
510 158 652 187 amplexus
667 151 716 179 es?
731 157 765 178 an
780 158 846 183 non.
861 154 994 186 quantum

1054 150 1183 185 ῆλέγεις,
1206 151 1222 185 ἢ
1243 151 1350 185 φρονεῖς
1374 150 1407 177 τὰ
1435 149 1471 185 μὴ
1495 150 1607 184 ῖέοντα;
1633 147 1699 177 Εἶτα
1723 151 1842 184 τοιοῦτος

205 202 232 228 in
249 205 275 228 te
294 200 356 230 fuit.
372 199 510 228 desertam
527 198 635 226 Domini
647 198 757 225 domum
773 197 920 232 reliquisti,
932 203 995 223 cum

205 247 250 274 ubi
265 247 417 274 collocatus
428 254 491 274 eras
503 245 536 273 ad
551 244 719 280 operandum
730 248 757 271 et
771 243 995 275 custodiendum,

205 293 270 320 inde
283 293 462 321 discessisti?
478 296 560 328 alque
573 295 734 319 enumerata
752 290 862 322 delicta,
890 297 924 316 an
941 296 995 315 non

207 339 263 367 Deo
280 345 359 372 teste.
380 341 427 376 qui
445 340 546 375 ubique
562 343 614 371 est,
633 344 660 366 et
672 338 764 365 omnia
798 337 930 368 intuetur,
950 340 997 362 aut

206 387 368 419 conmittis,
388 392 434 414 aut
454 387 534 417 dicis.
553 388 601 412 aut
624 385 729 421 cogitas
755 391 786 412 ea
815 390 875 418 quae
904 382 997 409 animo

206 434 353 468 Concipere
370 442 423 460 non
446 433 575 468 oportet?
590 432 623 458 Et
648 432 710 459 talis
737 438 798 458 eum
829 429 880 460 sis.
898 433 925 455 et
957 431 996 455 tot

206 478 365 507 nominibus
395 479 550 509 obnoxius,
576 484 704 512 magnum
731 475 834 511 aliquid
860 482 995 503 conservo

206 525 300 561 largiri
315 531 341 554 te
356 533 445 562 putas.
464 527 486 554 si
507 526 540 553 ad
556 524 666 560 aliquod
683 524 743 558 ejus
758 524 785 550 in
811 525 993 556 te.peeeatum

1049 196 1098 230 ὦν,
1111 205 1160 223 και
1168 197 1305 228 τοσούτοις
1317 197 1468 232 ὑπόχρεως,
1483 197 1554 231 μέγα
1568 206 1593 224 τι
1604 197 1648 234 οἴῃ
1658 197 1696 232 τῷ
1706 197 1843 234 ὁμοδούλῳ

1049 243 1228 280 χαρίζεσθαι,
1250 244 1276 270 εἰ
1290 251 1317 269 τι
1330 243 1383 270 τῶν
1400 244 1440 275 εις
1460 241 1490 269 σε
1506 243 1756 278 πλημμεληθέντων
1773 252 1843 279 παρ-

1051 291 1130 324 ιδοις;
1155 291 1186 318 Εἰ
1206 290 1295 317 τοίνυν
1317 290 1462 325 μέλλοιμεν
1486 290 1635 325 προσάγειν
1659 289 1698 324 τῷ
1717 290 1777 325 Θεῷ
1793 290 1843 326 τὴν

1050 338 1120 374 ὑπὲρ
1136 337 1183 364 τοῦ
1196 337 1288 369 ἐλέους
1299 337 1345 364 καὶ
1356 337 1405 372 τῆς
1417 337 1582 372 συγγνώμης
1597 337 1777 372 παράκλησιν.
1792 347 1844 365 πα-

1047 385 1262 420 ρασκευάσωμεν
1284 383 1323 419 τῷ
1346 383 1477 410 συνειδότι
1499 383 1548 419 τὴν
1563 383 1730 419 παρρησίαν,
1745 383 1781 415 ὡς
1796 383 1844 410 τὸν

1046 430 1104 464 βίον
1130 430 1280 465 συνήγορον
1304 430 1354 464 τῆς
1378 430 1470 465 φωνῆς
1493 429 1594 464 ταύτης
1617 429 1842 464 προστήσασθαι,

1046 474 1092 501 καὶ
1119 475 1207 501 εἰπεῖν
1231 473 1348 510 ἀληθῶς·
1374 474 1415 502 ὅτι
1436 476 1490 503 Καὶ
1510 475 1592 512 ἡμεῖς
1617 474 1763 511 ἀφήκαμεν
1787 475 1844 505 τοῖς

1045 519 1198 553 ὀφείλουσιν
1215 521 1294 555 ἡμῖν.

204 571 337 599 exanimi
363 573 475 599 tenuitate
503 571 674 599 conniveas?
704 569 732 596 Si
749 569 832 603 igitur
863 567 916 594 Deo
949 573 998 601 pro
1021 565 1210 592 misericordia
1248 571 1329 601 atque
1354 567 1430 595 venia
1468 576 1564 604 preces
1595 568 1715 596 oblaturi
1745 568 1843 601 simus,

205 618 376 647 conscientia
393 618 520 645 ﬁduciam
537 617 616 644 nobis
638 623 776 652 paremus,
795 619 823 641 ul
839 615 922 640 vitam
951 616 1071 639 nostram
1089 613 1249 639 advocatam
1281 617 1307 640 et
1329 619 1472 648 patronam
1513 615 1576 642 huic
1615 616 1674 643 vari
1713 615 1845 650 prmﬁria—

206 674 278 697 Inus,
296 669 323 693 et
337 673 400 693 vere
414 665 558 692 dicamus:
581 664 614 691 Et
634 671 685 690 nos
703 663 858 690 remisimus
874 659 1035 687 debentibus
1051 660 1139 686 nobis.

242 711 295 739 Sed
312 710 376 746 quid
392 711 444 738 sibi
467 711 524 737 vult
545 710 571 737 id
591 710 663 745 quod
693 708 774 736 modo
793 708 875 735 dictis
904 707 996 734 statim

207 758 344 792 adjectum
363 756 427 784 est?
443 756 631 784 necessarium
652 755 781 782 existimo
801 761 835 780 ne
862 753 912 780 hoe
937 752 998 787 qui-

206 803 268 831 dem
300 802 439 838 praeterire
468 802 645 829 iuexcussum
675 805 701 827 et
725 799 943 833 inexplicatum.
972 803 1000 824 ut

207 850 328 878 scientes
344 849 476 884 quidnam
492 855 614 880 oremus,
630 854 684 874 non
701 853 826 880 corpore,
843 844 889 871 sed
906 843 997 870 auium

208 895 437 930 supplicationem
459 894 607 921 oﬂ‘eramus
622 902 628 920 :
651 892 693 920 Ne
706 901 754 919 nos
777 891 889 917 indutas
905 889 931 916 in
946 893 1001 915 ten-

209 941 345 972 tationem,
360 940 405 966 sed
421 939 505 966 libera
524 946 572 964 nos
593 946 609 964 a
625 937 706 964 malo.
727 936 869 970 Quaenam,
890 934 999 964 fratres,

208 987 307 1013 horum
328 986 474 1012 verborum
497 983 537 1011 vis
552 983 619 1010 est?
638 982 751 1009 Videtur
769 981 835 1008 mihi
869 979 1000 1006 Dominus

209 1032 301 1060 multis
314 1039 346 1059 ac
356 1029 474 1058 diversis
485 1029 629 1058 vocabulis
642 1029 744 1055 malum
759 1027 833 1054 illum
847 1026 1000 1056 nominare,

208 1079 284 1110 dum,
298 1078 376 1112 juxta
392 1075 572 1104 dillerentiam
591 1081 737 1111 pravarum
752 1073 957 1101 eﬁicientiarum
974 1075 1001 1099 et

210 1123 401 1159 improborum
414 1121 622 1151 exercitiorum,
639 1120 734 1147 multis
753 1118 912 1146 nominibus
937 1124 1000 1143 eum

209 1169 340 1205 appellat,
356 1167 511 1200 Diabolum,
527 1165 682 1197 Beclzebul,
705 1164 900 1194 Mammonam,
926 1162 1001 1198 prin-

209 1218 297 1251 ripem
315 1214 421 1247 mundi,
434 1213 609 1243 homicidam,
625 1211 794 1246 improbum,
810 1213 914 1245 patrem
927 1215 1002 1236 men-

209 1262 292 1294 dacii,
307 1261 426 1296 aliisque
440 1259 588 1287 similibus.
608 1256 734 1285 Forsitan
751 1257 834 1292 igitur
850 1263 934 1283 unum
952 1255 1001 1282 ali-

210 1306 284 1342 quod
303 1314 336 1333 ex
358 1306 391 1333 iis
409 1312 469 1340 quae
491 1304 566 1331 circa
588 1311 650 1330 eum
670 1301 863 1336 intelliguntur
884 1299 1001 1326 nomini-

210 1351 262 1379 bus
276 1355 319 1380 est
335 1351 417 1378 etiam
432 1350 557 1380 tentatio.
575 1356 606 1375 ac
617 1346 760 1375 conﬁrmat
775 1345 854 1372 nobis
865 1344 1000 1379 ejusmodi

211 1398 368 1433 opinionem
385 1395 582 1423 conrorilantia
601 1399 684 1428 atque
699 1391 890 1419 convenientia
911 1390 1000 1417 dicto-

213 1452 284 1472 rum.
303 1444 369 1470 Cum
390 1442 507 1469 dixisset
523 1441 608 1470 enim.
629 1438 793 1467 Neinducas
807 1438 893 1464 uasiu
913 1441 998 1463 tenta-

212 1491 328 1516 tionem:
341 1486 496 1522 su-hjunxit,
506 1485 625 1520 Libergri
639 1493 654 1512 a
666 1484 736 1511 malo
745 1492 754 1516 ;
763 1480 841 1518 quasi
853 1489 896 1509 res
907 1481 999 1508 eadem

213 1543 260 1571 per
276 1538 423 1568 utrumque
440 1540 539 1560 nomen
568 1531 748 1566 signiﬁcetur.
778 1528 846 1555 Nam
869 1527 890 1554 si
913 1529 935 1554 is
953 1526 1000 1561 qui

213 1580 266 1607 non
290 1580 432 1615 ingressus
457 1582 498 1605 est
527 1577 554 1604 in
581 1577 759 1604 teutaliouem
791 1581 906 1608 prorsus
924 1578 1001 1599 extra

212 1626 315 1654 malum
330 1629 393 1656 est,
422 1630 503 1659 atque
526 1625 550 1650 is
575 1622 622 1658 qui
648 1622 676 1648 in
704 1621 882 1648 teutationem
907 1617 1002 1644 incidit

214 1671 241 1698 in
275 1671 347 1697 malo
380 1669 537 1697 necessario
570 1671 716 1699 versatur,
753 1667 846 1700 utique
886 1663 1003 1691 tentatio

211 1721 239 1744 et
278 1717 367 1743 malus
407 1714 607 1750 signiﬁcatione
650 1720 733 1740 unum
777 1711 886 1747 quidem
927 1713 1002 1736 sunt.

213 1762 252 1789 Ad
275 1762 340 1796 quid
363 1761 446 1796 igitur
475 1768 524 1787 nos
547 1759 682 1795 ejusmodi
713 1757 848 1785 orationis
876 1755 1003 1783 doctrina

212 1808 360 1836 hortatur?
389 1806 424 1834 Ut
464 1807 598 1834 evitetnus
632 1812 662 1832 ae
700 1804 836 1839 lugiamus
875 1808 923 1829 eas
960 1807 1004 1827 res

212 1860 273 1888 quae
321 1860 368 1888 per
410 1852 483 1878 hunc
527 1850 660 1877 nmudum
702 1852 878 1883 spectantur,
912 1848 1005 1880 que‘m-

212 1898 361 1932 admodum
383 1896 446 1923 alibi
465 1895 532 1922 dicit
547 1895 579 1922 ad
600 1894 768 1929 discipulos:
787 1892 867 1919 Τοιιιι
889 1889 1001 1917 mundus

213 1946 239 1971 in
251 1944 321 1970 malo
332 1944 400 1970 situs
414 1947 450 1969 est
462 1941 496 1968 ".
511 1941 581 1976 Ergo
596 1940 642 1976 qui
657 1943 734 1967 extra
751 1938 851 1965 malum
863 1944 924 1964 esse
934 1936 1003 1966 vult,

214 1989 373 2018 necessario
390 1996 450 2016 sese
465 1995 479 2014 a
496 1987 599 2014 tuundo
611 1985 775 2021 segregabit.
790 1983 849 2010 Non
873 1983 946 2010 enim
965 1981 1002 2008 lo-

213 2045 276 2064 cum
293 2036 374 2063 habet
387 2035 503 2063 teutatio
524 2033 643 2061 animam
673 2030 834 2066 attingendi,
863 2029 916 2057 nisi
944 2033 1004 2054 tan—

213 2090 295 2118 quam
310 2089 401 2110 eseam
415 2079 561 2116 quamdam
575 2080 645 2106 hanc
661 2077 830 2104 mundanam
845 2076 1004 2110 occupatio-

1087 705 1119 733 Τί
1137 707 1260 742 βούλεται
1280 705 1310 734 τὺ
1327 705 1426 744 ἑφεξῆς
1438 704 1495 741 τοῖς
1509 709 1663 745 εἰρημένοις
1674 709 1842 744 προσκείμε·

1051 760 1112 784 ww;
1135 753 1304 786 ’Λναγκαίως
1326 751 1416 788 οἶμαι,
1443 753 1511 788 μηδὲ
1547 753 1626 780 τοῦτο
1653 752 1844 788 παραδραμεῖν

1018 788 1036 813 Β
1052 797 1217 834 ἀθεώρητον,
1233 799 1271 830 ὼς
1284 798 1317 825 ἂν
1328 797 1460 833 εἰδότε.ςῷ
1474 798 1691 835 προσευχόμεθα,
1710 799 1781 833 ψυχῇ
1796 798 1844 824 καὶ

1052 845 1090 881 μὴ
1115 845 1220 880 σώματι
1244 846 1346 872 ἱκεσίαν
1369 846 1565 881 προσάγωμεν
1595 844 1644 878 Μὴ
1668 843 1844 878 οἴσει-ἐγνιῃς

1051 889 1132 925 ἡμᾶς
1159 891 1201 924 εις
1221 891 1398 925 πειρασμόν
1419 891 1500 918 ἀλλὰ
1511 891 1604 925 ῥῦσαι
1626 890 1700 924 ἡμᾶς
1720 891 1777 917 ἀπέ-
1790 889 1843 916 αὖ

1051 937 1197 972 πονηροῦ.
1215 937 1273 969 Τίς.
1292 937 1413 971 ἀδελφοὶ,
1431 937 1485 965 τῶν
1510 937 1663 973 εἰρημένων
1678 938 1694 972 ή
1710 937 1841 972 δύναμιςς

1052 984 1131 1010 Δοκεῖ
1153 992 1198 1018 μοι
1223 984 1400 1019 πολυτρόπως
1423 992 1452 1010 τε
1473 984 1520 1011 καὶ
1542 983 1678 1019 διαφόρως
1702 983 1715 1010 ό
1741 982 1843 1018 Κύριος

1051 1029 1097 1055 τὸν
1113 1029 1196 1056 κακὸν
1213 1028 1366 1064 ὀνομάζειν,
1391 1029 1459 1056 κατὰ
1478 1029 1527 1060 τὰς
1545 1029 1599 1056 τῶν
1617 1029 1743 1064 πονηρῶν
1765 1029 1843 1063 ἐνερ-

1052 1075 1134 1109 γειῶν
1152 1075 1282 1111 διαφορὰς
1302 1076 1487 1111 πολυωνύμως
1510 1075 1589 1102 αὑτὸν
1609 1075 1766 1108 ἀποκαλῶν,
1786 1075 1843 1102 διὰ·

1053 1120 1141 1152 ϐολον,
1157 1121 1330 1154 Βεελζεὼὺλ,
1347 1122 1520 1156 Μαμμωνὰν,
1533 1122 1650 1157 ἄρχοντα
1665 1120 1712 1148 τοῦ
1726 1121 1840 1156 κόσμου,

1052 1166 1285 1203 ἁνθρωποκτόνον,
1303 1167 1430 1202 πονηρὸν,
1450 1167 1556 1202 πατέρα
1572 1166 1696 1201 ψεύδους,
1712 1167 1759 1192 καὶ
1774 1166 1842 1193 ἄλλα

1051 1211 1175 1240 τοιαῦτα.
1196 1212 1273 1247 Τάχα
1289 1212 1379 1239 τοίνυν
1394 1212 1422 1238 ἓν
1439 1212 1493 1239 τῶν
1507 1212 1571 1248 περὶ
1587 1212 1668 1238 αὑτὸν
1689 1211 1842 1247 νοουμένων

1051 1258 1138 1293 ὄνομά
1165 1259 1191 1285 τι
1219 1259 1278 1285 ἐστι
1302 1258 1349 1285 καὶ
1373 1258 1386 1284 ὁ
1407 1257 1575 1292 πειρασμὸς.
1600 1258 1647 1284 καὶ
1669 1257 1772 1292 βεεαιοῖ
1793 1256 1843 1292 τὴν

1051 1302 1178 1336 τοιαύτην
1205 1303 1270 1338 ἡμῖν
1291 1302 1418 1329 ὑπόνοιαν
1440 1303 1456 1337 ή
1487 1302 1540 1328 τῶν
1563 1302 1716 1338 εἰρημένων
1742 1301 1842 1328 σύστα-

1053 1358 1104 1381 σις.
1131 1348 1222 1375 Εἰπὼν
1258 1348 1324 1383 γὰρ,
1352 1348 1399 1381 Μὴ
1420 1348 1596 1382 εἰσενέγκῃς
1617 1347 1697 1382 ἡμᾶς
1714 1348 1757 1380 εἰς
1778 1354 1842 1374 πει-

1048 1394 1178 1429 μισ-μὸν,
1191 1395 1330 1429 ἐπήγαγεν
1344 1393 1374 1420 τὸ
1393 1391 1556 1428 Ῥυσθῆναι
1566 1393 1625 1420 ἀπὸ
1633 1393 1687 1420 τοῦ
1698 1393 1842 1428 πονηροῦ.

1059 1441 1102 1473 Ὠς
1114 1441 1160 1468 τοῦ
1172 1441 1254 1468 αὑτοῦ
1276 1440 1465 1476 δι’ίὲκατέρων
1479 1440 1534 1467 τῶν
1549 1440 1688 1475 ὀνομάτων
1714 1449 1843 1476 σημαινο-

1055 1487 1145 1522 μένου.
1163 1486 1194 1515 El
1211 1486 1265 1522 γὰρ
1284 1487 1298 1513 ὁ
1332 1487 1369 1521 μὴ
1395 1484 1522 1513 εἰσελθὼν
1539 1487 1578 1517 εἱς
1600 1486 1762 1520 πειρασμον,
1790 1485 1842 1519 ἕξω

1054 1535 1163 1566 πάντως
1178 1534 1236 1560 ἐστὶ
1252 1533 1298 1560 τοῦ
1315 1532 1434 1568 πονηροῦ
1461 1533 1507 1559 καὶ
1518 1534 1532 1559 ὁ
1547 1532 1623 1568 ἐντῷ
1635 1532 1781 1568 πειρασμῷ
1797 1541 1843 1566 γε-

1053 1580 1180 1615 νόμενος,
1195 1580 1224 1605 ιν
1242 1578 1281 1614 τῷ
1300 1579 1410 1614 πονηρῷ
1425 1579 1484 1605 κατ’
1503 1578 1624 1613 ἀνάγκην
1642 1577 1745 1613 γίνεται
1765 1582 1771 1591 ·
1791 1577 1843 1613 ἄρα

1053 1627 1067 1652 ὀ
1082 1624 1232 1659 πειρασμός
1244 1632 1273 1650 τε
1287 1624 1334 1650 καὶ
1353 1624 1366 1650 ὁ
1381 1623 1499 1659 πονηρὸς
1512 1623 1541 1649 ἓν
1554 1631 1580 1649 τι
1596 1623 1665 1650 κατᾶ
1682 1623 1731 1658 τὴν
1752 1631 1841 1657 σημα-

1055 1671 1115 1697 σίαν
1125 1670 1194 1697 ἐστί.
1206 1669 1237 1696 Τί
1249 1667 1294 1696 οὖν
1309 1670 1374 1704 ἡμῖν
1386 1670 1402 1704 ὴ
1413 1670 1521 1703 τοιαύτη
1530 1667 1686 1695 διδασκαλία
1698 1667 1748 1702 τῆς
1760 1677 1842 1702 προσ-

1054 1716 1138 1751 ευχῆς
1161 1715 1352 1750 ὲγκελεύεταις
1369 1715 1406 1740 Τὸ
1426 1714 1478 1747 ἔξω
1493 1714 1615 1748 γίνεσθαι
1636 1713 1690 1740 τῶν
1711 1713 1781 1741 κατὰ
1797 1713 1843 1740 τὸν

1054 1763 1156 1798 κόσμον
1178 1761 1272 1789 τοῦτον
1289 1758 1493 1796 θεωρουμένων,
1519 1758 1610 1791 καθώς
1631 1767 1713 1795 φησιν
1729 1758 1842 1794 ἑτέρωθι

1055 1809 1122 1844 πρὸς
1134 1809 1198 1840 τοὺς
1217 1806 1348 1842 μαθητάςτ
1368 1806 1409 1832 ὅτι
1429 1806 1519 1836 Ὅλος
1534 1806 1551 1831 ό
1563 1805 1676 1839 κόσμος
1693 1804 1778 1837 ἐντῷ
1791 1810 1843 1830 ao-

1054 1853 1135 1889 νηρῷ
1149 1853 1252 1881 κεῖται.
1272 1851 1376 1879 Οὐκοῦν
1390 1852 1404 1878 ὀ
1424 1851 1503 1883 ὲκτδς
1519 1850 1645 1886 γενέσθαι
1664 1849 1710 1877 τοῦ
1724 1849 1842 1885 πονηροῦ

1055 1901 1149 1932 θέλων,
1170 1899 1200 1932 ἐξ
1224 1899 1346 1933 ἀνάγκης
1371 1897 1419 1924 τοῦ
1440 1897 1543 1932 κόσμου
1570 1895 1665 1923 ἑαυτὸν
1693 1896 1840 1922 ἀποικίσει.

1055 1947 1092 1973 Οὐ
1107 1946 1161 1981 γὰρ
1176 1946 1231 1981 ἔχει
1249 1944 1340 1980 χώραν
1356 1945 1370 1970 ὁ
1382 1941 1534 1978 πειρασμὸς
1549 1941 1599 1977 τῆς
1613 1942 1699 1976 ψυχῆς
1712 1941 1842 1975 ἅψασθαι,

1056 1994 1079 2019 sl.
1096 1992 1133 2028 μὴ
1147 1991 1275 2026 καθάπερ
1286 1999 1312 2017 τι
1329 1989 1423 2024 δέλεαρ
1440 1989 1488 2023 τὴν
1502 1987 1638 2023 κοσμικὴν
1648 1986 1750 2022 ταύτην
1763 1987 1844 2021 dislo-

1055 2039 1114 2065 λίαν
1134 2038 1173 2073 τῷ
1193 2036 1304 2072 πονηρῷ
1328 2035 1466 2071 ἀγκίστρῳ
1477 2036 1531 2067 τοῖς
1541 2033 1706 2070 λιχνοτέροις
1721 2033 1844 2068 προέτει-

1056 2095 1111 2112 νεν.
1136 2084 1243 2112 Μᾶλλον
1263 2084 1292 2110 δὲ
1315 2083 1477 2117 σαφέστερον
1496 2080 1529 2108 ἂν
1543 2081 1610 2115 ἡμῖν
1620 2079 1653 2106 δι’
1669 2079 1769 2114 ἐτέρων
1779 2079 1844 2104 ὐπο-

214 2137 276 2157 nem
303 2135 386 2164 pravo
402 2127 483 2154 hamo
495 2125 663 2153 avidioribus
679 2123 840 2159 porrigeret.
862 2121 918 2149 lmo
941 2129 1000 2148 veri:

1056 2131 1210 2166 ὅειγμάτων
1227 2129 1258 2155 τὸ
1277 2129 1366 2163 νόημα
1385 2127 1499 2162 γένοιτο.
1522 2125 1634 2160 Χαλεπὴ
1660 2124 1788 2155 πολλάκις
1811 2124 1844 2149 ἐκ

215 2177 302 2214 magis
319 2181 411 2211 aperta
433 2175 511 2203 nobis
531 2173 666 2201 sententia
682 2180 730 2207 per
751 2171 819 2198 alias
846 2169 1004 2197 similitudi—

215 2233 264 2252 nes
282 2223 338 2251 ﬁeri
357 2222 465 2258 poterit.
488 2221 594 2247 vaum
606 2224 633 2246 et
646 2218 776 2245 infestum
792 2220 1004 2249 ex‘tempestatc

215 2275 299 2305 atque
315 2269 441 2302 procellis
457 2272 645 2302 saepenumero
660 2271 735 2291 mare
746 2267 809 2296 est;
826 2266 853 2289 at
870 2270 924 2289 non
945 2269 1005 2296 pro-

214 2317 258 2344 cul
271 2317 305 2343 ab
320 2324 353 2343 co
369 2315 491 2343 remotis.
507 2313 564 2340 Vini
582 2310 793 2346 ahsutnptricem
815 2309 895 2336 habet
915 2309 1003 2344 ignis,

215 2362 262 2390 sed
283 2361 413 2396 subjecto
428 2360 557 2386 materiae.
578 2357 671 2385 Dirum
689 2363 715 2385 et
734 2361 811 2384 atrox
827 2356 926 2383 bellum
944 2360 1002 2383 est:

215 2407 263 2436 sed
280 2407 348 2434 solis
368 2407 402 2433 iis
423 2406 469 2439 qui
500 2404 585 2440 prwlii
614 2404 761 2438 participes
777 2407 851 2430 sunt.
868 2402 1006 2434 Ouenvad-

216 2453 328 2481 modum
347 2452 429 2487 igitur
445 2452 468 2478 is
482 2451 528 2486 qui
540 2450 711 2477 calamitates
735 2448 895 2476 bellicorum
917 2448 1002 2474 malo-

216 2506 276 2526 rum
295 2496 374 2531 l‘ugit,
396 2500 524 2532 precatur
548 2503 583 2522 ne
597 2494 699 2521 incidat
719 2494 747 2521 in
768 2494 890 2526 bellum;
914 2496 940 2520 et
955 2491 1002 2526 qui

215 2545 306 2580 ignem
321 2543 407 2575 timet,
420 2551 454 2570 ne
468 2542 495 2569 in
509 2542 572 2577 igne
587 2545 729 2574 versetur;
747 2544 773 2567 et
783 2539 839 2574 qui'
853 2545 928 2566 mare
940 2538 1004 2565 hor-

215 2590 310 2622 rescit,
329 2597 364 2616 ne
382 2587 527 2623 navigandi
554 2587 706 2615 necessitas
721 2585 881 2612 incumbat:
899 2583 937 2610 ita
957 2583 1003 2618 qui

217 2637 280 2664 mali
293 2637 422 2670 impetum
441 2639 468 2661 et
493 2634 633 2662 incursqu
654 2635 759 2664 metuit,
775 2635 902 2666 precetur
920 2638 953 2657 ne
978 2631 1004 2657 in

216 2691 278 2712 eum
293 2679 406 2710 incidat.
424 2681 558 2714 Quoniam
576 2685 677 2711 autem,
696 2685 725 2706 ιιι
740 2683 802 2705 ante
816 2677 947 2708 diximus,
978 2676 1004 2704 in

219 2731 290 2758 Italo
305 2728 386 2756 situm
402 2735 464 2755 esse
486 2726 616 2754 mundutn
643 2725 738 2753 Sermo
759 2724 844 2755 ἀίω,
872 2727 952 2757 atque
979 2722 1005 2749 in

253 2815 275 2830 "
295 2814 303 2840 l
319 2813 396 2841 Joan.
415 2821 439 2845 ι’,
455 2811 497 2840 l9.

1055 2175 1202 2212 τρικυμίας
1221 2175 1293 2202 ἐστιν
1312 2175 1329 2209 ἡ
1346 2173 1477 2201 θάλασσα·
1494 2171 1550 2199 ἀλλ’
1566 2171 1627 2206 οὐχὶ
1642 2170 1688 2197 καὶ
1704 2171 1758 2201 τοῖς
1776 2169 1844 2204 πέῤ-

1058 2223 1143 2259 ρι-μιθεν
1155 2220 1372 2255 ἀποικιζομένοις
1385 2218 1477 2253 αὐτῆς.
1493 2217 1642 2253 Φθαρτικὸν
1657 2215 1686 2242 τὸ
1698 2213 1762 2250 πῦρ,
1777 2214 1843 2241 ἀλλᾶ

1056 2268 1105 2304 τῆς
1119 2268 1308 2301 ὑποπεσούσης
1323 2264 1399 2300 ὕλης.
1419 2263 1509 2294 Δεινὸς
1521 2264 1535 2289 ὁ
1552 2262 1684 2296 πόλεμος,
1702 2260 1769 2287 ἀλλὰ
1797 2259 1844 2294 μό-

1057 2323 1112 2346 νοις
1133 2315 1189 2345 τοῖς
1209 2311 1367 2340 κοινωνοῦσι
1385 2310 1433 2345 τῆς
1455 2308 1642 2344 παρατάξεως.
1669 2307 1772 2341 Ὠσπερ
1788 2305 1815 2332 δὲ
1830 2305 1844 2331 ό

1058 2361 1107 2392 τὰς
1125 2358 1266 2394 συμφορὰς
1283 2357 1337 2384 τῶν
1361 2357 1392 2382 ἐκ
1415 2355 1462 2381 τοῦ
1479 2354 1595 2389 πολέμου
1617 2352 1725 2388 φεύγων
1740 2350 1843 2381 κακῶν,

1059 2405 1168 2440 εὔχεται
1186 2402 1222 2439 μὴ
1237 2403 1363 2429 ἐκπεσιῐν
1377 2400 1495 2435 πολέμῳ·
1510 2398 1557 2425 καὶ
1580 2397 1592 2423 b
1607 2397 1636 2423 τὺ
1652 2396 1706 2431 πῦρ
1719 2395 1845 2426 δεδοικὼς

1058 2452 1088 2479 τὸ
1105 2451 1142 2487 μὴ
1157 2451 1185 2477 ὲν
1203 2449 1278 2484 αὐτῷ
1294 2446 1436 2483 γενέσθαι·
1457 2445 1504 2472 καὶ
1518 2445 1532 2471 ὁ
1546 2443 1664 2479 φρίττων
1683 2442 1730 2477 τὴν
1744 2440 1844 2468 θάλασ-

1057 2485 1118 2526 σαν,
1134 2485 1164 2522 τδ
1178 2494 1214 2530 μὴ
1230 2494 1270 2525 εἰς
1282 2493 1403 2527 ἀνάγκην
1416 2489 1553 2520 ναυτιλίας
1567 2488 1664 2515 ὲλθεῑν·
1682 2486 1754 2513 οὕτω
1771 2485 1818 2512 καὶ
1830 2485 1845 2511 ὸ

1057 2543 1104 2569 τοῦ
1115 2540 1233 2576 πονηροῦ
1246 2539 1295 2574 τὴν
1313 2536 1464 2573 προσϐολὴν
1479 2534 1613 2566 δεδοικὼς,
1631 2532 1750 2568 εὐχέσθω
1763 2531 1793 2558 τὸ
1807 2531 1844 2566 μὴ

1059 2589 1087 2614 ὲν
1101 2585 1177 2620 αὐτῷ
1187 2583 1324 2619 γενέσθαι.
1347 2581 1455 2616 Ἐπειδὴ
1469 2580 1508 2611 δὲ,
1523 2578 1612 2610 καθὼς
1628 2577 1844 2614 προειρήκαμεν,

1061 2633 1089 2658 ὲν
1106 2631 1144 2666 τῷ
1160 2628 1271 2664 πονηρῷ
1288 2627 1394 2655 κεῖσθαι
1403 2626 1448 2653 τὸν
1466 2625 1566 2660 κόσμον
1587 2625 1601 2650 ό
1619 2624 1697 2657 λόγος
1711 2623 1803 2658 φησιν,
1816 2623 1844 2648 ὲν

1054 2676 1082 2702 δὲ
1095 2675 1151 2706 τοῖς
1161 2673 1302 2708 κοσμικαῖς
1314 2671 1474 2706 πράγμασιν
1483 2669 1575 2696 αἰτῶν
1589 2667 1751 2704 πειρασμῶν
1761 2668 1845 2702 ἀφορ-

1057 2721 1116 2758 μαί’
1135 2719 1225 2751 καλῶς
1238 2718 1284 2746 καὶ
1301 2715 1444 2754 προσηνῶς
1457 2717 1470 2742 ό
1483 2715 1614 2750 ρυσοῆναι
1631 2713 1684 2741 ἀπὸ
1700 2713 1746 2740 τοῦ
1762 2721 1844 2748 πονη-
