1978 3068
179 129 247 158 H95

808 126 836 153 S.
858 126 1020 153 GliEGORll
1043 126 1062 151 Ν
1070 125 1188 151 YSSENI

1734 126 1803 154 H96

179 194 210 213 ac
234 193 411 221 quacumque
435 185 486 211 alia
515 189 643 219 praeterea
667 186 690 211 si
708 185 769 219 quis
796 193 827 211 cx
851 184 959 211 sublimi

1014 183 1116 218 ὑψηλῆς
1149 183 1263 214 σκοπιᾶς
1291 182 1333 208 διὰ
1362 183 1414 209 τῶν
1439 182 1552 209 ἐλπίδων
1574 182 1803 218 ἀποὸλεπόμενον.

178 232 286 267 specula
303 239 350 266 per
369 238 444 266 spem
460 230 603 266 despiciat.
621 238 739 266 superne
757 231 791 257 dc
810 236 902 258 monte
921 230 963 257 di-

177 279 232 313 gito
255 281 424 304 monstrante
450 276 548 310 Verbo,
578 277 605 304 in
632 281 758 312 promptu
788 282 830 303 est
858 276 961 303 videre.

177 323 311 356 Quoniam
329 323 412 358 igitur
427 323 550 351 ascendit
565 322 695 350 Dominus
714 323 740 348 in
757 328 886 353 tuentem,
915 330 963 348 au-

177 368 286 395 diamus
303 368 398 395 Isaiam
425 368 604 395 clamantem:
628 367 727 399 Venite,
749 368 921 394 ascendamus
937 368 963 393 in

177 417 289 439 montem
304 412 409 439 Domini
419 412 457 444 ⁸⁸,
475 416 556 447 atque
571 413 677 441 etiamsi
690 412 845 439 laboramus
858 419 890 439 ex
902 419 964 446 pec-

179 463 251 488 cato.
273 457 459 484 confortemus
471 462 497 484 et
516 458 721 490 conlirmemus,
736 457 963 492 quemadmodum

177 503 317 537 prophetia
343 503 504 537 prazscribit,
535 511 633 531 manus
652 503 796 539 languidas
820 511 852 530 ac
876 511 964 538 genua

176 548 319 575 dissoluta.
337 547 403 574 Nam
423 549 446 576 si
466 549 492 575 in
514 556 650 576 suuunum
673 548 769 583 jugum
785 548 964 580 evaserimus,

177 594 347 622 inveniemus
369 594 415 629 qui
441 593 584 621 medeatur
605 594 679 621 omni
703 594 810 627 morbo,
836 594 966 629 omnique

178 641 320 675 languori,
355 647 451 674 nempe
477 647 539 667 eum
571 640 619 674 qui
647 639 821 668 inﬁrmitates
855 646 965 669 nostras

178 685 302 719 suscipit,
323 689 349 712 et
372 685 482 712 morbos
508 688 598 718 portat
609 684 641 710 θ’.
671 684 804 717 Quocirca
823 692 965 712 curramus

177 732 258 758 ctiam
285 739 334 758 uos
359 730 392 757 ad
414 737 570 762 ascensum,
586 734 616 756 ut
632 737 694 757 cum
716 730 785 758 Isaia
810 731 836 758 in
860 739 966 759 summo

176 777 241 812 jugo
254 777 310 812 spei
325 776 466 804 constituti
483 776 699 811 contemplemur
724 784 756 804 ex
772 778 882 811 specula
896 777 965 804 bona

178 823 223 849 illa
240 830 300 856 qua:
328 822 431 850 secutis
454 822 481 848 in
509 821 680 848 altitudinem
695 820 814 849 Verbum
829 823 965 856 ostendit;

1021 228 1130 262 Ἐπειδὴ
1138 226 1184 254 οὖν
1195 227 1332 255 ἀναϐαίνει
1345 228 1384 259 εἰς
1392 228 1421 254 τὸ
1429 228 1489 262 ὅρος
1503 229 1517 254 ὁ
1526 228 1636 263 Κύριος,
1646 228 1806 264 ἀκούσωμεν

1021 274 1130 300 Ἡσαΐου
1149 273 1273 308 βοῶντος
1286 272 1382 305 Δεῦτε,
1395 273 1549 307 ἀναϐὡμεν
1563 275 1607 306 εἰς
1622 274 1653 300 τὸ
1669 273 1738 307 ὅρος
1754 273 1806 300 τοῦ

1014 321 1135 352 Κιιοίου⁸
1153 318 1204 346 κᾶν
1225 318 1380 354 ἀσθενῶμεν
1405 318 1434 350 ἐξ
1450 319 1595 354 ἁμαρτίας,
1611 319 1804 353 ὲνισχύσωμεν,

1015 363 1104 396 καθὼς
1115 364 1257 398 ὑφηγεῖται
1269 364 1284 398 ἡ
1297 364 1462 399 προφητεία,
1474 365 1567 399 χεῖρας
1579 363 1747 398 παρειμένας
1759 364 1806 390 καὶ

1015 410 1116 443 γόνατα
1131 408 1348 444 παραλελυμένα.
1367 409 1398 435 El
1417 408 1471 444 γὰρ
1491 408 1537 434 ἐπὶ
1553 407 1599 434 τοῦ
1618 408 1703 443 ἄκρου
1718 407 1804 442 γενοί-

1017 454 1102 490 μεθα,
1122 454 1273 490 εὑρήσομεν
1288 453 1334 480 τὸν
1353 454 1465 489 ἰώμενον
1481 455 1572 480 πᾶσαν
1591 455 1667 481 νόσον
1687 455 1733 481 καὶ
1750 455 1805 481 πᾶ·
1823 472 1826 476 -

1016 509 1065 527 σαν
1093 500 1236 535 μαλακίαν,
1255 500 1300 526 τὸν
1318 500 1367 531 τὰς
1388 500 1530 531 ἀσθενείας
1550 499 1627 534 ἡμῶν
1649 499 1805 534 ἀναλαμϐἁ-
1825 492 1831 521 ῗ

1015 555 1112 578 νοντα,
1139 547 1185 573 καὶ
1209 546 1257 578 τὰς
1281 547 1375 579 νόσους
1397 545 1576 580 βαστάζοντα.
1606 544 1710 571 Οὐκοῦν
1739 545 1804 580 δρᾶ.-
1825 540 1829 544 ”

1017 601 1111 627 μωμεν
1124 592 1170 618 καὶ
1182 593 1262 627 ἡμεῖς
1281 592 1349 627 πρὸς
1364 591 1414 626 τὴν
1431 591 1532 622 ἄνοδον,
1551 591 1593 617 ἵνα
1611 590 1680 625 μετά
1695 590 1806 617 Ἡσαΐου

1015 638 1086 664 κατά
1103 640 1152 673 τὴν
1169 637 1324 674 ἀκρώρειαν
1339 629 1508 671 τῆς’ὲλπίδος
1531 636 1685 671 γενόμενοι,
1705 635 1804 671 ἴδωμεν

1016 685 1047 710 ὲκ
1065 684 1205 720 περιωπῆς
1221 684 1254 710 τὰ
1279 681 1369 718 ἀγαθά
1390 683 1497 714 ἐκεῖνοί,
1512 683 1561 710 ὅσα
1581 683 1637 713 τοῖς
1659 681 1805 717 ἀκολουθή-

1017 739 1094 757 σασιν
1111 731 1157 757 ἐπὶ
1174 731 1203 757 τὸ
1218 730 1284 764 ὕψος
1295 730 1310 756 ὁ
1322 730 1408 763 Λόγος
1423 729 1568 756 δείκνυσιν.
1591 728 1659 754 Ἀλλ’
1673 727 1806 759 ἀνοιξάτω

1018 778 1064 803 καὶ
1080 778 1145 812 ἡμῖν
1160 777 1174 802 ὁ
1185 776 1250 807 Θεὸς
1267 775 1352 809 Λόγος
1366 775 1396 801 τὸ
1414 774 1508 809 στόμα,
1531 774 1577 800 καὶ
1590 772 1720 805 διδαξάτω
1732 773 1805 808 ἡμᾶς

1015 823 1121 854 ἐκεῖνα,
1143 819 1181 849 ὧν
1205 823 1222 857 ὴ
1244 821 1374 856 ἀκρόασις
1397 820 1565 856 μακαριότης
1587 820 1671 846 ἐστίν’
1685 818 1805 853 γενέσθω

178 875 270 894 verum
296 867 378 894 etiam
405 867 484 894 nobis
500 866 571 893 Deus
593 865 711 894 Verbum
738 875 769 894 os
788 868 903 902 aperiat.
933 875 961 894 ac

1016 868 1044 894 δὲ
1066 868 1145 903 ἡμῶν
1164 868 1236 903 ἀρχὴ
1260 867 1309 901 τῆς
1331 866 1459 901 θεωρίας,
1480 867 1495 900 ἡ
1512 866 1564 892 τῶν
1586 865 1737 900 εἰρημένων
1755 863 1805 899 τῆς

177 913 272 940 doceat
292 920 342 940 nos
365 921 396 940 ea
420 920 534 947 quorum
564 912 667 939 auditio
688 913 825 940 beatitudo
842 919 892 940 est.
911 913 964 940 Su-

1018 913 1190 945 διδασκαλίας
1202 913 1283 948 ἀρχή.

178 962 266 984 matur
290 961 379 984 autem
396 966 410 984 a
428 958 505 985 nobis
531 957 637 984 initium
663 959 912 992 contemplationis,
934 964 960 986 ct
980 960 1228 991 eommentationis,
1259 959 1329 986 unde
1366 958 1498 985 doctrinae
1535 957 1668 984 dictorum
1695 956 1803 982 initium

177 1005 268 1040 coepit.

212 1051 300 1084 Beati,
321 1049 419 1085 inquit,
443 1057 569 1084 pauperes
595 1051 701 1084 spiritu,
729 1051 854 1084 quoniam
873 1058 962 1077 eorum

176 1102 214 1124 est
230 1104 335 1130 regnum
353 1095 488 1122 calorum.
511 1094 539 1121 Si
556 1095 618 1129 quis
633 1102 731 1122 avarus
746 1089 857 1121 incidat
870 1095 897 1121 in
921 1099 962 1121 ta-

178 1142 254 1169 bulas
277 1141 434 1186 thesaurum
465 1140 564 1167 alicubi
588 1139 778 1167 absconditum
798 1139 961 1172 iudicantes,

177 1189 199 1214 is
215 1192 306 1214 autem
329 1186 416 1215 locus.
440 1186 486 1220 qui
505 1186 661 1212 thesaurum
678 1185 826 1215 contineat,
847 1185 961 1212 multum

177 1233 302 1260 sudorem
333 1236 360 1259 et
392 1224 520 1258 laborem
543 1222 730 1265 aSpirantibus
763 1230 797 1256 ad
824 1237 871 1257 eas
898 1237 963 1264 opes

177 1279 323 1309 ostendat,
350 1277 471 1312 nunquid
488 1276 520 1303 ad
542 1276 650 1304 labores
667 1276 871 1310 oblanguescet,
892 1281 918 1303 et
936 1276 963 1302 in

177 1325 253 1351 luero
269 1323 416 1358 quaerendo
431 1322 523 1358 segnis
537 1322 600 1354 erit,
620 1322 781 1357 nullumque
800 1330 855 1357 pra:
872 1321 964 1350 studio

177 1369 295 1396 laborem
321 1376 429 1396 sumere
443 1373 524 1402 atque
540 1367 761 1402 defatigationem
787 1367 880 1396 subire
894 1368 963 1394 divi-

177 1415 222 1441 tiis
238 1414 346 1441 dulcius
368 1417 395 1440 et
412 1413 561 1447 jucundius
585 1412 775 1440 existimabit?
794 1412 852 1439 Non
877 1413 914 1439 ita
935 1420 964 1439 se

177 1467 221 1486 res
236 1458 331 1485 habet:
348 1466 402 1485 non
420 1458 456 1484 ita
471 1461 530 1490 est;
553 1458 599 1486 sed
620 1465 714 1484 omnes
735 1457 844 1492 quidem
864 1457 897 1484 ad
913 1458 964 1484 hoc

176 1503 319 1530 advocabit
334 1503 453 1537 amicos;
480 1511 511 1530 ex
532 1503 660 1530 omnibus
677 1503 740 1530 item
767 1503 902 1538 partibus,
930 1511 962 1530 ex

176 1549 276 1582 quibus
303 1548 412 1583 poterit.
440 1547 550 1575 auxiliis
578 1548 630 1575 sibi
656 1548 815 1580 contractis,
841 1548 998 1593 multitu-c

175 1593 239 1620 dine
256 1601 400 1627 operarum
419 1601 485 1628 opes
501 1594 561 1621 illas
581 1593 755 1621 absconditus
786 1600 850 1620 suas
873 1593 962 1620 factu—

177 1645 223 1665 rus
251 1638 296 1665 sit.
331 1637 380 1664 Hic
412 1643 454 1666 est
486 1638 532 1666 ille
561 1639 715 1670 thesaurus,
745 1637 853 1670 fratrcc,
882 1646 962 1672 quem

176 1684 308 1718 scriptum
325 1684 437 1716 indicat,
453 1684 620 1712 abscondita
643 1689 733 1712 autem
751 1692 798 1719 per
810 1685 973 1712 obscuritar

175 1734 230 1758 tem
245 1731 345 1758 divitia:
359 1734 434 1758 sunt.
452 1731 537 1766 Igitur
552 1739 602 1759 nos
615 1739 723 1766 quoque
741 1731 789 1766 qui
808 1731 960 1766 incorrupti

176 1775 235 1802 auri
257 1776 347 1810 cupidi
363 1784 468 1807 sumus,
490 1784 600 1811 precum
619 1777 697 1811 quasi
717 1784 847 1804 manuum
871 1777 962 1804 multi-

175 1821 268 1849 tudine
287 1826 406 1854 utamur,
435 1826 465 1849 ut
487 1822 588 1850 divitia:
610 1823 689 1850 nobis
717 1822 856 1857 pateﬁant,
882 1827 962 1857 atque

174 1874 270 1894 omnes
289 1874 322 1894 ex
348 1874 428 1901 aequo
447 1867 605 1894 thesaurum
632 1867 797 1898 dividamus,
823 1870 849 1894 ct
874 1869 959 1894 totum

175 1921 235 1939 eum
253 1913 369 1947 quisque
395 1913 530 1947 acquirat.
553 1912 628 1941 Talis
650 1913 721 1941 enim
741 1913 840 1940 divisio
853 1913 961 1940 virtutis

174 1963 230 1990 est,
262 1962 291 1985 ut
317 1961 343 1985 et
370 1958 397 1985 in
421 1966 530 1989 omnes,
557 1959 603 1993 qui
627 1966 686 1986 eam
711 1958 911 1993 amplectuntur
934 1963 961 1985 et

174 2001 312 2034 atl‘cctant,
331 2002 478 2035 dividatur,
495 2006 522 2029 et
535 2002 635 2037 cuique
656 2002 729 2030 adsit
743 2003 870 2030 universa
891 2003 961 2030 inter

175 2048 381 2082 participantes,
394 2055 448 2075 non
476 2048 619 2075 diminuta.
644 2047 710 2074 Nam
739 2048 767 2074 in
792 2052 959 2075 terrenarum

175 2093 283 2129 quidem
300 2093 456 2120 divitiarum
475 2092 679 2125 distributione,
695 2093 740 2127 qui
761 2094 822 2128 plus
837 2093 913 2128 justo
928 2094 960 2121 ad

173 2149 203 2168 se
222 2140 350 2172 traxerit,
363 2139 490 2174 injuriam
514 2139 577 2167 facit
596 2140 637 2166 his
656 2139 701 2174 qui
720 2147 753 2166 ex
775 2139 860 2174 requis
875 2140 959 2174 parti-

179 2187 230 2214 bus
245 2186 313 2213 socii
327 2189 391 2213 sunt
414 2185 499 2220 (socii
516 2185 588 2212 enim
609 2188 712 2220 partem
732 2193 846 2219 prorsus
864 2186 960 2212 minuit

1050 1049 1204 1084 Μακάριοι,
1227 1050 1324 1084 φησὶν,
1345 1050 1372 1075 οἱ
1395 1047 1505 1082 πτωχοὶ
1524 1046 1563 1078 τῷ
1584 1045 1746 1078 πνεύματι,
1759 1042 1804 1069 ὅτι

1015 1094 1116 1122 αὐτῶν
1131 1096 1215 1122 ἐστιν
1230 1095 1249 1128 ἡ
1263 1094 1407 1126 ,βασιλεία
1422 1093 1481 1120 τῶν
1492 1090 1636 1126 οίφανῶν.
1649 1090 1682 1116 Εἴ
1694 1098 1734 1120 τις
1750 1088 1804 1114 τῶν

1015 1141 1183 1176 φιλοχρύσων
1210 1140 1370 1176 γράμμασιν
1397 1139 1501 1173 ἐντύχοι
1516 1137 1651 1173 θησαυρὸν
1675 1136 1703 1161 ὲν
1729 1135 1804 1169 τόπῳ

1015 1185 1233 1221 καταμηνύουσιν
1250 1193 1256 1199 '
1274 1186 1288 1211 ὁ
1305 1185 1332 1210 δὲ
1354 1183 1485 1219 περιέχων
1499 1183 1544 1209 τὸν
1564 1180 1698 1216 θησαυρὸν
1711 1179 1802 1212 τόπος,

1015 1232 1098 1259 πολὺν
1127 1231 1225 1266 ἱδρῶτα
1253 1231 1300 1256 καὶ
1329 1230 1408 1256 πόνον
1430 1227 1599 1255 ὑποδεικνὺοι
1627 1227 1680 1258 τοῖς
1710 1225 1804 1251 ἐπιθυ·
1829 1259 1832 1263 ῥ

1017 1278 1096 1313 μοῦσι
1115 1277 1161 1304 τοῦ
1177 1278 1329 1311 κτήματος’
1343 1273 1398 1310 ἆρα
1413 1273 1644 1310 μαλακισθήσεται
1659 1271 1726 1306 πρὸς
1741 1270 1803 1302 τοὺς

1015 1323 1121 1354 πόνους.
1137 1321 1184 1348 καὶ
1195 1320 1418 1356 καταρᾳθυμήσει
1438 1318 1484 1347 τοῦ
1501 1317 1624 1352 κέρδους,
1639 1316 1684 1343 καὶ
1705 1315 1734 1342 τὸ
1749 1324 1803 1351 μη»

1014 1369 1077 1395 δένα
1091 1367 1213 1403 κάματον
1229 1366 1280 1392 ὑπὸ
1294 1366 1344 1401 τῆς
1368 1365 1485 1400 σπουδῆς
1509 1362 1724 1397 εἰσενέγκασθαι,
1738 1362 1803 1396 γλυ-

1015 1414 1129 1448 κύτερον
1153 1412 1200 1439 τοῦ
1224 1412 1338 1438 πλούτου
1364 1412 1525 1446 ποιήσεται;
1548 1410 1603 1436 Οὐκ
1625 1409 1681 1435 ἔστι
1707 1408 1802 1440 ταῦτα,

1016 1461 1066 1486 οὐκ
1080 1460 1152 1485 ἐστιν
1165 1468 1170 1474 ·
1186 1458 1253 1485 ἀλλά
1264 1458 1368 1489 πάντας
1380 1457 1427 1492 μὲν
1442 1456 1510 1492 πρὸς
1524 1455 1603 1482 τοῦτο
1618 1454 1803 1490 παρακαλέσει

1015 1505 1078 1536 τοὺς
1091 1504 1194 1536 φίλους,
1205 1503 1372 1538 πανταχόθεν
1385 1503 1413 1529 δὲ
1428 1502 1465 1534 ὡς
1481 1502 1513 1528 ἂν
1525 1499 1579 1532 οἷός
1593 1509 1623 1527 τε
1673 1501 1722 1535 τὴν
1735 1500 1803 1535 πρὸς

1015 1550 1093 1576 τοῦτο
1123 1549 1247 1584 βοήθειαν
1273 1548 1361 1583 ἑαυτῷ
1389 1547 1548 1583 συναγείρας
1573 1546 1612 1581 τῷ
1633 1546 1729 1581 πλήθει
1752 1545 1803 1580 τῆς

1013 1595 1117 1630 χειρὸς,
1130 1595 1193 1622 ἴδιον
1214 1596 1330 1621 ποιεῖται
1349 1594 1393 1620 τὸν
1410 1593 1524 1623 πλοῦτον
1542 1592 1586 1618 τὸν
1602 1592 1802 1628 κεκρυμμένον.

1014 1638 1097 1672 Οὗτος
1123 1641 1224 1668 ἐκεῖνος
1243 1642 1315 1666 ἐστιν
1330 1641 1343 1666 ὁ
1359 1639 1510 1675 θησαυρὸς,
1527 1638 1649 1672 ἀδελςοὶ,
1664 1638 1693 1664 ὃν
1719 1645 1816 1664 κατα-.

1015 1687 1110 1722 μηνύει
1127 1686 1157 1713 τὺ
1174 1687 1304 1722 γράμμαυ
1313 1686 1464 1721 κέκρυπται
1477 1685 1504 1711 δὲ
1519 1684 1569 1711 ὑπὸ
1579 1684 1627 1719 τῆς
1645 1683 1776 1718 ἀσαφείας
1789 1685 1804 1710 ὁ

1014 1732 1249 1763 π).οὖτος.οὑκοῦν
1266 1730 1430 1766 χρησώμεθα
1446 1730 1492 1756 καὶ
1507 1731 1586 1765 ἡμεῖς
1600 1730 1623 1756 οἱ
1637 1729 1803 1764 ἐπιθυμηταὶ

1012 1776 1059 1803 τοῦ
1082 1777 1219 1812 ἀκηράτου
1243 1776 1371 1811 χρυσίου,
1387 1777 1419 1810 τῇ
1437 1775 1491 1801 τῶν
1514 1775 1602 1810 εὺχῶν
1628 1774 1802 1810 πολυχειρίᾳ,

1012 1821 1083 1848 ὥστε
1100 1823 1167 1856 ἡμῖν
1183 1823 1222 1853 εἰς
1242 1821 1272 1848 τὺ
1297 1821 1416 1856 ἐμφανὲς
1439 1820 1484 1846 τὸν
1509 1818 1621 1846 πλοῦτον
1638 1820 1740 1852 ἐλθεῖν,
1756 1820 1803 1846 καὶ

1012 1868 1116 1900 πάντας
1142 1868 1170 1901 ἐξ
1195 1867 1252 1894 ἴσον
1279 1867 1412 1895 διελέσθαι
1436 1867 1480 1894 τὸν
1507 1867 1660 1902 θησαυρὸν,
1676 1867 1722 1893 καὶ
1743 1866 1802 1892 ὅλον

1013 1914 1126 1941 ἕκαστον
1140 1913 1303 1949 κτήσασθαι.
1321 1914 1437 1948 Τοιαύτη
1457 1913 1510 1949 γὰρ
1524 1913 1573 1948 τῆς
1589 1913 1688 1948 ἀρετῆς
1703 1914 1718 1948 ἡ
1734 1913 1802 1938 διαί-

1014 1968 1104 1995 ρεσις,
1123 1959 1193 1986 ὥστε
1213 1960 1259 1986 καὶ
1280 1961 1320 1992 εἰς
1345 1960 1449 1990 πάντας
1475 1960 1538 1991 τοὺς
1565 1959 1803 1993 ἀντιποιουμένους

1012 2004 1233 2041 διαμερίζεσθαι,
1259 2005 1306 2032 καὶ
1337 2006 1426 2032 πᾶσαν
1451 2005 1558 2039 ἑκάστῳ
1589 2005 1736 2040 παρεῖναι,
1765 2003 1802 2039 μὴ

1011 2050 1207 2086 ὲλαττουμένην
1228 2052 1256 2077 ὲν
1275 2052 1330 2083 τοῖς
1343 2051 1567 2086 συμμετέχουσιν.
1582 2050 1624 2076 Ἐν
1641 2050 1688 2084 μὲν
1707 2050 1760 2085 γὰρ
1768 2051 1801 2085 τῇ

1010 2096 1056 2122 τοῦ
1079 2097 1171 2131 γηῖνου
1188 2096 1303 2123 πλούτου
1320 2097 1433 2132 διανομῇ
1451 2096 1538 2122 ἀδικεῖ
1551 2095 1612 2127 τοὺς
1634 2094 1802 2130 ἰσομοιροῦν-

1010 2150 1059 2174 τας
1082 2143 1096 2168 ὁ
1109 2143 1139 2169 τὸ
1159 2143 1238 2169 πλέον
1255 2143 1505 2178 παρασπασάμενος
1523 2150 1529 2157 ·
1543 2141 1647 2168 ἐλαττοῖ
1661 2140 1714 2176 γάρ
1732 2141 1801 2167 πάν-

1010 2196 1064 2219 τως
1084 2188 1114 2214 τὸ
1129 2188 1211 2223 μέρος
1224 2187 1271 2214 τοῦ
1288 2187 1514 2223 συμμετέχοντος,
1530 2187 1543 2212 ὁ
1559 2185 1588 2212 τὺ
1607 2185 1705 2212 ἑαυτοῦ
1723 2185 1801 2212 πλεο-

174 2233 196 2259 is
215 2232 260 2266 qui
281 2238 358 2258 suam
381 2231 444 2266 plus
460 2231 536 2266 justo
549 2231 680 2265 auxerit);
701 2232 856 2266 spiritualcs
870 2237 959 2260 autem

1014 2234 1098 2266 νάσας
1116 2243 1122 2249 ·
1153 2236 1167 2261 ὸ
1198 2234 1226 2260 δὲ
1252 2234 1436 2269 πνευματικὸς
1461 2232 1574 2264 πλοῦτος
1597 2231 1627 2258 τὸ
1657 2231 1704 2258 τοῦ
1725 2231 1799 2267 ἡλίου

173 2277 274 2304 divitia:
300 2277 372 2305 idem
404 2276 508 2304 faciunt
537 2277 608 2312 quod
628 2277 679 2307 sol,
710 2277 756 2311 qui
783 2281 808 2304 et
832 2278 960 2306 omnibus

173 2323 328 2350 videntibus
347 2330 377 2351 se
396 2322 528 2357 impertit,
547 2328 573 2350 et
591 2326 664 2350 totus
681 2322 829 2358 unicuique
844 2323 959 2351 accedit.

173 2367 308 2400 Quoniam
328 2368 410 2402 igitur
436 2374 486 2401 par
506 2367 539 2393 ab
557 2375 724 2403 unoquoque
749 2369 855 2396 lucrum
871 2377 904 2396 ex
921 2370 960 2396 la-

174 2414 239 2440 bore
264 2417 402 2447 speratur,
436 2420 483 2447 par
507 2413 540 2439 ab
566 2414 694 2441 omnibus
718 2414 846 2441 alferatur
874 2415 906 2441 ad
933 2415 958 2442 id

173 2458 245 2492 quod
266 2465 280 2484 a
302 2457 382 2485 nobis
402 2458 543 2492 quaeritur,
569 2466 679 2493 precum
705 2459 901 2493 adjumentum.
920 2461 958 2487 Ae

174 2503 289 2537 primum
307 2503 416 2538 quidem
440 2504 560 2530 omnium
577 2505 698 2531 arbitror
716 2509 843 2539 oportere
865 2506 956 2533 consi-

172 2549 269 2577 derare
284 2549 370 2583 ipsam
384 2549 591 2581 beatitudinem,
607 2554 634 2577 et
650 2550 800 2585 intelligere
827 2551 958 2585 quidnam

172 2595 281 2622 tandem
300 2603 330 2622 ea
350 2595 395 2621 sit.
415 2595 566 2624 Beatitudo.
599 2599 627 2621 ut
653 2603 712 2622 mea
736 2595 843 2629 quidem
867 2596 958 2630 opinio

173 2639 234 2672 fert,
266 2641 473 2676 comprehensio
499 2640 621 2674 qumdam
647 2644 689 2667 est
715 2641 836 2668 omnimn
863 2649 958 2669 earum

172 2693 262 2712 rerum
277 2694 336 2720 qua:
354 2686 463 2713 nomine
482 2685 544 2712 boui
567 2685 768 2720 intelliguntur:
787 2694 801 2713 a
820 2695 873 2721 qua
890 2688 957 2715 nillil

171 2731 249 2758 abest
268 2739 361 2758 eorum
377 2739 437 2765 qua:
450 2731 585 2765 pertinent
600 2730 633 2758 ad
647 2731 780 2758 bonorum
794 2732 957 2760 desiderium

207 2820 227 2835 ἰ’
251 2819 299 2846 isa.
321 2827 338 2845 ll
373 2820 399 2846 5.
437 2819 459 2834 ³⁸³
482 2819 535 2845 lsa.
557 2825 638 2849 ΜΠ,
653 2818 680 2845 4.

1015 2281 1094 2312 ποιεῖ,
1111 2280 1158 2306 καὶ
1173 2280 1239 2306 πᾶσι
1264 2281 1320 2311 τοῖς
1343 2279 1485 2314 βλέπουσιν
1501 2277 1595 2304 ἑαυτὸν
1608 2277 1736 2313 μερίζων,
1754 2277 1800 2304 καὶ

1013 2325 1073 2356 ὅλος
1092 2325 1199 2360 ἑκάστῳ
1221 2317 1446 2361 παραγινόμενος.
1465 2325 1540 2351 Ἐπεὶ
1557 2322 1602 2350 οὖν
1624 2324 1679 2350 ἴσον
1694 2324 1800 2358 ἑκάστῳ

1012 2370 1043 2396 τὸ
1052 2371 1084 2397 ἐκ
1099 2369 1145 2396 τοῦ
1163 2371 1243 2396 πόνου
1260 2370 1354 2406 κέρδος
1366 2368 1567 2404 ὲ).πίξεται,ῖ.τη
1585 2369 1704 2402 γενέσθω
1719 2370 1800 2395 πᾶσιν

1013 2415 1056 2441 διὰ
1070 2414 1122 2440 τῶν
1139 2415 1224 2450 εὐχῶν
1239 2415 1305 2450 πρὸς
1316 2417 1345 2441 τὸ
1355 2414 1518 2450 ζητούμενον
1533 2415 1626 2449 ἡμῖνή
1644 2413 1798 2449 συνέργεια.

1014 2460 1123 2495 Πρῶτον
1148 2461 1196 2495 μὲν
1211 2459 1256 2488 οὖν
1277 2461 1357 2487 αὐτόν
1375 2469 1446 2495 φημι
1469 2459 1524 2494 ἐγὼ
1537 2460 1592 2486 δεῖν
1615 2459 1658 2485 τον
1679 2467 1799 2494 μακαρι-

1011 2506 1145 2541 σμὺν,ὅτί
1160 2507 1223 2532 ποτέ
1238 2507 1322 2539 ἐστιν,
1334 2506 1468 2541 ἐννοῆσαι.
1481 2505 1659 2540 Μακαριότης
1677 2504 1717 2536 τίς
1731 2506 1799 2535 ἐστι,

1010 2551 1082 2578 κατά
1096 2560 1127 2585 γε
1141 2551 1187 2578 τὸν
1199 2551 1264 2586 ἐμὸν
1279 2551 1366 2585 λόγον,
1379 2551 1524 2587 περίληψις
1541 2552 1646 2580 πάντων
1660 2549 1713 2576 τῶν
1729 2550 1800 2576 κατά

1009 2597 1039 2624 τὸ
1062 2597 1162 2631 ἀγαθὸν
1181 2597 1349 2632 νοουμένων·
1370 2595 1403 2633 ἦς
1427 2597 1525 2623 ἄπεστι
1550 2595 1603 2621 τῶν
1626 2596 1665 2626 είς
1694 2595 1800 2630 ἀγαθὴν

1010 2642 1157 2677 ἐπιθυμίαν
1174 2642 1293 2677 ἡκόντων
1310 2643 1397 2669 οὐδέν.
1417 2642 1522 2668 Γένοιτο
1536 2641 1557 2667 δ’
1579 2640 1611 2667 ἂν
1625 2641 1690 2676 ἡμῖν
1708 2641 1754 2667 καὶ
1768 2642 1799 2667 ὲκ

1011 2688 1060 2723 τῆς
1075 2688 1122 2714 τοῦ
1146 2689 1268 2716 ἐναντίου
1293 2689 1469 2724 παραθέσεως
1491 2685 1700 2722 γνωριμώτερον
1715 2685 1747 2712 τδ
1767 2688 1799 2713 ἐκ

1011 2735 1058 2761 τοῦ
1078 2735 1253 2770 μακαρισμοῦ
1280 2735 1495 2770 σημαινόμενον·
1511 2732 1630 2759 ἐναντίον
1646 2732 1675 2758 δὲ
1691 2732 1729 2768 τῷ
1748 2741 1798 2768 μα-
