1978 3068
197 185 265 214 “97

731 185 775 212 DE
794 183 1094 212 BEATITUDINIBUS.
1104 183 1232 213 ORATIO
1246 184 1266 213 Ι.

1749 182 1817 211 “98

196 242 284 277 γαρίῳ
297 242 327 270 τὸ
341 243 440 270 ἄθλιον.
466 243 603 278 Ἀὒλιότης
629 241 675 269 οὖν
692 243 776 273 ἐστιν,
826 243 854 268 ἐν
869 243 924 274 τοῖς
936 242 983 267 λυ-

1036 249 1116 279 atque
1126 243 1312 279 cupiditatem.
1330 242 1434 271 Poterit
1452 247 1542 270 autcln
1559 242 1638 270 nobis
1656 250 1690 270 cx
1706 250 1818 278 compa-

197 290 294 324 πηροῖς
314 298 342 316 τε
366 289 412 316 καὶ
428 289 587 325 ἀϐουλήτοις
607 289 704 316 πάθεσι
726 288 909 324 ταλαιπωρία.
925 288 982 314 Με-

198 335 322 371 μέρισται
336 335 364 362 δὲ
389 336 421 362 ὲκ
445 335 492 362 τοῦ
509 336 628 362 ἐναντίου
647 337 664 370 ἡ
679 336 721 370 ἐφ’
734 335 863 370 ἑκατέρου
884 334 937 360 τῶν
954 335 982 360 ἐν

197 381 287 413 αὐτοῖς
297 381 447 416 γινομένων
457 380 584 412 διάθεσις.
605 380 735 416 ’Υπάρχει
747 379 800 415 γὰρ
812 379 851 414 τῷ
868 379 916 414 μὲν
932 387 983 414 μα-

197 426 368 461 καριζομένῳ
383 426 414 452 τὺ
438 425 629 461 εὐφραίνεσθαι
652 426 708 456 τοῖς
733 424 922 460 προκειμένοις
943 423 983 455 εἰς

197 472 347 499 ἀπόλαυσιν
370 471 444 507 αὑτῷ
465 472 512 499 καὶ
537 471 699 506 ἀγάλλεσθαι
714 479 722 486 ·
741 470 781 506 τῷ
797 471 825 497 δὲ
841 469 982 501 ταλανιζο-

199 517 271 552 μένῳ
279 517 310 544 τὸ
323 517 448 544 ἀνιᾶσθαι
457 518 513 549 τοῖς
520 517 652 553 παροῦσιν
664 516 738 552 αὐτῷ
750 516 797 543 καὶ
807 514 980 550 ἀλγύνεσθαι.

197 562 233 588 Τὸ
249 562 297 597 μὲν
313 559 358 588 οὖν
373 561 540 596 μακαριστὸν
556 560 672 596 ἀληθῶς,
683 560 750 588 αὐτὸ
764 561 794 586 τδ
806 558 882 586 Θεϊόν
896 560 980 586 ἐστιν.

198 608 232 633 Ὀ
243 607 270 633 τί
291 615 357 634 ποτε
375 607 429 642 γὰρ
444 607 510 634 αὺτδ
534 605 603 634 εἶναι
620 606 794 642 ὑποθώμεθα,
813 606 981 642 μακαριότης

196 653 268 678 ἐστὶν
293 653 309 687 ὴ
335 653 471 687 ἀκήρατος
494 652 585 687 ἐκείνη
606 651 673 687 ζωὴ,
698 652 729 678 τὸ
753 647 870 688 ἄρρητον
889 660 920 678 τε
936 651 983 678 καὶ

195 698 378 733 ἀκατανόητον
395 698 508 732 ἀγαθὸν,
520 698 550 724 τὸ
564 698 750 734 ἀνέκφραστον
760 697 865 729 κάλλος,
876 698 893 732 ἡ
907 697 983 724 αὐτο-

195 745 284 779 χὰρις,
302 744 349 771 καὶ
366 745 462 779 σοφία,
479 746 525 771 καὶ
550 745 664 780 δύναμις
675 753 681 760 ·
696 745 726 771 τὸ
754 744 880 780 ἀληθινὸν
905 744 978 779 φῶς·

195 790 212 824 ή
227 789 302 824 πηγὴ
327 791 417 825 πάσης
431 789 595 824 ὰγαθότητος
607 798 613 805 ·
627 789 642 825 ὴ
655 789 838 824 ὑπερκειμένη
853 788 898 816 τοῦ
915 797 982 815 παν-

194 835 239 867 τὸς
251 835 359 867 ἐξουσία
372 844 378 851 ·
388 836 419 862 τὸ
431 836 509 870 μόνον
523 836 664 871 ἐράσμιον,
678 836 707 862 τὺ
718 835 760 862 ἀεὶ
769 835 898 867 ὡσαύτως
908 835 978 870 ἕχον.

193 879 224 904 τὸ
242 879 364 914 διηνεκὲς
378 879 533 915 ἀγαλλιαμα
544 887 551 893 ·
562 880 578 914 ἡ
599 879 681 911 ἀΐδιος
691 879 843 915 εὐφροσύνη
853 889 860 896 “
874 880 935 915 περὶ
947 878 980 915 ἧς

195 925 284 951 πάντα
301 933 343 956 τις
359 925 377 951 ἃ
401 924 513 952 δύναται
527 925 634 959 λέγων,
650 925 723 959 λέγει
747 925 802 952 τῶν
827 926 886 952 κατ’
902 925 980 957 ἀξίαν
996 917 1017 944 Β

194 969 279 997 οὐδέν.
297 969 365 996 Οὔτε
391 970 446 1011 γὰρ
464 971 480 1006 ἡ
502 970 605 997 διάνοια
629 970 796 997 καθικνεῖται
815 970 861 997 τοῦ
885 970 961 1001 ὃντος
974 990 981 1001 ,

195 1015 246 1042 κᾶν
264 1024 289 1042 τι
308 1015 370 1051 περὶ
387 1016 468 1042 αὐτοῦ
481 1015 534 1042 τῶν
551 1015 723 1051 ὑψηλοτέρων
742 1011 982 1051 νοῆσαι’χωρήσὶι›‹

197 1069 256 1096 μεν,
275 1061 361 1087 οὐδενὶ
377 1061 449 1096 λόγῳ
462 1060 492 1086 τὸ
506 1060 601 1096 νοηθὲν
615 1059 815 1094 ἐξαγγέλλεται.
838 1061 915 1087 Ἐπεὶ
930 1060 958 1087 δὲ
969 1061 984 1086 ὁ

138 1118 144 1125 ι
156 1111 181 1144 /
196 1107 302 1138 πλάσας
325 1107 370 1133 τὸν
393 1106 535 1142 ἄνθρωπον
546 1127 553 1137 ,
571 1106 632 1132 κατ’
658 1105 749 1132 εἰκόνα
770 1105 838 1132 Θεοῦ
855 1105 983 1140 ἐποίησεν

195 1153 292 1179 αὑτὸν·
313 1152 447 1187 δευτέρως
461 1151 552 1187 ἂνεῖη
571 1151 739 1187 μακαριστὸν
752 1151 784 1177 τὸ
802 1150 872 1177 κατὰ
889 1159 984 1186 μετου-

195 1199 256 1225 σίαν
271 1199 320 1234 τῆς
340 1199 423 1230 ὅντως
446 1197 644 1233 μακαριδτητος
665 1197 694 1224 ἐν
715 1196 753 1233 τῷ
771 1197 882 1232 ὀνόματι
899 1196 983 1231 τούτῳ

195 1243 347 1278 γινόμενον.
357 1244 463 1278 Ὠσπερ
474 1243 527 1278 γὰρ
536 1242 582 1268 ἐπὶ
589 1241 637 1277 τῆς
654 1241 813 1276 σωματικῆς
820 1241 984 1277 εὐμορφίας,

194 1290 291 1324 τὸμὲν
314 1289 490 1325 πρωτότυπον
515 1288 612 1319 κάλλος
631 1288 659 1314 ὲν
679 1287 718 1323 τῷ
742 1287 823 1319 ζῶντι
846 1286 983 1326 προσῴπῳ

196 1335 255 1360 ἐστὶ
281 1335 326 1360 καὶ
353 1334 505 1368 ὑφεστῶτι,
529 1333 680 1368 δευτερεύει
694 1333 723 1359 δὲ
746 1332 841 1359 τούτου
863 1332 893 1359 τὸ
914 1332 984 1358 κατὰ

199 1380 313 1415 μίμησιν
336 1380 382 1406 ἐπὶ
398 1380 447 1415 τῆς
470 1381 575 1411 εἰκόνος
590 1379 764 1414 δεικνύμενον
780 1376 796 1402 -Ι
803 1378 890 1410 οὕτως
905 1379 952 1404 καὶ
967 1379 983 1413 ἡ

196 1425 352 1461 ἀνθρωπίνη
366 1426 446 1459 φύσις
455 1444 462 1454 ,
476 1425 558 1452 εἰκὼν
571 1422 638 1451 οὖσα
649 1424 699 1459 τῆς
718 1423 918 1460 ὑπερκειμένης
934 1432 985 1459 μα-

197 1471 367 1505 καριότητος.
381 1471 427 1497 καὶ
439 1471 506 1506 αὑτὴ
519 1470 557 1506 τῷ
571 1470 665 1505 ἀγαθῷ
677 1470 770 1497 κάλλει
784 1469 984 1505 χαρακτηρίζε-

196 1525 252 1547 ται,
269 1517 332 1543 ὅταν
356 1517 398 1550 ἐφ’
422 1517 519 1552 ἑαυτῆς
543 1516 659 1543 δεικνύει
687 1514 736 1548 τᾶς
760 1516 813 1542 τῶν
842 1515 984 1551 μακαρίων

196 1562 378 1597 χαρακτήρων
401 1562 542 1600 ἐμφάσεις.
566 1561 642 1588 Ἀλλ’·
653 1561 746 1608 ἐπειδὴ
759 1562 772 1588 ὁ
783 1561 836 1608 τῆς
999 1581 1019 1608 c

100 1595 121 1605 η’
197 1595 282 1642 ῥύπος
293 1595 382 1633 ebeni.
409 1595 509 1639 εἰκόνος
521 1606 618 1638 κάλλος
631 1595 795 1642 ὴχρείωσεν·
811 1595 892 1641 ἦλθεν
907 1595 923 1632 γὸ
938 1607 985 1633 ὲκ-

197 1653 299 1681 νίπτων
322 1653 395 1688 ἡμᾶς
411 1653 451 1688 τῷ
465 1653 522 1687 ἰδίῳ
539 1652 632 1685 ὕδατι,
647 1651 686 1687 τῷ
700 1652 781 1684 ζῶντί
800 1659 829 1678 τε
847 1652 894 1678 καὶ
910 1651 986 1678 ἀλλοο

198 1697 271 1732 μένῳ
290 1699 329 1729 είς
345 1697 416 1732 ζωὴν
435 1697 551 1729 αἰώνιον,
568 1697 638 1723 ὥστε
664 1697 737 1731 ἡμᾶς
755 1696 938 1731 ἀποθεμένους
956 1696 986 1722 τὸ

197 1741 227 1775 ἐξ
242 1743 377 1778 ἁμαρτιας
394 1740 497 1777 αἶσχος,
517 1741 597 1768 πάλιν
616 1741 686 1768 κατὰ
702 1741 750 1771 τὴν
766 1741 904 1776 μακαρίαν
921 1741 986 1767 ἁνα-

200 1788 370 1823 καινισθῆναι
389 1788 505 1823 μορφήν.
524 1788 579 1814 Καὶ
603 1786 728 1821 καθάπερ
746 1786 791 1813 ἐπὶ
809 1786 859 1822 τῆς
879 1786 986 1821 ζωγρα-

144 1847 150 1849 “
199 1835 283 1871 φικῆς
293 1834 390 1868 τέχνης
401 1835 473 1860 εἴποι
487 1833 519 1860 ἆν
533 1842 574 1865 τις
593 1834 661 1868 πρὸς
677 1833 739 1865 τοὺς
756 1833 885 1868 ἀπείρους
897 1833 911 1858 ὁ
926 1833 986 1858 ὲπι-

199 1882 328 1917 στήμων,
345 1881 433 1907 ἐκεῖνο
461 1879 540 1906 καλὸν
567 1877 637 1906 εἷναι
663 1878 694 1905 τὺ
716 1878 880 1914 πρόσωπον.
899 1877 929 1904 τὺ
955 1878 986 1904 ὲκ

199 1927 307 1954 τοιῶνδε
328 1926 381 1952 τῶν
404 1924 452 1952 τοῦ
475 1924 599 1960 σώματος
629 1924 730 1960 μορίων
756 1923 949 1958 συγκείμενον·

199 1972 271 2008 κόμη
290 1980 320 1998 τε
335 1971 423 1998 τοιάδε
434 1991 440 2001 ,
457 1971 502 1997 καὶ
525 1969 672 2005 ὀφθαλμῶν
688 1969 792 1999 κύκλοι.
809 1969 855 1995 καὶ
877 1968 986 2003 ὀφρύων

199 2017 377 2053 περιγραφαὶ,
389 2016 436 2042 καὶ
450 2015 568 2051 παρειῶν
588 2015 672 2046 Θέσις,
688 2015 735 2041 καὶ
749 2013 783 2040 τὰ
799 2014 860 2041 καθ’
871 2014 986 2047 ἕκαστον

199 2063 288 2091 πάντα
303 2063 336 2089 δι’
352 2059 389 2088 ὧν
412 2061 618 2096 συμπληροῦται
633 2061 648 2095 ἠ
666 2060 802 2095 εὐμορφία
813 2068 820 2075 ‘
835 2059 921 2092 οὕτως
940 2060 986 2086 καὶ

200 2110 214 2135 ὁ
223 2108 271 2143 τὴν
282 2107 417 2142 ἡμετέραν
431 2106 498 2141 πρὸς
509 2105 557 2140 τὴν
570 2105 616 2132 τοῦ
629 2104 709 2140 μόνου
725 2105 857 2140 μακαρίου
872 2105 986 2139 μίμησιν

199 2151 404 2186 ἁναζωγραφῶν
427 2151 517 2185 ψυχὴ»,
535 2150 568 2177 τὰ
588 2150 648 2176 καθ’
669 2150 782 2176 ἕκαστον
805 2149 857 2176 τῶν
877 2151 915 2182 είς
935 2159 984 2185 μα-

199 2197 332 2232 καρισμὸν
353 2196 560 2227 συντεινόντων,
590 2195 741 2231 ὑπογράφει
766 2195 804 2230 τῷ
829 2195 915 2230 λόγῳ,
941 2196 987 2222 καί

1035 289 1140 316 ratione
1153 288 1283 316 contrarii
1306 288 1413 324 planius
1432 288 1489 316 ﬁeri
1521 288 1586 324 quid
1604 296 1652 324 per
1670 289 1818 318 beatitudi-

1034 341 1097 362 nem
1119 335 1304 370 signiﬁcetur;
1327 335 1465 363 contraria
1481 339 1570 362 autem
1588 335 1750 363 beatitudini
1765 335 1818 364 mi-

1034 380 1106 408 seria
1124 385 1175 409 est.
1191 381 1300 409 Miseria
1314 381 1396 416 igitur
1409 381 1492 409 estin
1514 381 1622 409 acerbis
1647 389 1679 408 ac
1693 382 1818 410 tristibus

1034 430 1185 461 nostraque
1208 427 1348 455 voluntate
1370 435 1425 455 non
1454 427 1642 456 accidentibus
1665 428 1775 457 casibus
1792 433 1820 456 et

1033 471 1235 501 calamitatibus
1255 480 1385 500 aerumna.
1409 472 1523 500 Ati'ectio
1543 473 1606 501 item
1638 481 1733 501 eorum
1757 481 1820 510 quae

1033 518 1060 545 in
1078 518 1146 553 ipsis
1163 519 1240 552 fiunt,
1275 520 1302 547 in
1327 523 1444 555 utroque
1467 519 1495 546 in
1517 520 1685 547 contrarium
1701 520 1817 548 deducta

1034 566 1115 597 atque
1131 563 1217 592 divisa
1237 568 1288 592 est.
1303 563 1369 591 Nam
1383 564 1407 593 ei
1435 565 1481 601 qui
1496 565 1605 600 quidem
1620 565 1716 594 beatus
1732 566 1817 594 habe-

1033 609 1089 638 tur,
1118 606 1153 634 ob
1173 615 1217 635 res
1236 608 1270 635 ad
1295 607 1438 635 fruendum
1466 609 1522 637 sibi
1544 610 1698 644 propositas
1719 610 1817 644 laetari.

1033 649 1084 677 sibi
1101 650 1208 685 placere
1226 656 1253 679 et
1271 652 1409 679 exsultare
1425 652 1509 686 licet;
1530 653 1554 680 ei
1580 660 1645 680 vero
1667 653 1713 688 qui
1735 655 1819 681 miser

1033 695 1214 729 existimatur,
1231 697 1312 725 rebus
1331 698 1382 725 sibi
1397 698 1578 731 praesentibus
1598 699 1660 734 angi
1677 703 1759 735 atque
1772 700 1820 727 do-

1033 741 1088 769 lcrc
1108 742 1250 777 contingit.
1269 742 1356 770 Porro
1375 744 1447 778 quod
1465 752 1527 772 vere
1541 745 1650 772 beatum
1662 744 1816 773 habendum

1032 787 1076 818 sit.
1102 787 1190 822 ipsum
1216 788 1338 815 divinum
1359 797 1459 816 numen
1480 793 1530 816 est.
1549 789 1616 817 Nam
1641 790 1773 826 quidquid
1791 791 1818 818 id

1031 833 1139 860 tandem
1155 841 1216 861 esse
1232 831 1381 868 ponamus,
1403 834 1541 862 beatitudo
1557 839 1599 863 est
1614 836 1659 867 illa
1677 836 1819 864 immorta~

1033 878 1067 906 lis
1084 882 1111 906 et
1126 878 1284 913 incorrupta
1304 880 1369 914 vita,
1389 880 1525 909 inell‘abile
1536 881 1638 916 pariter
1653 886 1680 910 et
1697 882 1816 909 inanim-

1032 923 1194 952 adversibile
1221 929 1303 960 atque
1328 925 1537 961 inexeogitabile
1556 927 1671 959 bonum,
1707 928 1817 955 inenar-

1033 969 1127 996 rabilis
1144 969 1397 1005 inexplicabilisque
1413 970 1600 1006 pulchritudo,
1617 978 1632 998 a
1649 971 1737 1007 seipsa
1755 981 1819 1008 pro-

1034 1012 1114 1044 lecta,
1133 1022 1148 1040 a
1164 1014 1253 1049 seipsa
1269 1015 1341 1047 data,
1357 1019 1384 1042 et
1402 1015 1499 1050 gratia,
1514 1019 1542 1043 et
1563 1016 1705 1051 sapientia,
1725 1021 1752 1044 et
1772 1024 1821 1052 po-

1033 1058 1128 1090 tentia,
1153 1065 1215 1086 vera
1233 1059 1290 1092 lux,
1317 1059 1378 1087 l'ons
1395 1061 1485 1089 omnis
1495 1055 1638 1095 bonitatis,
1657 1063 1740 1090 rebus
1759 1064 1821 1091 unl-

1033 1104 1121 1131 versis
1147 1102 1297 1138 prazsidens
1322 1112 1354 1132 ac
1369 1106 1582 1142 superimposita
1607 1112 1739 1143 potestas,
1760 1109 1820 1137 sola

1034 1148 1169 1180 amabilis,
1188 1157 1295 1184 semper
1311 1149 1404 1178 codem
1419 1152 1500 1179 modo
1520 1160 1580 1180 sese
1593 1153 1706 1188 habens,
1722 1162 1820 1190 perpe-

1034 1198 1078 1221 tua
1099 1195 1256 1228 exsultatio,
1284 1196 1450 1231 sempiterna
1474 1198 1577 1232 laetitia,
1603 1199 1637 1227 de
1648 1208 1702 1235 qua
1719 1201 1741 1229 si
1757 1202 1819 1236 quis

1033 1240 1106 1267 dicat
1123 1241 1213 1268 omnia
1231 1249 1290 1276 quae
1307 1242 1403 1277 possit,
1419 1243 1485 1271 nihil
1500 1244 1567 1272 dicit
1580 1252 1675 1273 eorum
1705 1255 1766 1282 quae
1780 1248 1819 1276 rei

1034 1285 1153 1319 dignitas
1171 1287 1289 1321 postulat
1306 1290 1387 1322 atque
1406 1288 1531 1322 requirit.
1548 1289 1641 1324 Neque
1654 1291 1726 1318 enim
1743 1292 1820 1320 intel-

1034 1330 1144 1365 ligentia
1168 1332 1322 1368 mentisque
1349 1338 1376 1361 et
1400 1335 1501 1370 ingenii
1521 1336 1634 1369 agitatio
1658 1337 1768 1372 attingit
1792 1342 1820 1366 et

1035 1377 1191 1411 assequitur
1206 1377 1232 1404 id
1245 1377 1317 1412 quod
1331 1383 1385 1411 est,
1402 1383 1483 1414 atque
1501 1381 1580 1407 etiam
1602 1380 1624 1408 si
1642 1379 1757 1416 quid'de
1774 1383 1821 1410 illo

1034 1421 1106 1449 bono
1125 1422 1168 1449 vel
1187 1422 1332 1451 sublimius
1347 1427 1373 1451 et
1389 1424 1472 1452 altius
1488 1425 1607 1460 cogitare
1621 1429 1648 1453 et
1671 1426 1821 1462 intelligere

1036 1466 1182 1499 valeamus,
1210 1462 1285 1494 nuila
1308 1472 1399 1496 tamen
1424 1469 1531 1497 ratione
1545 1470 1587 1497 vel
1603 1471 1728 1499 oratione
1748 1473 1821 1507 quod

1035 1513 1170 1547 cogitatur
1189 1516 1216 1540 et
1235 1513 1396 1549 intelligitur
1425 1515 1593 1543 enuntiatur.
1614 1516 1748 1550 Quoniam
1770 1525 1822 1546 au-

1037 1561 1090 1584 tem
1114 1558 1137 1585 is
1156 1558 1203 1592 qui
1230 1559 1308 1586 tinxit
1326 1559 1474 1593 hominem,
1501 1562 1650 1589 secundum
1676 1563 1820 1598 imaginem

1038 1601 1085 1629 Dei
1107 1601 1169 1630 fecit
1188 1611 1269 1636 eum,
1288 1605 1410 1632 secundo
1432 1605 1492 1632 loco
1514 1607 1622 1637 beatum
1643 1607 1822 1641 judicandum

1039 1647 1119 1674 fuerit
1133 1648 1159 1675 id
1180 1649 1253 1683 quod
1268 1657 1316 1684 per
1330 1651 1605 1679 communicationem
1627 1656 1654 1679 et
1676 1654 1824 1690 participa-

1037 1693 1137 1720 tionem
1151 1693 1210 1727 ejus
1226 1701 1285 1728 quaa
1299 1702 1362 1722 vere
1388 1695 1503 1724 beatitas
1516 1701 1567 1728 est,
1584 1697 1635 1724 hoc
1652 1699 1762 1726 nomine
1774 1707 1824 1735 ap-

1038 1737 1162 1772 pellatur.
1177 1738 1409 1771 Quemadmodum
1420 1742 1492 1768 cnim
1506 1741 1532 1768 in
1546 1744 1685 1777 pra-stanti
1699 1746 1823 1780 corporis

1038 1781 1135 1814 forma,
1149 1782 1309 1817 principalis
1324 1784 1432 1818 quidem
1453 1792 1485 1812 ac
1500 1786 1630 1820 primaria
1647 1789 1823 1822 pulchritudo

1038 1827 1065 1854 in
1078 1828 1178 1855 viventi
1193 1836 1311 1864 vereque
1331 1829 1492 1859 subsistenti
1510 1831 1578 1862 facie
1594 1837 1652 1866 est,
1672 1835 1822 1864 secundum

1037 1880 1102 1900 vero
1117 1874 1208 1901 locum
1224 1874 1259 1901 ab
1274 1875 1325 1901 hac
1339 1875 1444 1904 obtinet
1458 1876 1485 1904 id
1511 1878 1583 1913 quod
1597 1879 1632 1906 ad
1643 1879 1822 1910 imitationem

1037 1919 1097 1954 ejus
1122 1920 1149 1947 in
1169 1920 1288 1956 imagine
1312 1925 1394 1957 atque
1419 1923 1568 1951 simulacro
1591 1925 1764 1956 ostenditur:
1785 1928 1823 1955 ita

1038 1969 1135 1992 natura
1153 1974 1262 2002 quoque
1282 1967 1411 2000 humana,
1432 1976 1494 2004 qua:
1510 1973 1552 1997 est
1569 1970 1670 2006 eﬂigies
1688 1976 1716 1999 et
1733 1973 1824 2009 imago

1038 2018 1163 2046 superna:
1183 2011 1373 2046 beatitudinis,
1394 2014 1477 2042 etiam
1502 2015 1560 2050 ipsa
1577 2016 1648 2044 bona
1667 2017 1824 2053 pulchritu-

1038 2056 1101 2084 dine
1115 2056 1285 2091 designatur.
1306 2065 1368 2085 cum
1388 2058 1415 2086 in
1432 2067 1492 2088 sese
1510 2060 1652 2092 beatorum
1672 2063 1824 2092 ostenderit

1039 2102 1184 2138 insignium
1201 2104 1414 2139 signiﬁcationes
1433 2109 1459 2133 et
1475 2108 1740 2141 repraesentationes.
1768 2110 1823 2138 Sed

1039 2148 1102 2183 quia
1118 2149 1222 2188 peccati
1242 2150 1338 2178 sordes
1352 2151 1585 2186 pulchritudinem
1605 2153 1733 2188 imaginis
1747 2155 1822 2184 labe-

1039 2193 1177 2222 factarum
1191 2186 1218 2222 et
1231 2195 1352 2223 inutilem
1376 2196 1562 2241 reddiderunt,
1577 2198 1649 2226 venit
1663 2186 1687 2227 is
1704 2200 1751 2235 qui
1772 2208 1824 2228 nos

199 2251 281 2278 φησιν
292 2242 320 2268 ἐν
335 2241 462 2277 πρώτοις·
476 2240 618 2274 Μακάριοι
633 2242 658 2267 οἱ
666 2241 775 2274 πτωχοὶ
785 2240 823 2272 τῷ
833 2241 984 2275 πνεύματι,

1039 2240 1143 2268 elueret
1158 2247 1208 2267 sua
1223 2248 1304 2276 aqua,
1321 2242 1423 2269 viventi
1443 2243 1545 2277 pariter
1560 2250 1591 2271 ac
1614 2245 1723 2273 salienti
1740 2246 1767 2273 in
1782 2246 1825 2273 vi-

203 2287 246 2314 ὅτι
264 2286 363 2314 αὐτῶν
381 2287 465 2313 ἐστιν
479 2286 498 2319 ἡ
511 2286 655 2318 βασιλεία
673 2285 732 2312 τῶν
745 2285 889 2319 οὐρανῶν.

1043 2291 1096 2313 tam
1112 2291 1254 2319 aeternam,
1269 2291 1309 2319 ut,
1329 2286 1452 2322 deposita
1478 2289 1644 2324 turpitudine
1659 2299 1692 2318 ex
1712 2296 1824 2326 peccato

200 2339 349 2366 contracta,
364 2335 397 2360 ad
414 2334 521 2362 beatam
535 2332 648 2360 fortnam
665 2339 836 2360 renovcmur.
861 2332 900 2359 Ac
916 2331 1144 2367 quemadmodum
1164 2333 1191 2359 in
1224 2337 1283 2360 arte
1313 2334 1442 2369 pingendi
1466 2334 1490 2362 si
1515 2335 1577 2370 quis
1602 2335 1662 2371 ejus
1695 2338 1735 2364 rei
1767 2345 1825 2367 non

201 2381 312 2416 ignarus
335 2381 427 2412 fuerit,
457 2381 489 2408 ad
509 2380 649 2415 imperitos
665 2379 755 2408 dicere
779 2380 876 2414 possit,
906 2380 979 2406 illam
998 2380 1139 2414 pulchram
1157 2387 1218 2407 esse
1235 2379 1344 2413 faciem,
1360 2388 1419 2416 quas
1430 2388 1463 2408 ex
1478 2382 1581 2410 talibus
1611 2385 1735 2419 corporis
1765 2392 1825 2419 par-

202 2428 273 2455 tibus
286 2433 402 2461 constet,
426 2430 470 2455 cui
486 2432 512 2455 ct
532 2427 647 2463 capillus
662 2427 736 2460 talis,
765 2431 792 2454 et
826 2427 967 2454 oculorum
1006 2427 1097 2458 orbes.
1124 2431 1151 2454 et
1175 2428 1385 2462 superciliorum
1410 2429 1619 2464 descriptiones,
1639 2435 1665 2458 et
1692 2439 1823 2466 genarum

202 2475 360 2510 positiones,
377 2479 403 2502 et
419 2475 574 2510 singulatim
591 2475 682 2501 omnia
698 2474 798 2509 quibus
814 2473 907 2502 formae
922 2475 1079 2509 praestantia
1096 2476 1259 2510 completur,
1292 2475 1393 2507 adsint.
1418 2477 1511 2504 eodem
1537 2478 1618 2506 modo
1651 2479 1674 2506 is
1711 2479 1758 2514 qui
1790 2480 1824 2507 ad

202 2521 380 2548 imitationem
398 2521 468 2554 ejus,
490 2521 560 2555 quod
576 2521 664 2548 solum
679 2521 786 2547 beatum
804 2524 855 2552 est,
887 2521 1004 2548 animam
1033 2527 1154 2549 nostram
1171 2522 1249 2557 quasi
1276 2522 1410 2557 pingendo
1428 2523 1616 2555 reconcinnat,
1638 2525 1745 2560 singula
1765 2533 1826 2560 qua:

202 2570 354 2604 pertineant
372 2569 406 2596 ad
427 2569 621 2596 beatitudinem
649 2576 775 2596 sermone
799 2568 939 2601 describit,
959 2572 986 2596 ct
1006 2570 1043 2596 ait
1058 2570 1085 2597 in
1099 2570 1205 2605 primis,
1218 2569 1292 2597 Beati
1306 2577 1431 2605 pauperes
1444 2570 1549 2604 spiritu,
1580 2572 1704 2607 quoniam
1735 2580 1824 2599 eorum

201 2621 239 2644 est
253 2625 360 2651 regnum
375 2615 510 2642 cartorum.

230 2661 310 2687 Ἀλλὰ
322 2661 347 2687 τί
359 2661 452 2696 κέρδος
464 2662 496 2687 ὲκ
508 2661 557 2696 τῆς
571 2661 774 2696 μεγαλοδωρεᾶς
786 2660 938 2695 γενήσεται,
951 2660 988 2697 μὴ

201 2707 401 2743 φανερωθείσης
417 2707 481 2741 ἡμῖν
494 2706 543 2741 τῆξ
551 2705 711 2741 ἐγκειμένης
724 2705 840 2737 διανοίας
850 2705 889 2740 τῷ
902 2705 988 2740 λόγῳ;

1075 2659 1177 2687 Verum
1201 2658 1266 2693 quid
1285 2657 1355 2684 lucri
1381 2665 1414 2685 ex
1434 2664 1467 2684 ea
1493 2657 1678 2685 muniﬁcentia
1703 2657 1825 2691 accedet,

1041 2713 1101 2732 cum
1118 2705 1252 2732 sententia
1265 2711 1330 2738 .qute
1347 2703 1374 2730 in
1395 2703 1429 2730 iis
1446 2703 1536 2730 verbis
1562 2703 1718 2731 continetur
1746 2704 1826 2732 nobis

201 2754 254 2780 Καὶ
266 2752 320 2788 γὰρ
335 2753 379 2779 ἐπὶ
389 2753 436 2788 τῆς
453 2751 587 2787 ἰατρικῆς,
603 2751 686 2778 πολλὰ
697 2751 749 2777 τῶν
759 2751 856 2786 τιμίων
870 2751 915 2778 καὶ
925 2752 988 2777 δυσ-

201 2798 337 2834 πορίστων
354 2798 506 2833 φαρμάκων
522 2797 645 2832 ἄχρηστα
658 2799 714 2828 τοῖς
729 2797 853 2831 ἀγνοοῦσι
869 2797 915 2824 καὶ
927 2797 988 2823 ἀνό-

200 2853 265 2879 νητα
281 2844 365 2880 μένει,
377 2843 428 2875 ἕως
444 2843 477 2870 ἃν
493 2843 532 2875 είς
547 2843 561 2869 ὄ
579 2852 604 2870 τι
616 2843 747 2878 χρήσιμον
762 2843 876 2870 ἕκαστον
887 2842 988 2869 τούτων

203 2888 274 2916 ἐστὶν
290 2888 365 2923 παρὰ
385 2888 433 2923 τῆς
457 2888 555 2923 τέχνης
581 2888 750 2924 ἀκούσωμεν.
773 2888 805 2914 Τί
820 2886 867 2915 οὖν
883 2889 941 2914 ἐστι
957 2888 986 2914 τὸ

1041 2751 1176 2778 declarata
1196 2757 1250 2776 non
1267 2749 1324 2777 sit?
1337 2749 1442 2776 Etenim
1461 2748 1488 2774 in
1507 2748 1643 2775 medicina
1664 2749 1748 2776 multa
1766 2757 1828 2784 prc-

1041 2796 1110 2822 tiosa
1129 2797 1345 2828 comparatuque
1367 2797 1448 2827 atque
1466 2792 1578 2818 inventu
1599 2791 1718 2820 diliiciiia
1742 2794 1828 2820 medi-

1042 2843 1166 2868 camenta
1188 2838 1351 2874 inirugit‘era
1372 2837 1534 2871 inutiliaque
1554 2837 1745 2872 ignorantibus
1767 2845 1827 2866 nta-

1042 2890 1118 2919 nent,
1138 2885 1224 2913 donec
1246 2885 1280 2912 ab
1302 2888 1360 2912 arte
1382 2882 1567 2911 audiverimus
1595 2883 1629 2911 ad
1649 2885 1713 2920 quid
1730 2885 1827 2912 horum
