1978 3068
215 88 280 116 tam
316 76 317 83 “

215 194 349 229 φροσύνης
365 195 536 231 κατόροωμα.
556 197 592 223 Τὸ
613 198 733 224 ἐναντίον
752 200 800 234 μὲν
825 199 871 227 οὖν
901 202 1000 234 παντὸς

213 239 365 282 οὑτινοσοῦν
378 240 430 266 τῶν
443 243 605 277 κατ’ἀρετὴν
621 244 900 279 ὲπιτηδευομένων.τὸ
916 248 1000 274 τοιοῦ-

213 278 343 311 τόν“’ὲσ¹τιν
358 286 566 322 ἐπιπονώτερον.
579 288 629 314 Διὰ
644 289 686 321 si;
702 291 742 316 ὅτι
765 292 938 324 καθεύδοντος
953 295 999 320 τοῦ

215 330 369 365 ἀνθρώπου,
381 332 426 358 τοῦ
441 333 475 358 τὰ
488 333 558 360 καλὰ
572 335 716 369 σπέρματα
736 336 895 371 δεξαμένου,
912 339 941 364 τὸ
957 348 1001 365 κε-

215 375 328 409 φάλαιον
344 377 391 411 τῆς
419 378 540 408 ἐναντίας
557 380 659 413 σπορᾶς
675 381 749 415 παρὰ
766 382 812 408 τοῦ
839 383 936 418 ἐχθροῦ
952 385 1001 418 τῆς

214 421 285 456 ζωῆς
295 421 370 457 ἡμῶν
381 423 464 464 τὸτῆς
477 419 664 458 ὑπερηφανίας
675 426 807 462 ὲῤῥιζώοη
823 427 950 459 ζιζάνιον.
963 431 1000 455 Δι’

214 463 251 493 ὧν
267 466 320 502 γὰρ
334 468 435 498 ἐκεῖνος
449 468 543 494 ἑαυτὸν
559 470 598 500 είς
613 470 664 504 γῆν
683 472 858 506 κατέρῤαξεν,
875 473 912 507 τῷ
928 474 1001 508 αὐτῷ

214 512 306 546 τρόπῳ
316 512 346 538 τὸ
360 513 473 539 δείλαιον
484 514 562 548 γένος
575 515 604 540 τὸ
613 515 781 550 ἀνθρώπινον
792 518 859 552 πρὸς
874 519 903 544 τὺ
914 519 1001 545 κοινὸν

215 556 314 591 πτῶμα
330 557 418 591 ἐαυτῷ
445 559 660 589 συγκατέΰαλ.εν”
681 561 727 586 καὶ
753 561 828 587 οὐδέν
847 562 921 588 ἐστιν
938 563 1001 589 ἄλλο

214 601 262 636 τῆς
275 601 381 636 φύσεως
392 603 469 637 ήμῶν
485 604 603 630 τοιοῦτον
621 606 714 639 κακὸν,
727 607 764 638 ὡς
775 607 805 633 τὸ
819 608 1001 644 δι’ὑπερηφα-

214 648 282 679 νίας.
303 648 379 674 Ἐπεὶ
397 647 443 676 οὖν
462 650 604 685 ἐμπέφυκέ
626 660 683 683 πως
696 653 726 678 τὸ
738 653 807 680 κατὰ
825 654 874 689 τὴν
887 655 1002 690 ἔπαρσιν

215 693 300 723 πάθος
317 694 396 720 παντὶ
411 695 502 729 σχεδὸν
521 695 559 730 τῷ
576 696 744 724 κοινωνοῦντι
767 698 816 732 τῆς
831 699 1001 734 ἀνθρωπίνης

214 738 320 771 φύσεως
328 739 383 771 ,διὰ
397 740 474 766 τοῦτο
488 741 611 767 ἐντεῦθεν
622 742 676 768 τῶν
688 744 868 778 μακαρισμῶν
876 746 890 770 6
902 746 1001 780 Κύριος

210 784 335 818 ἄρχεται,
355 782 409 811 οἷον
432 786 576 821 ἀρχέγονὸν
593 795 618 813 τι
640 789 726 814 κακὸν
746 789 884 816 ἐκϐάλλων
903 791 935 816 ἐκ
952 791 1002 825 τῆς

212 829 294 861 ἕξεως
310 830 387 864 ἡμῶν
406 831 454 865 τὴν
473 831 672 867 ὑπερηφανίαν,
689 834 718 859 ἐν
744 833 782 868 τῷ
807 835 1000 869 συμϐουλεύειν

213 875 383 910 μιμήσασθαι
409 876 455 903 τὸν
481 877 612 908 ἑκουσίως
637 879 846 913 πτωχεύσαντα,
871 881 900 912 ὃς
928 881 1000 908 ἐστιν

211 919 319 955 ἀληθῶς
338 921 480 956 μακάριος,
498 922 540 949 ῖνα
555 924 584 949 ὲν
598 920 620 957 ᾧ
637 924 774 960 δυνάμεθα
792 925 884 958 καθὼς
898 926 931 952 ἂν
950 924 1000 953 οἷοί

212 975 242 992 τε
257 964 331 1002 ὢμεν
347 967 524 1001 ὁμοιωθέντες
540 970 572 996 ἐκ
596 969 644 996 τοῦ
661 971 817 1006 Μωχεῦσαι
840 971 911 998 κατὰ
939 981 1001 1008 προ·

212 1012 329 1048 αἰρεσιν,
346 1013 393 1039 καὶ
414 1014 463 1048 τὴν
480 1015 527 1041 τοῦ
544 1016 719 1051 μακαρισμοῦ
734 1017 875 1044 κοινωνίαν
887 1017 1001 1051 ἐφελκυ-

212 1057 333 1092 σὼμεθα.
358 1057 447 1085 Τοῦτο
463 1059 517 1093 γὰρ
530 1060 706 1093 φρονεισθω,
728 1061 824 1096 φησιν,
838 1062 872 1088 ἐν
887 1062 968 1096 ὑμῖν,
985 1063 1000 1089 ὃ

212 1103 261 1130 καὶ
274 1104 308 1130 ἐν
323 1104 438 1137 Χριστῷ
458 1105 570 1138 Ἰησοῦ
593 1105 627 1137 ὃς
645 1106 679 1132 ἐν
694 1107 796 1141 μορφῇ
817 1107 890 1134 Θεοῦ
909 1108 997 1142 unde

211 1157 284 1183 χων.
302 1149 358 1183 οὐκ
377 1150 534 1184 ἁρπαγμὸν
553 1151 688 1185 ἡγήσατο
711 1151 745 1178 τὸ
764 1152 839 1178 εἶναι
858 1152 912 1179 ἴσα
929 1152 998 1185 Θεῷ·

211 1193 280 1220 ἀλλ’
293 1193 402 1220 ἑαυτὸν
420 1193 549 1221 ἑιένωσε
570 1195 695 1229 μορφὴν
709 1195 830 1223 δούλους
842 1197 951 1224 λαϐὼν.
969 1198 1000 1223 Τί

212 1239 382 1274 πτωχότερον
403 1239 450 1265 ἐπὶ
463 1238 529 1266 Θεοῦ
547 1240 596 1274 τῆς
611 1240 656 1266 τοῦ
667 1240 760 1267 δούλου
778 1242 898 1277 μορφῆς;
910 1243 942 1268 Τί
955 1251 1001 1269 τα-

213 1283 366 1317 πεινότερον
381 1283 427 1309 ἐπὶ
437 1283 483 1309 τοῦ
499 1284 629 1318 βασιλέως
642 1285 696 1312 τῶν
709 1286 803 1318 ὅντων,
817 1287 833 1322 ἢ
848 1287 879 1314 τὺ
892 1288 931 1319 είς
946 1296 1001 1313 κοι-

212 1329 311 1355 νωνίαν
319 1329 368 1363 τῆς
381 1329 491 1364 πτωχῆς
503 1330 581 1365 ἡμῶν
594 1330 700 1364 φύσεως
715 1331 816 1362 ἐλθεῖνς
831 1332 860 1358 '0
873 1332 1001 1364 Βασιλεὺς

214 1373 268 1400 τῶν
281 1373 485 1409 βασιλευόντων,
502 1375 549 1402 καὶ
566 1375 666 1410 Κύριος
678 1375 732 1402 τῶν
750 1377 928 1412 κυριευόντων
944 1378 1001 1404 ἐθε-

213 1420 312 1452 λόντως
326 1420 375 1455 τὴν
388 1421 437 1455 τῆς
445 1421 567 1453 δουλείας
583 1422 689 1457 μορφὴν
701 1423 855 1449 ὑποδύεται·
871 1425 885 1450 6
899 1424 1000 1459 Κριτής

213 1466 260 1492 τοῦ
269 1465 378 1498 παντὸς,
388 1466 523 1502 ὑπόφορος
535 1467 590 1498 τοῖς
602 1466 794 1494 δυναστεύουσι
805 1469 916 1502 γίνεται”
925 1470 938 1495 ὁ
952 1469 1000 1504 τῆς

213 1511 328 1544 κτίσεως
341 1512 443 1548 Κύριος
464 1513 492 1538 ἐν
511 1512 635 1548 σπηλαίῳ
649 1513 807 1547 κατάγεται·
820 1515 834 1540 ὁ
845 1514 891 1540 τοῦ
903 1515 1000 1546 παντὸς

214 1557 458 1593 περιδεδραγμένος
481 1558 530 1593 οὐχ
550 1558 670 1594 εὑρίσκει
686 1559 767 1586 τόπον
782 1561 811 1586 ὲν
829 1559 867 1594 τῷ
885 1560 1000 1587 καταλύ-

215 1611 291 1636 ματι,
303 1601 359 1628 ἀλλ’
370 1603 398 1629 ἐν
408 1603 439 1637 τῇ
449 1603 536 1638 φάτνῃ
545 1603 598 1629 τῶν
607 1604 711 1638 ἀλόγων
722 1603 798 1635 ζώων
808 1613 845 1631 πα
850 1605 1001 1640 ραρῤιπτεῖ-

212 1657 268 1675 ται·
280 1650 294 1676 ὀ
310 1649 427 1684 καθαρὸς
439 1649 486 1675 καὶ
497 1649 549 1684 ἅκή
555 1658 644 1684 ρατος,
652 1649 698 1676 τὸν
709 1650 757 1685 τῆς
768 1650 940 1684 ἀνθρωπίνης
951 1651 1000 1684 φύ-

215 1703 284 1723 σεως
296 1695 469 1730 καταδέχεται
483 1694 577 1729 ῥύπον,
591 1695 637 1721 καὶ
650 1695 693 1721 διὰ
704 1695 793 1730 πάσης
807 1695 856 1730 τῆς
866 1696 1000 1729 πτωχείας

211 1739 293 1774 ἡμῶν
315 1738 455 1771 διεξελθὼν
473 1739 554 1774 μέχρι
572 1739 621 1774 τῆς
633 1735 681 1766 τοῦ
694 1739 807 1766 θανάτου
823 1739 928 1774 πρόεισι
945 1741 1002 1766 πεί-

214 1794 274 1821 ρας.
298 1785 393 1819 Ὁρᾶτε
414 1785 463 1818 τῆς
486 1785 608 1811 ἑκουσίου
635 1785 769 1820 πτωχείας
790 1785 821 1812 τὸ
843 1786 948 1821 μέτρον.
972 1786 1002 1812 'll

214 1829 272 1864 ζωὴ
293 1830 407 1856 θανάτου
417 1830 536 1863 γεύεται·
548 1831 562 1856 ὁ
576 1830 677 1866 Κριτὴς
690 1831 729 1862 είς
743 1831 884 1866 κριτήριον
898 1831 1002 1864 ἄγεται·

213 1875 230 1903 ὁ
242 1877 291 1911 τῆς
306 1875 377 1911 ζωῆς
397 1876 450 1902 τῶν
468 1876 552 1903 ὗντων
568 1875 670 1911 Κύριος
699 1876 745 1902 ἐπὶ
758 1877 789 1912 τῇ
805 1876 888 1912 ψήφῳ
902 1877 947 1903 τοῦ
964 1878 1003 1904 δι-

214 1922 343 1954 χάζοντος
354 1922 466 1956 γίνεται·
482 1923 495 1948 6
511 1922 600 1957 πάσης
611 1922 659 1957 τῆς
671 1922 721 1948 ὑπε
727 1922 855 1957 ρκοσμίου
865 1923 1005 1957 δυνάμεως

215 1967 346 1999 Βασιλεὺς
377 1967 426 1999 τὰς
451 1967 506 1994 τῶν
525 1967 632 2003 δημίων
657 1968 707 1994 οὐκ
733 1967 879 1994 ἀπωθεῖται
899 1969 1002 2004 χεῖρας.

216 2014 287 2048 Πρὸς
300 2013 376 2039 τοῦτό
398 2022 449 2046 σοι,
466 2014 541 2049 φησὶ,
557 2013 587 2040 τὸ
605 2013 766 2048 ὑπόδειγμα,
775 2014 805 2040 τὸ
817 2014 864 2049 τῆς
877 2023 1003 2040 ταπεινο-

216 2056 352 2092 φροσύνης
369 2058 490 2093 βλεπέτω
506 2058 615 2094 μέτρον.

743 92 786 125 DE
807 94 1106 124 BEATITUDINIBUS.
1127 97 1254 126 ORATIO
1273 99 1292 126 Ι.

215 150 258 175 κνιῖ
285 149 351 183 μετὰ
369 150 509 184 ῥᾳστώνης
533 151 744 187 ἐκποριζὸμενον
762 155 791 180 τὸ
812 156 860 189 τῆς
881 164 1000 182 ταπεινο-

1052 162 1164 191 egestate
1199 158 1381 185 ditescercmtts
1390 159 1413 174 ὐ

1769 103 1837 129 ιεοε

1418 178 1424 184 .
1457 158 1590 191 Quoniam
1630 160 1711 194 igitur
1741 166 1837 188 caetera

1052 203 1152 234 ontttia,
1169 211 1229 236 qum
1245 203 1315 229 circa
1336 208 1459 230 naturam
1483 204 1602 230 divinant
1623 205 1836 239 conspiciuntur,

1052 252 1181 281 superant
1196 249 1304 275 modum
1318 249 1443 276 humanae
1458 254 1561 276 natura:
1576 259 1582 275 :
1597 249 1736 277 humilitas
1747 255 1836 278 autem

1052 293 1151 320 coalita
1171 298 1253 328 atque
1275 301 1405 322 consueta
1431 296 1510 322 nobis
1536 296 1610 322 ltuttti
1627 296 1795 330 repentibus,
1811 302 1838 322 ct

1055 347 1087 366 ex
1114 343 1186 366 terra
1213 335 1346 370 conflatis.
1367 345 1391 368 et
1407 341 1433 367 in
1460 346 1559 367 terram
1577 341 1766 372 deﬂuentibus,
1785 346 1835 371 est.

1052 385 1073 411 si
1091 388 1119 411 tu
1141 384 1166 411 itt
1181 393 1213 411 eo
1244 386 1316 420 qttod
1332 394 1346 411 a
1362 390 1459 412 natura
1477 391 1521 413 tua
1539 394 1592 413 non
1609 393 1650 414 est
1665 387 1794 418 alienum,
1812 392 1838 414 et

1053 437 1068 456 a
1084 433 1110 456 te
1122 430 1246 464 praestari
1261 434 1359 464 potest,
1376 430 1603 468 Deunt’imitatus
1620 430 1716 464 fueris,
1731 430 1836 457 beatam

1053 476 1166 503 formam
1184 477 1241 510 ipse
1257 476 1380 503 induisti.
1404 477 1442 502 Ac
1457 483 1536 503 nemo
1550 480 1624 510 putet
1639 475 1741 502 nullius
1756 483 1837 510 nego-

1053 522 1083 547 tii
1101 529 1156 548 rem
1175 529 1245 553 esse,
1268 529 1299 548 ac
1324 521 1404 548 facile
1422 521 1489 548 vilici
1507 529 1598 556 posse,
1617 525 1646 548 ut
1661 521 1722 556 quis
1749 521 1838 547 lnintu

1054 567 1149 594 humili
1181 571 1263 602 atque
1289 567 1408 594 demisso
1436 566 1481 593 sit.
1507 566 1563 593 lmo
1589 569 1683 593 contra
1710 565 1777 592 nhil
1804 573 1836 592 ex

1052 612 1178 639 omnibus
1206 619 1374 647 quaecunque
1407 607 1455 646 per
1493 612 1620 639 virtutem
1656 615 1774 646 aguntur
1811 615 1838 637 et

1052 661 1226 690 exercentur,
1241 664 1317 691 aeque
1344 656 1511 684 laboriosum
1532 660 1558 683 et
1585 663 1730 690 operosum
1758 660 1837 689 atque

1053 701 1185 735 ejusmodi
1216 709 1259 728 res
1284 705 1335 728 est.
1364 700 1569 733 Quamobrem?
1599 700 1661 734 quia
1687 699 1838 726 dormiente

1053 747 1162 773 homine
1178 747 1222 781 qtti
1250 747 1319 772 bona
1343 747 1446 773 semina
1471 749 1625 780 acceperat,
1650 749 1731 780 caput
1756 748 1836 779 atque

1055 792 1189 826 praecipua
1207 800 1270 826 pars
1282 791 1413 818 contrarii
1426 791 1539 818 seminis
1559 791 1592 817 ab
1608 790 1720 818 inimico
1736 795 1836 817 nostra;

1019 830 1037 856 Β
1052 834 1113 861 vitae
1143 835 1277 868 superbia:
1301 835 1436 861 zizanium
1464 835 1618 869 conjectum
1641 834 1748 861 radices
1772 828 1835 869 egit.

1049 879 1283 911 Quemadmodum
1301 880 1373 906 enim
1398 879 1443 906 ille
1463 887 1492 906 se
1509 880 1535 906 in
1558 883 1658 906 terram
1686 880 1834 914 praecipita-

1050 925 1097 955 vit,
1120 924 1217 951 codem
1243 925 1323 951 modo
1353 925 1482 952 tttiserutn
1509 932 1595 959 genus
1621 925 1779 956 humanum.
1804 926 1835 951 ait

1050 977 1222 996 communem
1240 970 1346 996 ruinam
1363 977 1454 997 secum
1469 977 1522 997 una
1540 970 1668 1005 detraxit,
1687 977 1719 997 ac
1734 970 1835 997 ttulluttt

1050 1014 1123 1040 aliud
1144 1019 1247 1041 natura:
1262 1019 1363 1042 nostra:
1378 1015 1477 1042 malum
1496 1016 1550 1043 tale
1572 1020 1624 1047 est,
1638 1016 1728 1050 qualis
1753 1019 1795 1043 est
1814 1015 1838 1042 is

1050 1060 1097 1094 qui
1133 1067 1181 1094 per
1207 1061 1363 1095 superbiant
1395 1061 1473 1088 nobis
1510 1061 1622 1088 morbus
1650 1061 1836 1096 ittgeneratur.

1050 1105 1183 1138 Quoniam
1196 1106 1278 1140 igitur
1291 1106 1419 1133 omnibus
1435 1106 1631 1141 propemodum
1651 1106 1697 1142 qui
1713 1107 1838 1134 humanm

1051 1155 1154 1177 natura:
1171 1151 1317 1185 participes
1343 1155 1406 1178 sunt
1437 1151 1533 1178 vitium
1555 1151 1682 1178 elationis
1705 1150 1837 1186 quodam-

1051 1195 1130 1222 tnodo
1149 1195 1270 1222 innatum
1292 1199 1344 1228 est,
1375 1195 1480 1222 idcirco
1498 1195 1629 1223 Dominus
1651 1195 1715 1223 hinc
1729 1195 1836 1223 initium

1051 1239 1233 1268 beatitudines
1250 1240 1404 1275 exponendi
1422 1240 1497 1274 facit,
1513 1245 1642 1276 tanquam
1663 1240 1837 1275 primordiale

1051 1284 1151 1311 malum
1167 1283 1305 1319 quoddam
1331 1292 1363 1311 ex
1381 1284 1475 1311 habitu
1490 1289 1587 1312 nostro
1611 1285 1767 1320 superbiam
1786 1285 1836 1320 eji-

1049 1329 1137 1360 ciens,
1151 1329 1215 1356 dum
1235 1329 1354 1357 consulit
1380 1334 1410 1356 ut
1430 1330 1569 1357 imitemur
1583 1337 1656 1363 eum,
1677 1331 1722 1365 qui
1741 1335 1838 1365 sponte

1051 1382 1099 1401 sua
1119 1382 1222 1410 egenus
1246 1374 1315 1408 fuit,
1345 1375 1391 1410 qui
1411 1383 1474 1403 vere
1496 1376 1591 1403 beatus
1613 1379 1718 1407 est,ut.
1740 1376 1767 1403 in
1783 1384 1837 1410 quo

1051 1427 1208 1455 possumus,
1221 1428 1270 1456 pro
1287 1421 1357 1448 virili
1375 1425 1468 1449 nostra
1481 1425 1558 1456 parte
1580 1420 1723 1449 assimilati
1734 1441 1740 1453 ,
1756 1429 1788 1449 ex
1805 1429 1838 1448 eo

1050 1466 1121 1500 qttod
1149 1469 1242 1494 nostra
1273 1467 1413 1494 voluntate
1436 1467 1514 1503 egeni
1535 1471 1721 1502 paupertatem
1751 1467 1838 1494 secuti

1052 1511 1197 1544 fuerimus,
1221 1513 1301 1540 etiam
1317 1513 1496 1542 beatitudinis
1510 1513 1729 1541 communionem
1753 1517 1839 1540 attra-

1053 1558 1150 1585 ltamus
1173 1562 1200 1585 et
1225 1559 1403 1586 asciscamus.
1430 1559 1488 1586 Ηοο
1510 1559 1579 1586 enim
1605 1560 1713 1594 quisque
1734 1558 1838 1590 sentiet,

1037 1630 1039 1632 _
1053 1602 1149 1637 inquit,
1170 1603 1239 1629 inter
1253 1612 1308 1640 vos,
1327 1604 1396 1638 quod
1412 1609 1437 1630 et
1461 1604 1487 1630 in
1501 1602 1607 1631 Christo
1623 1603 1708 1631 Iesu:
1721 1604 1765 1638 qui
1779 1611 1838 1630 cum

1052 1651 1119 1673 esset
1143 1647 1170 1673 in
1193 1647 1280 1679 forma
1311 1648 1374 1679 Dei,
1403 1657 1455 1675 non
1484 1649 1604 1682 rapinam
1632 1649 1778 1675 arbitratus
1800 1653 1839 1675 est

1053 1692 1120 1726 quod
1140 1692 1193 1720 Deo
1209 1701 1258 1726 par
1269 1698 1292 1719 et
1308 1693 1417 1727 (aqualis
1429 1699 1496 1721 esset
1509 1703 1517 1720 :
1534 1695 1578 1721 sed
1592 1695 1678 1728 forma
1689 1695 1754 1722 servi
1768 1702 1836 1721 sum-

1051 1743 1096 1771 pta
1122 1739 1236 1772 seipsttm
1260 1739 1450 1766 cxinanivil“.
1482 1739 1585 1774 Ecquid
1621 1740 1707 1774 magis
1737 1740 1762 1766 in
1787 1739 1839 1766 Deo

1053 1784 1220 1822 mendicum,
1235 1792 1317 1819 quant
1337 1784 1423 1811 forma
1442 1785 1532 1812 servi?
1550 1785 1615 1820 quid
1632 1785 1659 1811 itt
1676 1792 1736 1819 rege
1748 1791 1838 1811 rerum

1054 1830 1241 1858 universarum
1266 1830 1416 1862 humilius,
1453 1838 1536 1865 quam
1565 1831 1591 1857 itt
1619 1829 1839 1857 communionem

1055 1876 1145 1910 inopis
1169 1883 1201 1903 ac
1227 1875 1360 1903 mendica:
1382 1880 1482 1903 nostrae
1502 1881 1604 1902 natura:
1629 1874 1758 1901 venisse?
1783 1873 1839 1901 Rex

1058 1922 1243 1958 regnantium,
1264 1925 1291 1949 et
1310 1921 1443 1949 Dominus
1457 1921 1657 1948 dominantium
1675 1925 1772 1954 sponte
1791 1927 1839 1946 sua

1058 1968 1173 1996 formam
1195 1967 1338 1995 servitutis
1358 1966 1465 1999 induit;
1481 1966 1567 1994 Judex
1587 1973 1677 1993 rerum
1700 1966 1840 1992 universa-

1057 2022 1117 2042 rum
1132 2003 1312 2049 ’lprincipibus
1327 2013 1490 2040 tributarius
1503 2013 1608 2040 exsistit
1621 2019 1627 2043 ;
1639 2016 1771 2040 creaturae
1788 2010 1840 2037 Do-

1059 2059 1149 2087 minus
1166 2058 1193 2085 in
1214 2058 1344 2092 spelunca
1365 2058 1520 2085 diversatur
1538 2066 1544 2084 :
1561 2057 1607 2092 qui
1625 2057 1754 2084 munduttt
1778 2057 1841 2083 uni-

217 2111 326 2132 versum
359 2106 520 2141 complexus
542 2111 594 2137 est,
620 2113 674 2132 tton
698 2106 804 2134 invenit
823 2106 911 2134 locum
952 2108 979 2134 itt
1018 2105 1184 2138 diversorio,
1216 2105 1263 2133 sed
1293 2105 1318 2132 in
1352 2105 1484 2140 praesepio
1507 2105 1648 2132 brutorutn
1684 2103 1840 2130 animalium

217 2151 345 2187 abjicitur
361 2161 467 2188 :purus
490 2154 536 2182 ille
551 2160 577 2182 et
599 2154 778 2189 incorruptus
802 2155 929 2182 humanze
955 2160 1060 2182 naturae
1097 2154 1193 2182 sordes
1229 2161 1283 2180 non
1312 2154 1426 2188 respuit,
1463 2160 1493 2179 ac
1517 2159 1564 2186 per
1583 2159 1689 2178 omnetn
1721 2154 1840 2177 nostram

217 2199 419 2227 mendicitatem
435 2205 590 2234 penetrans,
616 2208 702 2235 usque
726 2199 760 2227 ad
785 2201 880 2228 mortis
899 2201 1072 2235 progreditur
1105 2200 1331 2234 experimentum.
1370 2197 1465 2225 Videte
1493 2197 1653 2224 voluntaria:
1684 2195 1842 2223 mendicita-

217 2247 254 2275 tis
267 2247 386 2275 modum.
402 2247 464 2274 Vita
479 2252 593 2274 mortem
607 2252 716 2282 gustat;
728 2247 815 2275 Judex
831 2249 858 2274 itt
874 2247 1007 2282 judicium
1027 2248 1155 2280 ducitur;
1171 2246 1301 2274 Dominus
1321 2246 1382 2272 vitae
1417 2252 1508 2272 rerum
1542 2243 1733 2270 universarum
1756 2241 1842 2275 subji-

217 2293 289 2320 citur
308 2293 410 2327 judicis
428 2293 557 2326 decreto;
581 2293 866 2328 supramundanarum
885 2293 1007 2320 onmium
1032 2293 1173 2328 copiarum
1201 2291 1258 2319 Rex
1283 2290 1442 2318 carnificum
1465 2297 1565 2316 manus
1582 2296 1635 2315 non
1667 2286 1783 2322 repellit.
1804 2287 1842 2313 Ad

219 2339 282 2370 huc,
306 2338 404 2373 inquit,
429 2339 582 2372 exemplum
602 2338 701 2365 tnodus
724 2339 808 2365 animi
831 2338 1008 2366 demissionis
1028 2338 1076 2365 tibi
1093 2341 1207 2372 spectet.

254 2385 330 2421 Τάχα
343 2386 371 2412 δέ
388 2395 432 2421 μοι
442 2386 515 2413 δοκεῖ
528 2385 616 2418 καλῶς
628 2385 700 2421 ἔχειν
715 2386 762 2412 καὶ
772 2386 822 2422 τὴν
832 2386 942 2420 ἀλογίαν
958 2385 1001 2412 τοῦ

1094 2385 1207 2412 Videtur
1222 2389 1311 2412 autem
1335 2383 1400 2410 mihi
1426 2382 1542 2410 fortasse
1565 2390 1618 2408 non
1643 2379 1843 2408 incommodum

219 2432 339 2459 τοιούτου
359 2431 539 2466 διασκοπῆσαι
555 2431 667 2464 πάθους,
687 2432 739 2465 ὡς*
748 2432 782 2458 ἂν
804 2431 1005 2468 εὐκατόρθωτος

219 2478 285 2512 ἡμῖν
297 2478 311 2504 6
333 2477 505 2512 μακαρισμὸς
520 2477 634 2511 γένοιτο,
651 2477 698 2504 σὺν
712 2477 845 2512 εὐμαρειᾳ
859 2477 943 2512 πολλῇ
959 2477 1006 2503 καὶ

221 2521 346 2558 ῥᾳστώνῃ
357 2522 403 2556 τῆς
417 2522 665 2557 ταπεινοφροσύνης
674 2522 903 2558 κατορθουμένης.
911 2522 1005 2549 Καθά-

220 2575 273 2602 περ
295 2567 348 2601 γὰρ
364 2566 389 2592 οἱ
413 2566 593 2601 ἐπιστήμονες
617 2566 670 2592 τῶν
695 2566 804 2602 ιατρῶν.
820 2567 851 2593 τὸ
869 2567 1006 2594 νοσοποιὸν

221 2612 305 2639 αῐίιιον
317 2611 516 2647 προεξελόντες,
536 2612 600 2647 ῥᾷον
625 2612 802 2648 ἐπικρατοῦσι
824 2613 871 2640 τοῦ
888 2613 1004 2645 πάθους·

220 2658 306 2688 οὕτως
324 2658 371 2684 καὶ
385 2658 465 2692 ἡμεῖς
480 2657 528 2692 τὴν
547 2657 702 2692 χαυνότητα
718 2657 771 2684 τῶν
790 2657 966 2693 τυφουμένων
976 2658 1015 2693 τῷ

222 2704 343 2740 λογισμῷ
368 2704 601 2737 καταστείλαντες,
620 2705 779 2732 εὐεπίϐατον
794 2706 898 2737 ἑαυτοῖς
910 2705 957 2741 ’τὴν
968 2706 1016 2740 τῆς

257 2795 279 2809 ’⁰
301 2796 321 2824 ΙΙ
339 2797 400 2825 Cor.
420 2805 477 2829 "Ill,
497 2798 522 2824 9.
562 2798 582 2812 “
605 2796 719 2831 Philipp.
739 2804 771 2827 ιι,
790 2797 805 2820 ἵ»
821 2804 880 2830 sqq.

1059 2439 1121 2459 esse
1137 2430 1270 2466 ejusmodi
1284 2430 1344 2457 vitii
1357 2429 1630 2458 inconsiderantiam.
1646 2426 1843 2454 absurditatem

1058 2481 1087 2504 et
1109 2470 1345 2512 importunitatem
1369 2479 1505 2510 spectare.
1526 2479 1556 2501 ιιι
1574 2481 1635 2501 cutn
1655 2473 1738 2499 multa
1758 2469 1846 2496 facili-

1059 2527 1114 2550 tate
1138 2528 1220 2557 atque
1246 2522 1439 2549 commoditate
1467 2519 1632 2548 succedente
1659 2518 1737 2545 nobis
1763 2515 1845 2542 animi

1059 2569 1224 2601 humilitate,
1256 2568 1334 2594 facile
1359 2566 1468 2601 assequi
1493 2569 1574 2600 atque
1601 2564 1734 2591 coniicere
1767 2560 1846 2587 nobis

1060 2616 1253 2644 beatitudinem
1290 2615 1437 2650 possimus.
1472 2612 1506 2639 Ut
1538 2612 1608 2638 enim
1638 2607 1716 2644 periti
1746 2606 1845 2633 medici

1060 2670 1144 2690 causa
1161 2661 1247 2689 morbi
1261 2660 1399 2688 el‘fectrice
1414 2659 1490 2694 prius
1504 2661 1641 2691 exempta.
1656 2652 1845 2689 :cgritudinetn

1062 2707 1170 2735 facilius
1191 2707 1322 2734 vincunt:
1338 2705 1375 2732 ita
1402 2712 1452 2731 nos
1467 2709 1585 2738 quoque,
1609 2699 1654 2726 ubi
1678 2697 1846 2725 inflationem
