1978 3068
147 110 215 138 1205

764 110 792 137 5.
808 108 972 137 GREGORII
991 108 1137 137 NYSSENI

1704 103 1770 130 £206

146 170 174 195 et
190 171 323 196 tumorem
350 168 468 195 inaniter
495 176 525 195 sc
542 168 704 203 jactantium
731 172 812 203 atque
834 176 930 203 snper-

985 166 1231 202 ταπεινοφροσύνης
1250 165 1308 192 ὁδὸν
1331 164 1555 199 καταστήσωμεν.
1571 161 1656 188 Πόθεν
1679 159 1725 188 οὗν
1740 161 1773 188 ἄν

147 212 280 240 bientinm
293 214 398 241 ratione
411 214 633 248 represserimus,
655 213 744 244 facile,
759 214 931 241 commodum

146 262 172 284 et
188 259 342 293 expeditum
355 259 396 286 eis
409 259 460 286 iter
476 259 560 286 animi
580 259 755 286 demissionis
771 258 930 286 efﬁciamus.

146 304 224 333 Unde
246 305 328 341 igitur
350 306 448 341 aliquis
470 307 560 342 potius
586 306 673 334 fastus
694 311 775 340 atque
797 305 933 340 superbia:

145 350 292 377 vanitatem
310 351 559 379 demoustraverit?
573 360 625 386 qua
643 352 748 378 ratione
769 351 833 381 alia.
850 358 931 385 quam

145 396 168 423 si
199 401 327 423 naturam
349 397 511 428 ostenderit,
536 405 659 432 quamam
684 404 715 424 ea
740 396 798 424 sit?
816 395 883 423 Nam
908 396 932 423 si

145 441 208 475 quis
224 441 256 468 ad
272 442 401 476 seipsnm,
417 446 444 469 et
459 450 512 469 non
528 443 560 469 ad
583 450 614 469 ea
642 450 703 477 quae
717 441 790 469 circa
807 449 836 469 se
855 445 929 471 sunt.

145 487 286 522 respiciat,
310 495 363 514 non
390 487 469 514 video
494 495 548 522 qua
572 488 678 514 ratione
702 487 725 514 is
745 487 772 514 in
794 485 931 520 ejusmodi

146 531 242 558 vitium
264 532 383 559 incidere
399 532 495 567 possit.
512 531 583 564 Quid
604 531 687 566 igitur
708 531 789 558 homo
804 531 865 558 est?
885 529 932 557 Vis

146 580 176 603 ut
199 584 232 604 ex
249 577 414 611 scriptorum
436 577 618 604 monumentis
643 575 780 619 proferam
803 575 830 603 id
858 575 931 610 quod

146 623 207 658 plus
222 622 352 658 ponderis
375 627 402 650 et
425 623 598 650 auctoritatis
625 623 652 650 in
678 630 707 650 se
724 621 876 655 contineat,
900 629 932 649 ac

145 670 207 703 plus
224 669 353 696 aestimari
377 669 496 696 debeat?
510 669 545 695 At
569 669 593 696 is
610 669 656 704 qui
685 672 780 696 nostra
801 672 889 701 ornat,
906 673 933 695 et

145 714 267 742 inﬂatius
283 714 508 750 splendidiusque
530 714 566 742 de
586 714 728 742 nobilitate
750 715 870 741 humana
893 714 933 740 lo-

145 761 249 795 quitur,
274 768 307 787 ex
334 760 391 786 luto
423 764 579 795 generatam
606 764 732 787 naturam
760 767 821 787 esse
845 760 930 787 dicit:

145 809 226 840 atque
243 805 369 833 nobilitas
395 810 425 833 et
442 805 571 840 splendor
586 805 720 840 superbia:
741 806 931 840 cognationem

145 855 208 874 cum
233 848 316 875 latere
337 849 427 875 habet.
457 849 534 881 Quod
553 850 575 876 si
600 850 757 876 continuam
782 851 883 884 pariter
905 853 932 877 ct

145 901 204 920 eam
223 902 282 928 qua:
296 895 322 921 in
345 899 472 929 promptu
493 899 574 930 atque
599 895 726 929 expedito
750 896 932 930 onmihusque

144 943 210 965 nota
240 943 282 967 est
315 940 518 975 generationem
546 939 670 974 proferre
703 941 789 972 velis,
824 949 933 968 remove

143 983 249 1016 isthtec,
264 992 322 1017 oro,
340 993 373 1012 ne
385 985 506 1020 loquaris
520 985 553 1012 de
567 985 619 1012 hac
635 993 682 1013 re:
701 987 886 1020 obmutescas,
899 995 932 1014 ne

145 1028 249 1060 hiscas,
275 1037 308 1056 ne
322 1030 437 1063 reveles,
453 1035 482 1057 ut
499 1031 542 1058 lex
559 1030 658 1065 inquit.
676 1031 794 1059 dedecus
808 1033 892 1066 patris
903 1036 931 1060 et

145 1074 242 1101 matris
267 1078 320 1102 tua:
330 1076 352 1091 "
368 1085 374 1101 :
391 1083 425 1103 ne
440 1084 566 1104 sermone
579 1077 702 1112 publices
717 1083 797 1112 atque
810 1078 932 1112 divulges

143 1126 176 1146 ea
201 1127 260 1154 qua:
283 1120 419 1147 oblivione
436 1118 516 1154 atque
528 1121 582 1147 alto
594 1121 704 1148 silentio
721 1122 836 1156 tegenda
855 1127 930 1150 sunt.

144 1163 178 1192 Et
190 1173 246 1192 non
260 1166 411 1197 erubescis.
427 1170 515 1193 terrea
530 1171 630 1199 statua,
647 1174 709 1194 mox
725 1167 815 1202 pulvis
828 1167 929 1200 futura‘,

145 1211 192 1246 qui
212 1212 239 1238 in
263 1211 372 1238 modum
393 1212 474 1243 bulla:
490 1212 564 1239 brevi
576 1211 737 1239 duraturum
760 1213 787 1240 in
803 1218 827 1240 te
843 1218 933 1241 tumo-

144 1263 202 1282 rem
218 1257 353 1289 contines,
371 1260 398 1284 te
425 1257 553 1292 superbia
578 1257 690 1291 repleri,
715 1256 787 1285 fastu
814 1262 930 1291 tumere,

144 1309 216 1328 vano
244 1302 342 1337 spiritu
371 1306 453 1338 atque
466 1302 639 1338 ‘cogitatione
664 1307 782 1330 mentem
811 1303 932 1331 inﬂatam

145 1347 255 1375 habere.
267 1348 365 1376 Annon
383 1349 498 1384 respicis
515 1348 549 1376 ad
564 1348 712 1384 utrumque
723 1349 785 1376 vitae
807 1350 933 1378 humana

146 1392 303 1425 terminum,
318 1394 390 1420 unde
412 1398 439 1420 et
457 1394 564 1420 initium
580 1399 680 1426 sumat,
700 1399 728 1421 et
752 1395 779 1421 in
797 1395 861 1430 quid
884 1396 932 1423 dc-

145 1436 240 1464 si‘nat?
256 1437 356 1465 Verum
371 1439 498 1473 superbis
513 1447 545 1466 ac
563 1439 652 1472 jactas
670 1444 694 1466 te
709 1441 818 1467 nomine
833 1441 934 1475 juven-

145 1482 212 1509 tutis
235 1486 261 1510 et
278 1482 312 1509 ad
327 1482 420 1510 ﬂorem
441 1485 531 1511 aetatis
556 1484 682 1518 respicis,
705 1490 732 1511 et
752 1485 890 1520 gloriaris,
906 1489 934 1513 et

145 1526 194 1554 tibi
219 1528 311 1562 places
337 1533 446 1563 propter
470 1529 595 1556 decorem
623 1534 650 1556 et
680 1531 930 1565 pulchritudinem,

144 1571 219 1606 quod
232 1572 279 1599 tibi
297 1580 395 1600 manus
413 1581 495 1608 supra
512 1573 622 1600 modum
644 1574 751 1609 vigeant
766 1575 799 1602 ad
815 1581 929 1608 motum,

946 1512 967 1540 C

145 1617 218 1651 quod
233 1618 336 1645 celeres
352 1623 380 1646 et
394 1620 502 1646 veloces
527 1619 561 1646 ad
582 1620 680 1647 saltum
701 1621 750 1647 tibi
767 1622 822 1648 sint
838 1622 948 1656 pedes“

144 1663 219 1699 quod
243 1664 358 1699 capillus
391 1666 480 1692 ventis
509 1664 700 1698 diffundatur,
724 1666 798 1701 quod
832 1668 932 1703 lanugo

145 1711 272 1738 maxillas
293 1711 452 1747 distinguat,
474 1712 547 1746 quod
562 1713 611 1740 tibi
627 1713 710 1741 vestis
730 1721 857 1748 purpurae
879 1712 933 1742 tin-

984 221 1024 243 τις
1043 212 1142 247 μᾶλλον
1155 210 1296 242 ἐπιδείξειε
1316 208 1363 235 τοῦ
1384 208 1469 242 τύφου
1493 207 1522 233 τὸ
1541 206 1672 242 μάταιον;
1688 205 1773 231 Πόθεν

984 257 1104 289 ἂλλοθεν,
1120 257 1137 291 ἢ
1159 257 1191 282 ἐκ
1207 254 1253 281 τοῦ
1275 253 1358 286 δεῖξαι
1380 253 1428 288 τὴν
1445 253 1542 287 φύσιν,
1557 251 1618 286 ἥτις
1632 249 1705 276 ἐστίν
1720 258 1728 282 ;
1744 249 1772 275 ’0

983 304 1037 339 γὰρ
1055 303 1122 338 πρὸς
1133 302 1238 333 ἑαυτὸν,
1255 300 1302 327 καὶ
1319 299 1403 335 μὴντὸι
1423 298 1487 333 περὶ
1500 297 1582 324 αὑτὸν
1597 296 1712 331 βλέπων,
1724 295 1773 321 οὐκ

985 350 1017 376 ἄν
1029 349 1146 383 εὐλόγως
1162 348 1201 379 είς
1221 347 1251 373 τὸ
1276 346 1396 372 τοιοῦτον
1420 344 1535 380 ἐμπέσοι
1559 343 1653 374 πάθος.
1675 341 1716 368 Τί.
1726 339 1772 368 οὖν

983 395 1057 421 ἐστιν
1069 394 1224 429 ἄνθρωποςς
1240 391 1334 418 Βούλει
1350 391 1395 417 τὸν
1408 389 1568 425 σεμνότερον
1579 388 1625 414 καὶ
1644 386 1771 422 τιμιώτε-

985 448 1029 474 ρον
1041 440 1110 466 εἴπω
1124 439 1177 465 τῶν
1187 439 1288 472 λόγων;
1309 436 1379 463 Ἀλλ’
1388 436 1402 462 6
1413 434 1523 470 κοσμῶν
1533 433 1567 460 τὰ
1581 433 1715 468 ἡμέτερα,
1726 433 1772 459 καὶ

984 485 1052 521 πρὸς
1068 485 1098 511 τὸ
1109 483 1334 519 κομπωδέστερον
1342 480 1527 512 διασκευάζων
1540 479 1589 514 τὴν
1599 478 1771 513 ἀνθρωπίνην

983 530 1131 564 εὐγένειαν,
1150 531 1182 556 ὲκ
1208 528 1293 564 πηλοῦ
1318 527 1476 562 γενεαλογεῖ
1496 526 1546 561 τὴν
1570 525 1650 558 φύσιν
1667 532 1674 539 ·
1689 523 1735 550 καὶ
1754 523 1771 558 ἡ

983 577 1118 611 εὐγένεια,
1134 576 1180 602 καὶ
1195 577 1211 611 ἡ
1224 574 1355 610 σεμνότης
1369 573 1415 600 τοῦ
1424 571 1608 607 ὑπερηφάνου,
1625 571 1655 596 τὸ
1672 577 1771 603 συγγε-

983 623 1027 654 νὲς
1037 622 1104 658 πρὸς
1115 623 1164 658 τὴν
1179 621 1285 648 πλίνθον
1300 620 1366 655 ἔχει.
1390 620 1418 645 El
1437 618 1465 645 δὲ
1481 617 1528 653 τὴν
1545 617 1664 652 προσεχῆ
1682 623 1711 641 τε
1726 615 1773 641 καὶ

984 670 1127 705 πρόχειρον
1152 668 1201 703 τῆς
1224 667 1356 702 γενέσεως
1382 666 1468 692 εἰπεῖν
1488 663 1600 694 ἐθέλοις,
1615 662 1715 695 ἄπαγε,
1735 660 1772 696 μὴ

984 715 1088 750 φθέγξῃ
1113 714 1185 749 περὶ·
1201 713 1296 740 τούτου
1308 721 1314 728 ·
1333 713 1370 747 μὴ
1386 710 1498 747 γρύξῃς,
1524 709 1560 744 μὴ
1585 707 1771 741 ἀνακαλύψῃς-

984 761 1074 792 καθώς
1091 769 1172 794 φησιν
1185 760 1198 786 6
1211 759 1293 794 νόμος
1304 778 1311 789 ,
1326 756 1518 792 ἀσχημοσύνην
1535 754 1637 789 πατρὸς
1653 753 1700 779 καὶ
1719 760 1772 787 μη-

983 807 1047 842 τρός
1068 815 1115 832 σου
1131 815 1136 820 -
1153 805 1190 841 μὴ
1207 804 1390 840 δημοσιεύσῃς
1405 802 1443 837 τῷ
1462 801 1533 836 λόγῳ
1555 800 1589 826 τὰ
1603 799 1689 834 λήθης
1711 797 1772 830 ἄξια

986 853 1032 878 καὶ
1044 851 1152 887 βαθείας
1168 850 1258 885 σιγῆς.
1279 847 1346 876 Εἶτα
1361 849 1411 875 οὐκ
1427 847 1565 883 ἐρυθριᾷς,
1581 847 1596 872 ὁ
1611 845 1703 881 γήῖνος
1727 843 1774 870 ἀν-

985 897 1072 932 δριὰς,
1092 898 1106 924 6
1127 897 1185 931 μετ’
1199 889 1287 929 ὀλίγον
1304 894 1410 926 κόνις,ὁ
1424 892 1598 927 πομφόλυγος
1613 891 1691 925 δίκην
1702 889 1774 917 ὠκύ-

987 951 1069 978 μορον
1084 943 1112 969 ὲν
1125 941 1230 976 σεαυτῷ
1247 941 1380 977 περιέχων
1395 940 1424 966 τὸ
1437 939 1560 974 φύσημα,
1579 937 1684 973 πλήρης
1691 937 1774 971 ὑπερ-

986 988 1102 1023 ηερανίας
1118 988 1257 1023 γινόμενος
1268 1007 1276 1019 ,
1294 987 1341 1013 καὶ
1366 984 1605 1021 περιφλεγμαίνων
1621 982 1660 1017 τῷ
1685 981 1771 1017 τύφῳ,

986 1034 1033 1060 καὶ
1055 1034 1094 1069 τῷ
1120 1034 1226 1069 ματαίῳ
1251 1033 1406 1068 φρονήματι
1431 1029 1551 1064 ὲξογκῶν
1572 1028 1621 1064 τὴν
1644 1028 1773 1054 διάνοιαν.

986 1080 1041 1115 Οὐχ
1063 1080 1129 1115 ὁρᾷς
1145 1080 1184 1111 εῑς
1201 1079 1343 1114 ἀμφότερα
1360 1078 1408 1113 τῆς
1425 1076 1497 1111 ζωῆς
1514 1075 1562 1102 τοῦ
1581 1074 1725 1110 ἀνθρώπου
1740 1073 1774 1100 τὰ

986 1125 1103 1159 πέρατα,
1120 1124 1168 1150 καὶ
1181 1124 1254 1155 ὅπως
1267 1123 1392 1158 ἄρχεται,
1407 1121 1454 1148 καὶ
1470 1121 1511 1152 εἰς
1524 1121 1539 1147 ὅ
1550 1129 1575 1146 τι
1592 1120 1681 1155 λήγεις
1695 1117 1775 1144 Ἀλλὰ

985 1171 1101 1205 γαυριᾷς
1114 1171 1147 1205 τῇ
1171 1169 1294 1204 νεότητι,
1309 1169 1356 1195 καὶ
1373 1167 1442 1203 πρὸς
1456 1167 1486 1193 τὸ
1504 1166 1583 1197 ἄνθος
1602 1165 1651 1200 τῆς
1669 1164 1775 1200 ἡλικίας

987 1215 1106 1250 βλέπεις,
1123 1215 1170 1242 καὶ
1182 1213 1374 1249 ἐγκαλλωπίζῃ
1385 1214 1417 1248 τῇ
1433 1212 1551 1248 ὦρᾳ,ὅτι
1567 1220 1607 1238 σοι
1622 1211 1774 1246 ὑπερσφρι-

986 1260 1071 1293 γῶσιν
1082 1260 1112 1287 αἱ
1126 1261 1215 1295 χεῖρες
1232 1260 1301 1296 πρὸς
1328 1259 1444 1294 κίνησιν,
1465 1258 1511 1284 καὶ
1532 1257 1627 1291 κοῦφοι
1653 1256 1721 1291 πρὸς
1745 1254 1775 1282 τὺ

987 1306 1061 1341 ἂλμα
1071 1308 1095 1333 οἱ
1109 1306 1197 1338 πόδες,
1214 1306 1262 1332 καὶ
1290 1304 1431 1340 περισοὸεῖ
1442 1304 1503 1334 ταῖς
1525 1302 1621 1338 αὕραις
1632 1303 1646 1329 ὁ
1661 1301 1773 1337 βόστρυ-

986 1361 1042 1386 χος,
1058 1352 1105 1378 καὶ
1119 1352 1168 1387 τὴν
1184 1351 1300 1387 παρειὰν
1316 1349 1469 1385 ὑπογράφει
1481 1350 1496 1376 6
1509 1349 1606 1380 ἴουλος,
1615 1348 1664 1375 καὶ
1677 1348 1719 1374 ὅτι
1734 1355 1775 1373 σοι

986 1399 1002 1433 ἡ
1022 1398 1104 1432 ἐσθὴς
1123 1399 1154 1433 τῇ
1182 1397 1253 1432 βαφῇ
1268 1397 1318 1431 τῆς
1336 1396 1480 1432 πορφύρας
1494 1394 1713 1430 ὑπερανθίζεται,
1728 1394 1775 1420 καὶ

987 1443 1159 1470 πεποίκιλταί
1177 1452 1218 1469 σοι
1233 1442 1267 1469 τὰ
1284 1443 1316 1469 ὲκ
1331 1442 1421 1478 σῆρῶν
1435 1441 1599 1476 ὑφάσματα,
1616 1439 1742 1474 πολέμοις
1757 1438 1774 1474 ἢ

986 1488 1094 1525 θήραις,
1107 1489 1124 1524 ἥ
1150 1497 1221 1515 τισιν
1237 1488 1368 1523 ἱστορίαις
1386 1485 1596 1522 πεποικιλμένα,
1608 1486 1626 1520 ἦ
1643 1486 1712 1521 τάχα
1727 1485 1775 1512 καὶ

985 1534 1054 1570 πρὸς
1065 1534 1099 1560 τὰ
1113 1534 1207 1561 πέδιλα
1222 1533 1331 1569 βλέπεις
1347 1532 1484 1568 ἐπιμελῶς
1499 1533 1528 1559 ὲν
1543 1531 1583 1567 τῷ
1598 1531 1692 1567 μέλανι
1704 1530 1775 1557 στίλ-

985 1580 1075 1611 ϐοντα,
1090 1580 1136 1605 καὶ
1157 1579 1312 1614 περιέργως
1336 1579 1397 1610 ταῖς
1411 1577 1467 1605 ἀπὸ
1482 1577 1537 1604 τῶν
1555 1577 1673 1612 ραφίδων
1684 1584 1773 1612 γραμ-

986 1626 1050 1660 μαῖς
1081 1625 1263 1660 ἐπι-τέρποντα
1278 1632 1285 1657 ;
1302 1623 1373 1658 Πρδς
1398 1623 1484 1650 ταῦτα
1512 1622 1631 1658 βλέπεις,
1655 1621 1723 1657 πρὸς
1747 1620 1776 1646 δὲ

985 1670 1097 1697 σεαυτὸν
1111 1670 1160 1705 οὐχ
1170 1670 1235 1705 ὁρᾷς
1245 1678 1253 1702 ;
1265 1669 1350 1702 Δείξω
1362 1677 1402 1696 σοι
1419 1669 1514 1704 ὥσπερ
1527 1669 1556 1694 ἐν
1566 1667 1720 1702 κατόπτρῳ,
1734 1665 1776 1697 τίς

985 1713 1008 1742 εἶ
1026 1715 1073 1742 καὶ
1089 1712 1144 1747 οἷος
1158 1714 1191 1742 εἷ.

145 1761 191 1785 ctu
203 1766 286 1793 supra
303 1759 411 1786 modum
428 1760 523 1787 ﬂorida
537 1759 582 1793 sit,
599 1760 673 1795 quod
700 1762 783 1795 panni
801 1762 848 1789 tibi
880 1763 961 1791 serici
988 1763 1106 1799 praeliis,
1133 1758 1371 1795 venationibusve,
1399 1766 1446 1790 aut
1467 1762 1590 1790 historiis
1612 1759 1773 1796 quibusdam

145 1805 286 1840 variegati,
303 1806 424 1834 distincti
451 1813 533 1842 atque
550 1808 674 1835 exornati
693 1809 765 1841 sint,
796 1813 843 1836 aut
866 1809 981 1838 forsitan
1006 1811 1040 1838 ad
1060 1811 1156 1838 talaria
1181 1811 1302 1838 adhibita
1335 1818 1402 1838 cura
1427 1810 1455 1837 in
1478 1810 1558 1845 nigro
1591 1809 1717 1839 nitentia,
1748 1811 1776 1835 et

145 1851 284 1885 superﬂuo
307 1859 388 1886 opere
407 1852 551 1880 ﬁbularum
581 1853 660 1882 linteis
681 1854 845 1881 oblectantia
866 1856 990 1890 spectas?
1023 1856 1063 1883 Ad
1097 1857 1150 1884 ista
1188 1856 1314 1891 respicis,
1350 1855 1468 1890 teipsum
1479 1862 1546 1882 vero
1569 1861 1623 1881 non
1638 1851 1776 1880 intueris?

145 1897 291 1925 Ostendam
318 1898 366 1925 tibi
388 1902 518 1933 tanquam
547 1899 572 1926 in
598 1900 720 1934 speculo,
745 1901 791 1935 qui
813 1902 862 1934 sis,
888 1907 915 1929 et
933 1904 1022 1937 qualis
1038 1903 1086 1930 sis.

180 1945 240 1973 Non
254 1946 344 1973 vidisti
358 1947 384 1973 in
401 1947 461 1974 loco
473 1947 582 1981 publico
596 1949 758 1983 sepeliendis
775 1949 933 1979 hominibus

122 2027 127 2030 Ι
146 1983 291 2022 destinato,
304 1995 408 2019 natura:
424 1996 526 2020 nostrae
545 1994 695 2028 mysteria?
710 2001 765 2022 non
779 1995 871 2023 vidisti
886 2004 933 2023 os-

147 2036 229 2069 sium,
254 2036 314 2063 aliis
330 2044 413 2071 super
428 2037 480 2064 alia
497 2041 600 2065 temere
618 2039 742 2074 abjectis,
760 2042 934 2076 congeriem?

146 2082 280 2109 calvarias
310 2083 439 2110 carnibus
458 2083 586 2116 nudatus,
611 2085 762 2113 terribilem
787 2087 932 2121 quemdam

91 2152 94 2153 ,
147 2134 177 2154 ac
191 2126 341 2155 deformem
355 2133 495 2163 aspectum
508 2129 651 2157 exhaustis
667 2131 755 2158 oculis
765 2132 933 2166 praebentes?

147 2173 243 2203 Vidisti
265 2181 314 2200 ora
342 2174 493 2209 ringentia,
520 2175 680 2210 reliquaque
704 2177 826 2204 membra
852 2182 932 2211 prout

147 2217 204 2246 fors
219 2219 291 2251 tulit,
310 2219 417 2247 divulsa
430 2224 511 2254 atque
524 2220 667 2255 dispersa?
690 2221 713 2248 si
729 2222 775 2248 illa
788 2222 891 2253 vidisti,
909 2226 934 2249 te

146 2265 235 2299 ipsum
249 2265 277 2292 in
292 2265 346 2292 illis
361 2265 504 2300 spectasti.
523 2265 574 2293 Ubi
590 2266 667 2301 signa
679 2268 821 2301 praesentis
839 2267 934 2295 ﬂoris?

146 2310 192 2337 ubi
219 2311 320 2338 coloris
338 2311 446 2338 bonitas
472 2311 500 2338 in
519 2312 614 2346 genis?
635 2312 680 2340 ubi
704 2312 754 2340 ﬂos
776 2313 935 2341 labiorum?

147 2356 199 2383 Ubi
212 2356 365 2383 truculenta
382 2364 414 2383 ac
431 2361 509 2384 torva
525 2358 667 2385 oculorum
685 2359 870 2393 pulchritudo,
882 2359 934 2387 sub

145 2401 217 2428 vallo
233 2406 494 2437 protegumentoque
508 2402 723 2437 superciliorum
743 2404 873 2431 elucens?
888 2405 933 2431 ubi

145 2451 238 2474 rectus
249 2454 334 2474 nasus
349 2447 376 2474 in
393 2447 482 2474 medio
499 2455 628 2482 genarum
644 2449 857 2484 pulchritudinis
874 2449 933 2476 col-

145 2493 273 2520 locatus?
288 2493 334 2520 ubi
349 2493 382 2521 ad
397 2494 519 2521 cervices
533 2502 619 2529 usque
635 2494 761 2521 demissa:
774 2495 878 2521 coma“!
889 2494 933 2520 ubi

145 2540 219 2567 circa
233 2543 356 2574 tempora
375 2539 513 2567 cincinni?
529 2540 575 2567 ubi
588 2540 735 2574 sagittariaa
745 2540 935 2575 jaculatrices—

145 2594 198 2622 quc
213 2587 330 2614 manus?
351 2588 520 2622 equitatores
539 2587 643 2622 pedes?
664 2588 710 2615 ubi
728 2588 867 2623 purpura?
888 2587 932 2614 ubi

144 2632 263 2668 byssus?
288 2634 333 2661 ubi
353 2634 599 2668 paludamentum?
623 2635 667 2662 ubi
693 2635 921 2663 balteus'lealcea
938 2637 943 2640 ’

144 2677 218 2705 mina
230 2677 242 2705 7
253 2679 363 2711 equus?
377 2679 498 2707 cursus?
522 2679 666 2707 fremitus?
687 2680 788 2712 omnia,
805 2687 852 2714 per
871 2686 933 2714 quae

144 2731 218 2751 nunc
230 2724 277 2751 tibi
292 2725 379 2752 fastus
394 2725 529 2760 augetur?
543 2725 598 2758 dic,
612 2726 657 2753 ubi
670 2725 738 2757 hac,
751 2729 868 2760 quorum
883 2733 932 2753 no-

179 2807 201 2822 ⁹²
220 2808 286 2838 Lev_
303 2818 386 2843 xvttt,
405 2810 420 2837 6
437 2819 497 2845 sqq.

1020 1952 1077 1978 Οὐκ
1089 1949 1158 1982 εἶδες
1171 1952 1199 1978 ὲν
1212 1950 1383 1986 πολυανδρίῳ
1401 1950 1435 1977 τὰ
1447 1950 1496 1985 τῆς
1511 1949 1617 1984 φύσεως
1630 1948 1709 1984 ἡμῶν
1726 1956 1776 1982 μυ-

986 1997 1099 2032 στήρια;
1131 1997 1180 2023 οὐκ
1204 1994 1275 2027 εἶδες
1295 1996 1344 2031 τὴν
1367 1995 1518 2030 ἐπάλληλον
1533 1994 1586 2021 τῶν
1606 1993 1705 2020 ὀστέων
1721 2002 1774 2019 σω-

986 2042 1078 2077 ρείαν;
1095 2043 1195 2078 κρανία
1212 2043 1319 2078 σαρκῶν
1335 2040 1544 2076 γεγυμνωμένα,
1559 2039 1674 2075 φόϐερόν
1687 2047 1712 2065 τι
1728 2039 1774 2065 καὶ

985 2086 1102 2122 εἰδεχθὲς
1119 2088 1148 2113 ὲν
1161 2087 1292 2118 διακένοις
1304 2086 1448 2121 δεδορκότα
1470 2086 1525 2117 τοῖς
1540 2085 1675 2120 ὅμμασινι
1699 2082 1774 2115 Εἶδες

986 2133 1107 2167 στόματα
1121 2133 1266 2168 σεσηρότα,
1284 2132 1332 2159 καὶ
1344 2131 1378 2158 τὰ
1391 2131 1473 2158 λοιπὰ
1490 2131 1543 2157 τῶν
1560 2130 1648 2165 μελῶν
1662 2129 1728 2164 πρὸς
1744 2129 1774 2155 τδ

985 2180 1090 2214 συμϐὰν
1106 2180 1297 2217 πεφορημένα;
1316 2179 1347 2206 Et
1361 2180 1453 2205 ἐκεῖνα
1460 2175 1538 2209 εἶδες,
1548 2177 1659 2204 σεαυτὸν
1671 2176 1699 2202 ὲν
1707 2175 1776 2201 ἐκεί-

984 2233 1039 2255 νοις
1051 2224 1191 2253 τεθέασαι.
1205 2225 1260 2251 Ποῦ
1273 2224 1319 2251 τοῦ
1335 2224 1466 2259 παρόντος
1477 2223 1573 2253 ἄνθους
1589 2221 1623 2248 τὰ
1637 2221 1774 2256 σύμϐολα;

985 2271 1036 2298 ποῦ
1045 2272 1062 2307 ἡ
1069 2271 1181 2306 εὔχροια
1188 2270 1236 2305 τῆς
1251 2271 1380 2305 παρειᾱς;
1395 2268 1446 2295 ποῦ
1454 2268 1484 2295 τὸ
1501 2267 1548 2294 ἐπὶ
1555 2266 1602 2294 τοῦ
1617 2266 1721 2302 χείλους
1732 2266 1776 2293 ἄν-

986 2318 1040 2350 θος;
1054 2317 1105 2343 ποῦ
1113 2317 1143 2343 τὸ
1153 2316 1281 2352 βλοσυρὸν
1291 2317 1320 2342 ἑν
1328 2317 1385 2348 τοῖς
1391 2315 1495 2350 ὄμμασι
1501 2313 1597 2344 κάλλος
1605 2315 1637 2349 τῇ
1644 2321 1677 2339 πε
1681 2312 1773 2348 ριϐολῇ

985 2363 1037 2390 τῶν
1058 2363 1165 2398 ὀφρύων
1184 2361 1431 2397 ὑπολαμπόμενονθ
1449 2359 1500 2386 ποῦ
1514 2361 1530 2394 ὴ
1544 2359 1636 2386 εὐθεῖα
1648 2360 1699 2395 ῥὶς,
1711 2358 1775 2394 ἡτιῖι

985 2408 1077 2435 κάλλει
1089 2408 1142 2434 τῶν
1157 2408 1277 2443 παρειῶν
1293 2405 1487 2442 μεσιτεύουσα;
1510 2405 1561 2431 ποῦ
1577 2405 1605 2431 αἱ
1618 2404 1773 2439 ὲπαυχένιυι

984 2455 1067 2490 κόμαι
1076 2463 1083 2488 ;
1095 2453 1146 2480 ποῦ
1154 2455 1178 2480 al
1185 2453 1388 2489 περικροτάφιοι
1398 2451 1538 2487 βόστρυχοι
1549 2460 1555 2483 ;
1568 2449 1620 2477 ποῦ
1629 2451 1656 2476 αἱ
1669 2449 1765 2481 τοξαζό

985 2501 1174 2536 μεναιχεῖρεςς
1185 2500 1209 2527 οἱ
1219 2499 1397 2534 ίππαζόμενοι
1405 2498 1484 2528 πόδες
1494 2506 1501 2530 ;
1511 2496 1622 2532 ἡπορφύ
1628 2504 1673 2531 ρας
1682 2496 1699 2530 ἡ
1708 2495 1769 2530 βύσ-

985 2556 1046 2586 qog;
1061 2548 1078 2582 ἡ
1093 2547 1203 2581 χλανίς;
1222 2547 1244 2581 ήι
1257 2545 1347 2579 ζώνη;
1362 2544 1397 2570 τὰ
1410 2543 1522 2575 πέδιλα;
1539 2543 1553 2568 6
1569 2542 1666 2574 ἴππος;
1683 2542 1697 2568 6
1709 2541 1769 2576 δρό-

985 2602 1050 2628 μος;
1070 2593 1101 2619 τὸ
1121 2593 1269 2628 φρύαγμα;
1288 2590 1387 2622 πάντα,
1400 2590 1435 2616 δι’
1451 2586 1488 2616 ὧν
1511 2597 1552 2615 σοι
1577 2588 1624 2614 νῦν
1649 2588 1663 2613 ὁ
1689 2587 1771 2622 τῦφος

984 2638 1112 2670 αὕξεται;
1140 2637 1194 2664 Ποῦ
1207 2637 1293 2664 ταῦτα
1310 2637 1338 2662 ὲν
1352 2635 1477 2667 ἐκείνοις,
1499 2633 1571 2663 εἰπὲ.
1587 2633 1657 2668 ὑπὲρ
1674 2629 1711 2659 ὦν
1724 2632 1771 2659 νῦν

983 2684 1084 2719 ἐπαίρει
1097 2684 1144 2710 καὶ
1159 2682 1370 2718 μεγαλοφρονεῖς
1381 2690 1387 2713 ;
1406 2682 1482 2707 Ποῖον
1493 2678 1578 2710 οὕτως
1588 2679 1779 2706 ἀνυπόστατον,

982 2730 1063 2766 δναρ;
1077 2730 1144 2757 Ποῖα
1155 2728 1264 2756 τοιαῦτα
1278 2729 1308 2762 ἐξ
1320 2728 1403 2754 ὕπνου
1415 2726 1612 2761 qumquam;
1629 2724 1677 2757 Τίς
1686 2723 1772 2752 οὕτως
