  <div class='ocr_page' id='page_1' title='image "/cluster/home/n/w/nwhite01/storage/ocr_20150623/44/njp.32101009003169/608.png"; bbox 0 0 1978 3068; ppageno 0'>
   <div class='ocr_carea' id='block_1_1' title="bbox 182 100 246 127">
    <p class='ocr_par' dir='ltr' id='par_1_1' title="bbox 182 100 246 127">
     <span class='ocr_line' id='line_1_1' title="bbox 182 100 246 127; baseline 0 0"><span class='ocrx_word' id='word_1_1' title='bbox 182 100 246 127; x_wconf 68' lang='grc' dir='ltr'><strong>’.ἷθῑῑ</strong></span> 
     </span>
    </p>
   </div>
   <div class='ocr_carea' id='block_1_2' title="bbox 706 105 1246 141">
    <p class='ocr_par' dir='ltr' id='par_1_2' title="bbox 706 105 1246 141">
     <span class='ocr_line' id='line_1_2' title="bbox 706 105 1246 141; baseline 0.017 -9"><span class='ocrx_word' id='word_1_2' title='bbox 706 105 750 133; x_wconf 86' lang='lat' dir='ltr'><strong>DE</strong></span> <span class='ocrx_word' id='word_1_3' title='bbox 764 106 1059 139; x_wconf 72' lang='lat' dir='ltr'><strong>BEATITUDINIBUS.</strong></span> <span class='ocrx_word' id='word_1_4' title='bbox 1083 112 1210 141; x_wconf 73' lang='lat' dir='ltr'><strong>ORATIO</strong></span> <span class='ocrx_word' id='word_1_5' title='bbox 1229 113 1246 141; x_wconf 79' lang='grc' dir='ltr'><strong>Ι.</strong></span> 
     </span>
    </p>
   </div>
   <div class='ocr_carea' id='block_1_3' title="bbox 1731 120 1798 147">
    <p class='ocr_par' dir='ltr' id='par_1_3' title="bbox 1731 120 1798 147">
     <span class='ocr_line' id='line_1_3' title="bbox 1731 120 1798 147; baseline 0 0"><span class='ocrx_word' id='word_1_6' title='bbox 1731 120 1798 147; x_wconf 66' lang='grc' dir='ltr'>1ίὲο6</span> 
     </span>
    </p>
   </div>
   <div class='ocr_carea' id='block_1_4' title="bbox 176 158 963 210">
    <p class='ocr_par' dir='ltr' id='par_1_4' title="bbox 176 158 963 200">
     <span class='ocr_line' id='line_1_4' title="bbox 176 158 963 200; baseline 0.009 -16"><span class='ocrx_word' id='word_1_7' title='bbox 176 158 294 194; x_wconf 68' lang='grc' dir='ltr'>ἀδρανὴς</span> <span class='ocrx_word' id='word_1_8' title='bbox 314 159 377 185; x_wconf 75' lang='grc' dir='ltr'>σκιὰ</span> <span class='ocrx_word' id='word_1_9' title='bbox 398 158 448 195; x_wconf 84' lang='grc' dir='ltr'><strong>τὴν</strong></span> <span class='ocrx_word' id='word_1_10' title='bbox 471 159 541 195; x_wconf 79' lang='grc' dir='ltr'>ἁφὴν</span> <span class='ocrx_word' id='word_1_11' title='bbox 565 160 772 196; x_wconf 78' lang='grc' dir='ltr'>ὑποφεύγουσα,</span> <span class='ocrx_word' id='word_1_12' title='bbox 799 163 837 195; x_wconf 81' lang='grc' dir='ltr'>ὡς</span> <span class='ocrx_word' id='word_1_13' title='bbox 856 165 886 190; x_wconf 84' lang='grc' dir='ltr'>τὸ</span> <span class='ocrx_word' id='word_1_14' title='bbox 915 165 963 200; x_wconf 85' lang='grc' dir='ltr'>τῆς</span> 
     </span>
    </p>
   </div>
   <div class='ocr_carea' id='block_1_5' title="bbox 1016 158 1800 210">
    <p class='ocr_par' dir='ltr' id='par_1_5' title="bbox 1016 167 1800 210">
     <span class='ocr_line' id='line_1_5' title="bbox 1016 167 1800 210; baseline 0.011 -17"><span class='ocrx_word' id='word_1_15' title='bbox 1016 167 1087 195; x_wconf 87' lang='lat' dir='ltr'><strong>mine</strong></span> <span class='ocrx_word' id='word_1_16' title='bbox 1104 176 1174 195; x_wconf 91' lang='lat' dir='ltr'><strong>nunc</strong></span> <span class='ocrx_word' id='word_1_17' title='bbox 1198 169 1303 196; x_wconf 88' lang='lat' dir='ltr'><strong>animos</strong></span> <span class='ocrx_word' id='word_1_18' title='bbox 1331 170 1403 198; x_wconf 88' lang='lat' dir='ltr'><strong>tollis</strong></span> <span class='ocrx_word' id='word_1_19' title='bbox 1427 174 1453 198; x_wconf 86' lang='lat' dir='ltr'><strong>et</strong></span> <span class='ocrx_word' id='word_1_20' title='bbox 1474 172 1611 207; x_wconf 80' lang='lat' dir='ltr'><strong>superbis,</strong></span> <span class='ocrx_word' id='word_1_21' title='bbox 1633 180 1800 210; x_wconf 68' lang='lat' dir='ltr'><strong>magnosque</strong></span> 
     </span>
    </p>
   </div>
   <div class='ocr_carea' id='block_1_6' title="bbox 177 203 962 246">
    <p class='ocr_par' dir='ltr' id='par_1_6' title="bbox 177 203 962 246">
     <span class='ocr_line' id='line_1_6' title="bbox 177 203 962 246; baseline 0.01 -17"><span class='ocrx_word' id='word_1_22' title='bbox 177 203 300 240; x_wconf 72' lang='grc' dir='ltr'>νεότητος</span> <span class='ocrx_word' id='word_1_23' title='bbox 325 204 392 239; x_wconf 76' lang='grc' dir='ltr'>ὄναρ</span> <span class='ocrx_word' id='word_1_24' title='bbox 414 205 481 239; x_wconf 70' lang='grc' dir='ltr'>ὁμοῦ</span> <span class='ocrx_word' id='word_1_25' title='bbox 495 214 524 231; x_wconf 87' lang='grc' dir='ltr'><strong>τε</strong></span> <span class='ocrx_word' id='word_1_26' title='bbox 544 207 706 242; x_wconf 73' lang='grc' dir='ltr'>φαινόμενον</span> <span class='ocrx_word' id='word_1_27' title='bbox 726 209 773 235; x_wconf 74' lang='grc' dir='ltr'>καὶ</span> <span class='ocrx_word' id='word_1_28' title='bbox 790 209 870 241; x_wconf 77' lang='grc' dir='ltr'>εὐθὺς</span> <span class='ocrx_word' id='word_1_29' title='bbox 892 219 962 246; x_wconf 87' lang='grc' dir='ltr'>παρ-</span> 
     </span>
    </p>
   </div>
   <div class='ocr_carea' id='block_1_7' title="bbox 178 250 962 290">
    <p class='ocr_par' dir='ltr' id='par_1_7' title="bbox 178 250 962 290">
     <span class='ocr_line' id='line_1_7' title="bbox 178 250 962 290; baseline 0.01 -14"><span class='ocrx_word' id='word_1_30' title='bbox 178 251 343 290; x_wconf 59' lang='grc' dir='ltr'>ιπτᾴμενοη</span> <span class='ocrx_word' id='word_1_31' title='bbox 361 250 453 278; x_wconf 82' lang='grc' dir='ltr'>Ταῦτά</span> <span class='ocrx_word' id='word_1_32' title='bbox 469 260 512 287; x_wconf 89' lang='grc' dir='ltr'><strong>μοι</strong></span> <span class='ocrx_word' id='word_1_33' title='bbox 531 253 599 288; x_wconf 72' lang='grc' dir='ltr'>πρὸς</span> <span class='ocrx_word' id='word_1_34' title='bbox 613 254 676 285; x_wconf 80' lang='grc' dir='ltr'>τοὺς</span> <span class='ocrx_word' id='word_1_35' title='bbox 694 255 721 280; x_wconf 78' lang='grc' dir='ltr'><strong>ἐν</strong></span> <span class='ocrx_word' id='word_1_36' title='bbox 739 256 844 290; x_wconf 80' lang='grc' dir='ltr'>νεότητι</span> <span class='ocrx_word' id='word_1_37' title='bbox 865 256 908 284; x_wconf 76' lang='grc' dir='ltr'>διὰ</span> <span class='ocrx_word' id='word_1_38' title='bbox 933 259 962 284; x_wconf 86' lang='grc' dir='ltr'>τὸ</span> 
     </span>
    </p>
   </div>
   <div class='ocr_carea' id='block_1_8' title="bbox 177 288 961 334">
    <p class='ocr_par' dir='ltr' id='par_1_8' title="bbox 177 288 961 334">
     <span class='ocr_line' id='line_1_8' title="bbox 177 288 961 334; baseline 0.009 -12"><span class='ocrx_word' id='word_1_39' title='bbox 177 288 268 328; x_wconf 60' lang='lat' dir='ltr'><strong>anis;</strong></span> <span class='ocrx_word' id='word_1_40' title='bbox 286 297 338 331; x_wconf 79' lang='grc' dir='ltr'>τῆς</span> <span class='ocrx_word' id='word_1_41' title='bbox 351 297 455 332; x_wconf 81' lang='grc' dir='ltr'>ἡλικίας</span> <span class='ocrx_word' id='word_1_42' title='bbox 478 299 669 334; x_wconf 81' lang='grc' dir='ltr'>ἀφραίνοντας.</span> <span class='ocrx_word' id='word_1_43' title='bbox 698 300 730 325; x_wconf 86' lang='grc' dir='ltr'>Τί</span> <span class='ocrx_word' id='word_1_44' title='bbox 751 300 772 326; x_wconf 80' lang='grc' dir='ltr'><strong>δ’</strong></span> <span class='ocrx_word' id='word_1_45' title='bbox 788 288 819 328; x_wconf 80' lang='grc' dir='ltr'>ἄν</span> <span class='ocrx_word' id='word_1_46' title='bbox 835 311 876 334; x_wconf 86' lang='grc' dir='ltr'><strong>τις</strong></span> <span class='ocrx_word' id='word_1_47' title='bbox 892 304 961 329; x_wconf 75' lang='grc' dir='ltr'>εἴποι</span> 
     </span>
    </p>
   </div>
   <div class='ocr_carea' id='block_1_9' title="bbox 178 342 962 383">
    <p class='ocr_par' dir='ltr' id='par_1_9' title="bbox 178 342 962 383">
     <span class='ocr_line' id='line_1_9' title="bbox 178 342 962 383; baseline 0.011 -17"><span class='ocrx_word' id='word_1_48' title='bbox 178 342 308 377; x_wconf 78' lang='grc' dir='ltr'>περὶτῶν</span> <span class='ocrx_word' id='word_1_49' title='bbox 328 342 376 377; x_wconf 71' lang='grc' dir='ltr'><strong>ἤδη</strong></span> <span class='ocrx_word' id='word_1_50' title='bbox 400 343 615 378; x_wconf 81' lang='grc' dir='ltr'><strong>καθεστηκότων,</strong></span> <span class='ocrx_word' id='word_1_51' title='bbox 640 343 680 376; x_wconf 70' lang='grc' dir='ltr'>οἷς</span> <span class='ocrx_word' id='word_1_52' title='bbox 703 347 719 381; x_wconf 79' lang='grc' dir='ltr'>ἡ</span> <span class='ocrx_word' id='word_1_53' title='bbox 748 346 797 381; x_wconf 84' lang='grc' dir='ltr'><strong>μὲν</strong></span> <span class='ocrx_word' id='word_1_54' title='bbox 814 347 905 382; x_wconf 70' lang='grc' dir='ltr'>ἡλικία</span> <span class='ocrx_word' id='word_1_55' title='bbox 919 348 962 383; x_wconf 82' lang='grc' dir='ltr'><strong>βέ-</strong></span> 
     </span>
    </p>
   </div>
   <div class='ocr_carea' id='block_1_10' title="bbox 177 386 963 429">
    <p class='ocr_par' dir='ltr' id='par_1_10' title="bbox 177 386 963 429">
     <span class='ocr_line' id='line_1_10' title="bbox 177 386 963 429; baseline 0.01 -17"><span class='ocrx_word' id='word_1_56' title='bbox 177 386 261 421; x_wconf 67' lang='grc' dir='ltr'>ϐηκεν</span> <span class='ocrx_word' id='word_1_57' title='bbox 275 406 283 418; x_wconf 88' lang='grc'><strong>,</strong></span> <span class='ocrx_word' id='word_1_58' title='bbox 307 388 417 414; x_wconf 81' lang='grc' dir='ltr'>ἀστατεῖ</span> <span class='ocrx_word' id='word_1_59' title='bbox 431 388 458 414; x_wconf 81' lang='grc' dir='ltr'>δὲ</span> <span class='ocrx_word' id='word_1_60' title='bbox 479 389 509 414; x_wconf 83' lang='grc' dir='ltr'><strong>τὸ</strong></span> <span class='ocrx_word' id='word_1_61' title='bbox 526 387 600 424; x_wconf 84' lang='grc' dir='ltr'>ἦθος,</span> <span class='ocrx_word' id='word_1_62' title='bbox 619 391 664 416; x_wconf 74' lang='grc' dir='ltr'><strong>καὶ</strong></span> <span class='ocrx_word' id='word_1_63' title='bbox 678 392 692 426; x_wconf 84' lang='grc' dir='ltr'><strong>ἡ</strong></span> <span class='ocrx_word' id='word_1_64' title='bbox 711 393 786 422; x_wconf 67' lang='grc' dir='ltr'>νόσος</span> <span class='ocrx_word' id='word_1_65' title='bbox 799 393 847 427; x_wconf 80' lang='grc' dir='ltr'><strong>τῆς</strong></span> <span class='ocrx_word' id='word_1_66' title='bbox 862 394 963 429; x_wconf 80' lang='grc' dir='ltr'>ὑπερη-</span> 
     </span>
    </p>
   </div>
   <div class='ocr_carea' id='block_1_11' title="bbox 178 431 961 472">
    <p class='ocr_par' dir='ltr' id='par_1_11' title="bbox 178 431 961 472">
     <span class='ocr_line' id='line_1_11' title="bbox 178 431 961 472; baseline 0.009 -16"><span class='ocrx_word' id='word_1_67' title='bbox 178 431 274 464; x_wconf 70' lang='grc' dir='ltr'>φανίας</span> <span class='ocrx_word' id='word_1_68' title='bbox 295 431 419 464; x_wconf 67' lang='grc' dir='ltr'>αὖξεταιε</span> <span class='ocrx_word' id='word_1_69' title='bbox 440 431 524 467; x_wconf 75' lang='grc' dir='ltr'>ὕνομα</span> <span class='ocrx_word' id='word_1_70' title='bbox 542 433 569 458; x_wconf 79' lang='grc' dir='ltr'><strong>δὲ</strong></span> <span class='ocrx_word' id='word_1_71' title='bbox 585 434 616 468; x_wconf 88' lang='grc' dir='ltr'>τῇ</span> <span class='ocrx_word' id='word_1_72' title='bbox 633 435 742 470; x_wconf 84' lang='grc' dir='ltr'>τοιαύτῃ</span> <span class='ocrx_word' id='word_1_73' title='bbox 756 436 895 472; x_wconf 73' lang='grc' dir='ltr'>ἀρρωστίᾳ</span> <span class='ocrx_word' id='word_1_74' title='bbox 916 438 961 463; x_wconf 77' lang='grc' dir='ltr'><strong>τοῦ</strong></span> 
     </span>
    </p>
   </div>
   <div class='ocr_carea' id='block_1_12' title="bbox 150 475 962 513">
    <p class='ocr_par' dir='ltr' id='par_1_12' title="bbox 150 475 962 513">
     <span class='ocr_line' id='line_1_12' title="bbox 150 475 962 513; baseline 0.009 -12"><span class='ocrx_word' id='word_1_75' title='bbox 150 492 154 496; x_wconf 68' lang='lat'><strong><em>~</em></strong></span> <span class='ocrx_word' id='word_1_76' title='bbox 178 476 260 510; x_wconf 63' lang='grc' dir='ltr'>ἤθους</span> <span class='ocrx_word' id='word_1_77' title='bbox 274 476 400 511; x_wconf 83' lang='grc' dir='ltr'>φρόνημα</span> <span class='ocrx_word' id='word_1_78' title='bbox 417 475 534 503; x_wconf 73' lang='grc' dir='ltr'><strong>τίθενται</strong></span> <span class='ocrx_word' id='word_1_79' title='bbox 549 487 555 492; x_wconf 91' lang='grc'><strong>·</strong></span> <span class='ocrx_word' id='word_1_80' title='bbox 581 478 651 513; x_wconf 84' lang='grc' dir='ltr'>ἀρχὴ</span> <span class='ocrx_word' id='word_1_81' title='bbox 666 478 694 505; x_wconf 80' lang='grc' dir='ltr'><strong>δὲ</strong></span> <span class='ocrx_word' id='word_1_82' title='bbox 705 478 742 510; x_wconf 81' lang='grc' dir='ltr'>ὡς</span> <span class='ocrx_word' id='word_1_83' title='bbox 759 479 901 507; x_wconf 81' lang='grc' dir='ltr'>ἐπιτοπολὺ</span> <span class='ocrx_word' id='word_1_84' title='bbox 917 483 962 508; x_wconf 78' lang='grc' dir='ltr'><strong>καὶ</strong></span> 
     </span>
    </p>
   </div>
   <div class='ocr_carea' id='block_1_13' title="bbox 178 521 962 560">
    <p class='ocr_par' dir='ltr' id='par_1_13' title="bbox 178 521 962 560">
     <span class='ocr_line' id='line_1_13' title="bbox 178 521 962 560; baseline 0.009 -13"><span class='ocrx_word' id='word_1_85' title='bbox 178 523 195 554; x_wconf 80' lang='grc' dir='ltr'>ἡ</span> <span class='ocrx_word' id='word_1_86' title='bbox 207 521 265 547; x_wconf 77' lang='grc' dir='ltr'>κατ’</span> <span class='ocrx_word' id='word_1_87' title='bbox 278 521 360 557; x_wconf 73' lang='grc' dir='ltr'>αὐτὴν</span> <span class='ocrx_word' id='word_1_88' title='bbox 374 521 524 553; x_wconf 80' lang='grc' dir='ltr'>δυναστεία,</span> <span class='ocrx_word' id='word_1_89' title='bbox 540 524 555 558; x_wconf 78' lang='grc' dir='ltr'>ἡ</span> <span class='ocrx_word' id='word_1_90' title='bbox 570 523 618 558; x_wconf 77' lang='grc' dir='ltr'><strong>τῆς</strong></span> <span class='ocrx_word' id='word_1_91' title='bbox 633 524 819 560; x_wconf 76' lang='grc' dir='ltr'><strong>ὑπερηφανίας</strong></span> <span class='ocrx_word' id='word_1_92' title='bbox 835 527 962 558; x_wconf 79' lang='grc' dir='ltr'>ὑπόθεσις</span> 
     </span>
    </p>
   </div>
   <div class='ocr_carea' id='block_1_14' title="bbox 178 567 962 608">
    <p class='ocr_par' dir='ltr' id='par_1_14' title="bbox 178 567 962 608">
     <span class='ocr_line' id='line_1_14' title="bbox 178 567 962 608; baseline 0.009 -15"><span class='ocrx_word' id='word_1_93' title='bbox 178 569 291 602; x_wconf 78' lang='grc' dir='ltr'>γίνεται.</span> <span class='ocrx_word' id='word_1_94' title='bbox 318 567 351 594; x_wconf 90' lang='grc' dir='ltr'><strong>Ἣ</strong></span> <span class='ocrx_word' id='word_1_95' title='bbox 375 568 429 604; x_wconf 82' lang='grc' dir='ltr'>γὰρ</span> <span class='ocrx_word' id='word_1_96' title='bbox 445 569 475 594; x_wconf 89' lang='grc' dir='ltr'>ὲν</span> <span class='ocrx_word' id='word_1_97' title='bbox 491 569 558 603; x_wconf 83' lang='grc' dir='ltr'>αὐτῇ</span> <span class='ocrx_word' id='word_1_98' title='bbox 581 569 660 596; x_wconf 76' lang='grc' dir='ltr'>τοῦτο</span> <span class='ocrx_word' id='word_1_99' title='bbox 683 570 842 606; x_wconf 81' lang='grc' dir='ltr'>πάσχουσιν,</span> <span class='ocrx_word' id='word_1_100' title='bbox 862 572 878 607; x_wconf 82' lang='grc' dir='ltr'>ἦ</span> <span class='ocrx_word' id='word_1_101' title='bbox 895 573 962 608; x_wconf 79' lang='grc' dir='ltr'>πρὸς</span> 
     </span>
    </p>
   </div>
   <div class='ocr_carea' id='block_1_15' title="bbox 177 615 962 653">
    <p class='ocr_par' dir='ltr' id='par_1_15' title="bbox 177 615 962 653">
     <span class='ocr_line' id='line_1_15' title="bbox 177 615 962 653; baseline 0.008 -13"><span class='ocrx_word' id='word_1_102' title='bbox 177 615 262 649; x_wconf 78' lang='grc' dir='ltr'>αὐτὴν</span> <span class='ocrx_word' id='word_1_103' title='bbox 277 615 472 649; x_wconf 72' lang='grc' dir='ltr'>ἑτοιμάξονται.</span> <span class='ocrx_word' id='word_1_104' title='bbox 489 615 505 650; x_wconf 87' lang='grc' dir='ltr'>ἢ</span> <span class='ocrx_word' id='word_1_105' title='bbox 521 616 554 641; x_wconf 67' lang='grc' dir='ltr'>τὶ</span> <span class='ocrx_word' id='word_1_106' title='bbox 569 616 632 650; x_wconf 73' lang='grc' dir='ltr'>περὶ</span> <span class='ocrx_word' id='word_1_107' title='bbox 644 617 728 651; x_wconf 81' lang='grc' dir='ltr'>αὐτῆς</span> <span class='ocrx_word' id='word_1_108' title='bbox 740 617 893 653; x_wconf 80' lang='grc' dir='ltr'><strong>διηγήματα</strong></span> <span class='ocrx_word' id='word_1_109' title='bbox 916 621 962 647; x_wconf 77' lang='grc' dir='ltr'><strong>καὶ</strong></span> 
     </span>
    </p>
   </div>
   <div class='ocr_carea' id='block_1_16' title="bbox 178 659 959 699">
    <p class='ocr_par' dir='ltr' id='par_1_16' title="bbox 178 659 959 699">
     <span class='ocr_line' id='line_1_16' title="bbox 178 659 959 699; baseline 0.009 -14"><span class='ocrx_word' id='word_1_110' title='bbox 178 659 355 694; x_wconf 70' lang='grc' dir='ltr'>παυσαμένην</span> <span class='ocrx_word' id='word_1_111' title='bbox 382 660 431 695; x_wconf 70' lang='grc' dir='ltr'><strong>ἤδη</strong></span> <span class='ocrx_word' id='word_1_112' title='bbox 457 661 586 693; x_wconf 75' lang='grc' dir='ltr'><strong>πολλάκις</strong></span> <span class='ocrx_word' id='word_1_113' title='bbox 608 663 780 697; x_wconf 70' lang='grc' dir='ltr'>ἀναῤῥιπίζει</span> <span class='ocrx_word' id='word_1_114' title='bbox 804 663 852 699; x_wconf 80' lang='grc' dir='ltr'><strong>τὴν</strong></span> <span class='ocrx_word' id='word_1_115' title='bbox 874 665 959 692; x_wconf 80' lang='grc' dir='ltr'><strong>νόσον.</strong></span> 
     </span>
    </p>
   </div>
   <div class='ocr_carea' id='block_1_17' title="bbox 177 705 962 746">
    <p class='ocr_par' dir='ltr' id='par_1_17' title="bbox 177 705 962 746">
     <span class='ocr_line' id='line_1_17' title="bbox 177 705 962 746; baseline 0.01 -16"><span class='ocrx_word' id='word_1_116' title='bbox 177 705 233 731; x_wconf 74' lang='grc' dir='ltr'><strong>Καὶ</strong></span> <span class='ocrx_word' id='word_1_117' title='bbox 246 705 287 737; x_wconf 86' lang='grc' dir='ltr'><strong>τίς</strong></span> <span class='ocrx_word' id='word_1_118' title='bbox 301 705 379 738; x_wconf 82' lang='grc' dir='ltr'>λόγος</span> <span class='ocrx_word' id='word_1_119' title='bbox 395 705 524 738; x_wconf 82' lang='grc' dir='ltr'>τοιοῦτος,</span> <span class='ocrx_word' id='word_1_120' title='bbox 540 707 577 738; x_wconf 83' lang='grc' dir='ltr'>ὡς</span> <span class='ocrx_word' id='word_1_121' title='bbox 591 708 664 739; x_wconf 77' lang='grc' dir='ltr'>ἐντὸς</span> <span class='ocrx_word' id='word_1_122' title='bbox 678 709 801 742; x_wconf 83' lang='grc' dir='ltr'>γενέσθαι</span> <span class='ocrx_word' id='word_1_123' title='bbox 816 710 865 745; x_wconf 87' lang='grc' dir='ltr'>τῆς</span> <span class='ocrx_word' id='word_1_124' title='bbox 877 711 962 746; x_wconf 78' lang='grc' dir='ltr'>ἀκοῆς</span> 
     </span>
    </p>
   </div>
   <div class='ocr_carea' id='block_1_18' title="bbox 177 750 962 790">
    <p class='ocr_par' dir='ltr' id='par_1_18' title="bbox 177 750 962 790">
     <span class='ocr_line' id='line_1_18' title="bbox 177 750 962 790; baseline 0.009 -14"><span class='ocrx_word' id='word_1_125' title='bbox 177 750 276 782; x_wconf 83' lang='grc' dir='ltr'>αὐτῶν,</span> <span class='ocrx_word' id='word_1_126' title='bbox 292 751 341 786; x_wconf 81' lang='grc' dir='ltr'>τῆς</span> <span class='ocrx_word' id='word_1_127' title='bbox 365 751 416 777; x_wconf 87' lang='grc' dir='ltr'>ὑπὸ</span> <span class='ocrx_word' id='word_1_128' title='bbox 431 751 480 786; x_wconf 82' lang='grc' dir='ltr'><strong>τῆς</strong></span> <span class='ocrx_word' id='word_1_129' title='bbox 499 753 589 787; x_wconf 79' lang='grc' dir='ltr'>φωνῆς</span> <span class='ocrx_word' id='word_1_130' title='bbox 607 753 660 779; x_wconf 85' lang='grc' dir='ltr'><strong>τῶν</strong></span> <span class='ocrx_word' id='word_1_131' title='bbox 680 754 807 789; x_wconf 79' lang='grc' dir='ltr'><strong>κηρύκιον</strong></span> <span class='ocrx_word' id='word_1_132' title='bbox 831 757 962 790; x_wconf 61' lang='grc' dir='ltr'>πρᾱὸεευη</span> 
     </span>
    </p>
   </div>
   <div class='ocr_carea' id='block_1_19' title="bbox 179 795 961 833">
    <p class='ocr_par' dir='ltr' id='par_1_19' title="bbox 179 795 961 833">
     <span class='ocr_line' id='line_1_19' title="bbox 179 795 961 833; baseline 0.009 -13"><span class='ocrx_word' id='word_1_133' title='bbox 179 795 297 830; x_wconf 82' lang='grc' dir='ltr'>σμένης;</span> <span class='ocrx_word' id='word_1_134' title='bbox 313 796 362 827; x_wconf 87' lang='grc' dir='ltr'><strong>Τίς</strong></span> <span class='ocrx_word' id='word_1_135' title='bbox 376 797 464 822; x_wconf 79' lang='grc' dir='ltr'>πείσει</span> <span class='ocrx_word' id='word_1_136' title='bbox 479 798 540 828; x_wconf 61' lang='grc' dir='ltr'>τοὺς</span> <span class='ocrx_word' id='word_1_137' title='bbox 554 797 639 830; x_wconf 78' lang='grc' dir='ltr'>οὕτως</span> <span class='ocrx_word' id='word_1_138' title='bbox 659 798 779 833; x_wconf 75' lang='grc' dir='ltr'>ἔχοντας,</span> <span class='ocrx_word' id='word_1_139' title='bbox 794 801 900 827; x_wconf 84' lang='grc' dir='ltr'>ὃτι-τῶν</span> <span class='ocrx_word' id='word_1_140' title='bbox 915 802 961 829; x_wconf 79' lang='grc' dir='ltr'>ἐπὶ</span> 
     </span>
    </p>
   </div>
   <div class='ocr_carea' id='block_1_20' title="bbox 179 841 962 882">
    <p class='ocr_par' dir='ltr' id='par_1_20' title="bbox 179 841 962 882">
     <span class='ocr_line' id='line_1_20' title="bbox 179 841 962 882; baseline 0.013 -16"><span class='ocrx_word' id='word_1_141' title='bbox 179 841 281 876; x_wconf 77' lang='grc' dir='ltr'>σκηνῆς</span> <span class='ocrx_word' id='word_1_142' title='bbox 301 842 495 876; x_wconf 75' lang='grc' dir='ltr'>πομπευόντων</span> <span class='ocrx_word' id='word_1_143' title='bbox 517 843 570 869; x_wconf 73' lang='grc' dir='ltr'><strong>οὐδ’</strong></span> <span class='ocrx_word' id='word_1_144' title='bbox 591 843 681 871; x_wconf 77' lang='grc' dir='ltr'><strong>ὁτιοῦν</strong></span> <span class='ocrx_word' id='word_1_145' title='bbox 704 845 860 882; x_wconf 49' lang='grc' dir='ltr'>διαφέρουσι</span> <span class='ocrx_word' id='word_1_146' title='bbox 877 856 884 880; x_wconf 85' lang='grc'>;</span> <span class='ocrx_word' id='word_1_147' title='bbox 908 849 962 876; x_wconf 75' lang='grc' dir='ltr'><strong>Καὶ</strong></span> 
     </span>
    </p>
   </div>
   <div class='ocr_carea' id='block_1_21' title="bbox 178 880 964 929">
    <p class='ocr_par' dir='ltr' id='par_1_21' title="bbox 178 880 964 929">
     <span class='ocr_line' id='line_1_21' title="bbox 178 880 964 929; baseline 0.011 -17"><span class='ocrx_word' id='word_1_148' title='bbox 178 886 232 921; x_wconf 73' lang='grc' dir='ltr'>γὰρ</span> <span class='ocrx_word' id='word_1_149' title='bbox 253 887 366 918; x_wconf 72' lang='grc' dir='ltr'>ἐκείνοις</span> <span class='ocrx_word' id='word_1_150' title='bbox 388 888 434 914; x_wconf 77' lang='grc' dir='ltr'><strong>καὶ</strong></span> <span class='ocrx_word' id='word_1_151' title='bbox 451 888 594 923; x_wconf 70' lang='grc' dir='ltr'>πρόσωπόν</span> <span class='ocrx_word' id='word_1_152' title='bbox 610 898 636 915; x_wconf 90' lang='grc' dir='ltr'><strong>τι</strong></span> <span class='ocrx_word' id='word_1_153' title='bbox 658 891 690 916; x_wconf 84' lang='grc' dir='ltr'><strong>ἐκ</strong></span> <span class='ocrx_word' id='word_1_154' title='bbox 713 880 810 927; x_wconf 72' lang='grc' dir='ltr'>τέχνης</span> <span class='ocrx_word' id='word_1_155' title='bbox 826 893 879 920; x_wconf 85' lang='grc' dir='ltr'>τῶν</span> <span class='ocrx_word' id='word_1_156' title='bbox 899 895 964 929; x_wconf 85' lang='grc' dir='ltr'>γλα-</span> 
     </span>
    </p>
   </div>
   <div class='ocr_carea' id='block_1_22' title="bbox 179 931 962 972">
    <p class='ocr_par' dir='ltr' id='par_1_22' title="bbox 179 931 962 972">
     <span class='ocr_line' id='line_1_22' title="bbox 179 931 962 972; baseline 0.013 -15"><span class='ocrx_word' id='word_1_157' title='bbox 179 931 272 966; x_wconf 71' lang='grc' dir='ltr'>φυρῶν</span> <span class='ocrx_word' id='word_1_158' title='bbox 286 932 462 967; x_wconf 75' lang='grc' dir='ltr'>ἐπιϐέϐληται</span> <span class='ocrx_word' id='word_1_159' title='bbox 473 953 480 964; x_wconf 89' lang='grc'><strong>,</strong></span> <span class='ocrx_word' id='word_1_160' title='bbox 496 934 543 960; x_wconf 70' lang='grc' dir='ltr'><strong>καὶ</strong></span> <span class='ocrx_word' id='word_1_161' title='bbox 559 934 685 970; x_wconf 76' lang='grc' dir='ltr'><strong>ἁλουργὶς</strong></span> <span class='ocrx_word' id='word_1_162' title='bbox 699 938 894 972; x_wconf 74' lang='grc' dir='ltr'><strong>χρυσόπαστος,</strong></span> <span class='ocrx_word' id='word_1_163' title='bbox 916 942 962 967; x_wconf 77' lang='grc' dir='ltr'><strong>καὶ</strong></span> 
     </span>
    </p>
   </div>
   <div class='ocr_carea' id='block_1_23' title="bbox 177 977 963 1018">
    <p class='ocr_par' dir='ltr' id='par_1_23' title="bbox 177 977 963 1018">
     <span class='ocr_line' id='line_1_23' title="bbox 177 977 963 1018; baseline 0.014 -16"><span class='ocrx_word' id='word_1_164' title='bbox 177 977 224 1003; x_wconf 72' lang='grc' dir='ltr'><strong>ἐπὶ</strong></span> <span class='ocrx_word' id='word_1_165' title='bbox 235 978 356 1012; x_wconf 75' lang='grc' dir='ltr'>ἅρματος</span> <span class='ocrx_word' id='word_1_166' title='bbox 367 979 383 1012; x_wconf 81' lang='grc' dir='ltr'>ἡ</span> <span class='ocrx_word' id='word_1_167' title='bbox 398 979 502 1014; x_wconf 80' lang='grc' dir='ltr'>πομπὴ,</span> <span class='ocrx_word' id='word_1_168' title='bbox 518 979 564 1006; x_wconf 76' lang='grc' dir='ltr'><strong>καὶ</strong></span> <span class='ocrx_word' id='word_1_169' title='bbox 577 980 651 1015; x_wconf 86' lang='grc' dir='ltr'>ὅμως</span> <span class='ocrx_word' id='word_1_170' title='bbox 662 982 772 1018; x_wconf 78' lang='grc' dir='ltr'>οὐδεμία</span> <span class='ocrx_word' id='word_1_171' title='bbox 784 985 860 1016; x_wconf 81' lang='grc' dir='ltr'>νόσος</span> <span class='ocrx_word' id='word_1_172' title='bbox 872 987 963 1018; x_wconf 86' lang='grc' dir='ltr'>αὐτοῖς</span> 
     </span>
    </p>
   </div>
   <div class='ocr_carea' id='block_1_24' title="bbox 180 1022 963 1062">
    <p class='ocr_par' dir='ltr' id='par_1_24' title="bbox 180 1022 963 1062">
     <span class='ocr_line' id='line_1_24' title="bbox 180 1022 963 1062; baseline 0.015 -16"><span class='ocrx_word' id='word_1_173' title='bbox 180 1022 365 1056; x_wconf 75' lang='grc' dir='ltr'>ὑπερηφανίας</span> <span class='ocrx_word' id='word_1_174' title='bbox 381 1024 412 1048; x_wconf 80' lang='grc' dir='ltr'><strong>ὲκ</strong></span> <span class='ocrx_word' id='word_1_175' title='bbox 428 1023 481 1049; x_wconf 81' lang='grc' dir='ltr'><strong>τῶν</strong></span> <span class='ocrx_word' id='word_1_176' title='bbox 496 1024 624 1051; x_wconf 85' lang='grc' dir='ltr'>τοιούτων</span> <span class='ocrx_word' id='word_1_177' title='bbox 638 1027 790 1062; x_wconf 75' lang='grc' dir='ltr'>εἰσέρχεται</span> <span class='ocrx_word' id='word_1_178' title='bbox 805 1038 812 1044; x_wconf 89' lang='grc'>·</span> <span class='ocrx_word' id='word_1_179' title='bbox 837 1030 894 1056; x_wconf 81' lang='grc' dir='ltr'><strong>ἀλλ’</strong></span> <span class='ocrx_word' id='word_1_180' title='bbox 913 1029 963 1058; x_wconf 72' lang='grc' dir='ltr'>οἷοι</span> 
     </span>
    </p>
   </div>
   <div class='ocr_carea' id='block_1_25' title="bbox 179 1067 962 1114">
    <p class='ocr_par' dir='ltr' id='par_1_25' title="bbox 179 1067 962 1114">
     <span class='ocr_line' id='line_1_25' title="bbox 179 1067 962 1114; baseline 0.014 -22"><span class='ocrx_word' id='word_1_181' title='bbox 179 1067 231 1103; x_wconf 59' lang='grc' dir='ltr'><strong>προ</strong></span> <span class='ocrx_word' id='word_1_182' title='bbox 245 1068 294 1114; x_wconf 57' lang='grc' dir='ltr'>τῆς</span> <span class='ocrx_word' id='word_1_183' title='bbox 308 1069 409 1103; x_wconf 75' lang='grc' dir='ltr'>σκηνῆς</span> <span class='ocrx_word' id='word_1_184' title='bbox 425 1067 494 1104; x_wconf 83' lang='grc' dir='ltr'>ἦσαν</span> <span class='ocrx_word' id='word_1_185' title='bbox 512 1071 548 1104; x_wconf 62' lang='grc' dir='ltr'>τὸ,</span> <span class='ocrx_word' id='word_1_186' title='bbox 557 1071 697 1107; x_wconf 77' lang='grc' dir='ltr'>φρόνημα,</span> <span class='ocrx_word' id='word_1_187' title='bbox 718 1073 778 1108; x_wconf 79' lang='grc' dir='ltr'>ἴσην</span> <span class='ocrx_word' id='word_1_188' title='bbox 791 1075 836 1101; x_wconf 72' lang='grc' dir='ltr'>ἐπὶ</span> <span class='ocrx_word' id='word_1_189' title='bbox 848 1077 879 1111; x_wconf 86' lang='grc' dir='ltr'>τῇ</span> <span class='ocrx_word' id='word_1_190' title='bbox 891 1077 962 1114; x_wconf 72' lang='grc' dir='ltr'>ψυχῇ</span> 
     </span>
    </p>
   </div>
   <div class='ocr_carea' id='block_1_26' title="bbox 178 1111 964 1158">
    <p class='ocr_par' dir='ltr' id='par_1_26' title="bbox 178 1111 964 1158">
     <span class='ocr_line' id='line_1_26' title="bbox 178 1111 964 1158; baseline 0.015 -20"><span class='ocrx_word' id='word_1_191' title='bbox 178 1113 227 1146; x_wconf 77' lang='grc' dir='ltr'>τὴν</span> <span class='ocrx_word' id='word_1_192' title='bbox 247 1111 303 1145; x_wconf 76' lang='grc' dir='ltr'>’ἐξιν</span> <span class='ocrx_word' id='word_1_193' title='bbox 319 1114 366 1140; x_wconf 67' lang='grc' dir='ltr'><strong>καὶ</strong></span> <span class='ocrx_word' id='word_1_194' title='bbox 386 1115 431 1140; x_wconf 71' lang='grc' dir='ltr'>ἐπὶ</span> <span class='ocrx_word' id='word_1_195' title='bbox 448 1116 496 1150; x_wconf 82' lang='grc' dir='ltr'>τῆς</span> <span class='ocrx_word' id='word_1_196' title='bbox 513 1117 624 1152; x_wconf 81' lang='grc' dir='ltr'>πομπῆς</span> <span class='ocrx_word' id='word_1_197' title='bbox 639 1117 811 1151; x_wconf 77' lang='grc' dir='ltr'>διεσώσαντο,</span> <span class='ocrx_word' id='word_1_198' title='bbox 830 1122 877 1149; x_wconf 80' lang='grc' dir='ltr'>καὶ</span> <span class='ocrx_word' id='word_1_199' title='bbox 895 1111 964 1158; x_wconf 67' lang='grc' dir='ltr'>μετα</span> 
     </span>
    </p>
   </div>
   <div class='ocr_carea' id='block_1_27' title="bbox 178 1159 963 1202">
    <p class='ocr_par' dir='ltr' id='par_1_27' title="bbox 178 1159 963 1202">
     <span class='ocr_line' id='line_1_27' title="bbox 178 1159 963 1202; baseline 0.017 -18"><span class='ocrx_word' id='word_1_200' title='bbox 178 1159 256 1185; x_wconf 71' lang='grc' dir='ltr'>τοῦτο</span> <span class='ocrx_word' id='word_1_201' title='bbox 269 1160 319 1186; x_wconf 86' lang='grc' dir='ltr'>οὐκ</span> <span class='ocrx_word' id='word_1_202' title='bbox 332 1161 470 1202; x_wconf 78' lang='grc' dir='ltr'>ἀινιῶνται.</span> <span class='ocrx_word' id='word_1_203' title='bbox 487 1162 534 1189; x_wconf 81' lang='grc' dir='ltr'>τοῦ</span> <span class='ocrx_word' id='word_1_204' title='bbox 551 1172 579 1190; x_wconf 81' lang='grc' dir='ltr'><strong>τε</strong></span> <span class='ocrx_word' id='word_1_205' title='bbox 601 1164 722 1200; x_wconf 76' lang='grc' dir='ltr'>ἅρματος</span> <span class='ocrx_word' id='word_1_206' title='bbox 738 1167 898 1202; x_wconf 76' lang='grc' dir='ltr'>ἀποϐάντες,</span> <span class='ocrx_word' id='word_1_207' title='bbox 916 1171 963 1197; x_wconf 76' lang='grc' dir='ltr'>καὶ</span> 
     </span>
    </p>
   </div>
   <div class='ocr_carea' id='block_1_28' title="bbox 178 1198 962 1250">
    <p class='ocr_par' dir='ltr' id='par_1_28' title="bbox 178 1198 962 1250">
     <span class='ocr_line' id='line_1_28' title="bbox 178 1198 962 1250; baseline 0.017 -21"><span class='ocrx_word' id='word_1_208' title='bbox 178 1203 209 1230; x_wconf 80' lang='grc' dir='ltr'>τὸ</span> <span class='ocrx_word' id='word_1_209' title='bbox 223 1205 314 1250; x_wconf 79' lang='grc' dir='ltr'>σχῆμα</span> <span class='ocrx_word' id='word_1_210' title='bbox 328 1198 556 1242; x_wconf 73' lang='grc' dir='ltr'>περιαιρούμενοι.</span> <span class='ocrx_word' id='word_1_211' title='bbox 581 1198 655 1236; x_wconf 59' lang='lat' dir='ltr'><strong>otios</strong></span> <span class='ocrx_word' id='word_1_212' title='bbox 670 1211 712 1239; x_wconf 77' lang='grc' dir='ltr'><strong>διὰ</strong></span> <span class='ocrx_word' id='word_1_213' title='bbox 726 1212 775 1247; x_wconf 80' lang='grc' dir='ltr'>τῆς</span> <span class='ocrx_word' id='word_1_214' title='bbox 790 1198 962 1250; x_wconf 37' lang='grc' dir='ltr'>ἀρχῆς-ἱκομ-</span> 
     </span>
    </p>
   </div>
   <div class='ocr_carea' id='block_1_29' title="bbox 179 1249 962 1296">
    <p class='ocr_par' dir='ltr' id='par_1_29' title="bbox 179 1249 962 1296">
     <span class='ocr_line' id='line_1_29' title="bbox 179 1249 962 1296; baseline 0.018 -22"><span class='ocrx_word' id='word_1_215' title='bbox 179 1249 305 1282; x_wconf 82' lang='grc' dir='ltr'>πεύοντες</span> <span class='ocrx_word' id='word_1_216' title='bbox 326 1252 354 1278; x_wconf 80' lang='grc' dir='ltr'><strong>ἑν</strong></span> <span class='ocrx_word' id='word_1_217' title='bbox 379 1254 411 1287; x_wconf 81' lang='grc' dir='ltr'>τῇ</span> <span class='ocrx_word' id='word_1_218' title='bbox 429 1253 474 1279; x_wconf 76' lang='grc' dir='ltr'>τοῦ</span> <span class='ocrx_word' id='word_1_219' title='bbox 490 1253 547 1288; x_wconf 81' lang='grc' dir='ltr'>βίου</span> <span class='ocrx_word' id='word_1_220' title='bbox 563 1257 667 1291; x_wconf 79' lang='grc' dir='ltr'>σκηνῇ,</span> <span class='ocrx_word' id='word_1_221' title='bbox 693 1257 752 1283; x_wconf 69' lang='grc' dir='ltr'>οὔτε</span> <span class='ocrx_word' id='word_1_222' title='bbox 770 1259 799 1285; x_wconf 80' lang='grc' dir='ltr'>τὸ</span> <span class='ocrx_word' id='word_1_223' title='bbox 821 1260 873 1295; x_wconf 84' lang='grc' dir='ltr'><strong>πρὸ</strong></span> <span class='ocrx_word' id='word_1_224' title='bbox 896 1249 962 1296; x_wconf 75' lang='grc' dir='ltr'>βρα-</span> 
     </span>
    </p>
   </div>
   <div class='ocr_carea' id='block_1_30' title="bbox 177 1295 963 1343">
    <p class='ocr_par' dir='ltr' id='par_1_30' title="bbox 177 1295 963 1343">
     <span class='ocr_line' id='line_1_30' title="bbox 177 1295 963 1343; baseline 0.014 -22"><span class='ocrx_word' id='word_1_225' title='bbox 177 1295 328 1329; x_wconf 77' lang='grc' dir='ltr'>χέος,-οῠτε</span> <span class='ocrx_word' id='word_1_226' title='bbox 348 1298 378 1324; x_wconf 80' lang='grc' dir='ltr'><strong>τὸ</strong></span> <span class='ocrx_word' id='word_1_227' title='bbox 404 1300 471 1333; x_wconf 70' lang='grc' dir='ltr'>μετὰ</span> <span class='ocrx_word' id='word_1_228' title='bbox 487 1299 572 1335; x_wconf 74' lang='grc' dir='ltr'>βραχὺ</span> <span class='ocrx_word' id='word_1_229' title='bbox 593 1301 769 1338; x_wconf 78' lang='grc' dir='ltr'>λογιζόμενοι,</span> <span class='ocrx_word' id='word_1_230' title='bbox 786 1295 963 1343; x_wconf 16' lang='grc' dir='ltr'>καθάπεργτῷ</span> 
     </span>
    </p>
   </div>
   <div class='ocr_carea' id='block_1_31' title="bbox 180 1343 963 1382">
    <p class='ocr_par' dir='ltr' id='par_1_31' title="bbox 180 1343 963 1382">
     <span class='ocr_line' id='line_1_31' title="bbox 180 1343 963 1382; baseline 0.018 -15"><span class='ocrx_word' id='word_1_231' title='bbox 180 1343 318 1376; x_wconf 77' lang='grc' dir='ltr'>φυσήματι</span> <span class='ocrx_word' id='word_1_232' title='bbox 339 1344 367 1369; x_wconf 83' lang='grc' dir='ltr'>αἱ</span> <span class='ocrx_word' id='word_1_233' title='bbox 390 1345 561 1379; x_wconf 64' lang='grc' dir='ltr'>πομφόλυγες</span> <span class='ocrx_word' id='word_1_234' title='bbox 584 1349 778 1382; x_wconf 78' lang='grc' dir='ltr'>περιτείνονται</span> <span class='ocrx_word' id='word_1_235' title='bbox 792 1359 798 1365; x_wconf 67' lang='grc'>⁸</span> <span class='ocrx_word' id='word_1_236' title='bbox 824 1352 869 1378; x_wconf 81' lang='grc' dir='ltr'><strong>τὸν</strong></span> <span class='ocrx_word' id='word_1_237' title='bbox 884 1354 963 1380; x_wconf 69' lang='grc' dir='ltr'>αὐτὸν</span> 
     </span>
    </p>
   </div>
   <div class='ocr_carea' id='block_1_32' title="bbox 179 1385 962 1433">
    <p class='ocr_par' dir='ltr' id='par_1_32' title="bbox 179 1385 962 1433">
     <span class='ocr_line' id='line_1_32' title="bbox 179 1385 962 1433; baseline 0.017 -21"><span class='ocrx_word' id='word_1_238' title='bbox 179 1387 277 1420; x_wconf 68' lang='grc' dir='ltr'>τρόπον</span> <span class='ocrx_word' id='word_1_239' title='bbox 291 1388 337 1414; x_wconf 78' lang='grc' dir='ltr'><strong>καὶ</strong></span> <span class='ocrx_word' id='word_1_240' title='bbox 350 1385 422 1416; x_wconf 75' lang='grc' dir='ltr'>οὗτοι</span> <span class='ocrx_word' id='word_1_241' title='bbox 440 1391 645 1426; x_wconf 81' lang='grc' dir='ltr'>περιογκοῦνται</span> <span class='ocrx_word' id='word_1_242' title='bbox 660 1395 692 1429; x_wconf 80' lang='grc' dir='ltr'>τῇ</span> <span class='ocrx_word' id='word_1_243' title='bbox 709 1395 898 1433; x_wconf 59' lang='grc' dir='ltr'>μεγαλοφωνίᾳ</span> <span class='ocrx_word' id='word_1_244' title='bbox 917 1399 962 1425; x_wconf 74' lang='grc' dir='ltr'>τοῦ</span> 
     </span>
    </p>
   </div>
   <div class='ocr_carea' id='block_1_33' title="bbox 179 1433 963 1480">
    <p class='ocr_par' dir='ltr' id='par_1_33' title="bbox 179 1433 963 1480">
     <span class='ocr_line' id='line_1_33' title="bbox 179 1433 963 1480; baseline 0.015 -22"><span class='ocrx_word' id='word_1_245' title='bbox 179 1433 308 1467; x_wconf 79' lang='grc' dir='ltr'>κήρυκος,</span> <span class='ocrx_word' id='word_1_246' title='bbox 333 1435 379 1460; x_wconf 72' lang='grc' dir='ltr'><strong>καὶ</strong></span> <span class='ocrx_word' id='word_1_247' title='bbox 405 1436 545 1472; x_wconf 81' lang='grc' dir='ltr'>ἀλλοτρίου</span> <span class='ocrx_word' id='word_1_248' title='bbox 567 1440 639 1470; x_wconf 80' lang='grc' dir='ltr'>τινὸς</span> <span class='ocrx_word' id='word_1_249' title='bbox 662 1443 832 1476; x_wconf 79' lang='grc' dir='ltr'>προσωπείου</span> <span class='ocrx_word' id='word_1_250' title='bbox 857 1446 963 1480; x_wconf 53' lang='grc' dir='ltr'>μορθὴν</span> 
     </span>
    </p>
   </div>
   <div class='ocr_carea' id='block_1_34' title="bbox 179 1478 789 1518">
    <p class='ocr_par' dir='ltr' id='par_1_34' title="bbox 179 1478 789 1518">
     <span class='ocr_line' id='line_1_34' title="bbox 179 1478 789 1518; baseline 0.018 -16"><span class='ocrx_word' id='word_1_251' title='bbox 179 1478 284 1510; x_wconf 76' lang='grc' dir='ltr'>ἑαυτοῖς</span> <span class='ocrx_word' id='word_1_252' title='bbox 311 1481 557 1515; x_wconf 74' lang='grc' dir='ltr'>περιπλάσσουσιν,</span> <span class='ocrx_word' id='word_1_253' title='bbox 581 1483 789 1518; x_wconf 77' lang='grc' dir='ltr'>ἐξαλλάσσοντες</span> 
     </span>
    </p>
   </div>
   <div class='ocr_carea' id='block_1_35' title="bbox 179 1524 964 1568">
    <p class='ocr_par' dir='ltr' id='par_1_35' title="bbox 179 1524 964 1568">
     <span class='ocr_line' id='line_1_35' title="bbox 179 1524 964 1568; baseline 0.019 -19"><span class='ocrx_word' id='word_1_254' title='bbox 179 1524 259 1557; x_wconf 68' lang='grc' dir='ltr'>φύσιν</span> <span class='ocrx_word' id='word_1_255' title='bbox 281 1525 326 1552; x_wconf 83' lang='grc' dir='ltr'>τοῦ</span> <span class='ocrx_word' id='word_1_256' title='bbox 342 1528 486 1562; x_wconf 65' lang='grc' dir='ltr'>προσώπου</span> <span class='ocrx_word' id='word_1_257' title='bbox 503 1529 576 1556; x_wconf 78' lang='grc' dir='ltr'>θέσιν</span> <span class='ocrx_word' id='word_1_258' title='bbox 593 1532 631 1562; x_wconf 79' lang='grc' dir='ltr'>εἰς</span> <span class='ocrx_word' id='word_1_259' title='bbox 652 1532 682 1558; x_wconf 81' lang='grc' dir='ltr'>τὸ</span> <span class='ocrx_word' id='word_1_260' title='bbox 701 1533 812 1568; x_wconf 82' lang='grc' dir='ltr'>ἀμειδὲς</span> <span class='ocrx_word' id='word_1_261' title='bbox 835 1536 881 1562; x_wconf 78' lang='grc' dir='ltr'><strong>καὶ</strong></span> <span class='ocrx_word' id='word_1_262' title='bbox 904 1538 964 1563; x_wconf 74' lang='grc' dir='ltr'>ἐπί-</span> 
     </span>
    </p>
   </div>
   <div class='ocr_carea' id='block_1_36' title="bbox 180 1570 964 1618">
    <p class='ocr_par' dir='ltr' id='par_1_36' title="bbox 180 1570 964 1618">
     <span class='ocr_line' id='line_1_36' title="bbox 180 1570 964 1618; baseline 0.019 -23"><span class='ocrx_word' id='word_1_263' title='bbox 180 1570 276 1618; x_wconf 56' lang='grc' dir='ltr'>φοϐον,</span> <span class='ocrx_word' id='word_1_264' title='bbox 283 1571 398 1607; x_wconf 79' lang='grc' dir='ltr'>φθόγγος</span> <span class='ocrx_word' id='word_1_265' title='bbox 411 1582 440 1600; x_wconf 84' lang='grc' dir='ltr'><strong>τε</strong></span> <span class='ocrx_word' id='word_1_266' title='bbox 450 1575 540 1607; x_wconf 75' lang='grc' dir='ltr'>αὐτοῖς</span> <span class='ocrx_word' id='word_1_267' title='bbox 553 1577 697 1605; x_wconf 78' lang='grc' dir='ltr'>ἐπινοεῖται</span> <span class='ocrx_word' id='word_1_268' title='bbox 711 1581 886 1616; x_wconf 80' lang='grc' dir='ltr'>τραχύτερος,</span> <span class='ocrx_word' id='word_1_269' title='bbox 898 1584 964 1618; x_wconf 84' lang='grc' dir='ltr'>πρὸς</span> 
     </span>
    </p>
   </div>
   <div class='ocr_carea' id='block_1_37' title="bbox 180 1615 964 1664">
    <p class='ocr_par' dir='ltr' id='par_1_37' title="bbox 180 1615 964 1664">
     <span class='ocr_line' id='line_1_37' title="bbox 180 1615 964 1664; baseline 0.018 -23"><span class='ocrx_word' id='word_1_270' title='bbox 180 1615 229 1650; x_wconf 75' lang='grc' dir='ltr'><strong>τὴν</strong></span> <span class='ocrx_word' id='word_1_271' title='bbox 243 1617 295 1642; x_wconf 85' lang='grc' dir='ltr'><strong>τῶν</strong></span> <span class='ocrx_word' id='word_1_272' title='bbox 309 1618 462 1646; x_wconf 80' lang='grc' dir='ltr'>ἀκουόντων</span> <span class='ocrx_word' id='word_1_273' title='bbox 475 1622 643 1658; x_wconf 78' lang='grc' dir='ltr'>κατάπληξιν</span> <span class='ocrx_word' id='word_1_274' title='bbox 663 1625 708 1651; x_wconf 78' lang='grc' dir='ltr'>ἐπὶ</span> <span class='ocrx_word' id='word_1_275' title='bbox 721 1625 750 1651; x_wconf 79' lang='grc' dir='ltr'>τὺ</span> <span class='ocrx_word' id='word_1_276' title='bbox 765 1615 897 1662; x_wconf 71' lang='grc' dir='ltr'>θηριῶδες</span> <span class='ocrx_word' id='word_1_277' title='bbox 915 1615 964 1664; x_wconf 79' lang='grc' dir='ltr'>με-</span> 
     </span>
    </p>
   </div>
   <div class='ocr_carea' id='block_1_38' title="bbox 179 1661 964 1708">
    <p class='ocr_par' dir='ltr' id='par_1_38' title="bbox 179 1661 964 1708">
     <span class='ocr_line' id='line_1_38' title="bbox 179 1661 964 1708; baseline 0.02 -23"><span class='ocrx_word' id='word_1_278' title='bbox 179 1661 380 1700; x_wconf 70' lang='grc' dir='ltr'>τατυπούμενος</span> <span class='ocrx_word' id='word_1_279' title='bbox 391 1672 397 1678; x_wconf 91' lang='grc'>·</span> <span class='ocrx_word' id='word_1_280' title='bbox 419 1666 508 1692; x_wconf 77' lang='grc' dir='ltr'>οὐκέτι</span> <span class='ocrx_word' id='word_1_281' title='bbox 529 1668 557 1693; x_wconf 85' lang='grc' dir='ltr'>ὲν</span> <span class='ocrx_word' id='word_1_282' title='bbox 575 1669 632 1699; x_wconf 87' lang='grc' dir='ltr'>τοῖς</span> <span class='ocrx_word' id='word_1_283' title='bbox 646 1670 825 1706; x_wconf 82' lang='grc' dir='ltr'>ἀνθρωπίνοις</span> <span class='ocrx_word' id='word_1_284' title='bbox 841 1661 964 1708; x_wconf 70' lang='grc' dir='ltr'>μένουσιν</span> 
     </span>
    </p>
   </div>
   <div class='ocr_carea' id='block_1_39' title="bbox 180 1706 965 1751">
    <p class='ocr_par' dir='ltr' id='par_1_39' title="bbox 180 1706 965 1751">
     <span class='ocr_line' id='line_1_39' title="bbox 180 1706 965 1751; baseline 0.019 -20"><span class='ocrx_word' id='word_1_285' title='bbox 180 1706 263 1741; x_wconf 81' lang='grc' dir='ltr'>ὅροις.</span> <span class='ocrx_word' id='word_1_286' title='bbox 287 1708 344 1734; x_wconf 86' lang='grc' dir='ltr'><strong>ἀλλ’</strong></span> <span class='ocrx_word' id='word_1_287' title='bbox 364 1711 403 1742; x_wconf 84' lang='grc' dir='ltr'><strong>εἰς</strong></span> <span class='ocrx_word' id='word_1_288' title='bbox 424 1711 473 1746; x_wconf 83' lang='grc' dir='ltr'>τὴν</span> <span class='ocrx_word' id='word_1_289' title='bbox 495 1711 570 1739; x_wconf 83' lang='grc' dir='ltr'>θείαν</span> <span class='ocrx_word' id='word_1_290' title='bbox 582 1714 694 1749; x_wconf 77' lang='grc' dir='ltr'>δύναμίν</span> <span class='ocrx_word' id='word_1_291' title='bbox 715 1724 744 1742; x_wconf 84' lang='grc' dir='ltr'><strong>τε</strong></span> <span class='ocrx_word' id='word_1_292' title='bbox 769 1718 816 1743; x_wconf 78' lang='grc' dir='ltr'>καὶ</span> <span class='ocrx_word' id='word_1_293' title='bbox 842 1706 965 1751; x_wconf 58' lang='grc' dir='ltr'>ἐξουσίαν</span> 
     </span>
    </p>
   </div>
   <div class='ocr_carea' id='block_1_40' title="bbox 181 1752 964 1801">
    <p class='ocr_par' dir='ltr' id='par_1_40' title="bbox 181 1752 964 1801">
     <span class='ocr_line' id='line_1_40' title="bbox 181 1752 964 1801; baseline 0.02 -24"><span class='ocrx_word' id='word_1_294' title='bbox 181 1752 292 1784; x_wconf 72' lang='grc' dir='ltr'>ἑαυτοὺς</span> <span class='ocrx_word' id='word_1_295' title='bbox 307 1755 478 1783; x_wconf 76' lang='grc' dir='ltr'>εἰσποιοῦσιν.</span> <span class='ocrx_word' id='word_1_296' title='bbox 512 1759 588 1793; x_wconf 83' lang='grc' dir='ltr'>Ζωῆς</span> <span class='ocrx_word' id='word_1_297' title='bbox 611 1760 664 1795; x_wconf 77' lang='grc' dir='ltr'>γὰρ</span> <span class='ocrx_word' id='word_1_298' title='bbox 689 1763 734 1789; x_wconf 77' lang='grc' dir='ltr'>καὶ</span> <span class='ocrx_word' id='word_1_299' title='bbox 748 1762 861 1790; x_wconf 84' lang='grc' dir='ltr'>θανάτου</span> <span class='ocrx_word' id='word_1_300' title='bbox 877 1765 964 1801; x_wconf 83' lang='grc' dir='ltr'>κύριοι</span> 
     </span>
    </p>
   </div>
   <div class='ocr_carea' id='block_1_41' title="bbox 181 1795 966 1846">
    <p class='ocr_par' dir='ltr' id='par_1_41' title="bbox 181 1795 966 1846">
     <span class='ocr_line' id='line_1_41' title="bbox 181 1795 966 1846; baseline 0.022 -24"><span class='ocrx_word' id='word_1_301' title='bbox 181 1795 250 1824; x_wconf 86' lang='grc' dir='ltr'>εἶναι</span> <span class='ocrx_word' id='word_1_302' title='bbox 267 1799 448 1834; x_wconf 81' lang='grc' dir='ltr'>πιστεύουσιν,</span> <span class='ocrx_word' id='word_1_303' title='bbox 467 1803 506 1829; x_wconf 81' lang='grc' dir='ltr'>ὅτι</span> <span class='ocrx_word' id='word_1_304' title='bbox 521 1804 574 1830; x_wconf 77' lang='grc' dir='ltr'><strong>τῶν</strong></span> <span class='ocrx_word' id='word_1_305' title='bbox 593 1806 621 1831; x_wconf 79' lang='grc' dir='ltr'>ἐν</span> <span class='ocrx_word' id='word_1_306' title='bbox 636 1807 726 1839; x_wconf 77' lang='grc' dir='ltr'>αὐτοῖς</span> <span class='ocrx_word' id='word_1_307' title='bbox 747 1795 918 1844; x_wconf 44' lang='grc' dir='ltr'>κρινομένων.</span> <span class='ocrx_word' id='word_1_308' title='bbox 927 1812 966 1846; x_wconf 87' lang='grc' dir='ltr'><strong>τῷ</strong></span> 
     </span>
    </p>
   </div>
   <div class='ocr_carea' id='block_1_42' title="bbox 185 1844 965 1893">
    <p class='ocr_par' dir='ltr' id='par_1_42' title="bbox 185 1844 965 1893">
     <span class='ocr_line' id='line_1_42' title="bbox 185 1844 965 1893; baseline 0.019 -24"><span class='ocrx_word' id='word_1_309' title='bbox 185 1844 234 1878; x_wconf 74' lang='grc' dir='ltr'>μὲν</span> <span class='ocrx_word' id='word_1_310' title='bbox 248 1845 297 1880; x_wconf 78' lang='grc' dir='ltr'>τὴν</span> <span class='ocrx_word' id='word_1_311' title='bbox 323 1845 461 1878; x_wconf 81' lang='grc' dir='ltr'>σώζουσαν</span> <span class='ocrx_word' id='word_1_312' title='bbox 481 1849 591 1883; x_wconf 83' lang='grc' dir='ltr'>νέμουσι</span> <span class='ocrx_word' id='word_1_313' title='bbox 616 1852 718 1887; x_wconf 58' lang='grc' dir='ltr'>ψῆφον,</span> <span class='ocrx_word' id='word_1_314' title='bbox 741 1855 786 1881; x_wconf 79' lang='grc' dir='ltr'>τὸν</span> <span class='ocrx_word' id='word_1_315' title='bbox 807 1855 834 1881; x_wconf 77' lang='grc' dir='ltr'><strong>δὲ</strong></span> <span class='ocrx_word' id='word_1_316' title='bbox 859 1856 965 1893; x_wconf 83' lang='grc' dir='ltr'>Θανάτῳ</span> 
     </span>
    </p>
   </div>
   <div class='ocr_carea' id='block_1_43' title="bbox 182 1889 966 1936">
    <p class='ocr_par' dir='ltr' id='par_1_43' title="bbox 182 1889 966 1936">
     <span class='ocr_line' id='line_1_43' title="bbox 182 1889 966 1936; baseline 0.018 -23"><span class='ocrx_word' id='word_1_317' title='bbox 182 1889 406 1921; x_wconf 80' lang='grc' dir='ltr'>καταδικάζουσι·</span> <span class='ocrx_word' id='word_1_318' title='bbox 423 1893 468 1918; x_wconf 72' lang='grc' dir='ltr'><strong>καὶ</strong></span> <span class='ocrx_word' id='word_1_319' title='bbox 481 1893 540 1919; x_wconf 77' lang='grc' dir='ltr'><strong>οὐδὲ</strong></span> <span class='ocrx_word' id='word_1_320' title='bbox 562 1895 639 1922; x_wconf 75' lang='grc' dir='ltr'>τοῦτο</span> <span class='ocrx_word' id='word_1_321' title='bbox 656 1896 792 1930; x_wconf 76' lang='grc' dir='ltr'>βλέπουσι.</span> <span class='ocrx_word' id='word_1_322' title='bbox 806 1899 846 1930; x_wconf 89' lang='grc' dir='ltr'><strong>τίς</strong></span> <span class='ocrx_word' id='word_1_323' title='bbox 860 1889 966 1936; x_wconf 74' lang='grc' dir='ltr'>ἀληθῶς</span> 
     </span>
    </p>
   </div>
   <div class='ocr_carea' id='block_1_44' title="bbox 182 1934 965 1980">
    <p class='ocr_par' dir='ltr' id='par_1_44' title="bbox 182 1934 965 1980">
     <span class='ocr_line' id='line_1_44' title="bbox 182 1934 965 1980; baseline 0.018 -21"><span class='ocrx_word' id='word_1_324' title='bbox 182 1934 231 1980; x_wconf 59' lang='grc' dir='ltr'>τῇς</span> <span class='ocrx_word' id='word_1_325' title='bbox 244 1934 415 1971; x_wconf 81' lang='grc' dir='ltr'>ἀνθρωπίνης</span> <span class='ocrx_word' id='word_1_326' title='bbox 431 1938 503 1973; x_wconf 76' lang='grc' dir='ltr'>ζωῆς</span> <span class='ocrx_word' id='word_1_327' title='bbox 527 1940 629 1975; x_wconf 82' lang='grc' dir='ltr'>κύριος,</span> <span class='ocrx_word' id='word_1_328' title='bbox 655 1943 669 1968; x_wconf 84' lang='grc' dir='ltr'>ὁ</span> <span class='ocrx_word' id='word_1_329' title='bbox 689 1943 735 1969; x_wconf 69' lang='grc' dir='ltr'>καὶ</span> <span class='ocrx_word' id='word_1_330' title='bbox 751 1943 798 1979; x_wconf 87' lang='grc' dir='ltr'><strong>τὴν</strong></span> <span class='ocrx_word' id='word_1_331' title='bbox 816 1934 909 1980; x_wconf 29' lang='grc' dir='ltr'>ἀρχὴν,</span> <span class='ocrx_word' id='word_1_332' title='bbox 919 1947 965 1973; x_wconf 85' lang='grc' dir='ltr'>τοῦ</span> 
     </span>
    </p>
   </div>
   <div class='ocr_carea' id='block_1_45' title="bbox 182 1977 966 2026">
    <p class='ocr_par' dir='ltr' id='par_1_45' title="bbox 182 1977 966 2026">
     <span class='ocr_line' id='line_1_45' title="bbox 182 1977 966 2026; baseline 0.018 -21"><span class='ocrx_word' id='word_1_333' title='bbox 182 1977 251 2006; x_wconf 76' lang='grc' dir='ltr'>εἶναι</span> <span class='ocrx_word' id='word_1_334' title='bbox 273 1981 320 2007; x_wconf 73' lang='grc' dir='ltr'><strong>καὶ</strong></span> <span class='ocrx_word' id='word_1_335' title='bbox 343 1982 372 2008; x_wconf 77' lang='grc' dir='ltr'>τὸ</span> <span class='ocrx_word' id='word_1_336' title='bbox 392 1983 468 2014; x_wconf 80' lang='grc' dir='ltr'>τέλος</span> <span class='ocrx_word' id='word_1_337' title='bbox 489 1985 602 2019; x_wconf 77' lang='grc' dir='ltr'>ὁρίζων·</span> <span class='ocrx_word' id='word_1_338' title='bbox 628 1988 715 2014; x_wconf 83' lang='grc' dir='ltr'>καίτοι</span> <span class='ocrx_word' id='word_1_339' title='bbox 732 1997 763 2022; x_wconf 91' lang='grc' dir='ltr'><strong>γε</strong></span> <span class='ocrx_word' id='word_1_340' title='bbox 789 1990 865 2016; x_wconf 79' lang='grc' dir='ltr'>τοῦτο</span> <span class='ocrx_word' id='word_1_341' title='bbox 887 1992 966 2026; x_wconf 85' lang='grc' dir='ltr'>μόνον</span> 
     </span>
    </p>
   </div>
   <div class='ocr_carea' id='block_1_46' title="bbox 183 2025 966 2070">
    <p class='ocr_par' dir='ltr' id='par_1_46' title="bbox 183 2025 966 2070">
     <span class='ocr_line' id='line_1_46' title="bbox 183 2025 966 2070; baseline 0.017 -19"><span class='ocrx_word' id='word_1_342' title='bbox 183 2026 274 2053; x_wconf 74' lang='grc' dir='ltr'>ἱκανὸν</span> <span class='ocrx_word' id='word_1_343' title='bbox 283 2025 317 2062; x_wconf 82' lang='grc' dir='ltr'>ἦν</span> <span class='ocrx_word' id='word_1_344' title='bbox 332 2029 372 2060; x_wconf 83' lang='grc' dir='ltr'><strong>είς</strong></span> <span class='ocrx_word' id='word_1_345' title='bbox 386 2031 552 2066; x_wconf 78' lang='grc' dir='ltr'>καταστολὴν</span> <span class='ocrx_word' id='word_1_346' title='bbox 567 2033 614 2067; x_wconf 79' lang='grc' dir='ltr'>τῆς</span> <span class='ocrx_word' id='word_1_347' title='bbox 627 2035 798 2070; x_wconf 78' lang='grc' dir='ltr'>χαυνότητος,</span> <span class='ocrx_word' id='word_1_348' title='bbox 812 2036 842 2062; x_wconf 85' lang='grc' dir='ltr'><strong>τὸ</strong></span> <span class='ocrx_word' id='word_1_349' title='bbox 854 2037 966 2070; x_wconf 78' lang='grc' dir='ltr'>πολλοὺς</span> 
     </span>
    </p>
   </div>
   <div class='ocr_carea' id='block_1_47' title="bbox 184 2071 966 2118">
    <p class='ocr_par' dir='ltr' id='par_1_47' title="bbox 184 2071 966 2118">
     <span class='ocr_line' id='line_1_47' title="bbox 184 2071 966 2118; baseline 0.017 -21"><span class='ocrx_word' id='word_1_350' title='bbox 184 2071 247 2098; x_wconf 80' lang='grc' dir='ltr'>ἰδεῖν</span> <span class='ocrx_word' id='word_1_351' title='bbox 260 2073 313 2099; x_wconf 86' lang='grc' dir='ltr'>τῶν</span> <span class='ocrx_word' id='word_1_352' title='bbox 329 2073 464 2109; x_wconf 79' lang='grc' dir='ltr'>ἀρχόντων</span> <span class='ocrx_word' id='word_1_353' title='bbox 479 2077 507 2102; x_wconf 84' lang='grc' dir='ltr'>ὲν</span> <span class='ocrx_word' id='word_1_354' title='bbox 530 2077 597 2112; x_wconf 77' lang='grc' dir='ltr'>αὐτῇ</span> <span class='ocrx_word' id='word_1_355' title='bbox 617 2080 649 2114; x_wconf 84' lang='grc' dir='ltr'>τῇ</span> <span class='ocrx_word' id='word_1_356' title='bbox 666 2079 714 2113; x_wconf 74' lang='grc' dir='ltr'><strong>τῆς</strong></span> <span class='ocrx_word' id='word_1_357' title='bbox 729 2081 815 2116; x_wconf 83' lang='grc' dir='ltr'>ἀρχῆς</span> <span class='ocrx_word' id='word_1_358' title='bbox 830 2085 914 2118; x_wconf 78' lang='grc' dir='ltr'>σκηνῇ</span> <span class='ocrx_word' id='word_1_359' title='bbox 934 2084 966 2109; x_wconf 83' lang='grc' dir='ltr'>ἐκ</span> 
     </span>
    </p>
   </div>
   <div class='ocr_carea' id='block_1_48' title="bbox 184 2117 965 2160">
    <p class='ocr_par' dir='ltr' id='par_1_48' title="bbox 184 2117 965 2160">
     <span class='ocr_line' id='line_1_48' title="bbox 184 2117 965 2160; baseline 0.017 -17"><span class='ocrx_word' id='word_1_360' title='bbox 184 2117 273 2152; x_wconf 76' lang='grc' dir='ltr'>μέσων</span> <span class='ocrx_word' id='word_1_361' title='bbox 290 2119 477 2153; x_wconf 69' lang='grc' dir='ltr'>ἁρπασθέντος</span> <span class='ocrx_word' id='word_1_362' title='bbox 498 2122 552 2148; x_wconf 84' lang='grc' dir='ltr'>τῶν</span> <span class='ocrx_word' id='word_1_363' title='bbox 569 2122 681 2158; x_wconf 82' lang='grc' dir='ltr'>θρόνων,</span> <span class='ocrx_word' id='word_1_364' title='bbox 705 2126 751 2152; x_wconf 70' lang='grc' dir='ltr'><strong>καὶ</strong></span> <span class='ocrx_word' id='word_1_365' title='bbox 774 2127 818 2153; x_wconf 69' lang='grc' dir='ltr'><strong>ἐπὶ</strong></span> <span class='ocrx_word' id='word_1_366' title='bbox 840 2117 965 2160; x_wconf 25' lang='grc' dir='ltr'>τουςητά-</span> 
     </span>
    </p>
   </div>
   <div class='ocr_carea' id='block_1_49' title="bbox 1014 213 1798 252">
    <p class='ocr_par' dir='ltr' id='par_1_49' title="bbox 1014 213 1798 252">
     <span class='ocr_line' id='line_1_49' title="bbox 1014 213 1798 252; baseline 0.011 -13"><span class='ocrx_word' id='word_1_367' title='bbox 1014 213 1062 240; x_wconf 80' lang='lat' dir='ltr'><strong>tibi</strong></span> <span class='ocrx_word' id='word_1_368' title='bbox 1092 214 1206 248; x_wconf 85' lang='lat' dir='ltr'><strong>spiritus</strong></span> <span class='ocrx_word' id='word_1_369' title='bbox 1230 215 1316 243; x_wconf 83' lang='lat' dir='ltr'><strong>sumis</strong></span> <span class='ocrx_word' id='word_1_370' title='bbox 1337 216 1362 242; x_wconf 90' lang='lat' dir='ltr'><strong>in</strong></span> <span class='ocrx_word' id='word_1_371' title='bbox 1380 216 1453 251; x_wconf 73' lang='lat' dir='ltr'><strong>illis?</strong></span> <span class='ocrx_word' id='word_1_372' title='bbox 1473 218 1545 252; x_wconf 89' lang='lat' dir='ltr'><strong>quod</strong></span> <span class='ocrx_word' id='word_1_373' title='bbox 1572 220 1707 247; x_wconf 88' lang='lat' dir='ltr'><strong>somnium</strong></span> <span class='ocrx_word' id='word_1_374' title='bbox 1732 221 1798 248; x_wconf 87' lang='lat' dir='ltr'><strong>adeo</strong></span> 
     </span>
    </p>
   </div>
   <div class='ocr_carea' id='block_1_50' title="bbox 1014 261 1799 297">
    <p class='ocr_par' dir='ltr' id='par_1_50' title="bbox 1014 261 1799 297">
     <span class='ocr_line' id='line_1_50' title="bbox 1014 261 1799 297; baseline 0.009 -12"><span class='ocrx_word' id='word_1_375' title='bbox 1014 266 1112 286; x_wconf 75' lang='lat' dir='ltr'><strong>vanum</strong></span> <span class='ocrx_word' id='word_1_376' title='bbox 1127 265 1152 287; x_wconf 86' lang='lat' dir='ltr'><strong>et</strong></span> <span class='ocrx_word' id='word_1_377' title='bbox 1167 268 1221 287; x_wconf 85' lang='lat' dir='ltr'><strong>non</strong></span> <span class='ocrx_word' id='word_1_378' title='bbox 1239 261 1413 289; x_wconf 79' lang='lat' dir='ltr'><strong>subsistens?</strong></span> <span class='ocrx_word' id='word_1_379' title='bbox 1437 269 1560 297; x_wconf 60' lang='lat' dir='ltr'><strong>quanam</strong></span> <span class='ocrx_word' id='word_1_380' title='bbox 1576 271 1608 291; x_wconf 75' lang='lat' dir='ltr'><strong>ex</strong></span> <span class='ocrx_word' id='word_1_381' title='bbox 1622 272 1719 292; x_wconf 81' lang='lat' dir='ltr'><strong>somno</strong></span> <span class='ocrx_word' id='word_1_382' title='bbox 1734 266 1799 292; x_wconf 81' lang='lat' dir='ltr'><strong>talia</strong></span> 
     </span>
    </p>
   </div>
   <div class='ocr_carea' id='block_1_51' title="bbox 1013 305 1797 345">
    <p class='ocr_par' dir='ltr' id='par_1_51' title="bbox 1013 305 1797 345">
     <span class='ocr_line' id='line_1_51' title="bbox 1013 305 1797 345; baseline 0.01 -15"><span class='ocrx_word' id='word_1_383' title='bbox 1013 305 1071 331; x_wconf 86' lang='lat' dir='ltr'><strong>visa</strong></span> <span class='ocrx_word' id='word_1_384' title='bbox 1082 306 1093 332; x_wconf 82' lang='lat'><strong>?</strong></span> <span class='ocrx_word' id='word_1_385' title='bbox 1103 314 1162 340; x_wconf 75' lang='lat' dir='ltr'><strong>qua:</strong></span> <span class='ocrx_word' id='word_1_386' title='bbox 1178 306 1272 333; x_wconf 89' lang='lat' dir='ltr'><strong>mnbra</strong></span> <span class='ocrx_word' id='word_1_387' title='bbox 1287 307 1353 334; x_wconf 73' lang='lat' dir='ltr'><strong>adeo</strong></span> <span class='ocrx_word' id='word_1_388' title='bbox 1366 309 1455 336; x_wconf 89' lang='lat' dir='ltr'><strong>tenuis</strong></span> <span class='ocrx_word' id='word_1_389' title='bbox 1468 312 1568 336; x_wconf 86' lang='lat' dir='ltr'><strong>tactum</strong></span> <span class='ocrx_word' id='word_1_390' title='bbox 1586 310 1797 345; x_wconf 80' lang='lat' dir='ltr'><strong>subterlugiens,</strong></span> 
     </span>
    </p>
   </div>
   <div class='ocr_carea' id='block_1_52' title="bbox 1014 352 1799 391">
    <p class='ocr_par' dir='ltr' id='par_1_52' title="bbox 1014 352 1799 391">
     <span class='ocr_line' id='line_1_52' title="bbox 1014 352 1799 391; baseline 0.008 -14"><span class='ocrx_word' id='word_1_391' title='bbox 1014 352 1205 386; x_wconf 87' lang='lat' dir='ltr'><strong>ntjuventutis</strong></span> <span class='ocrx_word' id='word_1_392' title='bbox 1225 353 1360 380; x_wconf 84' lang='lat' dir='ltr'><strong>somnium</strong></span> <span class='ocrx_word' id='word_1_393' title='bbox 1388 354 1467 381; x_wconf 87' lang='lat' dir='ltr'><strong>simul</strong></span> <span class='ocrx_word' id='word_1_394' title='bbox 1485 358 1513 381; x_wconf 87' lang='lat' dir='ltr'><strong>et</strong></span> <span class='ocrx_word' id='word_1_395' title='bbox 1530 362 1673 390; x_wconf 79' lang='lat' dir='ltr'><strong>apparens,</strong></span> <span class='ocrx_word' id='word_1_396' title='bbox 1692 360 1718 383; x_wconf 88' lang='lat' dir='ltr'><strong>et</strong></span> <span class='ocrx_word' id='word_1_397' title='bbox 1737 365 1799 391; x_wconf 77' lang='lat' dir='ltr'><strong>pro.-</strong></span> 
     </span>
    </p>
   </div>
   <div class='ocr_carea' id='block_1_53' title="bbox 1013 397 1799 436">
    <p class='ocr_par' dir='ltr' id='par_1_53' title="bbox 1013 397 1799 436">
     <span class='ocr_line' id='line_1_53' title="bbox 1013 397 1799 436; baseline 0.009 -14"><span class='ocrx_word' id='word_1_398' title='bbox 1013 398 1087 423; x_wconf 87' lang='lat' dir='ltr'><strong>tinus</strong></span> <span class='ocrx_word' id='word_1_399' title='bbox 1103 399 1296 432; x_wconf 65' lang='lat' dir='ltr'><strong>prmtervolans</strong></span> <span class='ocrx_word' id='word_1_400' title='bbox 1307 399 1318 425; x_wconf 85' lang='lat'><strong>?</strong></span> <span class='ocrx_word' id='word_1_401' title='bbox 1330 397 1403 426; x_wconf 70' lang='grc' dir='ltr'><strong>Ἦωο</strong></span> <span class='ocrx_word' id='word_1_402' title='bbox 1428 400 1460 426; x_wconf 90' lang='lat' dir='ltr'><strong>ad</strong></span> <span class='ocrx_word' id='word_1_403' title='bbox 1476 407 1523 427; x_wconf 83' lang='lat' dir='ltr'><strong>eos</strong></span> <span class='ocrx_word' id='word_1_404' title='bbox 1548 401 1594 435; x_wconf 81' lang='lat' dir='ltr'><strong>qui</strong></span> <span class='ocrx_word' id='word_1_405' title='bbox 1611 401 1638 427; x_wconf 93' lang='lat' dir='ltr'><strong>in</strong></span> <span class='ocrx_word' id='word_1_406' title='bbox 1657 401 1799 436; x_wconf 82' lang='lat' dir='ltr'><strong>juventulc</strong></span> 
     </span>
    </p>
   </div>
   <div class='ocr_carea' id='block_1_54' title="bbox 1013 444 1798 481">
    <p class='ocr_par' dir='ltr' id='par_1_54' title="bbox 1013 444 1798 481">
     <span class='ocr_line' id='line_1_54' title="bbox 1013 444 1798 481; baseline 0.008 -13"><span class='ocrx_word' id='word_1_407' title='bbox 1013 446 1123 476; x_wconf 75' lang='lat' dir='ltr'><strong>propter</strong></span> <span class='ocrx_word' id='word_1_408' title='bbox 1138 444 1226 471; x_wconf 74' lang='lat' dir='ltr'><strong>aetatis</strong></span> <span class='ocrx_word' id='word_1_409' title='bbox 1241 444 1325 471; x_wconf 83' lang='lat' dir='ltr'><strong>robur</strong></span> <span class='ocrx_word' id='word_1_410' title='bbox 1339 444 1526 479; x_wconf 84' lang='lat' dir='ltr'><strong>imperfectum</strong></span> <span class='ocrx_word' id='word_1_411' title='bbox 1541 445 1632 473; x_wconf 87' lang='lat' dir='ltr'><strong>minus</strong></span> <span class='ocrx_word' id='word_1_412' title='bbox 1649 446 1758 481; x_wconf 85' lang='lat' dir='ltr'><strong>sapiunt</strong></span> <span class='ocrx_word' id='word_1_413' title='bbox 1784 456 1798 474; x_wconf 91' lang='lat' dir='ltr'><strong>a</strong></span> 
     </span>
    </p>
   </div>
   <div class='ocr_carea' id='block_1_55' title="bbox 1013 488 1791 528">
    <p class='ocr_par' dir='ltr' id='par_1_55' title="bbox 1013 488 1791 528">
     <span class='ocr_line' id='line_1_55' title="bbox 1013 488 1791 528; baseline 0.006 -14"><span class='ocrx_word' id='word_1_414' title='bbox 1013 495 1056 515; x_wconf 86' lang='lat' dir='ltr'><strong>me</strong></span> <span class='ocrx_word' id='word_1_415' title='bbox 1071 488 1142 515; x_wconf 83' lang='lat' dir='ltr'><strong>dicta</strong></span> <span class='ocrx_word' id='word_1_416' title='bbox 1155 489 1218 516; x_wconf 89' lang='lat' dir='ltr'><strong>sint.</strong></span> <span class='ocrx_word' id='word_1_417' title='bbox 1245 489 1316 522; x_wconf 85' lang='lat' dir='ltr'><strong>Quid</strong></span> <span class='ocrx_word' id='word_1_418' title='bbox 1336 495 1424 517; x_wconf 90' lang='lat' dir='ltr'><strong>autem</strong></span> <span class='ocrx_word' id='word_1_419' title='bbox 1442 490 1513 518; x_wconf 89' lang='lat' dir='ltr'><strong>dicat</strong></span> <span class='ocrx_word' id='word_1_420' title='bbox 1525 491 1624 526; x_wconf 79' lang='lat' dir='ltr'><strong>aliquis</strong></span> <span class='ocrx_word' id='word_1_421' title='bbox 1641 492 1674 519; x_wconf 89' lang='lat' dir='ltr'><strong>de</strong></span> <span class='ocrx_word' id='word_1_422' title='bbox 1691 493 1791 528; x_wconf 80' lang='lat' dir='ltr'><strong>iisqui</strong></span> 
     </span>
    </p>
   </div>
   <div class='ocr_carea' id='block_1_56' title="bbox 1012 534 1798 573">
    <p class='ocr_par' dir='ltr' id='par_1_56' title="bbox 1012 534 1798 573">
     <span class='ocr_line' id='line_1_56' title="bbox 1012 534 1798 573; baseline 0.006 -13"><span class='ocrx_word' id='word_1_423' title='bbox 1012 539 1090 562; x_wconf 78' lang='lat' dir='ltr'><strong>anale</strong></span> <span class='ocrx_word' id='word_1_424' title='bbox 1114 534 1169 568; x_wconf 83' lang='lat' dir='ltr'><strong>jam</strong></span> <span class='ocrx_word' id='word_1_425' title='bbox 1193 535 1273 569; x_wconf 80' lang='lat' dir='ltr'><strong>pleni.</strong></span> <span class='ocrx_word' id='word_1_426' title='bbox 1302 536 1454 567; x_wconf 83' lang='lat' dir='ltr'><strong>constituti,</strong></span> <span class='ocrx_word' id='word_1_427' title='bbox 1478 536 1687 573; x_wconf 84' lang='lat' dir='ltr'><strong>conﬁrmatique</strong></span> <span class='ocrx_word' id='word_1_428' title='bbox 1712 539 1798 565; x_wconf 84' lang='lat' dir='ltr'><strong>sunt?</strong></span> 
     </span>
    </p>
   </div>
   <div class='ocr_carea' id='block_1_57' title="bbox 1013 581 1799 617">
    <p class='ocr_par' dir='ltr' id='par_1_57' title="bbox 1013 581 1799 617">
     <span class='ocr_line' id='line_1_57' title="bbox 1013 581 1799 617; baseline 0.006 -11"><span class='ocrx_word' id='word_1_429' title='bbox 1013 581 1040 608; x_wconf 91' lang='lat' dir='ltr'><strong>in</strong></span> <span class='ocrx_word' id='word_1_430' title='bbox 1056 581 1154 615; x_wconf 86' lang='lat' dir='ltr'><strong>quibus</strong></span> <span class='ocrx_word' id='word_1_431' title='bbox 1169 585 1234 609; x_wconf 57' lang='lat' dir='ltr'><strong>tetas</strong></span> <span class='ocrx_word' id='word_1_432' title='bbox 1249 582 1357 617; x_wconf 83' lang='lat' dir='ltr'><strong>quidem</strong></span> <span class='ocrx_word' id='word_1_433' title='bbox 1375 583 1492 613; x_wconf 87' lang='lat' dir='ltr'><strong>stabilis,</strong></span> <span class='ocrx_word' id='word_1_434' title='bbox 1509 591 1598 611; x_wconf 90' lang='lat' dir='ltr'><strong>mores</strong></span> <span class='ocrx_word' id='word_1_435' title='bbox 1611 587 1701 611; x_wconf 88' lang='lat' dir='ltr'><strong>autem</strong></span> <span class='ocrx_word' id='word_1_436' title='bbox 1718 588 1744 611; x_wconf 87' lang='lat' dir='ltr'><strong>et</strong></span> <span class='ocrx_word' id='word_1_437' title='bbox 1758 585 1799 610; x_wconf 84' lang='lat' dir='ltr'><strong>in—</strong></span> 
     </span>
    </p>
   </div>
   <div class='ocr_carea' id='block_1_58' title="bbox 1013 627 1799 666">
    <p class='ocr_par' dir='ltr' id='par_1_58' title="bbox 1013 627 1799 666">
     <span class='ocr_line' id='line_1_58' title="bbox 1013 627 1799 666; baseline 0.006 -14"><span class='ocrx_word' id='word_1_438' title='bbox 1013 627 1121 660; x_wconf 78' lang='lat' dir='ltr'><strong>genium</strong></span> <span class='ocrx_word' id='word_1_439' title='bbox 1135 627 1262 654; x_wconf 81' lang='lat' dir='ltr'><strong>instabile</strong></span> <span class='ocrx_word' id='word_1_440' title='bbox 1281 632 1332 660; x_wconf 87' lang='lat' dir='ltr'><strong>est,</strong></span> <span class='ocrx_word' id='word_1_441' title='bbox 1350 628 1461 655; x_wconf 85' lang='lat' dir='ltr'><strong>morbus</strong></span> <span class='ocrx_word' id='word_1_442' title='bbox 1486 629 1548 655; x_wconf 92' lang='lat' dir='ltr'><strong>item</strong></span> <span class='ocrx_word' id='word_1_443' title='bbox 1570 630 1703 664; x_wconf 72' lang='lat' dir='ltr'><strong>superbia:</strong></span> <span class='ocrx_word' id='word_1_444' title='bbox 1718 638 1799 666; x_wconf 81' lang='lat' dir='ltr'><strong>auge-</strong></span> 
     </span>
    </p>
   </div>
   <div class='ocr_carea' id='block_1_59' title="bbox 1012 673 1799 710">
    <p class='ocr_par' dir='ltr' id='par_1_59' title="bbox 1012 673 1799 710">
     <span class='ocr_line' id='line_1_59' title="bbox 1012 673 1799 710; baseline 0.005 -12"><span class='ocrx_word' id='word_1_445' title='bbox 1012 675 1071 698; x_wconf 85' lang='lat' dir='ltr'><strong>tur:</strong></span> <span class='ocrx_word' id='word_1_446' title='bbox 1091 679 1188 699; x_wconf 87' lang='lat' dir='ltr'><strong>nomen</strong></span> <span class='ocrx_word' id='word_1_447' title='bbox 1203 676 1293 700; x_wconf 91' lang='lat' dir='ltr'><strong>autem</strong></span> <span class='ocrx_word' id='word_1_448' title='bbox 1306 673 1439 708; x_wconf 82' lang='lat' dir='ltr'><strong>ejusmodi</strong></span> <span class='ocrx_word' id='word_1_449' title='bbox 1454 673 1553 708; x_wconf 77' lang='lat' dir='ltr'><strong>ingenii</strong></span> <span class='ocrx_word' id='word_1_450' title='bbox 1567 675 1672 706; x_wconf 91' lang='lat' dir='ltr'><strong>morbo,</strong></span> <span class='ocrx_word' id='word_1_451' title='bbox 1687 675 1799 710; x_wconf 81' lang='lat' dir='ltr'><strong>spiritus</strong></span> 
     </span>
    </p>
   </div>
   <div class='ocr_carea' id='block_1_60' title="bbox 1012 718 1798 756">
    <p class='ocr_par' dir='ltr' id='par_1_60' title="bbox 1012 718 1798 756">
     <span class='ocr_line' id='line_1_60' title="bbox 1012 718 1798 756; baseline 0.003 -12"><span class='ocrx_word' id='word_1_452' title='bbox 1012 722 1038 744; x_wconf 89' lang='lat' dir='ltr'><strong>et</strong></span> <span class='ocrx_word' id='word_1_453' title='bbox 1055 718 1142 745; x_wconf 83' lang='lat' dir='ltr'><strong>fastus</strong></span> <span class='ocrx_word' id='word_1_454' title='bbox 1160 718 1320 753; x_wconf 85' lang='lat' dir='ltr'><strong>imponitur.</strong></span> <span class='ocrx_word' id='word_1_455' title='bbox 1346 719 1521 754; x_wconf 68' lang='lat' dir='ltr'><strong>Magistratus</strong></span> <span class='ocrx_word' id='word_1_456' title='bbox 1544 724 1644 753; x_wconf 82' lang='lat' dir='ltr'><strong>autem,</strong></span> <span class='ocrx_word' id='word_1_457' title='bbox 1670 721 1798 756; x_wconf 68' lang='lat' dir='ltr'><strong>quodque</strong></span> 
     </span>
    </p>
   </div>
   <div class='ocr_carea' id='block_1_61' title="bbox 1012 763 1799 801">
    <p class='ocr_par' dir='ltr' id='par_1_61' title="bbox 1012 763 1799 801">
     <span class='ocr_line' id='line_1_61' title="bbox 1012 763 1799 801; baseline 0.001 -11"><span class='ocrx_word' id='word_1_458' title='bbox 1012 764 1036 791; x_wconf 92' lang='lat' dir='ltr'><strong>ci</strong></span> <span class='ocrx_word' id='word_1_459' title='bbox 1051 763 1209 798; x_wconf 73' lang='lat' dir='ltr'><strong>adiunctum</strong></span> <span class='ocrx_word' id='word_1_460' title='bbox 1224 768 1275 796; x_wconf 67' lang='lat' dir='ltr'><strong>cst,</strong></span> <span class='ocrx_word' id='word_1_461' title='bbox 1291 765 1432 799; x_wconf 87' lang='lat' dir='ltr'><strong>imperium</strong></span> <span class='ocrx_word' id='word_1_462' title='bbox 1445 769 1525 800; x_wconf 86' lang='lat' dir='ltr'><strong>atque</strong></span> <span class='ocrx_word' id='word_1_463' title='bbox 1537 769 1667 799; x_wconf 80' lang='lat' dir='ltr'><strong>potestas.</strong></span> <span class='ocrx_word' id='word_1_464' title='bbox 1679 766 1799 801; x_wconf 87' lang='lat' dir='ltr'><strong>plerum-</strong></span> 
     </span>
    </p>
   </div>
   <div class='ocr_carea' id='block_1_62' title="bbox 1013 809 1799 845">
    <p class='ocr_par' dir='ltr' id='par_1_62' title="bbox 1013 809 1799 845">
     <span class='ocr_line' id='line_1_62' title="bbox 1013 809 1799 845; baseline 0.003 -11"><span class='ocrx_word' id='word_1_465' title='bbox 1013 816 1066 843; x_wconf 91' lang='lat' dir='ltr'><strong>que</strong></span> <span class='ocrx_word' id='word_1_466' title='bbox 1084 809 1219 843; x_wconf 72' lang='lat' dir='ltr'><strong>superbia:</strong></span> <span class='ocrx_word' id='word_1_467' title='bbox 1234 809 1375 836; x_wconf 86' lang='lat' dir='ltr'><strong>materiam</strong></span> <span class='ocrx_word' id='word_1_468' title='bbox 1386 814 1412 837; x_wconf 85' lang='lat' dir='ltr'><strong>et</strong></span> <span class='ocrx_word' id='word_1_469' title='bbox 1427 810 1600 838; x_wconf 82' lang='lat' dir='ltr'><strong>occasionem</strong></span> <span class='ocrx_word' id='word_1_470' title='bbox 1619 811 1728 845; x_wconf 64' lang='lat' dir='ltr'><strong>praebet.</strong></span> <span class='ocrx_word' id='word_1_471' title='bbox 1747 811 1799 837; x_wconf 76' lang='lat' dir='ltr'><strong>Aut</strong></span> 
     </span>
    </p>
   </div>
   <div class='ocr_carea' id='block_1_63' title="bbox 1013 857 1799 892">
    <p class='ocr_par' dir='ltr' id='par_1_63' title="bbox 1013 857 1799 892">
     <span class='ocr_line' id='line_1_63' title="bbox 1013 857 1799 892; baseline -0.004 -8"><span class='ocrx_word' id='word_1_472' title='bbox 1013 857 1085 884; x_wconf 87' lang='lat' dir='ltr'><strong>enim</strong></span> <span class='ocrx_word' id='word_1_473' title='bbox 1099 857 1125 883; x_wconf 93' lang='lat' dir='ltr'><strong>in</strong></span> <span class='ocrx_word' id='word_1_474' title='bbox 1148 857 1207 891; x_wconf 90' lang='lat' dir='ltr'><strong>ipso</strong></span> <span class='ocrx_word' id='word_1_475' title='bbox 1224 858 1384 892; x_wconf 81' lang='lat' dir='ltr'><strong>magistratu</strong></span> <span class='ocrx_word' id='word_1_476' title='bbox 1411 858 1437 884; x_wconf 89' lang='lat' dir='ltr'><strong>id</strong></span> <span class='ocrx_word' id='word_1_477' title='bbox 1460 858 1553 884; x_wconf 87' lang='lat' dir='ltr'><strong>vitium</strong></span> <span class='ocrx_word' id='word_1_478' title='bbox 1575 858 1730 886; x_wconf 85' lang='lat' dir='ltr'><strong>admittunt.</strong></span> <span class='ocrx_word' id='word_1_479' title='bbox 1753 861 1799 883; x_wconf 84' lang='lat' dir='ltr'><strong>aut</strong></span> 
     </span>
    </p>
   </div>
   <div class='ocr_carea' id='block_1_64' title="bbox 1013 902 1799 938">
    <p class='ocr_par' dir='ltr' id='par_1_64' title="bbox 1013 902 1799 938">
     <span class='ocr_line' id='line_1_64' title="bbox 1013 902 1799 938; baseline -0.004 -9"><span class='ocrx_word' id='word_1_480' title='bbox 1013 903 1065 929; x_wconf 88' lang='lat' dir='ltr'><strong>hoc</strong></span> <span class='ocrx_word' id='word_1_481' title='bbox 1078 902 1144 929; x_wconf 90' lang='lat' dir='ltr'><strong>vitio</strong></span> <span class='ocrx_word' id='word_1_482' title='bbox 1158 902 1268 937; x_wconf 86' lang='lat' dir='ltr'><strong>impulsi</strong></span> <span class='ocrx_word' id='word_1_483' title='bbox 1280 903 1313 930; x_wconf 87' lang='lat' dir='ltr'><strong>ad</strong></span> <span class='ocrx_word' id='word_1_484' title='bbox 1327 911 1389 930; x_wconf 90' lang='lat' dir='ltr'><strong>eum</strong></span> <span class='ocrx_word' id='word_1_485' title='bbox 1406 904 1539 938; x_wconf 82' lang='lat' dir='ltr'><strong>aspirant,</strong></span> <span class='ocrx_word' id='word_1_486' title='bbox 1554 908 1600 930; x_wconf 87' lang='lat' dir='ltr'><strong>aut</strong></span> <span class='ocrx_word' id='word_1_487' title='bbox 1614 910 1754 931; x_wconf 77' lang='lat' dir='ltr'><strong>sermones</strong></span> <span class='ocrx_word' id='word_1_488' title='bbox 1767 903 1799 927; x_wconf 59' lang='lat' dir='ltr'><strong>du</strong></span> 
     </span>
    </p>
   </div>
   <div class='ocr_carea' id='block_1_65' title="bbox 1013 948 1799 984">
    <p class='ocr_par' dir='ltr' id='par_1_65' title="bbox 1013 948 1799 984">
     <span class='ocr_line' id='line_1_65' title="bbox 1013 948 1799 984; baseline -0.001 -10"><span class='ocrx_word' id='word_1_489' title='bbox 1013 948 1174 982; x_wconf 82' lang='lat' dir='ltr'><strong>magistratu</strong></span> <span class='ocrx_word' id='word_1_490' title='bbox 1191 948 1257 975; x_wconf 87' lang='lat' dir='ltr'><strong>illati</strong></span> <span class='ocrx_word' id='word_1_491' title='bbox 1275 957 1461 984; x_wconf 67' lang='lat' dir='ltr'><strong>smpenumero</strong></span> <span class='ocrx_word' id='word_1_492' title='bbox 1475 950 1592 984; x_wconf 83' lang='lat' dir='ltr'><strong>sopitum</strong></span> <span class='ocrx_word' id='word_1_493' title='bbox 1607 949 1663 984; x_wconf 86' lang='lat' dir='ltr'><strong>jam</strong></span> <span class='ocrx_word' id='word_1_494' title='bbox 1677 949 1799 976; x_wconf 89' lang='lat' dir='ltr'><strong>morbum</strong></span> 
     </span>
    </p>
   </div>
   <div class='ocr_carea' id='block_1_66' title="bbox 1012 994 1801 1029">
    <p class='ocr_par' dir='ltr' id='par_1_66' title="bbox 1012 994 1801 1029">
     <span class='ocr_line' id='line_1_66' title="bbox 1012 994 1801 1029; baseline -0.003 -8"><span class='ocrx_word' id='word_1_495' title='bbox 1012 996 1191 1023; x_wconf 64' lang='lat' dir='ltr'><strong>exsuscitant.</strong></span> <span class='ocrx_word' id='word_1_496' title='bbox 1222 994 1255 1021; x_wconf 61' lang='grc' dir='ltr'>ιι</span> <span class='ocrx_word' id='word_1_497' title='bbox 1272 1002 1395 1029; x_wconf 83' lang='lat' dir='ltr'><strong>quaenam</strong></span> <span class='ocrx_word' id='word_1_498' title='bbox 1412 995 1545 1029; x_wconf 84' lang='lat' dir='ltr'><strong>ejusmodi</strong></span> <span class='ocrx_word' id='word_1_499' title='bbox 1568 995 1655 1022; x_wconf 84' lang='lat' dir='ltr'><strong>oratio</strong></span> <span class='ocrx_word' id='word_1_500' title='bbox 1679 994 1724 1025; x_wconf 86' lang='lat' dir='ltr'><strong>sit,</strong></span> <span class='ocrx_word' id='word_1_501' title='bbox 1742 1003 1801 1029; x_wconf 72' lang='lat' dir='ltr'><strong>qua:</strong></span> 
     </span>
    </p>
   </div>
   <div class='ocr_carea' id='block_1_67' title="bbox 1013 1030 1801 1075">
    <p class='ocr_par' dir='ltr' id='par_1_67' title="bbox 1013 1030 1801 1075">
     <span class='ocr_line' id='line_1_67' title="bbox 1013 1030 1801 1075; baseline -0.001 -9"><span class='ocrx_word' id='word_1_502' title='bbox 1013 1048 1093 1068; x_wconf 80' lang='lat' dir='ltr'><strong>aures</strong></span> <span class='ocrx_word' id='word_1_503' title='bbox 1108 1030 1203 1068; x_wconf 84' lang='lat' dir='ltr'><strong>eorum</strong></span> <span class='ocrx_word' id='word_1_504' title='bbox 1218 1049 1231 1067; x_wconf 92' lang='lat' dir='ltr'><strong>a</strong></span> <span class='ocrx_word' id='word_1_505' title='bbox 1247 1047 1404 1075; x_wconf 66' lang='lat' dir='ltr'><strong>prmconum</strong></span> <span class='ocrx_word' id='word_1_506' title='bbox 1415 1048 1481 1067; x_wconf 70' lang='lat' dir='ltr'><strong>vere</strong></span> <span class='ocrx_word' id='word_1_507' title='bbox 1494 1040 1641 1075; x_wconf 62' lang='lat' dir='ltr'><strong>prasclusas</strong></span> <span class='ocrx_word' id='word_1_508' title='bbox 1658 1043 1801 1075; x_wconf 81' lang='lat' dir='ltr'><strong>penetrare</strong></span> 
     </span>
    </p>
   </div>
   <div class='ocr_carea' id='block_1_68' title="bbox 1014 1085 1800 1122">
    <p class='ocr_par' dir='ltr' id='par_1_68' title="bbox 1014 1085 1800 1122">
     <span class='ocr_line' id='line_1_68' title="bbox 1014 1085 1800 1122; baseline -0.004 -8"><span class='ocrx_word' id='word_1_509' title='bbox 1014 1087 1115 1121; x_wconf 82' lang='lat' dir='ltr'><strong>possit?</strong></span> <span class='ocrx_word' id='word_1_510' title='bbox 1140 1087 1201 1122; x_wconf 88' lang='lat' dir='ltr'><strong>quis</strong></span> <span class='ocrx_word' id='word_1_511' title='bbox 1227 1087 1264 1113; x_wconf 88' lang='lat' dir='ltr'><strong>ita</strong></span> <span class='ocrx_word' id='word_1_512' title='bbox 1290 1086 1395 1113; x_wconf 63' lang='lat' dir='ltr'><strong>aﬂ‘cctis</strong></span> <span class='ocrx_word' id='word_1_513' title='bbox 1424 1086 1609 1120; x_wconf 85' lang='lat' dir='ltr'><strong>persuadebit,</strong></span> <span class='ocrx_word' id='word_1_514' title='bbox 1634 1085 1706 1120; x_wconf 89' lang='lat' dir='ltr'><strong>quod</strong></span> <span class='ocrx_word' id='word_1_515' title='bbox 1734 1085 1800 1111; x_wconf 84' lang='lat' dir='ltr'><strong>nihil</strong></span> 
     </span>
    </p>
   </div>
   <div class='ocr_carea' id='block_1_69' title="bbox 1013 1131 1800 1167">
    <p class='ocr_par' dir='ltr' id='par_1_69' title="bbox 1013 1131 1800 1167">
     <span class='ocr_line' id='line_1_69' title="bbox 1013 1131 1800 1167; baseline -0.003 -9"><span class='ocrx_word' id='word_1_516' title='bbox 1013 1133 1161 1167; x_wconf 80' lang='lat' dir='ltr'><strong>quidquam</strong></span> <span class='ocrx_word' id='word_1_517' title='bbox 1189 1132 1301 1159; x_wconf 91' lang='lat' dir='ltr'><strong>omnino</strong></span> <span class='ocrx_word' id='word_1_518' title='bbox 1322 1131 1448 1158; x_wconf 71' lang='lat' dir='ltr'><strong>ditiorum</strong></span> <span class='ocrx_word' id='word_1_519' title='bbox 1472 1132 1506 1158; x_wconf 90' lang='lat' dir='ltr'><strong>ab</strong></span> <span class='ocrx_word' id='word_1_520' title='bbox 1535 1131 1568 1158; x_wconf 92' lang='lat' dir='ltr'><strong>iis</strong></span> <span class='ocrx_word' id='word_1_521' title='bbox 1592 1131 1636 1165; x_wconf 90' lang='lat' dir='ltr'><strong>qui</strong></span> <span class='ocrx_word' id='word_1_522' title='bbox 1666 1132 1691 1158; x_wconf 91' lang='lat' dir='ltr'><strong>in</strong></span> <span class='ocrx_word' id='word_1_523' title='bbox 1720 1138 1800 1158; x_wconf 85' lang='lat' dir='ltr'><strong>scena</strong></span> 
     </span>
    </p>
   </div>
   <div class='ocr_carea' id='block_1_70' title="bbox 1014 1176 1801 1212">
    <p class='ocr_par' dir='ltr' id='par_1_70' title="bbox 1014 1176 1801 1212">
     <span class='ocr_line' id='line_1_70' title="bbox 1014 1176 1801 1212; baseline -0.003 -8"><span class='ocrx_word' id='word_1_524' title='bbox 1014 1186 1074 1205; x_wconf 87' lang='lat' dir='ltr'><strong>cum</strong></span> <span class='ocrx_word' id='word_1_525' title='bbox 1091 1186 1188 1212; x_wconf 86' lang='lat' dir='ltr'><strong>pompa</strong></span> <span class='ocrx_word' id='word_1_526' title='bbox 1206 1177 1364 1212; x_wconf 82' lang='lat' dir='ltr'><strong>prodeunt?</strong></span> <span class='ocrx_word' id='word_1_527' title='bbox 1378 1176 1483 1203; x_wconf 85' lang='lat' dir='ltr'><strong>Etenim</strong></span> <span class='ocrx_word' id='word_1_528' title='bbox 1498 1177 1550 1203; x_wconf 89' lang='lat' dir='ltr'><strong>illis</strong></span> <span class='ocrx_word' id='word_1_529' title='bbox 1565 1184 1673 1212; x_wconf 90' lang='lat' dir='ltr'><strong>quoque</strong></span> <span class='ocrx_word' id='word_1_530' title='bbox 1688 1184 1801 1210; x_wconf 86' lang='lat' dir='ltr'><strong>persona</strong></span> 
     </span>
    </p>
   </div>
   <div class='ocr_carea' id='block_1_71' title="bbox 1015 1221 1802 1257">
    <p class='ocr_par' dir='ltr' id='par_1_71' title="bbox 1015 1221 1802 1257">
     <span class='ocr_line' id='line_1_71' title="bbox 1015 1221 1802 1257; baseline -0.003 -8"><span class='ocrx_word' id='word_1_531' title='bbox 1015 1222 1136 1257; x_wconf 71' lang='lat' dir='ltr'><strong>quaedam</strong></span> <span class='ocrx_word' id='word_1_532' title='bbox 1149 1230 1182 1249; x_wconf 82' lang='lat' dir='ltr'><strong>ex</strong></span> <span class='ocrx_word' id='word_1_533' title='bbox 1194 1227 1252 1249; x_wconf 88' lang='lat' dir='ltr'><strong>arte</strong></span> <span class='ocrx_word' id='word_1_534' title='bbox 1266 1221 1350 1256; x_wconf 80' lang='lat' dir='ltr'><strong>polita</strong></span> <span class='ocrx_word' id='word_1_535' title='bbox 1365 1225 1446 1255; x_wconf 86' lang='lat' dir='ltr'><strong>atquc</strong></span> <span class='ocrx_word' id='word_1_536' title='bbox 1463 1225 1570 1253; x_wconf 89' lang='lat' dir='ltr'><strong>ornata,</strong></span> <span class='ocrx_word' id='word_1_537' title='bbox 1587 1221 1723 1255; x_wconf 83' lang='lat' dir='ltr'><strong>vestisque</strong></span> <span class='ocrx_word' id='word_1_538' title='bbox 1739 1229 1802 1255; x_wconf 88' lang='lat' dir='ltr'><strong>pur-</strong></span> 
     </span>
    </p>
   </div>
   <div class='ocr_carea' id='block_1_72' title="bbox 1014 1267 1802 1304">
    <p class='ocr_par' dir='ltr' id='par_1_72' title="bbox 1014 1267 1802 1304">
     <span class='ocr_line' id='line_1_72' title="bbox 1014 1267 1802 1304; baseline -0.004 -8"><span class='ocrx_word' id='word_1_539' title='bbox 1014 1276 1099 1304; x_wconf 88' lang='lat' dir='ltr'><strong>purea</strong></span> <span class='ocrx_word' id='word_1_540' title='bbox 1114 1276 1182 1295; x_wconf 88' lang='lat' dir='ltr'><strong>auro</strong></span> <span class='ocrx_word' id='word_1_541' title='bbox 1202 1269 1346 1295; x_wconf 75' lang='lat' dir='ltr'><strong>intertexta</strong></span> <span class='ocrx_word' id='word_1_542' title='bbox 1365 1267 1465 1302; x_wconf 84' lang='lat' dir='ltr'><strong>injecta</strong></span> <span class='ocrx_word' id='word_1_543' title='bbox 1481 1271 1533 1298; x_wconf 86' lang='lat' dir='ltr'><strong>est,</strong></span> <span class='ocrx_word' id='word_1_544' title='bbox 1559 1271 1586 1294; x_wconf 89' lang='lat' dir='ltr'><strong>et</strong></span> <span class='ocrx_word' id='word_1_545' title='bbox 1603 1267 1629 1294; x_wconf 94' lang='lat' dir='ltr'><strong>in</strong></span> <span class='ocrx_word' id='word_1_546' title='bbox 1648 1275 1729 1294; x_wconf 89' lang='lat' dir='ltr'><strong>curru</strong></span> <span class='ocrx_word' id='word_1_547' title='bbox 1745 1274 1802 1293; x_wconf 83' lang='lat' dir='ltr'><strong>ma-</strong></span> 
     </span>
    </p>
   </div>
   <div class='ocr_carea' id='block_1_73' title="bbox 1014 1313 1800 1350">
    <p class='ocr_par' dir='ltr' id='par_1_73' title="bbox 1014 1313 1800 1350">
     <span class='ocr_line' id='line_1_73' title="bbox 1014 1313 1800 1350; baseline -0.004 -9"><span class='ocrx_word' id='word_1_548' title='bbox 1014 1314 1110 1350; x_wconf 80' lang='lat' dir='ltr'><strong>gnifice</strong></span> <span class='ocrx_word' id='word_1_549' title='bbox 1124 1314 1298 1345; x_wconf 86' lang='lat' dir='ltr'><strong>invehuntur,</strong></span> <span class='ocrx_word' id='word_1_550' title='bbox 1319 1317 1346 1340; x_wconf 86' lang='lat' dir='ltr'><strong>et</strong></span> <span class='ocrx_word' id='word_1_551' title='bbox 1362 1318 1451 1339; x_wconf 82' lang='lat' dir='ltr'><strong>tamen</strong></span> <span class='ocrx_word' id='word_1_552' title='bbox 1472 1313 1565 1340; x_wconf 90' lang='lat' dir='ltr'><strong>nullus</strong></span> <span class='ocrx_word' id='word_1_553' title='bbox 1583 1313 1715 1347; x_wconf 76' lang='lat' dir='ltr'><strong>superbia:</strong></span> <span class='ocrx_word' id='word_1_554' title='bbox 1731 1320 1800 1339; x_wconf 89' lang='lat' dir='ltr'><strong>mor-</strong></span> 
     </span>
    </p>
   </div>
   <div class='ocr_carea' id='block_1_74' title="bbox 1015 1355 1800 1393">
    <p class='ocr_par' dir='ltr' id='par_1_74' title="bbox 1015 1355 1800 1393">
     <span class='ocr_line' id='line_1_74' title="bbox 1015 1355 1800 1393; baseline -0.003 -7"><span class='ocrx_word' id='word_1_555' title='bbox 1015 1361 1064 1388; x_wconf 85' lang='lat' dir='ltr'><strong>bus</strong></span> <span class='ocrx_word' id='word_1_556' title='bbox 1081 1367 1127 1388; x_wconf 89' lang='lat' dir='ltr'><strong>eos</strong></span> <span class='ocrx_word' id='word_1_557' title='bbox 1139 1368 1171 1387; x_wconf 87' lang='lat' dir='ltr'><strong>ex</strong></span> <span class='ocrx_word' id='word_1_558' title='bbox 1187 1360 1268 1387; x_wconf 87' lang='lat' dir='ltr'><strong>rebus</strong></span> <span class='ocrx_word' id='word_1_559' title='bbox 1288 1355 1423 1393; x_wconf 84' lang='lat' dir='ltr'><strong>ejusmodi</strong></span> <span class='ocrx_word' id='word_1_560' title='bbox 1438 1358 1542 1386; x_wconf 81' lang='lat' dir='ltr'><strong>invadit</strong></span> <span class='ocrx_word' id='word_1_561' title='bbox 1556 1367 1563 1391; x_wconf 74' lang='grc' dir='ltr'><strong>ς</strong></span> <span class='ocrx_word' id='word_1_562' title='bbox 1579 1358 1632 1386; x_wconf 80' lang='lat' dir='ltr'><strong>&#39;sed</strong></span> <span class='ocrx_word' id='word_1_563' title='bbox 1646 1366 1700 1393; x_wconf 88' lang='lat' dir='ltr'><strong>quo</strong></span> <span class='ocrx_word' id='word_1_564' title='bbox 1719 1365 1800 1385; x_wconf 87' lang='lat' dir='ltr'><strong>sensu</strong></span> 
     </span>
    </p>
   </div>
   <div class='ocr_carea' id='block_1_75' title="bbox 1015 1403 1800 1440">
    <p class='ocr_par' dir='ltr' id='par_1_75' title="bbox 1015 1403 1800 1440">
     <span class='ocr_line' id='line_1_75' title="bbox 1015 1403 1800 1440; baseline -0.001 -9"><span class='ocrx_word' id='word_1_565' title='bbox 1015 1410 1095 1440; x_wconf 82' lang='lat' dir='ltr'><strong>atque</strong></span> <span class='ocrx_word' id='word_1_566' title='bbox 1110 1405 1206 1440; x_wconf 87' lang='lat' dir='ltr'><strong>spiritu</strong></span> <span class='ocrx_word' id='word_1_567' title='bbox 1223 1409 1300 1432; x_wconf 83' lang='lat' dir='ltr'><strong>erant</strong></span> <span class='ocrx_word' id='word_1_568' title='bbox 1315 1408 1459 1438; x_wconf 85' lang='lat' dir='ltr'><strong>antequam</strong></span> <span class='ocrx_word' id='word_1_569' title='bbox 1476 1405 1504 1431; x_wconf 89' lang='lat' dir='ltr'><strong>in</strong></span> <span class='ocrx_word' id='word_1_570' title='bbox 1522 1411 1632 1431; x_wconf 88' lang='lat' dir='ltr'><strong>scenam</strong></span> <span class='ocrx_word' id='word_1_571' title='bbox 1649 1403 1800 1438; x_wconf 87' lang='lat' dir='ltr'><strong>prodirent,</strong></span> 
     </span>
    </p>
   </div>
   <div class='ocr_carea' id='block_1_76' title="bbox 1014 1450 1802 1486">
    <p class='ocr_par' dir='ltr' id='par_1_76' title="bbox 1014 1450 1802 1486">
     <span class='ocr_line' id='line_1_76' title="bbox 1014 1450 1802 1486; baseline 0 -8"><span class='ocrx_word' id='word_1_572' title='bbox 1014 1452 1138 1478; x_wconf 89' lang='lat' dir='ltr'><strong>eumdem</strong></span> <span class='ocrx_word' id='word_1_573' title='bbox 1154 1451 1181 1477; x_wconf 91' lang='lat' dir='ltr'><strong>in</strong></span> <span class='ocrx_word' id='word_1_574' title='bbox 1204 1452 1296 1477; x_wconf 88' lang='lat' dir='ltr'><strong>animo</strong></span> <span class='ocrx_word' id='word_1_575' title='bbox 1319 1450 1440 1478; x_wconf 87' lang='lat' dir='ltr'><strong>habitum</strong></span> <span class='ocrx_word' id='word_1_576' title='bbox 1461 1450 1542 1477; x_wconf 89' lang='lat' dir='ltr'><strong>etiam</strong></span> <span class='ocrx_word' id='word_1_577' title='bbox 1565 1451 1591 1477; x_wconf 93' lang='lat' dir='ltr'><strong>in</strong></span> <span class='ocrx_word' id='word_1_578' title='bbox 1617 1458 1713 1486; x_wconf 84' lang='lat' dir='ltr'><strong>pompa</strong></span> <span class='ocrx_word' id='word_1_579' title='bbox 1735 1458 1802 1478; x_wconf 89' lang='lat' dir='ltr'><strong>con-</strong></span> 
     </span>
    </p>
   </div>
   <div class='ocr_carea' id='block_1_77' title="bbox 814 1489 1801 1532">
    <p class='ocr_par' dir='ltr' id='par_1_77' title="bbox 814 1489 1801 1532">
     <span class='ocr_line' id='line_1_77' title="bbox 814 1489 1801 1532; baseline 0.003 -11"><span class='ocrx_word' id='word_1_580' title='bbox 814 1489 861 1524; x_wconf 79' lang='grc' dir='ltr'><strong>τὴν</strong></span> <span class='ocrx_word' id='word_1_581' title='bbox 895 1491 964 1517; x_wconf 69' lang='grc' dir='ltr'>κατὰ</span> <span class='ocrx_word' id='word_1_582' title='bbox 977 1501 998 1530; x_wconf 81' lang='lat' dir='ltr'>c</span> <span class='ocrx_word' id='word_1_583' title='bbox 1016 1501 1138 1526; x_wconf 84' lang='lat' dir='ltr'><strong>servant,</strong></span> <span class='ocrx_word' id='word_1_584' title='bbox 1152 1500 1177 1523; x_wconf 86' lang='lat' dir='ltr'><strong>et</strong></span> <span class='ocrx_word' id='word_1_585' title='bbox 1191 1500 1283 1530; x_wconf 89' lang='lat' dir='ltr'><strong>postea</strong></span> <span class='ocrx_word' id='word_1_586' title='bbox 1297 1504 1349 1523; x_wconf 88' lang='lat' dir='ltr'><strong>non</strong></span> <span class='ocrx_word' id='word_1_587' title='bbox 1361 1504 1431 1531; x_wconf 69' lang='lat' dir='ltr'><strong>aegre</strong></span> <span class='ocrx_word' id='word_1_588' title='bbox 1444 1496 1543 1527; x_wconf 87' lang='lat' dir='ltr'><strong>ferunt,</strong></span> <span class='ocrx_word' id='word_1_589' title='bbox 1555 1505 1643 1532; x_wconf 83' lang='lat' dir='ltr'><strong>neque</strong></span> <span class='ocrx_word' id='word_1_590' title='bbox 1655 1502 1801 1532; x_wconf 79' lang='lat' dir='ltr'><strong>anguntur.</strong></span> 
     </span>
    </p>
   </div>
   <div class='ocr_carea' id='block_1_78' title="bbox 1016 1541 1802 1577">
    <p class='ocr_par' dir='ltr' id='par_1_78' title="bbox 1016 1541 1802 1577">
     <span class='ocr_line' id='line_1_78' title="bbox 1016 1541 1802 1577; baseline 0.003 -9"><span class='ocrx_word' id='word_1_591' title='bbox 1016 1542 1087 1576; x_wconf 85' lang='lat' dir='ltr'><strong>quod</strong></span> <span class='ocrx_word' id='word_1_592' title='bbox 1102 1549 1129 1568; x_wconf 88' lang='lat' dir='ltr'><strong>et</strong></span> <span class='ocrx_word' id='word_1_593' title='bbox 1146 1541 1180 1569; x_wconf 88' lang='lat' dir='ltr'><strong>de</strong></span> <span class='ocrx_word' id='word_1_594' title='bbox 1194 1550 1277 1569; x_wconf 85' lang='lat' dir='ltr'><strong>curru</strong></span> <span class='ocrx_word' id='word_1_595' title='bbox 1292 1541 1496 1574; x_wconf 79' lang='lat' dir='ltr'><strong>descenderint,</strong></span> <span class='ocrx_word' id='word_1_596' title='bbox 1511 1545 1538 1569; x_wconf 90' lang='lat' dir='ltr'><strong>et</strong></span> <span class='ocrx_word' id='word_1_597' title='bbox 1557 1542 1664 1569; x_wconf 86' lang='lat' dir='ltr'><strong>habitus</strong></span> <span class='ocrx_word' id='word_1_598' title='bbox 1681 1542 1747 1577; x_wconf 84' lang='lat' dir='ltr'><strong>ipsis</strong></span> <span class='ocrx_word' id='word_1_599' title='bbox 1757 1542 1802 1570; x_wconf 89' lang='lat' dir='ltr'><strong>de-</strong></span> 
     </span>
    </p>
   </div>
   <div class='ocr_carea' id='block_1_79' title="bbox 1016 1588 1804 1624">
    <p class='ocr_par' dir='ltr' id='par_1_79' title="bbox 1016 1588 1804 1624">
     <span class='ocr_line' id='line_1_79' title="bbox 1016 1588 1804 1624; baseline 0.003 -10"><span class='ocrx_word' id='word_1_600' title='bbox 1016 1588 1140 1615; x_wconf 85' lang='lat' dir='ltr'><strong>trahatur</strong></span> <span class='ocrx_word' id='word_1_601' title='bbox 1155 1592 1181 1614; x_wconf 88' lang='lat' dir='ltr'><strong>et</strong></span> <span class='ocrx_word' id='word_1_602' title='bbox 1196 1588 1341 1615; x_wconf 81' lang='lat' dir='ltr'><strong>adimatur.</strong></span> <span class='ocrx_word' id='word_1_603' title='bbox 1368 1589 1401 1614; x_wconf 82' lang='lat' dir='ltr'><strong>At</strong></span> <span class='ocrx_word' id='word_1_604' title='bbox 1419 1588 1455 1614; x_wconf 92' lang='lat' dir='ltr'><strong>illi</strong></span> <span class='ocrx_word' id='word_1_605' title='bbox 1469 1588 1515 1622; x_wconf 91' lang='lat' dir='ltr'><strong>qui</strong></span> <span class='ocrx_word' id='word_1_606' title='bbox 1531 1595 1579 1623; x_wconf 87' lang='lat' dir='ltr'><strong>per</strong></span> <span class='ocrx_word' id='word_1_607' title='bbox 1594 1595 1699 1624; x_wconf 86' lang='lat' dir='ltr'><strong>tempus</strong></span> <span class='ocrx_word' id='word_1_608' title='bbox 1721 1590 1804 1624; x_wconf 79' lang='lat' dir='ltr'><strong>magi-</strong></span> 
     </span>
    </p>
   </div>
   <div class='ocr_carea' id='block_1_80' title="bbox 1016 1633 1803 1668">
    <p class='ocr_par' dir='ltr' id='par_1_80' title="bbox 1016 1633 1803 1668">
     <span class='ocr_line' id='line_1_80' title="bbox 1016 1633 1803 1668; baseline 0 -7"><span class='ocrx_word' id='word_1_609' title='bbox 1016 1637 1118 1661; x_wconf 84' lang='lat' dir='ltr'><strong>stratus</strong></span> <span class='ocrx_word' id='word_1_610' title='bbox 1141 1641 1268 1668; x_wconf 90' lang='lat' dir='ltr'><strong>pompam</strong></span> <span class='ocrx_word' id='word_1_611' title='bbox 1290 1633 1317 1660; x_wconf 91' lang='lat' dir='ltr'><strong>in</strong></span> <span class='ocrx_word' id='word_1_612' title='bbox 1341 1641 1423 1661; x_wconf 89' lang='lat' dir='ltr'><strong>scena</strong></span> <span class='ocrx_word' id='word_1_613' title='bbox 1449 1634 1510 1661; x_wconf 67' lang='lat' dir='ltr'><strong>vitae</strong></span> <span class='ocrx_word' id='word_1_614' title='bbox 1529 1633 1642 1667; x_wconf 89' lang='lat' dir='ltr'><strong>ducunt,</strong></span> <span class='ocrx_word' id='word_1_615' title='bbox 1662 1642 1749 1668; x_wconf 84' lang='lat' dir='ltr'><strong>neque</strong></span> <span class='ocrx_word' id='word_1_616' title='bbox 1766 1635 1803 1666; x_wconf 85' lang='lat' dir='ltr'><strong>id,</strong></span> 
     </span>
    </p>
   </div>
   <div class='ocr_carea' id='block_1_81' title="bbox 1015 1678 1805 1715">
    <p class='ocr_par' dir='ltr' id='par_1_81' title="bbox 1015 1678 1805 1715">
     <span class='ocr_line' id='line_1_81' title="bbox 1015 1678 1805 1715; baseline 0.003 -11"><span class='ocrx_word' id='word_1_617' title='bbox 1015 1678 1088 1713; x_wconf 87' lang='lat' dir='ltr'><strong>quod</strong></span> <span class='ocrx_word' id='word_1_618' title='bbox 1103 1679 1184 1713; x_wconf 80' lang='lat' dir='ltr'><strong>paulo</strong></span> <span class='ocrx_word' id='word_1_619' title='bbox 1203 1683 1265 1705; x_wconf 88' lang='lat' dir='ltr'><strong>ante</strong></span> <span class='ocrx_word' id='word_1_620' title='bbox 1285 1679 1434 1713; x_wconf 66' lang='lat' dir='ltr'><strong>praeteriit,</strong></span> <span class='ocrx_word' id='word_1_621' title='bbox 1455 1687 1542 1714; x_wconf 87' lang='lat' dir='ltr'><strong>neque</strong></span> <span class='ocrx_word' id='word_1_622' title='bbox 1559 1680 1631 1715; x_wconf 89' lang='lat' dir='ltr'><strong>quod</strong></span> <span class='ocrx_word' id='word_1_623' title='bbox 1648 1680 1726 1714; x_wconf 91' lang='lat' dir='ltr'><strong>paulo</strong></span> <span class='ocrx_word' id='word_1_624' title='bbox 1745 1686 1805 1714; x_wconf 85' lang='lat' dir='ltr'><strong>post</strong></span> 
     </span>
    </p>
   </div>
   <div class='ocr_carea' id='block_1_82' title="bbox 1016 1716 1806 1758">
    <p class='ocr_par' dir='ltr' id='par_1_82' title="bbox 1016 1716 1806 1758">
     <span class='ocr_line' id='line_1_82' title="bbox 1016 1716 1806 1758; baseline 0.003 -8"><span class='ocrx_word' id='word_1_625' title='bbox 1016 1724 1141 1758; x_wconf 84' lang='lat' dir='ltr'><strong>sequitur</strong></span> <span class='ocrx_word' id='word_1_626' title='bbox 1149 1727 1320 1758; x_wconf 86' lang='lat' dir='ltr'><strong>reputantes,</strong></span> <span class='ocrx_word' id='word_1_627' title='bbox 1332 1724 1562 1758; x_wconf 85' lang='lat' dir='ltr'><strong>quemadmodum</strong></span> <span class='ocrx_word' id='word_1_628' title='bbox 1575 1721 1654 1751; x_wconf 68' lang='lat' dir='ltr'><strong>bullae</strong></span> <span class='ocrx_word' id='word_1_629' title='bbox 1667 1716 1806 1752; x_wconf 79' lang='lat' dir='ltr'><strong>inflatione</strong></span> 
     </span>
    </p>
   </div>
   <div class='ocr_carea' id='block_1_83' title="bbox 1017 1769 1806 1806">
    <p class='ocr_par' dir='ltr' id='par_1_83' title="bbox 1017 1769 1806 1806">
     <span class='ocr_line' id='line_1_83' title="bbox 1017 1769 1806 1806; baseline 0.001 -10"><span class='ocrx_word' id='word_1_630' title='bbox 1017 1769 1196 1796; x_wconf 88' lang='lat' dir='ltr'><strong>intenduntur</strong></span> <span class='ocrx_word' id='word_1_631' title='bbox 1214 1773 1240 1796; x_wconf 91' lang='lat' dir='ltr'><strong>et</strong></span> <span class='ocrx_word' id='word_1_632' title='bbox 1256 1769 1458 1797; x_wconf 88' lang='lat' dir='ltr'><strong>intumescunt:</strong></span> <span class='ocrx_word' id='word_1_633' title='bbox 1486 1769 1581 1796; x_wconf 89' lang='lat' dir='ltr'><strong>eodem</strong></span> <span class='ocrx_word' id='word_1_634' title='bbox 1600 1771 1679 1798; x_wconf 88' lang='lat' dir='ltr'><strong>modo</strong></span> <span class='ocrx_word' id='word_1_635' title='bbox 1695 1770 1722 1797; x_wconf 93' lang='lat' dir='ltr'><strong>hi</strong></span> <span class='ocrx_word' id='word_1_636' title='bbox 1738 1778 1806 1806; x_wconf 86' lang='lat' dir='ltr'><strong>quo-</strong></span> 
     </span>
    </p>
   </div>
   <div class='ocr_carea' id='block_1_84' title="bbox 1016 1813 1806 1849">
    <p class='ocr_par' dir='ltr' id='par_1_84' title="bbox 1016 1813 1806 1849">
     <span class='ocr_line' id='line_1_84' title="bbox 1016 1813 1806 1849; baseline 0.003 -9"><span class='ocrx_word' id='word_1_637' title='bbox 1016 1822 1069 1849; x_wconf 85' lang='lat' dir='ltr'><strong>que</strong></span> <span class='ocrx_word' id='word_1_638' title='bbox 1084 1814 1117 1840; x_wconf 91' lang='lat' dir='ltr'><strong>ad</strong></span> <span class='ocrx_word' id='word_1_639' title='bbox 1131 1813 1322 1845; x_wconf 75' lang='lat' dir='ltr'><strong>claritudinem</strong></span> <span class='ocrx_word' id='word_1_640' title='bbox 1336 1814 1411 1840; x_wconf 77' lang='lat' dir='ltr'><strong>voris</strong></span> <span class='ocrx_word' id='word_1_641' title='bbox 1423 1814 1556 1848; x_wconf 64' lang='lat' dir='ltr'><strong>prwconis</strong></span> <span class='ocrx_word' id='word_1_642' title='bbox 1570 1814 1765 1846; x_wconf 83' lang='lat' dir='ltr'><strong>intumescunt.</strong></span> <span class='ocrx_word' id='word_1_643' title='bbox 1779 1821 1806 1842; x_wconf 83' lang='lat' dir='ltr'><strong>ct</strong></span> 
     </span>
    </p>
   </div>
   <div class='ocr_carea' id='block_1_85' title="bbox 1016 1859 1805 1895">
    <p class='ocr_par' dir='ltr' id='par_1_85' title="bbox 1016 1859 1805 1895">
     <span class='ocr_line' id='line_1_85' title="bbox 1016 1859 1805 1895; baseline 0.004 -9"><span class='ocrx_word' id='word_1_644' title='bbox 1016 1860 1132 1894; x_wconf 85' lang='lat' dir='ltr'><strong>alicujus</strong></span> <span class='ocrx_word' id='word_1_645' title='bbox 1150 1859 1246 1887; x_wconf 67' lang='lat' dir='ltr'><strong>alienae</strong></span> <span class='ocrx_word' id='word_1_646' title='bbox 1264 1867 1391 1895; x_wconf 72' lang='lat' dir='ltr'><strong>persona:</strong></span> <span class='ocrx_word' id='word_1_647' title='bbox 1411 1860 1527 1887; x_wconf 82' lang='lat' dir='ltr'><strong>formam</strong></span> <span class='ocrx_word' id='word_1_648' title='bbox 1548 1860 1599 1887; x_wconf 87' lang='lat' dir='ltr'><strong>sibi</strong></span> <span class='ocrx_word' id='word_1_649' title='bbox 1616 1865 1739 1893; x_wconf 87' lang='lat' dir='ltr'><strong>sumunt,</strong></span> <span class='ocrx_word' id='word_1_650' title='bbox 1755 1869 1805 1890; x_wconf 80' lang='lat' dir='ltr'><strong>na-</strong></span> 
     </span>
    </p>
   </div>
   <div class='ocr_carea' id='block_1_86' title="bbox 1016 1904 1805 1938">
    <p class='ocr_par' dir='ltr' id='par_1_86' title="bbox 1016 1904 1805 1938">
     <span class='ocr_line' id='line_1_86' title="bbox 1016 1904 1805 1938; baseline 0.004 -8"><span class='ocrx_word' id='word_1_651' title='bbox 1016 1904 1129 1931; x_wconf 90' lang='lat' dir='ltr'><strong>turalem</strong></span> <span class='ocrx_word' id='word_1_652' title='bbox 1147 1905 1268 1932; x_wconf 89' lang='lat' dir='ltr'><strong>habitum</strong></span> <span class='ocrx_word' id='word_1_653' title='bbox 1281 1905 1374 1932; x_wconf 87' lang='lat' dir='ltr'><strong>vultus</strong></span> <span class='ocrx_word' id='word_1_654' title='bbox 1387 1909 1535 1938; x_wconf 86' lang='lat' dir='ltr'><strong>mutantes,</strong></span> <span class='ocrx_word' id='word_1_655' title='bbox 1551 1910 1578 1933; x_wconf 86' lang='lat' dir='ltr'><strong>et</strong></span> <span class='ocrx_word' id='word_1_656' title='bbox 1593 1906 1620 1933; x_wconf 95' lang='lat' dir='ltr'><strong>in</strong></span> <span class='ocrx_word' id='word_1_657' title='bbox 1633 1906 1805 1934; x_wconf 84' lang='lat' dir='ltr'><strong>severitatem</strong></span> 
     </span>
    </p>
   </div>
   <div class='ocr_carea' id='block_1_87' title="bbox 1016 1952 1806 1987">
    <p class='ocr_par' dir='ltr' id='par_1_87' title="bbox 1016 1952 1806 1987">
     <span class='ocr_line' id='line_1_87' title="bbox 1016 1952 1806 1987; baseline 0.004 -11"><span class='ocrx_word' id='word_1_658' title='bbox 1016 1954 1097 1985; x_wconf 88' lang='lat' dir='ltr'><strong>atque</strong></span> <span class='ocrx_word' id='word_1_659' title='bbox 1112 1955 1242 1978; x_wconf 86' lang='lat' dir='ltr'><strong>terrorem</strong></span> <span class='ocrx_word' id='word_1_660' title='bbox 1253 1956 1459 1986; x_wconf 83' lang='lat' dir='ltr'><strong>componentes,</strong></span> <span class='ocrx_word' id='word_1_661' title='bbox 1469 1958 1608 1986; x_wconf 86' lang='lat' dir='ltr'><strong>sonusque</strong></span> <span class='ocrx_word' id='word_1_662' title='bbox 1624 1952 1658 1979; x_wconf 83' lang='lat' dir='ltr'><strong>ab</strong></span> <span class='ocrx_word' id='word_1_663' title='bbox 1677 1952 1717 1980; x_wconf 89' lang='lat' dir='ltr'><strong>eis</strong></span> <span class='ocrx_word' id='word_1_664' title='bbox 1729 1959 1806 1987; x_wconf 45' lang='lat' dir='ltr'><strong>aspc‘</strong></span> 
     </span>
    </p>
   </div>
   <div class='ocr_carea' id='block_1_88' title="bbox 1017 1995 1804 2027">
    <p class='ocr_par' dir='ltr' id='par_1_88' title="bbox 1017 1995 1804 2027">
     <span class='ocr_line' id='line_1_88' title="bbox 1017 1995 1804 2027; baseline 0.008 -6"><span class='ocrx_word' id='word_1_665' title='bbox 1017 1996 1072 2022; x_wconf 89' lang='lat' dir='ltr'><strong>rior</strong></span> <span class='ocrx_word' id='word_1_666' title='bbox 1097 1995 1130 2022; x_wconf 90' lang='lat' dir='ltr'><strong>ad</strong></span> <span class='ocrx_word' id='word_1_667' title='bbox 1153 1995 1320 2023; x_wconf 90' lang='lat' dir='ltr'><strong>audientium</strong></span> <span class='ocrx_word' id='word_1_668' title='bbox 1339 1997 1550 2025; x_wconf 83' lang='lat' dir='ltr'><strong>concussionem</strong></span> <span class='ocrx_word' id='word_1_669' title='bbox 1574 2003 1600 2025; x_wconf 89' lang='lat' dir='ltr'><strong>et</strong></span> <span class='ocrx_word' id='word_1_670' title='bbox 1615 1999 1757 2027; x_wconf 83' lang='lat' dir='ltr'><strong>horrorem</strong></span> <span class='ocrx_word' id='word_1_671' title='bbox 1776 1999 1804 2027; x_wconf 90' lang='lat' dir='ltr'><strong>in</strong></span> 
     </span>
    </p>
   </div>
   <div class='ocr_carea' id='block_1_89' title="bbox 1017 2041 1807 2080">
    <p class='ocr_par' dir='ltr' id='par_1_89' title="bbox 1017 2041 1807 2080">
     <span class='ocr_line' id='line_1_89' title="bbox 1017 2041 1807 2080; baseline 0.008 -13"><span class='ocrx_word' id='word_1_672' title='bbox 1017 2041 1150 2068; x_wconf 83' lang='lat' dir='ltr'><strong>feritatem</strong></span> <span class='ocrx_word' id='word_1_673' title='bbox 1180 2046 1378 2069; x_wconf 83' lang='lat' dir='ltr'><strong>lransmutalus</strong></span> <span class='ocrx_word' id='word_1_674' title='bbox 1400 2043 1582 2078; x_wconf 74' lang='lat' dir='ltr'><strong>exeogitatur,</strong></span> <span class='ocrx_word' id='word_1_675' title='bbox 1609 2052 1662 2072; x_wconf 86' lang='lat' dir='ltr'><strong>non</strong></span> <span class='ocrx_word' id='word_1_676' title='bbox 1689 2045 1807 2080; x_wconf 87' lang='lat' dir='ltr'><strong>amplius</strong></span> 
     </span>
    </p>
   </div>
   <div class='ocr_carea' id='block_1_90' title="bbox 1017 2086 1807 2121">
    <p class='ocr_par' dir='ltr' id='par_1_90' title="bbox 1017 2086 1807 2121">
     <span class='ocr_line' id='line_1_90' title="bbox 1017 2086 1807 2121; baseline 0.006 -8"><span class='ocrx_word' id='word_1_677' title='bbox 1017 2088 1088 2113; x_wconf 88' lang='lat' dir='ltr'><strong>intra</strong></span> <span class='ocrx_word' id='word_1_678' title='bbox 1107 2087 1239 2114; x_wconf 87' lang='lat' dir='ltr'><strong>terminos</strong></span> <span class='ocrx_word' id='word_1_679' title='bbox 1264 2086 1398 2115; x_wconf 88' lang='lat' dir='ltr'><strong>humanos</strong></span> <span class='ocrx_word' id='word_1_680' title='bbox 1414 2096 1443 2115; x_wconf 85' lang='lat' dir='ltr'><strong>se</strong></span> <span class='ocrx_word' id='word_1_681' title='bbox 1460 2089 1612 2121; x_wconf 84' lang='lat' dir='ltr'><strong>continent.</strong></span> <span class='ocrx_word' id='word_1_682' title='bbox 1634 2087 1680 2117; x_wconf 83' lang='lat' dir='ltr'><strong>sed</strong></span> <span class='ocrx_word' id='word_1_683' title='bbox 1694 2090 1722 2117; x_wconf 93' lang='lat' dir='ltr'><strong>in</strong></span> <span class='ocrx_word' id='word_1_684' title='bbox 1737 2091 1807 2118; x_wconf 28' lang='lat' dir='ltr'><strong>divis</strong></span> 
     </span>
    </p>
   </div>
   <div class='ocr_carea' id='block_1_91' title="bbox 1017 2132 1808 2170">
    <p class='ocr_par' dir='ltr' id='par_1_91' title="bbox 1017 2132 1808 2170">
     <span class='ocr_line' id='line_1_91' title="bbox 1017 2132 1808 2170; baseline 0.006 -12"><span class='ocrx_word' id='word_1_685' title='bbox 1017 2139 1078 2158; x_wconf 88' lang='lat' dir='ltr'><strong>nam</strong></span> <span class='ocrx_word' id='word_1_686' title='bbox 1105 2136 1133 2159; x_wconf 89' lang='lat' dir='ltr'><strong>et</strong></span> <span class='ocrx_word' id='word_1_687' title='bbox 1160 2132 1308 2166; x_wconf 85' lang='lat' dir='ltr'><strong>potentiam</strong></span> <span class='ocrx_word' id='word_1_688' title='bbox 1336 2137 1363 2160; x_wconf 87' lang='lat' dir='ltr'><strong>et</strong></span> <span class='ocrx_word' id='word_1_689' title='bbox 1386 2139 1547 2168; x_wconf 88' lang='lat' dir='ltr'><strong>potestatem</strong></span> <span class='ocrx_word' id='word_1_690' title='bbox 1576 2143 1604 2162; x_wconf 89' lang='lat' dir='ltr'><strong>se</strong></span> <span class='ocrx_word' id='word_1_691' title='bbox 1629 2136 1756 2170; x_wconf 77' lang='lat' dir='ltr'><strong>ingerunt</strong></span> <span class='ocrx_word' id='word_1_692' title='bbox 1782 2141 1808 2163; x_wconf 87' lang='lat' dir='ltr'><strong>et</strong></span> 
     </span>
    </p>
   </div>
   <div class='ocr_carea' id='block_1_92' title="bbox 182 2165 963 2216">
    <p class='ocr_par' dir='ltr' id='par_1_92' title="bbox 182 2165 963 2210">
     <span class='ocr_line' id='line_1_92' title="bbox 182 2165 963 2210; baseline 0.017 -21"><span class='ocrx_word' id='word_1_693' title='bbox 182 2172 248 2197; x_wconf 81' lang='grc' dir='ltr'>φους</span> <span class='ocrx_word' id='word_1_694' title='bbox 267 2165 486 2200; x_wconf 77' lang='grc' dir='ltr'>ἐκκομισθέντας,</span> <span class='ocrx_word' id='word_1_695' title='bbox 502 2168 543 2202; x_wconf 76' lang='grc' dir='ltr'><strong>ἐφ’</strong></span> <span class='ocrx_word' id='word_1_696' title='bbox 557 2166 594 2195; x_wconf 86' lang='grc' dir='ltr'>ὧν</span> <span class='ocrx_word' id='word_1_697' title='bbox 609 2171 621 2196; x_wconf 74' lang='grc' dir='ltr'>ὁ</span> <span class='ocrx_word' id='word_1_698' title='bbox 635 2169 732 2205; x_wconf 78' lang='grc' dir='ltr'>θρῆνος</span> <span class='ocrx_word' id='word_1_699' title='bbox 747 2173 794 2204; x_wconf 79' lang='grc' dir='ltr'>τὰς</span> <span class='ocrx_word' id='word_1_700' title='bbox 811 2173 863 2200; x_wconf 86' lang='grc' dir='ltr'>τῶν</span> <span class='ocrx_word' id='word_1_701' title='bbox 879 2176 963 2210; x_wconf 77' lang='grc' dir='ltr'>κηρύ-</span> 
     </span>
    </p>
   </div>
   <div class='ocr_carea' id='block_1_93' title="bbox 1016 2165 1803 2216">
    <p class='ocr_par' dir='ltr' id='par_1_93' title="bbox 1019 2165 1803 2216">
     <span class='ocr_line' id='line_1_93' title="bbox 1019 2165 1803 2216; baseline 0.006 -12"><span class='ocrx_word' id='word_1_702' title='bbox 1019 2165 1171 2205; x_wconf 75' lang='lat' dir='ltr'><strong>intrudunt.</strong></span> <span class='ocrx_word' id='word_1_703' title='bbox 1189 2177 1256 2205; x_wconf 86' lang='lat' dir='ltr'><strong>Nam</strong></span> <span class='ocrx_word' id='word_1_704' title='bbox 1269 2178 1329 2206; x_wconf 59' lang='lat' dir='ltr'><strong>vita:</strong></span> <span class='ocrx_word' id='word_1_705' title='bbox 1343 2179 1474 2214; x_wconf 85' lang='lat' dir='ltr'><strong>necisque</strong></span> <span class='ocrx_word' id='word_1_706' title='bbox 1485 2188 1514 2208; x_wconf 83' lang='lat' dir='ltr'><strong>se</strong></span> <span class='ocrx_word' id='word_1_707' title='bbox 1526 2165 1685 2216; x_wconf 75' lang='lat' dir='ltr'><strong>potestatem</strong></span> <span class='ocrx_word' id='word_1_708' title='bbox 1704 2182 1803 2210; x_wconf 85' lang='lat' dir='ltr'><strong>habere</strong></span> 
     </span>
    </p>
   </div>
   <div class='ocr_carea' id='block_1_94' title="bbox 182 2211 501 2244">
    <p class='ocr_par' dir='ltr' id='par_1_94' title="bbox 182 2211 501 2244">
     <span class='ocr_line' id='line_1_94' title="bbox 182 2211 501 2244; baseline 0.009 -9"><span class='ocrx_word' id='word_1_709' title='bbox 182 2217 238 2236; x_wconf 83' lang='grc' dir='ltr'><strong>κων</strong></span> <span class='ocrx_word' id='word_1_710' title='bbox 252 2211 344 2244; x_wconf 76' lang='grc' dir='ltr'>φωνὰς</span> <span class='ocrx_word' id='word_1_711' title='bbox 357 2211 501 2244; x_wconf 76' lang='grc' dir='ltr'>διεδέξατο.</span> 
     </span>
    </p>
   </div>
   <div class='ocr_carea' id='block_1_95' title="bbox 1019 2223 1808 2261">
    <p class='ocr_par' dir='ltr' id='par_1_95' title="bbox 1019 2223 1808 2261">
     <span class='ocr_line' id='line_1_95' title="bbox 1019 2223 1808 2261; baseline 0.005 -11"><span class='ocrx_word' id='word_1_712' title='bbox 1019 2223 1144 2255; x_wconf 86' lang='lat' dir='ltr'><strong>credunt,</strong></span> <span class='ocrx_word' id='word_1_713' title='bbox 1167 2223 1239 2258; x_wconf 88' lang='lat' dir='ltr'><strong>quod</strong></span> <span class='ocrx_word' id='word_1_714' title='bbox 1255 2231 1287 2251; x_wconf 80' lang='lat' dir='ltr'><strong>ex</strong></span> <span class='ocrx_word' id='word_1_715' title='bbox 1306 2224 1340 2252; x_wconf 92' lang='lat' dir='ltr'><strong>iis</strong></span> <span class='ocrx_word' id='word_1_716' title='bbox 1362 2226 1408 2260; x_wconf 90' lang='lat' dir='ltr'><strong>qui</strong></span> <span class='ocrx_word' id='word_1_717' title='bbox 1423 2233 1523 2254; x_wconf 85' lang='lat' dir='ltr'><strong>causas</strong></span> <span class='ocrx_word' id='word_1_718' title='bbox 1552 2227 1622 2261; x_wconf 87' lang='lat' dir='ltr'><strong>apud</strong></span> <span class='ocrx_word' id='word_1_719' title='bbox 1640 2235 1687 2255; x_wconf 89' lang='lat' dir='ltr'><strong>eos</strong></span> <span class='ocrx_word' id='word_1_720' title='bbox 1704 2224 1808 2259; x_wconf 87' lang='lat' dir='ltr'><strong>dicunt,</strong></span> 
     </span>
    </p>
   </div>
   <div class='ocr_carea' id='block_1_96' title="bbox 183 2256 1808 2308">
    <p class='ocr_par' dir='ltr' id='par_1_96' title="bbox 183 2256 1808 2308">
     <span class='ocr_line' id='line_1_96' title="bbox 183 2256 1808 2308; baseline 0.011 -26"><span class='ocrx_word' id='word_1_721' title='bbox 183 2256 268 2308; x_wconf 75' lang='lat' dir='ltr'><strong>alium</strong></span> <span class='ocrx_word' id='word_1_722' title='bbox 301 2258 409 2292; x_wconf 85' lang='lat' dir='ltr'><strong>quidem</strong></span> <span class='ocrx_word' id='word_1_723' title='bbox 433 2261 567 2287; x_wconf 83' lang='lat' dir='ltr'><strong>sententia</strong></span> <span class='ocrx_word' id='word_1_724' title='bbox 592 2269 641 2289; x_wconf 85' lang='lat' dir='ltr'><strong>sua</strong></span> <span class='ocrx_word' id='word_1_725' title='bbox 671 2269 791 2298; x_wconf 83' lang='lat' dir='ltr'><strong>servant,</strong></span> <span class='ocrx_word' id='word_1_726' title='bbox 819 2266 902 2294; x_wconf 89' lang='lat' dir='ltr'><strong>alium</strong></span> <span class='ocrx_word' id='word_1_727' title='bbox 929 2277 994 2297; x_wconf 90' lang='lat' dir='ltr'><strong>vero</strong></span> <span class='ocrx_word' id='word_1_728' title='bbox 1013 2271 1109 2305; x_wconf 87' lang='lat' dir='ltr'><strong>capitis</strong></span> <span class='ocrx_word' id='word_1_729' title='bbox 1133 2270 1327 2297; x_wconf 85' lang='lat' dir='ltr'><strong>condemnant.</strong></span> <span class='ocrx_word' id='word_1_730' title='bbox 1345 2271 1382 2298; x_wconf 91' lang='lat' dir='ltr'><strong>Ac</strong></span> <span class='ocrx_word' id='word_1_731' title='bbox 1397 2279 1431 2298; x_wconf 90' lang='lat' dir='ltr'><strong>ne</strong></span> <span class='ocrx_word' id='word_1_732' title='bbox 1445 2271 1497 2299; x_wconf 89' lang='lat' dir='ltr'><strong>hoc</strong></span> <span class='ocrx_word' id='word_1_733' title='bbox 1511 2272 1619 2307; x_wconf 91' lang='lat' dir='ltr'><strong>quidem</strong></span> <span class='ocrx_word' id='word_1_734' title='bbox 1633 2272 1808 2308; x_wconf 87' lang='lat' dir='ltr'><strong>vident,quis</strong></span> 
     </span>
    </p>
   </div>
   <div class='ocr_carea' id='block_1_97' title="bbox 182 2303 1808 2353">
    <p class='ocr_par' dir='ltr' id='par_1_97' title="bbox 182 2303 1808 2353">
     <span class='ocr_line' id='line_1_97' title="bbox 182 2303 1808 2353; baseline 0.012 -26"><span class='ocrx_word' id='word_1_735' title='bbox 182 2309 245 2353; x_wconf 74' lang='lat' dir='ltr'><strong>vere</strong></span> <span class='ocrx_word' id='word_1_736' title='bbox 262 2303 386 2331; x_wconf 67' lang='lat' dir='ltr'><strong>humana:</strong></span> <span class='ocrx_word' id='word_1_737' title='bbox 404 2305 464 2332; x_wconf 67' lang='lat' dir='ltr'><strong>vitae</strong></span> <span class='ocrx_word' id='word_1_738' title='bbox 478 2310 638 2340; x_wconf 88' lang='lat' dir='ltr'><strong>potestatem</strong></span> <span class='ocrx_word' id='word_1_739' title='bbox 660 2308 774 2342; x_wconf 78' lang='lat' dir='ltr'><strong>habent.</strong></span> <span class='ocrx_word' id='word_1_740' title='bbox 794 2311 919 2340; x_wconf 88' lang='lat' dir='ltr'><strong>videlicet</strong></span> <span class='ocrx_word' id='word_1_741' title='bbox 947 2316 994 2350; x_wconf 89' lang='lat' dir='ltr'><strong>qui</strong></span> <span class='ocrx_word' id='word_1_742' title='bbox 1017 2303 1171 2347; x_wconf 25' lang='lat' dir='ltr'><strong>ctfinitium</strong></span> <span class='ocrx_word' id='word_1_743' title='bbox 1189 2320 1216 2342; x_wconf 93' lang='lat' dir='ltr'><strong>et</strong></span> <span class='ocrx_word' id='word_1_744' title='bbox 1232 2315 1310 2342; x_wconf 84' lang='lat' dir='ltr'><strong>linem</strong></span> <span class='ocrx_word' id='word_1_745' title='bbox 1326 2319 1431 2344; x_wconf 51' lang='lat' dir='ltr'><strong>natura</strong></span> <span class='ocrx_word' id='word_1_746' title='bbox 1446 2303 1544 2344; x_wconf 74' lang='lat' dir='ltr'><strong>statuit</strong></span> <span class='ocrx_word' id='word_1_747' title='bbox 1559 2327 1564 2344; x_wconf 93' lang='lat'><strong>:</strong></span> <span class='ocrx_word' id='word_1_748' title='bbox 1581 2325 1738 2353; x_wconf 82' lang='lat' dir='ltr'><strong>quanquam</strong></span> <span class='ocrx_word' id='word_1_749' title='bbox 1754 2303 1808 2346; x_wconf 82' lang='lat' dir='ltr'><strong>hoc</strong></span> 
     </span>
    </p>
   </div>
   <div class='ocr_carea' id='block_1_98' title="bbox 183 2348 1806 2399">
    <p class='ocr_par' dir='ltr' id='par_1_98' title="bbox 183 2348 1806 2399">
     <span class='ocr_line' id='line_1_98' title="bbox 183 2348 1806 2399; baseline 0.01 -24"><span class='ocrx_word' id='word_1_750' title='bbox 183 2348 270 2399; x_wconf 78' lang='lat' dir='ltr'><strong>solum</strong></span> <span class='ocrx_word' id='word_1_751' title='bbox 286 2352 350 2378; x_wconf 85' lang='lat' dir='ltr'><strong>satis</strong></span> <span class='ocrx_word' id='word_1_752' title='bbox 366 2356 438 2379; x_wconf 81' lang='lat' dir='ltr'><strong>esset</strong></span> <span class='ocrx_word' id='word_1_753' title='bbox 454 2352 486 2378; x_wconf 84' lang='lat' dir='ltr'><strong>ad</strong></span> <span class='ocrx_word' id='word_1_754' title='bbox 501 2353 703 2387; x_wconf 86' lang='lat' dir='ltr'><strong>reprimendum</strong></span> <span class='ocrx_word' id='word_1_755' title='bbox 715 2363 815 2384; x_wconf 88' lang='lat' dir='ltr'><strong>vanum</strong></span> <span class='ocrx_word' id='word_1_756' title='bbox 827 2363 959 2387; x_wconf 90' lang='lat' dir='ltr'><strong>tumorem</strong></span> <span class='ocrx_word' id='word_1_757' title='bbox 981 2366 1062 2396; x_wconf 88' lang='lat' dir='ltr'><strong>atque</strong></span> <span class='ocrx_word' id='word_1_758' title='bbox 1076 2360 1254 2394; x_wconf 83' lang='lat' dir='ltr'><strong>inﬂationem,</strong></span> <span class='ocrx_word' id='word_1_759' title='bbox 1268 2362 1339 2397; x_wconf 86' lang='lat' dir='ltr'><strong>quod</strong></span> <span class='ocrx_word' id='word_1_760' title='bbox 1355 2363 1455 2390; x_wconf 89' lang='lat' dir='ltr'><strong>multos</strong></span> <span class='ocrx_word' id='word_1_761' title='bbox 1467 2363 1656 2397; x_wconf 69' lang='lat' dir='ltr'><strong>magistratum</strong></span> <span class='ocrx_word' id='word_1_762' title='bbox 1671 2369 1806 2399; x_wconf 78' lang='lat' dir='ltr'><strong>gerentes.</strong></span> 
     </span>
    </p>
   </div>
   <div class='ocr_carea' id='block_1_99' title="bbox 182 2395 1806 2446">
    <p class='ocr_par' dir='ltr' id='par_1_99' title="bbox 182 2395 1806 2446">
     <span class='ocr_line' id='line_1_99' title="bbox 182 2395 1806 2446; baseline 0.009 -24"><span class='ocrx_word' id='word_1_763' title='bbox 182 2397 207 2422; x_wconf 85' lang='lat' dir='ltr'><strong>ct</strong></span> <span class='ocrx_word' id='word_1_764' title='bbox 225 2395 251 2421; x_wconf 87' lang='lat' dir='ltr'><strong>in</strong></span> <span class='ocrx_word' id='word_1_765' title='bbox 271 2397 384 2446; x_wconf 72' lang='lat' dir='ltr'><strong>imperio</strong></span> <span class='ocrx_word' id='word_1_766' title='bbox 398 2400 561 2428; x_wconf 68' lang='lat' dir='ltr'><strong>constitutos</strong></span> <span class='ocrx_word' id='word_1_767' title='bbox 576 2400 602 2428; x_wconf 92' lang='lat' dir='ltr'><strong>in</strong></span> <span class='ocrx_word' id='word_1_768' title='bbox 616 2401 674 2436; x_wconf 86' lang='lat' dir='ltr'><strong>ipsa</strong></span> <span class='ocrx_word' id='word_1_769' title='bbox 689 2403 865 2438; x_wconf 77' lang='lat' dir='ltr'><strong>magistratus</strong></span> <span class='ocrx_word' id='word_1_770' title='bbox 885 2414 966 2435; x_wconf 88' lang='lat' dir='ltr'><strong>scena</strong></span> <span class='ocrx_word' id='word_1_771' title='bbox 981 2416 996 2436; x_wconf 87' lang='lat' dir='ltr'><strong>c</strong></span> <span class='ocrx_word' id='word_1_772' title='bbox 1012 2409 1109 2436; x_wconf 88' lang='lat' dir='ltr'><strong>ruediis</strong></span> <span class='ocrx_word' id='word_1_773' title='bbox 1126 2409 1202 2436; x_wconf 87' lang='lat' dir='ltr'><strong>soliis</strong></span> <span class='ocrx_word' id='word_1_774' title='bbox 1219 2414 1244 2436; x_wconf 81' lang='lat' dir='ltr'><strong>ct</strong></span> <span class='ocrx_word' id='word_1_775' title='bbox 1267 2409 1448 2437; x_wconf 88' lang='lat' dir='ltr'><strong>tribunalibus</strong></span> <span class='ocrx_word' id='word_1_776' title='bbox 1464 2413 1566 2444; x_wconf 85' lang='lat' dir='ltr'><strong>raptos,</strong></span> <span class='ocrx_word' id='word_1_777' title='bbox 1585 2414 1610 2437; x_wconf 83' lang='lat' dir='ltr'><strong>et</strong></span> <span class='ocrx_word' id='word_1_778' title='bbox 1629 2410 1661 2436; x_wconf 88' lang='lat' dir='ltr'><strong>ad</strong></span> <span class='ocrx_word' id='word_1_779' title='bbox 1683 2411 1806 2446; x_wconf 83' lang='lat' dir='ltr'><strong>sepulcra</strong></span> 
     </span>
    </p>
   </div>
   <div class='ocr_carea' id='block_1_100' title="bbox 183 2443 1172 2489">
    <p class='ocr_par' dir='ltr' id='par_1_100' title="bbox 183 2443 1172 2489">
     <span class='ocr_line' id='line_1_100' title="bbox 183 2443 1172 2489; baseline 0.013 -22"><span class='ocrx_word' id='word_1_780' title='bbox 183 2445 304 2475; x_wconf 80' lang='lat' dir='ltr'><strong>portatas</strong></span> <span class='ocrx_word' id='word_1_781' title='bbox 322 2443 457 2475; x_wconf 78' lang='lat' dir='ltr'><strong>viderunt,</strong></span> <span class='ocrx_word' id='word_1_782' title='bbox 476 2445 502 2471; x_wconf 93' lang='lat' dir='ltr'><strong>in</strong></span> <span class='ocrx_word' id='word_1_783' title='bbox 516 2446 616 2480; x_wconf 82' lang='lat' dir='ltr'><strong>quibus</strong></span> <span class='ocrx_word' id='word_1_784' title='bbox 640 2447 797 2476; x_wconf 86' lang='lat' dir='ltr'><strong>lamentatio</strong></span> <span class='ocrx_word' id='word_1_785' title='bbox 816 2458 897 2479; x_wconf 83' lang='lat' dir='ltr'><strong>voces</strong></span> <span class='ocrx_word' id='word_1_786' title='bbox 911 2454 1044 2487; x_wconf 73' lang='lat' dir='ltr'><strong>pra-conis</strong></span> <span class='ocrx_word' id='word_1_787' title='bbox 1057 2455 1172 2489; x_wconf 76' lang='lat' dir='ltr'><strong>excepit.</strong></span> 
     </span>
    </p>
   </div>
   <div class='ocr_carea' id='block_1_101' title="bbox 217 2487 967 2530">
    <p class='ocr_par' dir='ltr' id='par_1_101' title="bbox 217 2487 967 2530">
     <span class='ocr_line' id='line_1_101' title="bbox 217 2487 967 2530; baseline 0.016 -17"><span class='ocrx_word' id='word_1_788' title='bbox 217 2488 279 2519; x_wconf 82' lang='grc' dir='ltr'><strong>Πῶς</strong></span> <span class='ocrx_word' id='word_1_789' title='bbox 295 2487 340 2515; x_wconf 78' lang='grc' dir='ltr'><strong>οὖν</strong></span> <span class='ocrx_word' id='word_1_790' title='bbox 354 2489 496 2524; x_wconf 68' lang='grc' dir='ltr'>ἀὶᾶιοτρίας</span> <span class='ocrx_word' id='word_1_791' title='bbox 512 2491 583 2526; x_wconf 81' lang='grc' dir='ltr'>ζωῆς</span> <span class='ocrx_word' id='word_1_792' title='bbox 598 2493 691 2528; x_wconf 83' lang='grc' dir='ltr'>κύριος</span> <span class='ocrx_word' id='word_1_793' title='bbox 714 2495 728 2520; x_wconf 86' lang='grc' dir='ltr'><strong>ὁ</strong></span> <span class='ocrx_word' id='word_1_794' title='bbox 744 2495 792 2530; x_wconf 84' lang='grc' dir='ltr'><strong>τῆς</strong></span> <span class='ocrx_word' id='word_1_795' title='bbox 812 2496 879 2529; x_wconf 81' lang='grc' dir='ltr'>ιδίας</span> <span class='ocrx_word' id='word_1_796' title='bbox 891 2498 967 2526; x_wconf 81' lang='grc' dir='ltr'><strong>ἁλλό-</strong></span> 
     </span>
    </p>
   </div>
   <div class='ocr_carea' id='block_1_102' title="bbox 181 2532 966 2578">
    <p class='ocr_par' dir='ltr' id='par_1_102' title="bbox 181 2532 966 2578">
     <span class='ocr_line' id='line_1_102' title="bbox 181 2532 966 2578; baseline 0.015 -19"><span class='ocrx_word' id='word_1_797' title='bbox 181 2542 272 2569; x_wconf 83' lang='grc' dir='ltr'>τριος;</span> <span class='ocrx_word' id='word_1_798' title='bbox 296 2535 350 2560; x_wconf 84' lang='grc' dir='ltr'>Καὶ</span> <span class='ocrx_word' id='word_1_799' title='bbox 362 2532 439 2567; x_wconf 72' lang='grc' dir='ltr'>οὗτος</span> <span class='ocrx_word' id='word_1_800' title='bbox 454 2537 541 2564; x_wconf 86' lang='grc' dir='ltr'>τοίνυν</span> <span class='ocrx_word' id='word_1_801' title='bbox 561 2538 584 2563; x_wconf 86' lang='grc' dir='ltr'>εἰ</span> <span class='ocrx_word' id='word_1_802' title='bbox 606 2539 739 2574; x_wconf 83' lang='grc' dir='ltr'>πτωχεύει</span> <span class='ocrx_word' id='word_1_803' title='bbox 763 2541 800 2575; x_wconf 85' lang='grc' dir='ltr'>τῷ</span> <span class='ocrx_word' id='word_1_804' title='bbox 822 2544 966 2578; x_wconf 81' lang='grc' dir='ltr'>πνεύματι,</span> 
     </span>
    </p>
   </div>
   <div class='ocr_carea' id='block_1_103' title="bbox 183 2579 966 2623">
    <p class='ocr_par' dir='ltr' id='par_1_103' title="bbox 183 2579 966 2623">
     <span class='ocr_line' id='line_1_103' title="bbox 183 2579 966 2623; baseline 0.017 -19"><span class='ocrx_word' id='word_1_805' title='bbox 183 2579 250 2615; x_wconf 76' lang='grc' dir='ltr'>πρὸς</span> <span class='ocrx_word' id='word_1_806' title='bbox 268 2580 311 2606; x_wconf 82' lang='grc' dir='ltr'><strong>τὸν</strong></span> <span class='ocrx_word' id='word_1_807' title='bbox 332 2580 365 2606; x_wconf 86' lang='grc' dir='ltr'><strong>δι’</strong></span> <span class='ocrx_word' id='word_1_808' title='bbox 385 2582 459 2617; x_wconf 79' lang='grc' dir='ltr'>ἡμᾶς</span> <span class='ocrx_word' id='word_1_809' title='bbox 482 2584 674 2618; x_wconf 82' lang='grc' dir='ltr'>πτωχεύσαντα</span> <span class='ocrx_word' id='word_1_810' title='bbox 698 2586 827 2620; x_wconf 77' lang='grc' dir='ltr'>ἑκουσίως</span> <span class='ocrx_word' id='word_1_811' title='bbox 851 2589 966 2623; x_wconf 78' lang='grc' dir='ltr'>βλέπων,</span> 
     </span>
    </p>
   </div>
   <div class='ocr_carea' id='block_1_104' title="bbox 183 2624 967 2669">
    <p class='ocr_par' dir='ltr' id='par_1_104' title="bbox 183 2624 967 2669">
     <span class='ocr_line' id='line_1_104' title="bbox 183 2624 967 2669; baseline 0.018 -20"><span class='ocrx_word' id='word_1_812' title='bbox 183 2625 228 2650; x_wconf 73' lang='grc' dir='ltr'><strong>καὶ</strong></span> <span class='ocrx_word' id='word_1_813' title='bbox 241 2624 306 2659; x_wconf 77' lang='grc' dir='ltr'>πρὸς</span> <span class='ocrx_word' id='word_1_814' title='bbox 320 2625 351 2652; x_wconf 80' lang='grc' dir='ltr'><strong>τὸ</strong></span> <span class='ocrx_word' id='word_1_815' title='bbox 365 2626 414 2661; x_wconf 83' lang='grc' dir='ltr'>τῆς</span> <span class='ocrx_word' id='word_1_816' title='bbox 429 2626 535 2661; x_wconf 72' lang='grc' dir='ltr'>φύσεως</span> <span class='ocrx_word' id='word_1_817' title='bbox 549 2629 676 2664; x_wconf 80' lang='grc' dir='ltr'>ὁμότιμον</span> <span class='ocrx_word' id='word_1_818' title='bbox 687 2631 819 2668; x_wconf 76' lang='grc' dir='ltr'>καθορῶν,</span> <span class='ocrx_word' id='word_1_819' title='bbox 839 2635 921 2669; x_wconf 74' lang='grc' dir='ltr'>μηδὲν</span> <span class='ocrx_word' id='word_1_820' title='bbox 937 2637 967 2663; x_wconf 81' lang='grc' dir='ltr'><strong>ὲκ</strong></span> 
     </span>
    </p>
   </div>
   <div class='ocr_carea' id='block_1_105' title="bbox 182 2669 968 2714">
    <p class='ocr_par' dir='ltr' id='par_1_105' title="bbox 182 2669 968 2714">
     <span class='ocr_line' id='line_1_105' title="bbox 182 2669 968 2714; baseline 0.015 -19"><span class='ocrx_word' id='word_1_821' title='bbox 182 2669 232 2703; x_wconf 71' lang='grc' dir='ltr'>τῆς</span> <span class='ocrx_word' id='word_1_822' title='bbox 249 2671 427 2706; x_wconf 66' lang='grc' dir='ltr'>ἡπατημένης</span> <span class='ocrx_word' id='word_1_823' title='bbox 451 2673 557 2709; x_wconf 83' lang='grc' dir='ltr'>ἐκείνης</span> <span class='ocrx_word' id='word_1_824' title='bbox 574 2675 637 2710; x_wconf 75' lang='grc' dir='ltr'>περὶ</span> <span class='ocrx_word' id='word_1_825' title='bbox 661 2677 747 2712; x_wconf 81' lang='grc' dir='ltr'>ἀρχὴν</span> <span class='ocrx_word' id='word_1_826' title='bbox 762 2680 913 2714; x_wconf 79' lang='grc' dir='ltr'>τραγῳδίας</span> <span class='ocrx_word' id='word_1_827' title='bbox 928 2683 968 2714; x_wconf 81' lang='grc' dir='ltr'><strong>είς</strong></span> 
     </span>
    </p>
   </div>
   <div class='ocr_carea' id='block_1_106' title="bbox 184 2713 962 2758">
    <p class='ocr_par' dir='ltr' id='par_1_106' title="bbox 184 2713 962 2758">
     <span class='ocr_line' id='line_1_106' title="bbox 184 2713 962 2758; baseline 0.014 -18"><span class='ocrx_word' id='word_1_828' title='bbox 184 2713 214 2740; x_wconf 73' lang='grc' dir='ltr'>τὸ</span> <span class='ocrx_word' id='word_1_829' title='bbox 230 2715 357 2750; x_wconf 80' lang='grc' dir='ltr'>ὁμογενὲς</span> <span class='ocrx_word' id='word_1_830' title='bbox 377 2715 520 2752; x_wconf 74' lang='grc' dir='ltr'>ἑξυὸρίζοι,</span> <span class='ocrx_word' id='word_1_831' title='bbox 543 2719 708 2754; x_wconf 77' lang='grc' dir='ltr'>μακαριστὸς</span> <span class='ocrx_word' id='word_1_832' title='bbox 727 2721 833 2756; x_wconf 77' lang='grc' dir='ltr'>ἀληθῶς</span> <span class='ocrx_word' id='word_1_833' title='bbox 855 2723 905 2758; x_wconf 83' lang='grc' dir='ltr'>τῆς</span> <span class='ocrx_word' id='word_1_834' title='bbox 918 2733 962 2751; x_wconf 84' lang='grc' dir='ltr'>τα-</span> 
     </span>
    </p>
   </div>
   <div class='ocr_carea' id='block_1_107' title="bbox 184 2761 967 2804">
    <p class='ocr_par' dir='ltr' id='par_1_107' title="bbox 184 2761 967 2804">
     <span class='ocr_line' id='line_1_107' title="bbox 184 2761 967 2804; baseline 0.013 -18"><span class='ocrx_word' id='word_1_835' title='bbox 184 2761 395 2796; x_wconf 75' lang='grc' dir='ltr'>πεινοφροσύνης</span> <span class='ocrx_word' id='word_1_836' title='bbox 420 2763 469 2797; x_wconf 85' lang='grc' dir='ltr'><strong>τῆς</strong></span> <span class='ocrx_word' id='word_1_837' title='bbox 491 2764 672 2799; x_wconf 77' lang='grc' dir='ltr'>προσκαίρου,</span> <span class='ocrx_word' id='word_1_838' title='bbox 697 2766 745 2801; x_wconf 76' lang='grc' dir='ltr'><strong>τὴν</strong></span> <span class='ocrx_word' id='word_1_839' title='bbox 770 2768 822 2794; x_wconf 84' lang='grc' dir='ltr'>τῶν</span> <span class='ocrx_word' id='word_1_840' title='bbox 846 2769 967 2804; x_wconf 80' lang='grc' dir='ltr'>οὐρανῶν</span> 
     </span>
    </p>
   </div>
   <div class='ocr_carea' id='block_1_108' title="bbox 185 2805 965 2850">
    <p class='ocr_par' dir='ltr' id='par_1_108' title="bbox 185 2805 965 2850">
     <span class='ocr_line' id='line_1_108' title="bbox 185 2805 965 2850; baseline 0.013 -18"><span class='ocrx_word' id='word_1_841' title='bbox 185 2805 322 2840; x_wconf 76' lang='grc' dir='ltr'>βασιλείαν</span> <span class='ocrx_word' id='word_1_842' title='bbox 344 2807 585 2844; x_wconf 68' lang='grc' dir='ltr'>ἁντειλλαξάμενος.</span> <span class='ocrx_word' id='word_1_843' title='bbox 610 2811 653 2846; x_wconf 74' lang='grc' dir='ltr'><strong>Μὴ</strong></span> <span class='ocrx_word' id='word_1_844' title='bbox 682 2812 835 2848; x_wconf 61' lang='grc' dir='ltr'>ἀποϐἀὶῃς,</span> <span class='ocrx_word' id='word_1_845' title='bbox 858 2816 965 2850; x_wconf 63' lang='grc' dir='ltr'>ἁδελφὲ,</span> 
     </span>
    </p>
   </div>
   <div class='ocr_carea' id='block_1_109' title="bbox 1055 2499 1806 2536">
    <p class='ocr_par' dir='ltr' id='par_1_109' title="bbox 1055 2499 1806 2536">
     <span class='ocr_line' id='line_1_109' title="bbox 1055 2499 1806 2536; baseline 0.004 -9"><span class='ocrx_word' id='word_1_846' title='bbox 1055 2499 1197 2533; x_wconf 85' lang='lat' dir='ltr'><strong>Quomodo</strong></span> <span class='ocrx_word' id='word_1_847' title='bbox 1213 2501 1296 2536; x_wconf 82' lang='lat' dir='ltr'><strong>igitur</strong></span> <span class='ocrx_word' id='word_1_848' title='bbox 1308 2501 1404 2528; x_wconf 70' lang='lat' dir='ltr'><strong>aliena:</strong></span> <span class='ocrx_word' id='word_1_849' title='bbox 1422 2501 1483 2528; x_wconf 77' lang='lat' dir='ltr'><strong>vita:</strong></span> <span class='ocrx_word' id='word_1_850' title='bbox 1499 2505 1660 2536; x_wconf 84' lang='lat' dir='ltr'><strong>potestatem</strong></span> <span class='ocrx_word' id='word_1_851' title='bbox 1675 2502 1755 2529; x_wconf 83' lang='lat' dir='ltr'><strong>habet</strong></span> <span class='ocrx_word' id='word_1_852' title='bbox 1772 2503 1806 2532; x_wconf 84' lang='lat' dir='ltr'><strong>is.</strong></span> 
     </span>
    </p>
   </div>
   <div class='ocr_carea' id='block_1_110' title="bbox 1021 2546 1806 2583">
    <p class='ocr_par' dir='ltr' id='par_1_110' title="bbox 1021 2546 1806 2583">
     <span class='ocr_line' id='line_1_110' title="bbox 1021 2546 1806 2583; baseline 0.005 -11"><span class='ocrx_word' id='word_1_853' title='bbox 1021 2547 1066 2580; x_wconf 90' lang='lat' dir='ltr'><strong>qui</strong></span> <span class='ocrx_word' id='word_1_854' title='bbox 1084 2555 1097 2572; x_wconf 89' lang='lat' dir='ltr'><strong>a</strong></span> <span class='ocrx_word' id='word_1_855' title='bbox 1117 2554 1165 2573; x_wconf 90' lang='lat' dir='ltr'><strong>sua</strong></span> <span class='ocrx_word' id='word_1_856' title='bbox 1185 2547 1270 2582; x_wconf 89' lang='lat' dir='ltr'><strong>ipsius</strong></span> <span class='ocrx_word' id='word_1_857' title='bbox 1286 2547 1341 2573; x_wconf 89' lang='lat' dir='ltr'><strong>vita</strong></span> <span class='ocrx_word' id='word_1_858' title='bbox 1363 2547 1469 2574; x_wconf 87' lang='lat' dir='ltr'><strong>alienus</strong></span> <span class='ocrx_word' id='word_1_859' title='bbox 1484 2547 1549 2574; x_wconf 81' lang='lat' dir='ltr'><strong>est?</strong></span> <span class='ocrx_word' id='word_1_860' title='bbox 1577 2546 1609 2574; x_wconf 87' lang='lat' dir='ltr'><strong>Et</strong></span> <span class='ocrx_word' id='word_1_861' title='bbox 1625 2547 1669 2574; x_wconf 86' lang='lat' dir='ltr'><strong>hic</strong></span> <span class='ocrx_word' id='word_1_862' title='bbox 1690 2548 1772 2583; x_wconf 77' lang='lat' dir='ltr'><strong>igitur</strong></span> <span class='ocrx_word' id='word_1_863' title='bbox 1783 2549 1806 2576; x_wconf 84' lang='lat' dir='ltr'><strong>si</strong></span> 
     </span>
    </p>
   </div>
   <div class='ocr_carea' id='block_1_111' title="bbox 1023 2593 1806 2628">
    <p class='ocr_par' dir='ltr' id='par_1_111' title="bbox 1023 2593 1806 2628">
     <span class='ocr_line' id='line_1_111' title="bbox 1023 2593 1806 2628; baseline 0.004 -10"><span class='ocrx_word' id='word_1_864' title='bbox 1023 2599 1124 2627; x_wconf 78' lang='lat' dir='ltr'><strong>pauper</strong></span> <span class='ocrx_word' id='word_1_865' title='bbox 1139 2597 1180 2620; x_wconf 87' lang='lat' dir='ltr'><strong>est</strong></span> <span class='ocrx_word' id='word_1_866' title='bbox 1201 2593 1308 2628; x_wconf 89' lang='lat' dir='ltr'><strong>spiritu.</strong></span> <span class='ocrx_word' id='word_1_867' title='bbox 1334 2601 1383 2620; x_wconf 87' lang='lat' dir='ltr'><strong>sua</strong></span> <span class='ocrx_word' id='word_1_868' title='bbox 1399 2597 1496 2628; x_wconf 88' lang='lat' dir='ltr'><strong>sponte</strong></span> <span class='ocrx_word' id='word_1_869' title='bbox 1514 2593 1664 2627; x_wconf 87' lang='lat' dir='ltr'><strong>respiciens</strong></span> <span class='ocrx_word' id='word_1_870' title='bbox 1685 2594 1718 2620; x_wconf 88' lang='lat' dir='ltr'><strong>ad</strong></span> <span class='ocrx_word' id='word_1_871' title='bbox 1745 2601 1806 2621; x_wconf 85' lang='lat' dir='ltr'><strong>eum</strong></span> 
     </span>
    </p>
   </div>
   <div class='ocr_carea' id='block_1_112' title="bbox 1022 2637 1807 2673">
    <p class='ocr_par' dir='ltr' id='par_1_112' title="bbox 1022 2637 1807 2673">
     <span class='ocr_line' id='line_1_112' title="bbox 1022 2637 1807 2673; baseline 0.005 -12"><span class='ocrx_word' id='word_1_872' title='bbox 1022 2637 1066 2670; x_wconf 88' lang='lat' dir='ltr'><strong>qui</strong></span> <span class='ocrx_word' id='word_1_873' title='bbox 1085 2641 1195 2672; x_wconf 87' lang='lat' dir='ltr'><strong>propter</strong></span> <span class='ocrx_word' id='word_1_874' title='bbox 1212 2645 1262 2665; x_wconf 88' lang='lat' dir='ltr'><strong>nos</strong></span> <span class='ocrx_word' id='word_1_875' title='bbox 1279 2645 1382 2672; x_wconf 88' lang='lat' dir='ltr'><strong>pauper</strong></span> <span class='ocrx_word' id='word_1_876' title='bbox 1394 2643 1421 2665; x_wconf 90' lang='lat' dir='ltr'><strong>et</strong></span> <span class='ocrx_word' id='word_1_877' title='bbox 1432 2646 1534 2673; x_wconf 78' lang='lat' dir='ltr'><strong>egenus</strong></span> <span class='ocrx_word' id='word_1_878' title='bbox 1547 2638 1606 2669; x_wconf 84' lang='lat' dir='ltr'><strong>fuit,</strong></span> <span class='ocrx_word' id='word_1_879' title='bbox 1620 2645 1807 2665; x_wconf 85' lang='lat' dir='ltr'><strong>communem-</strong></span> 
     </span>
    </p>
   </div>
   <div class='ocr_carea' id='block_1_113' title="bbox 1022 2683 1807 2717">
    <p class='ocr_par' dir='ltr' id='par_1_113' title="bbox 1022 2683 1807 2717">
     <span class='ocr_line' id='line_1_113' title="bbox 1022 2683 1807 2717; baseline 0.004 -9"><span class='ocrx_word' id='word_1_880' title='bbox 1022 2689 1074 2716; x_wconf 90' lang='lat' dir='ltr'><strong>que</strong></span> <span class='ocrx_word' id='word_1_881' title='bbox 1090 2686 1194 2708; x_wconf 66' lang='lat' dir='ltr'><strong>natura‘,</strong></span> <span class='ocrx_word' id='word_1_882' title='bbox 1208 2688 1308 2710; x_wconf 85' lang='lat' dir='ltr'><strong>sortem</strong></span> <span class='ocrx_word' id='word_1_883' title='bbox 1326 2686 1407 2717; x_wconf 86' lang='lat' dir='ltr'><strong>atque</strong></span> <span class='ocrx_word' id='word_1_884' title='bbox 1424 2683 1607 2710; x_wconf 87' lang='lat' dir='ltr'><strong>conditionem</strong></span> <span class='ocrx_word' id='word_1_885' title='bbox 1630 2686 1692 2710; x_wconf 85' lang='lat' dir='ltr'><strong>ante</strong></span> <span class='ocrx_word' id='word_1_886' title='bbox 1713 2684 1807 2712; x_wconf 89' lang='lat' dir='ltr'><strong>oculos</strong></span> 
     </span>
    </p>
   </div>
   <div class='ocr_carea' id='block_1_114' title="bbox 1022 2726 1807 2761">
    <p class='ocr_par' dir='ltr' id='par_1_114' title="bbox 1022 2726 1807 2761">
     <span class='ocr_line' id='line_1_114' title="bbox 1022 2726 1807 2761; baseline 0.005 -9"><span class='ocrx_word' id='word_1_887' title='bbox 1022 2733 1138 2760; x_wconf 85' lang='lat' dir='ltr'><strong>ponens,</strong></span> <span class='ocrx_word' id='word_1_888' title='bbox 1153 2727 1219 2752; x_wconf 86' lang='lat' dir='ltr'><strong>nihil</strong></span> <span class='ocrx_word' id='word_1_889' title='bbox 1245 2727 1472 2755; x_wconf 75' lang='lat' dir='ltr'><strong>contumeliosum</strong></span> <span class='ocrx_word' id='word_1_890' title='bbox 1486 2734 1532 2761; x_wconf 87' lang='lat' dir='ltr'><strong>per</strong></span> <span class='ocrx_word' id='word_1_891' title='bbox 1546 2726 1643 2753; x_wconf 84' lang='lat' dir='ltr'><strong>falsam</strong></span> <span class='ocrx_word' id='word_1_892' title='bbox 1663 2727 1735 2755; x_wconf 89' lang='lat' dir='ltr'><strong>illam</strong></span> <span class='ocrx_word' id='word_1_893' title='bbox 1751 2737 1807 2756; x_wconf 85' lang='lat' dir='ltr'><strong>ma-</strong></span> 
     </span>
    </p>
   </div>
   <div class='ocr_carea' id='block_1_115' title="bbox 1021 2772 1806 2807">
    <p class='ocr_par' dir='ltr' id='par_1_115' title="bbox 1021 2772 1806 2807">
     <span class='ocr_line' id='line_1_115' title="bbox 1021 2772 1806 2807; baseline 0.006 -10"><span class='ocrx_word' id='word_1_894' title='bbox 1021 2772 1152 2806; x_wconf 73' lang='lat' dir='ltr'><strong>gistratus</strong></span> <span class='ocrx_word' id='word_1_895' title='bbox 1176 2772 1335 2807; x_wconf 75' lang='lat' dir='ltr'><strong>tragoediam</strong></span> <span class='ocrx_word' id='word_1_896' title='bbox 1370 2777 1451 2807; x_wconf 88' lang='lat' dir='ltr'><strong>atque</strong></span> <span class='ocrx_word' id='word_1_897' title='bbox 1479 2773 1578 2801; x_wconf 81' lang='lat' dir='ltr'><strong>fastum</strong></span> <span class='ocrx_word' id='word_1_898' title='bbox 1607 2772 1634 2799; x_wconf 94' lang='lat' dir='ltr'><strong>in</strong></span> <span class='ocrx_word' id='word_1_899' title='bbox 1663 2781 1806 2802; x_wconf 84' lang='lat' dir='ltr'><strong>commune</strong></span> 
     </span>
    </p>
   </div>
   <div class='ocr_carea' id='block_1_116' title="bbox 1023 2818 1807 2856">
    <p class='ocr_par' dir='ltr' id='par_1_116' title="bbox 1023 2818 1807 2856">
     <span class='ocr_line' id='line_1_116' title="bbox 1023 2818 1807 2856; baseline 0.005 -12"><span class='ocrx_word' id='word_1_900' title='bbox 1023 2825 1106 2853; x_wconf 78' lang='lat' dir='ltr'><strong>genus</strong></span> <span class='ocrx_word' id='word_1_901' title='bbox 1119 2818 1254 2852; x_wconf 87' lang='lat' dir='ltr'><strong>statuerit,</strong></span> <span class='ocrx_word' id='word_1_902' title='bbox 1265 2825 1327 2845; x_wconf 81' lang='lat' dir='ltr'><strong>vere</strong></span> <span class='ocrx_word' id='word_1_903' title='bbox 1338 2818 1432 2845; x_wconf 82' lang='lat' dir='ltr'><strong>beatus</strong></span> <span class='ocrx_word' id='word_1_904' title='bbox 1443 2818 1632 2851; x_wconf 63' lang='lat' dir='ltr'><strong>aestimandus,</strong></span> <span class='ocrx_word' id='word_1_905' title='bbox 1645 2820 1691 2855; x_wconf 90' lang='lat' dir='ltr'><strong>qui</strong></span> <span class='ocrx_word' id='word_1_906' title='bbox 1704 2825 1807 2856; x_wconf 87' lang='lat' dir='ltr'><strong>tempo-</strong></span> 
     </span>
    </p>
   </div>
  </div>
