1980 3067
184 97 255 126 1Ξο¹Ι

791 98 819 125 S.
839 98 1004 126 GREGORII
1024 99 1170 126 NYSSENI

1739 94 1806 121 1208

186 155 285 182 rariam
296 155 377 182 animi
391 154 582 182 demissionem
597 159 678 190 atque
693 155 872 183 humilitatem
886 163 968 190 regno

1023 157 1124 183 καὶτὸν
1140 157 1233 191 ἕτερον
1248 156 1296 189 τῆς
1321 154 1454 188 πτωχείας
1474 154 1561 187 λόγον,
1583 153 1612 185 ὃς
1627 153 1673 180 τοῦ
1688 154 1748 180 κατ’
1763 155 1807 180 οὐ·

186 200 317 227 caelorum
333 204 475 235 permutet.
491 200 545 228 Nec
560 206 647 228 tamen
664 201 787 233 alteram,
802 202 893 232 frater,
903 209 968 236 pau-

187 243 299 279 pertatis
316 245 449 272 rationem
465 245 585 280 rejici-as,
604 254 664 281 quae
683 247 834 274 caelestium
858 247 968 274 divitia-

186 297 246 316 rum
271 291 441 318 conciliatrix
467 295 519 318 est.
550 291 645 323 Vende,
671 292 769 327 inquit,
795 301 884 320 euntes
910 299 968 320 tuas

185 335 342 369 facultates,
370 341 394 363 et
416 337 450 363 da
464 337 632 371 pauperibus,
651 344 675 365 et
692 339 760 371 veni,
789 347 895 373 sequere
918 348 968 371 me,

184 387 208 408 ει
230 381 335 409 habebis
351 382 502 423 thesaurum
523 384 549 410 in
561 384 632 410 caelis
646 384 679 411 “.
708 385 814 412 Etenim
833 385 968 419 ejusmodi

185 433 329 462 paupertas
349 436 402 455 non
422 429 528 455 videtur
549 429 615 456 mihi
630 429 785 465 discrepare
803 431 837 457 ab
854 439 885 457 ea
906 438 968 464 cge-

186 476 266 505 state,
283 481 343 508 quae
359 474 437 501 beata
449 475 599 509 jutlicatur.
623 475 691 502 Ecce
705 476 825 503 omnibus
845 484 969 510 quwcun-

185 527 233 552 (με
247 518 415 551 habebamus,
428 521 540 553 relictis,
551 522 632 548 secuti
643 529 734 548 sumus
745 526 779 553 te,
788 523 874 556 inquit
885 522 968 549 disci-

186 563 265 596 pulus
290 564 323 590 ad
347 564 503 598 Dominum;
526 566 588 600 quid
608 567 684 601 igitur
713 568 763 593 erit
783 567 858 594 nobis
870 568 911 594 9‘?
938 567 970 593 Et

186 609 258 642 quod
278 613 319 636 est
339 611 517 644 responsum?
542 612 617 638 Beati
633 620 759 646 pauperes
774 614 878 647 spiritu,
903 621 969 648 quo-

188 654 259 680 niam
283 663 372 681 eorum
403 661 441 682 ρει
466 665 571 691 regnum
593 659 726 684 ca’lurum.
751 659 798 686 Vis
823 660 970 694 intelligere

186 700 248 734 quis
263 707 364 735 pauper
378 702 474 736 spiritu
487 703 544 729 sit?
558 705 604 738 qui
617 705 786 739 corporalem
803 705 969 740 opulentiam

187 745 283 772 anima:
298 746 401 774 divitiis
417 752 564 781 permutat.
578 749 623 782 qui
645 753 755 784 propter
767 750 892 784 spiritum
906 758 969 786 ege-

186 796 237 815 nus
253 793 304 820 est,
321 790 367 824 qui
382 794 503 818 terrenas
515 792 624 820 divitias
641 794 721 821 veluti
742 795 880 829 quoddam
898 803 968 822 onus

185 835 316 866 excussit,
336 840 363 862 et
378 836 488 870 abjecit,
505 842 534 864 ut
550 839 675 866 sublimis
694 848 741 874 per
754 848 843 867 aerem
859 849 967 869 sursum

187 881 317 914 rapiatur,
336 886 363 908 nl
386 882 474 917 inquit
491 884 636 918 Apostolus
646 885 680 917 π,
708 887 734 913 in
754 887 820 914 nube
839 897 892 916 una
911 898 969 917 cum

186 925 239 952 Deo
256 934 301 960 per
319 929 433 956 caelestia
462 930 576 956 tendens.
611 930 766 960 Poudcrosa
786 933 909 966 quaedam
926 941 969 961 res

185 975 227 997 ιμι
243 978 349 1003 aurum,
361 980 477 1001 onerosa
492 982 535 1002 res
544 977 633 1003 omnis
646 985 706 1011 qua:
724 977 880 1006 divitiarum
889 987 970 1007 causa

185 1017 336 1049 expetitur;
354 1017 421 1046 levis
431 1026 495 1046 vero
505 1027 549 1048 res
559 1021 681 1056 quaedam
696 1027 722 1050 ct
735 1024 861 1051 sublimia
876 1029 970 1060 petens

185 1065 228 1087 est
244 1061 343 1089 virtus.
365 1062 463 1091 Verum
482 1065 538 1093 haec
557 1067 608 1094 sibi
624 1068 739 1096 invicem
757 1071 881 1105 opposita
894 1075 968 1104 sunt,

185 1105 368 1139 ponderosum
391 1112 418 1135 et
434 1108 501 1138 leve.
531 1110 602 1146 Ergo
624 1113 697 1139 nulla
715 1114 821 1142 ratione
839 1115 905 1142 ellici
922 1124 969 1151 po-

185 1154 238 1178 tcst
254 1156 283 1179 ut
294 1153 362 1181 levis
384 1153 419 1181 sit
440 1154 465 1183 is
480 1157 526 1191 qui
537 1165 597 1185 sese
610 1159 729 1192 pondere
743 1161 862 1187 mater-iw
875 1161 968 1196 attigit.

186 1196 214 1223 Si
230 1197 313 1232 igitur
332 1199 366 1226 ad
391 1207 508 1235 superna
531 1210 580 1230 nos
597 1204 727 1231 accedere
745 1210 860 1240 oportet,
886 1206 921 1233 ab
936 1205 969 1233 iis

184 1242 232 1276 qui
247 1243 374 1271 deorsum
397 1246 509 1274 trahunt
534 1252 560 1274 et
582 1249 676 1283 inopes
693 1253 719 1277 et
732 1251 809 1285 egeni
826 1252 922 1283 simus,
940 1255 969 1286 ut

185 1287 214 1314 in
244 1290 370 1324 supernis
399 1299 551 1320 versemur.
580 1294 648 1326 Quis
676 1300 766 1322 autem
798 1297 834 1323 sit
861 1297 968 1327 modus.

186 1334 338 1367 przescrihit
367 1336 697 1373 psalmodiazDispersit,
725 1341 870 1375 inquiens,
899 1341 969 1368 dedit

184 1378 353 1413 pauperibus,
372 1380 495 1414 justitia,
513 1383 569 1416 ejus
605 1389 691 1411 manet
719 1385 746 1411 in
775 1387 901 1413 saeculum
923 1395 969 1414 so:-

185 1423 239 1449 culi
249 1424 283 1450 ".
295 1423 347 1457 Qui
357 1427 467 1460 pauperi
480 1427 634 1462 impertitus
647 1429 738 1462 fuerit,
748 1431 774 1457 in
786 1436 890 1466 partem
909 1433 969 1467 ejus

1022 202 1101 238 ρανὺν
1111 202 1224 228 πλούτου
1235 201 1362 236 πρόξενος
1374 200 1487 234 γίνεται.
1497 199 1643 232 Πώλησόν
1652 207 1722 227 σου.
1731 200 1805 232 φησὶ.

1020 246 1117 274 πάντα
1128 247 1164 273 τὰ
1177 245 1360 279 ὑπάρχοντα,
1369 244 1416 270 καί
1430 244 1447 269 δ
1450 243 1482 276 ὸς
1499 243 1635 277 πτωχοῖς.
1650 243 1697 269 καὶ
1708 243 1807 275 osi-po,

1019 293 1174 319 ἀκολούθει
1182 301 1240 326 μοι,
1250 292 1299 318 καὶ
1310 289 1547 324 ἓξειςθησαυρὸν
1556 289 1744 323 ὲγοῠρανοῒς.
1754 289 1774 314 Κ
1781 297 1807 314 1-.

1020 337 1074 372 γὰρ
1095 338 1111 372 ἡ
1135 337 1244 372 τοιαύτη
1269 335 1389 371 πτωχεία
1405 335 1477 361 δοκεῖ
1500 343 1544 368 μοι
1572 334 1607 368 μὴ
1632 333 1744 367 ἀπᾴδειν
1759 331 1806 365 τῆς

1021 382 1243 418 μακαριζομένης
1261 382 1406 416 πτωχείας.
1437 379 1509 407 Ἰδοὺ
1529 378 1635 405 πάντα.
1654 377 1712 403 ὅσα
1730 377 1806 410 εἴκοι

1017 437 1085 464 μεν,
1099 429 1224 462 ἀφέντες
1240 426 1489 461 ἠκολουθήσαμέν
1503 434 1562 456 σοι,
1582 425 1648 458 φησὶ
1671 423 1737 458 πρὸς
1762 423 1806 448 τὶν

1020 474 1157 508 Δεσπότην
1170 474 1183 499 ὸ
1199 473 1319 507 μαθητής
1329 480 1335 486 ·
1360 473 1389 498 τι
1403 472 1459 505 ἄρα
1469 472 1553 498 ἔσται
1569 469 1654 503 ἡμῖν;
1671 469 1724 495 Καὶ
1737 468 1776 499 τίς
1789 469 1805 501 ἡ
1820 488 1824 492 .

1020 519 1182 554 ἀπόκρισις,
1205 517 1348 552 Μακάριοι
1369 519 1395 544 oi
1412 516 1521 550 πτωχοὶ
1542 516 1582 547 τῷ
1596 515 1747 547 πνεύματι,
1763 513 1806 538 ὅτι

1020 565 1118 593 αὐτῶν
1141 566 1226 591 ἐστιν
1248 565 1267 598 «ἡ
1292 564 1435 596 βασιλειά
1458 562 1517 589 τῶν
1541 561 1685 595 οὐρανῶν.
1715 560 1806 586 Βούλει

1021 612 1125 646 νοῆσαι,
1149 611 1190 642 τίς
1213 612 1227 636 ὁ
1253 611 1398 645 πτωχεὺων
1420 609 1458 643 τῷ
1480 609 1630 643 meumst;
1659 608 1687 634 Ὀ
1710 608 1806 634 (tvm).—

1021 657 1169 692 λαξάμενος
1191 656 1237 683 τὸν
1260 657 1308 690 τῆς
1330 656 1416 690 ψυχῆς
1441 655 1554 681 πλοῦτον
1575 655 1623 689 τῆς
1650 654 1806 688 σωματικῆς

1021 702 1159 737 εὐπορίας,
1179 702 1193 727 ὀ
1206 701 1250 727 διὰ
1272 701 1302 727 τὸ
1318 700 1425 735 πνεῦμα
1441 699 1598 735 πτωχεύων,
1617 698 1632 724 ὁ
1655 698 1700 724 τὸν
1716 699 1807 733 γήϊνον

1022 747 1134 774 πλοῦτον
1150 744 1204 773 οἷόν
1219 756 1244 772 τι
1260 746 1340 782 βάρος
1354 746 1578 780 ἀποσεισάμενος,
1604 746 1647 771 ἴνα
1664 745 1806 780 μετάρσιος

1021 802 1050 820 τε
1069 793 1115 820 καὶ
1135 793 1328 828 διαέριος,ἄνοι
1342 792 1468 827 φέρηται,
1486 791 1574 822 καθώς
1592 799 1672 825 φησιν
1694 791 1708 816 ὁ
1729 790 1806 816 Ἀπό-

1023 838 1123 869 στο).ος,
1162 838 1215 866 ἐπὶ
1230 837 1360 871 νεφέλης
1378 836 1665 871 συμμετεωροπομῦν
1680 835 1719 868 τῷ
1735 834 1804 867 θεῷ.

1020 883 1093 918 Βαρύ
1109 892 1134 909 τι
1158 879 1251 918 χρῆμα
1266 883 1296 908 τὸ
1320 882 1429 917 χρυσίον
1452 881 1543 913 ἐστὶν,
1568 881 1663 916 βαρεῖα
1694 882 1768 907 πᾶσα
1788 883 1804 915 ὴ

1021 928 1224 963 σπουδαζομένη
1249 927 1318 954 κατὰ
1340 927 1384 954 τὸν
1403 926 1514 953 πλοῦτον
1529 926 1594 961 ὓλη-
1617 926 1718 960 κοῦφον
1737 926 1805 952 δέτι

1020 975 1067 1000 καὶ
1079 973 1216 1008 ἀνωφερὲς
1229 973 1343 1007 πρᾶγμα
1352 973 1370 1006 ή
1384 972 1478 1007 ἀρετή.
1501 971 1580 997 Ἀλλὰ
1593 971 1646 1006 μὴν
1659 971 1807 997 ἀντίκειται

1020 1019 1104 1046 ταῦτα
1128 1018 1261 1053 ἀλλήλοις,
1279 1017 1308 1044 τὸ
1323 1018 1404 1052 βάρος
1427 1018 1473 1043 καὶ
1497 1017 1514 1052 ἡ
1538 1017 1682 1051 κουφότης.
1704 1016 1807 1053 φὺκοῡν

1019 1065 1157 1100 ἀμήχανόν
1172 1073 1231 1091 τινα
1249 1063 1374 1098 γενέσθαι
1397 1063 1507 1096 κοῦφον,
1525 1062 1564 1097 τῷ
1582 1062 1658 1097 βάρει
1676 1062 1725 1097 τῆς
1740 1061 1805 1096 ὕλης

1019 1110 1115 1141 ὲαιθτὺν
1141 1109 1364 1146 προσηλώσαντα.
1383 1108 1414 1134 Et
1427 1106 1473 1134 οὖν
1486 1109 1538 1143 χρὴ
1550 1109 1606 1139 τοῖς
1619 1109 1674 1134 ἄνω
1686 1107 1805 1143 προσϐῆ-

1019 1165 1072 1187 ναι,
1095 1156 1149 1182 τῶν
1174 1155 1248 1182 κάτω
1274 1154 1459 1181 καθελκὸντων
1477 1153 1689 1188 πτωχεύσωμεν,
1713 1153 1756 1179 ἵνα
1778 1153 1806 1178 ἐν

1019 1203 1074 1232 τοῖς
1088 1201 1142 1228 ἄνω
1164 1200 1315 1235 γενώμεθα.
1343 1200 1392 1231 Τίς
1412 1200 1446 1229 δὲ,
1465 1200 1479 1226 ὁ
1505 1199 1614 1235 τρόπος,
1633 1199 1776 1233 ὑφηγεῖται
1789 1199 1806 1232 ἡ

1018 1246 1176 1282 ψαλμῳδία-
1208 1246 1412 1279 Ἐσκόρπισεν,
1433 1245 1525 1271 ἔδωκε
1547 1245 1607 1277 τοῖς
1631 1244 1769 1277 πένησιν,
1786 1244 1805 1277 ή

1018 1292 1194 1325 δικαιοσύνη
1228 1291 1320 1318 αὐτοῦ
1347 1290 1431 1325 μένει
1464 1291 1507 1323 είς
1543 1290 1596 1317 τὸν
1630 1290 1723 1317 αἰῶνα
1754 1290 1806 1317 τοῦ

1018 1337 1136 1370 aliIn-oc.
1158 1337 1186 1362 Ὁ
1201 1336 1239 1371 τῷ
1261 1335 1360 1370 πτωχῷ
1381 1337 1557 1370 κοινωνήσας,
1578 1337 1618 1367 εἰς
1641 1336 1690 1371 τὴν
1711 1335 1806 1370 μερίδα

1019 1382 1064 1408 τοῦ
1097 1382 1129 1409 δι’
1162 1383 1234 1417 ἡμᾶς
1266 1381 1472 1416 πτωχεὺσαντος
1507 1381 1600 1408 ἑαυτὸν
1631 1383 1804 1415 καταστήσει.

1025 1427 1211 1462 Ἐπτώχευσεν
1233 1428 1246 1453 ό
1271 1427 1381 1462 Κύριος,
1404 1427 1441 1462 μὴ
1466 1427 1587 1462 φοϐηθῇς
1611 1427 1677 1462 μηδὲ
1701 1428 1732 1453 σὺ
1757 1427 1806 1461 τὴν

185 1472 232 1505 qni
255 1475 364 1506 propter
387 1480 437 1500 nos
462 1481 563 1508 pauper
586 1474 638 1502 fuit
666 1477 785 1511 seipsum
809 1479 966 1506 constituet.

1020 1473 1164 1507 πτωχείαν.
1188 1472 1266 1498 Ἀλλὰ
1284 1472 1418 1507 βασιλεύει
1435 1472 1525 1507 πάσης
1546 1472 1596 1506 τῆς
1617 1472 1732 1503 κτίσεως
1743 1473 1757 1498 ὁ
1771 1472 1805 1498 δι’

188 1518 293 1551 ligenus
306 1516 356 1544 fuit
372 1517 512 1550 Dominus,
528 1527 562 1546 ne
577 1524 606 1547 tu
619 1521 728 1561 quidem
745 1527 849 1550 metuas
861 1530 968 1559 egesta—

186 1567 250 1590 tem.
272 1562 368 1590 Verum
392 1571 503 1600 regnum
525 1565 629 1594 obtinet
649 1568 738 1594 omnis
761 1573 903 1602 creatum,
922 1571 967 1605 qui
988 1579 990 1581 ‘

187 1613 298 1644 propter
309 1617 359 1637 nos
376 1617 479 1645 egenus
490 1610 551 1638 fuit.
565 1612 634 1648 Ergo
646 1613 668 1640 si
683 1622 744 1642 cum
756 1623 788 1642 eo
809 1617 854 1650 qui
867 1625 968 1652 egenus

186 1655 237 1682 fuit
266 1663 319 1682 una
343 1663 446 1691 pauper
469 1657 534 1689 eris,
555 1666 616 1685 cum
639 1664 769 1694 regnante
791 1669 899 1697 quoque
915 1671 968 1690 una

185 1701 322 1736 regnabis.
337 1701 412 1729 Beati
426 1704 496 1731 enim
507 1712 632 1739 pauperes
644 1707 750 1739 spiritu,
762 1709 885 1742 quoniam
899 1711 969 1744 ipso-

185 1756 244 1774 rum
259 1753 297 1775 est
311 1756 418 1784 regnum
435 1750 569 1782 calorum,
581 1751 660 1785 cujus
674 1753 755 1780 ctiam
767 1762 818 1782 nos
827 1755 902 1790 digni
919 1757 969 1783 ha-

186 1793 298 1821 beamur
318 1802 366 1829 per
382 1795 521 1822 Christum
542 1796 634 1824 Jesum
661 1798 804 1827 Dominum
832 1807 967 1835 nostrum,

185 1839 230 1866 cui
243 1839 329 1874 gloria
337 1844 363 1866 et
375 1840 530 1876 imperium,
541 1841 566 1868 in
577 1843 675 1870 saecula
685 1845 858 1873 saeculorum.
872 1847 967 1874 Amen.

490 1896 618 1927 ORATIO
638 1900 669 1927 ll.

186 1941 264 1970 Beati
283 1943 373 1976 mites,
399 1943 524 1979 quoniam
542 1946 592 1978 ipsi
609 1946 789 1975 Iiwreditatem
810 1953 887 1976 ten-ie
906 1958 968 1976 eon-

501 1985 650 2007 sequentur.

501 1988 650 2014 sequentur.

220 2017 273 2057 Qui
288 2031 336 2058 per
349 2011 452 2052 scalam
468 2011 614 2060 quamdam
627 2026 660 2053 ad
677 2027 773 2054 altiora
788 2030 966 2064 contendunt,

186 2077 247 2097 cum
259 2069 286 2096 in
297 2071 387 2105 primo
400 2072 484 2106 gradu
500 2073 683 2103 constiterint.
699 2081 747 2108 per
761 2082 823 2102 eum
837 2076 869 2103 ad
885 2085 967 2112 snpe-

186 2114 285 2142 riorem
303 2115 444 2150 tolluntur,
466 2124 497 2144 ac
509 2124 606 2144 rursus
623 2119 760 2147 secundus
774 2121 965 2149 ascendentem

1020 1519 1092 1553 ἡμᾶς
1107 1517 1275 1553 πτωχεύσεις,
1290 1517 1393 1544 Οὐκοῦν
1411 1517 1458 1544 ἐὰν
1475 1517 1661 1552 πτωχεύσαντι
1678 1526 1806 1552 συμπτω-

1019 1566 1130 1601 χεύσῃς,
1154 1565 1200 1591 καὶ
1224 1564 1392 1599 βασιλεύοντι
1412 1563 1646 1598 συμϐασιλεύσεις.
1664 1562 1806 1596 Μακάριοι

1018 1611 1073 1646 γὰρ
1091 1612 1117 1638 ot
1137 1611 1247 1645 πτωχοί
1271 1609 1311 1642 τῷ
1326 1610 1481 1643 πνεύματι,
1503 1609 1547 1636 ὅτι
1567 1608 1666 1635 αὐτῶν
1682 1609 1766 1635 ἐστιν
1785 1609 1804 1640 ὴ

1016 1657 1159 1689 ,βασιλεία
1179 1657 1237 1683 τῶν
1259 1655 1405 1689 οἱιρανῶν,
1419 1652 1453 1690 ἦς
1471 1655 1518 1681 καὶ
1534 1655 1613 1690 ἡμεῖς
1626 1653 1805 1688 ἀξιωθείημεν

1019 1703 1047 1728 ἐν
1061 1701 1170 1737 Χριστῷ
1190 1701 1275 1736 Ἰησοῦ
1289 1701 1327 1735 τῷ
1345 1701 1439 1736 Κυρίῳ
1454 1700 1541 1735 ἡμῶν,
1558 1697 1579 1734 ᾧ
1597 1701 1613 1734 ὴ
1635 1699 1697 1731 δόξα
1714 1700 1760 1726 καὶ
1776 1700 1806 1725 τὸ

1019 1748 1127 1783 κράτος,
1143 1749 1182 1779 εἰς
1194 1747 1256 1778 τοὺς
1268 1746 1368 1778 αἰῶνας
1382 1747 1436 1773 τῶν
1451 1746 1566 1773 αἰώνων.
1589 1746 1684 1780 Ἀμήν.

1331 1904 1438 1930 ΛΟΓΟΣ
1459 1903 1496 1928 Β¹.

1019 1948 1161 1983 Μακάριοι
1183 1951 1210 1975 οἱ
1231 1948 1344 1982 πραεῖς,
1364 1947 1411 1991 ῥ’τι
1433 1947 1518 1986 αὐτοὶ
1540 1943 1804 1979 κληρονομήσουσι

1340 1991 1398 2015 την
1413 1991 1480 2016 rm".

1053 2030 1084 2056 Οί
1098 2029 1142 2056 διὰ
1150 2028 1282 2064 κλίμακάς
1290 2036 1360 2059 τινος
1370 2029 1425 2059 τοῖς
1435 2027 1609 2062 ὑψηλοτέροις
1623 2027 1800 2062 προσὸαίνον-

1017 2084 1072 2107 τες,
1081 2075 1143 2102 ὅταν
1151 2075 1200 2110 τῆς
1208 2073 1318 2110 πρώτης
1326 2074 1440 2100 enicem
1451 2073 1589 2109 βαθμίδος,
1600 2073 1632 2099 δι’
1643 2073 1751 2107 ἐκείνης
1759 2072 1804 2098 ἐπὶ

1017 2122 1065 2157 τὴν
1082 2121 1281 2156 ὑπερκειμένην
1302 2119 1441 2155 αἴρονται,
1470 2120 1517 2146 καὶ
1537 2119 1615 2146 πάλιν
1648 2120 1664 2154 ἡ
1684 2119 1798 2154 δευτέρα

185 2161 220 2188 ad
237 2162 347 2189 tertium
358 2162 478 2194 adducit,
494 2167 575 2198 atque
591 2163 634 2190 hic
650 2165 683 2191 ad
700 2166 864 2200 proximum,
879 2173 906 2195 et
923 2169 966 2197 ille

1020 2167 1150 2202 προσάγει
1163 2169 1194 2202 τῇ
1215 2166 1292 2201 τρίτῃ
1308 2166 1353 2192 τὸν
1375 2166 1492 2197 ἀνιόντα,
1507 2165 1554 2192 καὶ
1574 2165 1643 2199 αὕτη
1666 2164 1733 2199 πρὸς
1751 2164 1800 2199 τὴν

185 2206 218 2234 ad
238 2207 436 2242 insequentem.
460 2207 549 2243 Atque
573 2209 611 2236 ita
633 2210 657 2237 is
677 2210 724 2245 qui
753 2213 887 2246 ascendit,
904 2215 966 2242 dum

185 2259 292 2287 semper
305 2253 340 2280 ah
355 2260 398 2285 eo,
416 2254 443 2280 in
456 2261 511 2288 quo
524 2255 663 2288 consistit,
677 2257 710 2283 ad
725 2259 895 2292 superiorem
907 2269 967 2295 gra»

184 2298 249 2325 dum
262 2299 385 2332 enititur,
396 2300 430 2327 ad
445 2307 580 2328 summum
598 2309 729 2331 ascensus
749 2303 886 2340 fastigium
904 2315 968 2334 eva»

183 2344 233 2370 dit.
249 2344 288 2371 Ad
302 2345 367 2379 quid
383 2345 533 2380 respiciens
542 2347 606 2374 hinc
617 2348 763 2376 esordior?
774 2349 888 2379 Videtur
900 2343 967 2380 milli

185 2389 212 2415 in
229 2388 338 2416 modum
350 2389 482 2424 graduum
495 2391 691 2420 beatitudinum
703 2395 891 2428 explicationis
901 2397 968 2424 ordo

184 2434 335 2469 dispositus
350 2439 430 2470 atque
446 2435 567 2471 digestus
581 2446 652 2470 esse.
664 2439 770 2467 facilem
783 2449 831 2475 per
844 2446 965 2469 mutuam

184 2480 408 2514 consequentiam
428 2482 549 2510 sermoni
570 2483 688 2512 elliciens
713 2493 867 2514 ascensum.
900 2487 964 2514 Nam

183 2526 231 2560 qui
245 2526 364 2561 primum
384 2527 496 2562 gradum
509 2528 717 2558 beatiﬁcationis
730 2535 820 2558 mente
832 2539 961 2560 conscen-

184 2572 264 2604 derit,
276 2579 338 2599 eum
353 2580 401 2607 per
417 2575 602 2601 necessariam
616 2576 760 2610 quamdam
780 2576 965 2605 intellectuum

184 2618 406 2658 consequentiam
420 2619 561 2654 proximus
575 2621 686 2655 excipit,
703 2622 814 2649 etiamsi
824 2622 910 2657 prima
923 2623 963 2650 fa-

184 2664 226 2691 cie
241 2671 312 2690 nova
335 2664 513 2699 mirandaque
536 2673 750 2695 commemorare
768 2676 858 2696 sermo
875 2669 965 2697 videa-

183 2713 238 2736 tur.
261 2707 334 2736 Fieri
356 2709 430 2737 enim
449 2717 503 2736 non
519 2717 598 2745 posse
620 2711 737 2739 fortasse
758 2712 830 2741 dicet
844 2714 962 2747 auditor,

218 2800 242 2818 "
261 2800 355 2829 Matth.
373 2809 418 2828 ιιι
431 2821 438 2835 ,
455 2801 500 2828 21.

227 2884 239 2896 Ι

539 2802 562 2819 ³⁵
581 2800 647 2829 Ibid.
664 2802 708 2829 25.
747 2804 770 2819 ’⁵
789 2803 799 2830 l
816 2804 912 2833 Thess.
931 2812 968 2838 iv,
986 2804 1027 2832 16.

1019 2213 1126 2248 ἐφεξῆς,
1141 2213 1187 2239 καὶ
1203 2213 1270 2248 αὕτη
1287 2212 1354 2247 πρὸς
1369 2212 1418 2247 τὴν
1435 2212 1492 2247 μεθ’
1515 2212 1623 2246 ἑαυτήν.
1649 2211 1703 2237 Καὶ
1718 2210 1802 2241 οὕτως

1019 2260 1032 2284 ὁ
1048 2258 1129 2284 ἀνιὼν
1145 2259 1199 2284 ἀπὸ
1214 2258 1260 2284 τοῦ
1284 2259 1312 2283 ἑν
1335 2254 1357 2291 ᾦ
1380 2259 1463 2288 ἐστιν,
1478 2257 1521 2284 ἀεὶ
1537 2258 1604 2292 πρὸς
1622 2257 1652 2283 τὺ
1676 2257 1803 2292 ὑπερκεί-

1021 2312 1099 2338 μενον
1123 2303 1326 2338 ἀνυψούμενος,
1348 2303 1395 2329 ἐπὶ
1417 2303 1447 2329 τὸ
1466 2303 1614 2338 ἀκρότατον
1635 2302 1730 2337 φθάνει
1754 2302 1803 2336 τῆς

1019 2349 1187 2380 ἁναῧάσεως.
1197 2349 1269 2382 Πρὸς
1279 2349 1304 2375 τί
1319 2348 1424 2383 βλέπων
1437 2349 1559 2376 ἐντεῦθεν
1573 2348 1784 2383 προοιμιάζομαι
1795 2355 1802 2378 ;

1019 2396 1098 2421 Δοκεῖ
1113 2404 1156 2429 μοι
1173 2395 1309 2430 βαθμίδων
1321 2396 1397 2431 δίκην
1411 2396 1427 2430 ἡ
1440 2395 1493 2421 τῶν
1511 2395 1691 2430 μκαρισμῶν
1701 2394 1804 2427 διακεῖ-

1019 2442 1081 2468 σθαι
1094 2441 1179 2473 τάξις,
1193 2441 1351 2468 εὐεπίϐατον
1366 2441 1404 2476 τῷ
1418 2441 1488 2476 λόγῳ
1506 2441 1538 2467 δι’
1552 2441 1673 2475 ἀλλήλων
1690 2439 1803 2466 ποιοῦσα

1018 2488 1067 2522 τὴν
1086 2487 1187 2514 ἄνοδον.
1214 2488 1265 2514 Τὸν
1290 2488 1344 2523 γὰρ
1367 2487 1405 2522 τῷ
1427 2487 1527 2522 πρώτῳ
1544 2486 1592 2513 διὰ
1616 2487 1665 2522 τῆς
1686 2486 1803 2515 διανοίας

1017 2533 1199 2568 ἐπιϐεϐηκότα
1211 2532 1386 2568 μακαρισμῷ,
1401 2533 1434 2558 δι’
1449 2532 1596 2566 ἀναγκαίας
1612 2532 1683 2562 τινος
1693 2531 1740 2565 τῆς
1750 2531 1802 2556 τῶν

1019 2579 1161 2614 νοημάτων
1175 2579 1343 2609 ἀκολουθίας,
1358 2581 1372 2605 ὁ
1390 2579 1449 2613 μετ’
1468 2579 1573 2605 ἐκεῖνον
1586 2577 1736 2612 ἐκδέχεται,
1752 2575 1802 2602 κᾶν

1019 2624 1184 2657 ὑποξενίςειν
1196 2624 1260 2659 δοκῇ
1278 2624 1353 2658 παρὰ
1367 2624 1414 2658 τὴν
1428 2623 1539 2659 πρώτην
1551 2624 1565 2648 ὁ
1579 2622 1666 2656 λόγος.
1688 2621 1733 2656 Μὴ
1749 2621 1802 2656 γὰρ

1017 2667 1086 2695 εἶναι
1103 2669 1212 2695 δυνατὸν
1237 2669 1301 2700 ἴσως
1316 2670 1329 2695 ὁ
1345 2669 1452 2695 ἀκούων
1473 2669 1531 2704 ὲρεῖ
1542 2689 1548 2700 ,
1567 2668 1691 2703 καθάπερ
1710 2668 1738 2694 ἐν
1755 2667 1798 2701 βα-

1018 2715 1094 2750 θμῶν
1109 2715 1238 2748 διαθέσει,
1251 2715 1319 2750 μετὰ
1335 2715 1385 2749 τὴν
1399 2714 1453 2741 τῶν
1461 2714 1581 2750 οὐρανῶν
1590 2714 1737 2750 βασιλείαν,
1755 2714 1802 2748 τῆς

1067 2807 1089 2820 "“
1109 2805 1179 2832 Psul.
1198 2814 1240 2833 cxx
1254 2826 1260 2837 ,
1277 2807 1292 2833 9
