1980 3067
91 115 159 143 1215

601 117 644 144 DE
664 110 964 144 BEATlTUDlNlBUS.
986 109 1113 138 ORATIO
1134 109 1167 136 ll.

1643 107 1707 135 13H

90 172 118 199 δὲ
137 171 187 199 οὐκ
208 173 314 206 ἀγνοεῖς
331 174 376 200 τὸν
399 174 545 202 ἀντίπαλον
570 175 616 202 τὸν
638 175 681 201 διὰ
701 174 750 209 τῆς
773 172 874 208 σαρκὸς

929 175 1019 206 partes
1039 169 1192 205 appetebat,
1218 167 1348 196 adversus
1376 168 1464 202 ipsum
1487 173 1588 201 corpus
1614 165 1709 200 plagas

92 219 325 254 προσπαλαίοντα,
350 220 379 246 ὃν
404 220 558 252 ὑπωπιάζει
582 220 626 248 διὰ
647 221 697 255 τῆς
720 219 873 253 πυκτικῆς,

91 261 220 296 ἀμύσσων
244 264 299 295 τοῖς
322 264 395 296 ὄνυξι
416 265 464 298 τῆς
487 264 660 300 ἐγκρατείας,
682 259 711 290 οὗ
732 263 823 297 νεκροῖ
842 261 876 288 τὰ

93 306 159 342 μέλη
175 306 256 342 λιμῷ,
275 308 321 334 καὶ
334 308 415 342 δίψει,
432 309 479 335 καὶ
499 309 578 344 ψύχει
591 328 598 340 ,
613 309 659 335 καὶ
673 307 822 344 γυμνότητι
832 326 839 340 ,
853 302 875 339 ᾧ

91 351 124 377 τὰ
145 351 278 385 στίγματα
297 352 343 378 τοῦ
361 353 461 388 Κυρίου
480 352 629 385 ἐπιϐάλλει,
647 353 675 379 ὃν
691 353 753 387 νικᾷ
768 352 813 378 διὰ
828 350 874 377 τοῦ

91 396 190 431 δρόμου
204 396 316 423 κατόπιν
328 398 424 424 ἑαυτοῦ
435 397 603 430 καταλιπὼν,
615 398 652 430 ὼς
667 397 699 424 ἂν
717 397 754 433 μὴ
767 399 875 423 ἐπισκο-

91 443 161 469 τοίτο
174 443 312 482 τὰςόψεις
328 444 374 470 τοῦ
394 444 540 471 ἀντιπάλου
557 443 762 480 προτρέχοντος.
783 443 814 469 El
828 441 875 469 οὗν

91 487 152 520 ὀξὺς
171 489 217 515 καὶ
230 489 370 524 εὐκίνητος
385 491 414 517 ἐν
430 491 485 522 τοῖς
505 490 607 525 ἀγῶσιν
621 491 635 518 ὁ
659 490 764 521 Παῦλος
775 510 781 521 ,
800 489 847 515 καὶ
861 490 875 515 ὁ

91 531 171 558 Δασὶδ
183 532 309 560 πλατύνει
322 534 356 560 τὰ
366 534 520 570 διαδήματα
531 536 585 567 τοῖς
595 534 702 570 ἐχθροῖς
712 534 873 569 ἐπιτρέχων,

91 576 136 602 καὶ
152 577 165 603 ό
179 578 294 612 νυμφίος
312 579 340 605 ὲν
363 579 401 614 τῷ
421 580 539 615 ”ᾼσματι
561 580 671 615 δορκάδι
691 580 762 606 κατὰ
782 579 812 605 τὸ
832 579 876 604 εὐ-

90 622 199 657 κίνητον
211 623 359 658 ὁμοιοῦται,
376 624 425 660 ὄρη
441 625 588 661 διαπηδῶν,
608 626 654 653 καὶ
669 626 772 661 βουνοῖς
791 625 875 660 ἐφαλ-

90 667 201 702 λόμενος
223 668 288 704 (καὶ
314 670 398 697 πολλὰ
421 671 532 698 τοιαῦτα
554 672 628 699 ἔστιν
651 673 755 705 εἰπεῖν,
783 673 811 698 ἐν
835 670 876 702 οἷς

91 714 285 750 προτιμότερον
298 716 454 752 εὑρίσκεται
468 717 518 751 τῆς
533 718 682 753 πραότητος
699 718 729 744 τὸ
742 717 813 744 κατὰ
828 717 884 752 τὴνί

91 757 195 792 κίνησιν
211 760 313 795 τάχος)·
331 761 388 793 πῶς
404 762 521 789 ἐνταῦθα
534 764 562 790 ἐν
579 763 790 799 κατορθώματος
810 763 875 790 εἴδει

91 805 238 840 μακαρίζει
251 806 281 832 τὸ
295 808 380 842 πρᾶον
397 808 412 834 ό
428 808 530 842 Λόγος;
550 808 695 842 Μακάριοι
707 809 771 844 γὰρ,
781 808 873 843 φησὶν,

91 850 118 876 οἰ
131 850 250 884 πραεῖς,
272 851 316 878 ὅτι
334 853 418 879 αὐτοὶ
437 853 701 888 κληρονομήσουσι
717 853 775 887 τὴν
797 852 854 888 γῆν
865 861 872 868 ·

90 896 197 932 ἐκείνην
222 898 329 930 πάντως
350 899 399 934 τὴν
425 899 476 934 γῆν
498 900 547 935 τὴν
570 900 624 926 τῶν
642 899 732 926 καλῶν
758 898 873 935 εῠφορον

90 943 274 977 γεννημάτων,
295 944 344 980 τὴν
362 945 401 980 τῷ
420 944 490 981 ξύλῳ
506 946 556 980 τῆς
576 946 647 981 ζωῆς
664 945 809 981 κομῶσαν,
824 945 873 979 τὴν

89 989 149 1020 ταῖς
163 990 265 1024 πηγαῖς
278 989 332 1017 τῶν
346 992 536 1026 πνευματικῶν
550 992 726 1027 χαρισμάτων
739 991 874 1026 κατάρρυ-

89 1042 145 1066 τον,
173 1034 214 1068 ἐφ’
237 1032 272 1071 ἦς
294 1036 310 1070 ή
340 1036 460 1071 ἄμπελος
485 1038 501 1072 ἠ
525 1037 638 1072 ἀληθινὴ
662 1037 814 1072 βλαστάνει,
840 1034 874 1072 ἦς

90 1078 210 1113 γεωργὸν
229 1079 271 1106 τὸν
285 1080 394 1115 Πατέρα
410 1081 457 1107 τοῦ
472 1081 572 1116 Κυρίου
589 1081 732 1116 ἀκούομεν.

925 217 1018 244 ferens
1033 220 1060 242 et
1075 215 1223 242 intentans.
1246 213 1292 241 Vis
1309 220 1476 248 cognoscere
1493 217 1579 238 artem
1608 211 1710 246 pugilis

924 261 1002 289 Pauli
1016 261 1027 288 ?
1043 261 1147 287 intuere
1168 260 1279 287 vulnera
1304 263 1398 286 contra
1425 257 1557 285 certantis
1570 257 1596 290 ‘;
1618 256 1709 290 aspice

925 307 1026 334 livores
1048 309 1074 333 et
1097 305 1284 340 sugillationes
1302 303 1472 335 advursarii;
1491 302 1551 328 vide
1580 305 1660 328 notas
1683 305 1709 327 et

925 357 1026 388 puncta
1042 351 1117 378 victi.
1134 350 1252 377 Omnino
1269 353 1358 376 autem
1377 356 1429 375 non
1453 348 1563 382 ignoras
1579 346 1709 373 adversa-

926 399 1007 430 rium,
1022 397 1151 424 nimirum
1168 396 1214 431 qui
1233 403 1280 431 per
1301 403 1410 422 carnem
1436 394 1601 424 obluctatur,
1627 399 1709 426 quem

925 446 973 479 per
984 447 1070 470 artem
1080 442 1216 477 pugnandi
1226 441 1364 477 unguibus
1374 439 1550 467 continentiae
1558 438 1709 468 clacerans,

925 489 1062 523 suggillat,
1078 488 1157 522 cujus
1169 487 1289 514 membra
1298 485 1445 513 mortificat
1462 484 1543 514 fame,
1555 484 1613 515 siti,
1626 482 1710 517 frigo-

925 542 965 565 re,
982 534 1114 567 nuditate,
1129 533 1172 562 cui
1191 538 1269 559 notas
1286 536 1312 559 et
1328 535 1428 567 puncta
1447 530 1553 557 Domini
1577 529 1709 564 imprimit

925 584 952 607 et
967 580 1062 612 inurit,
1079 586 1158 614 quem
1175 586 1258 605 cursu
1272 585 1286 604 a
1303 582 1379 612 tergo
1401 577 1526 603 relictum
1550 575 1634 601 vincit
1647 595 1654 606 ,
1674 582 1709 601 ne

925 628 1108 660 praecurrentc
1124 624 1281 650 adversario
1297 623 1415 650 tenebrae
1432 622 1520 649 oculis
1548 621 1606 647 suis
1620 619 1710 646 ollim-

925 672 1036 699 dantur.
1065 670 1092 697 Si
1112 670 1195 705 igitur
1222 669 1323 696 Paulus
1352 669 1379 695 in
1397 667 1594 695 certaminibus
1619 666 1708 700 agilis,

925 725 988 744 acer
1002 722 1029 744 et
1046 717 1121 743 velox
1139 721 1191 748 est,
1207 715 1291 742 David
1309 715 1436 741 inimicos
1448 713 1580 740 invadens
1597 719 1709 747 gressus

926 762 1020 789 dilatat
1033 761 1054 793 ⁵,
1070 766 1097 788 et
1111 769 1229 796 sponsus
1247 761 1274 787 in
1290 760 1415 791 Cantico,
1442 766 1557 793 capreae,
1587 756 1658 792 quod
1674 756 1708 783 ad

926 807 1072 841 agilitatem
1106 810 1133 834 ct
1160 806 1332 832 velocitatem
1363 805 1481 835 attinet,
1513 803 1706 834 assimilatnr,

891 846 911 873 Β
926 856 1031 879 montes
1046 851 1202 878 transiliens
1216 851 1237 883 ⁸,
1253 856 1278 877 et
1292 851 1319 877 in
1335 851 1451 877 collibus
1473 850 1587 882 saltans,
1610 848 1708 874 multa-

925 906 978 934 que
995 897 1129 932 ejusmodi
1154 897 1278 932 proferte
1303 897 1378 929 licet,
1403 897 1430 922 in
1455 896 1554 930 quibus
1583 894 1707 921 celeritas

926 949 1016 971 motus
1039 943 1144 971 lenitati
1169 942 1291 978 praeferri
1316 942 1473 976 reperitur;
1490 941 1535 976 qui
1562 940 1601 972 lit,
1620 943 1649 966 ut
1665 939 1710 965 hic

926 989 1004 1024 quasi
1022 997 1076 1016 rem
1090 989 1248 1024 praeclaram
1260 992 1286 1015 et
1299 988 1424 1015 eximiam
1440 987 1576 1014 lenitatem
1590 985 1707 1012 Verbum

928 1035 1034 1063 beatam
1052 1035 1181 1069 praedicet
1195 1035 1207 1061 ?
1220 1034 1297 1061 Beati
1315 1034 1398 1065 enim,
1426 1034 1523 1068 inquit,
1548 1032 1627 1063 lenes,
1643 1038 1709 1065 que-

929 1080 1000 1107 niam
1015 1080 1066 1114 ipsi
1085 1079 1263 1107 Itwreditulem
1289 1084 1365 1107 terra:
1391 1084 1579 1113 consequentur
1592 1078 1612 1110 ⁷,
1636 1077 1708 1108 illius

90 1125 178 1167 plane.
198 1129 277 1154 terrae
303 1126 457 1162 (nimirum)
482 1136 542 1163 quae
569 1129 702 1156 bonorum
732 1127 869 1154 fructuum
900 1126 998 1155 fertilis
1025 1130 1076 1160 est,
1100 1134 1159 1161 qua
1184 1127 1258 1162 ligno
1286 1127 1346 1154 vitae
1362 1126 1479 1159 frondet,
1505 1133 1567 1160 quae
1588 1123 1710 1151 fontibus

92 1171 276 1208 spiritualium
291 1172 424 1200 donorum
441 1174 542 1209 irrigua
561 1179 612 1206 ρει,
623 1175 649 1201 in
666 1182 717 1208 qua
731 1180 794 1200 vera
809 1172 872 1200 vitis
892 1173 1035 1207 germinat,
1051 1173 1130 1208 cujus
1145 1173 1278 1200 cultorem
1302 1179 1362 1199 esse
1390 1171 1499 1198 Patrem
1522 1169 1627 1196 Domini
1662 1175 1711 1194 an.

91 1216 181 1245 dimus
192 1217 212 1243 ⁸.

134 1261 203 1288 Ἀλλ’
224 1262 296 1290 ἔοικε
316 1264 433 1291 τοιοῦτόν
456 1274 482 1291 τι
507 1265 660 1300 φιλοσοφεῖν
679 1267 693 1292 ό
714 1265 816 1299 Λόγος,
837 1264 877 1290 ὅτι

93 1307 177 1344 πολλὴ
190 1309 257 1344 πρὸς
271 1309 319 1345 τὴν
334 1310 433 1337 κακίαν
447 1312 520 1338 ἐστὶν
534 1312 550 1347 ἡ
569 1312 687 1342 εὐκολία,
705 1312 751 1338 καὶ
766 1310 877 1346 ὀξύρρο-

93 1363 144 1381 πον
163 1355 209 1381 ὲπὶ
227 1355 257 1382 τὺ
275 1357 366 1392 χεῖρον
380 1357 396 1392 ὴ
412 1357 508 1391 φύσις·
530 1357 655 1392 καθάπερ
671 1357 705 1383 τὰ
721 1356 805 1392 βαρέα
823 1356 877 1382 τῶν

95 1400 227 1436 σωμάτων
254 1401 319 1437 πρὸς
348 1403 398 1437 μὲν
422 1403 455 1429 τὰ
481 1403 537 1429 ἇνω
564 1403 735 1430 παντάπασιν
761 1402 876 1437 ἀκίνητα
907 1421 910 1427 .

94 1446 185 1481 μένει,
201 1447 225 1472 εί
238 1446 266 1473 δέ
285 1455 355 1479 τινος
375 1448 527 1483 ἀκρωρείας
543 1448 646 1492 ἐψηλῆς
667 1448 712 1474 ἐπὶ
724 1447 754 1474 τὸ
776 1447 876 1483 πρανὲς
890 1461 911 1489 c

92 1491 281 1526 ἀποσεισθείη,
308 1492 425 1526 τοσούτῳ
449 1492 530 1528 ῥοίζῳ
554 1493 621 1528 πρὸς
646 1493 675 1519 τὸ
699 1493 876 1528 ὑποκείμενον

92 1537 217 1573 φέρεται,
235 1537 282 1564 τοῦ
301 1538 400 1564 οίκείου
418 1538 515 1574 βάρους
528 1538 576 1574 τὴν
590 1538 675 1574 φορὰν
688 1539 875 1570 ἐπιτείνοντος,

92 1583 130 1614 ὡς
144 1583 213 1619 ὑπὲρ
226 1584 303 1618 λόγον
316 1582 385 1611 εἶναι
394 1585 424 1611 τὺ
432 1585 522 1620 τάχος.
541 1585 617 1612 Ἐπεὶ
628 1583 674 1612 οὖν
681 1585 796 1620 χαλεπόν
804 1586 877 1612 ἐστιν

94 1629 111 1664 ἡ
129 1630 158 1655 ὲν
177 1629 281 1661 τούτοις
296 1629 403 1665 ὀξύτης,
424 1631 590 1666 μακαριστὸν
607 1630 640 1656 ἂν
660 1630 702 1666 εἴη
722 1631 829 1662 πάντως
847 1630 877 1656 τὸ

94 1675 125 1709 ἐξ
135 1676 310 1712 ἀντιστρόφου
327 1671 477 1711 νοούμενον.
496 1677 579 1704 Τοῦτο
598 1677 626 1704 δέ
641 1678 697 1704 ἐστι
715 1677 845 1712 πραότης,
860 1677 876 1710 ἡ

95 1720 164 1757 πρὸς
173 1722 222 1754 τὰς
236 1723 361 1754 τοιαύτας
371 1723 420 1757 τῆς
436 1723 543 1757 φύσεως
555 1723 642 1758 ὁρμὰς
658 1722 768 1757 βραδεῖα
786 1730 815 1747 τε
831 1722 877 1748 καὶ

94 1767 250 1802 δυσκίνητος
274 1768 340 1800 ἓξις.
361 1768 494 1802 Καθάπερ
516 1768 570 1802 γὰρ
590 1768 620 1794 τὸ
639 1767 705 1803 πῦρ,
726 1768 877 1802 ἀεικίνητον

93 1812 144 1847 τὴν
163 1813 243 1847 φύσιν
256 1813 302 1839 ἐπὶ
317 1813 350 1840 τὰ
364 1813 420 1840 ἀνω
438 1812 507 1848 ἕχον,
524 1813 650 1848 ἀκίνητόν
665 1814 721 1839 ἐστι
741 1813 811 1839 κατὰ
829 1813 877 1848 τὴν

93 1859 217 1885 ἐναντίαν
230 1859 315 1894 φορὰν
327 1867 332 1873 ·
346 1859 391 1885 τὸν
406 1859 486 1886 αὑτὸν
500 1859 600 1894 τρόπον
611 1859 658 1886 καὶ
676 1860 692 1893 ἡ
711 1859 794 1894 ἀρετὴ
809 1859 878 1894 πρὸς

93 1905 128 1932 τὰ
144 1905 199 1932 ἄνω
224 1905 270 1930 καὶ
293 1905 475 1939 ὑπερκείμενα
497 1904 570 1937 ὀξεῖά
595 1913 636 1935 τις
662 1902 737 1936 οὖσα,
758 1904 805 1930 καὶ
830 1905 877 1938 οὑχ

94 1951 203 1986 ὐφιεῖσά
221 1959 285 1976 ποτε
309 1951 358 1984 τῆς
379 1949 547 1985 ταχύτητος,
568 1949 716 1983 πεπέδηται
740 1949 807 1984 πρὸς
830 1949 878 1984 τὴν

93 1994 217 2022 ἐναντίαν
235 1995 331 2030 ὁρμήν.
349 1995 453 2021 Οὐκοῦν
469 1994 561 2029 ἐπειδὴ
583 1994 722 2025 πλεονάζει
742 1993 812 2020 κατὰ
830 1993 878 2028 τὴν

93 2041 174 2075 φύσιν
196 2040 274 2076 ὴμῶν
291 2041 307 2075 ἡ
325 2040 393 2076 πρὸς
411 2040 444 2066 τὰ
467 2040 538 2066 κακὰ
555 2040 683 2075 ταχύτης,
701 2039 789 2070 καλῶς
803 2039 833 2066 τὸ
850 2040 878 2066 ὲν

93 2087 150 2118 τοῖς
163 2086 290 2117 τοιούτοις
305 2085 425 2121 ἠρεμοῦν
441 2084 630 2121 μακαρίζεται.
647 2085 683 2111 Τὸ
700 2085 754 2121 γὰρ
768 2084 878 2120 ἡσύχιον

965 1260 1065 1288 Verum
1104 1261 1211 1288 videtur
1243 1259 1377 1295 ejusmodi
1414 1258 1551 1293 quidpiam
1590 1256 1709 1284 Verbum

929 1308 1042 1334 innuero
1070 1312 1151 1342 atque
1169 1306 1342 1341 signiﬁcare,
1371 1303 1443 1339 quod
1473 1303 1551 1330 valde
1581 1303 1708 1329 nimirum

929 1351 1017 1379 facilis
1037 1353 1063 1378 in
1089 1353 1184 1379 vitium
1207 1355 1233 1379 et
1258 1351 1407 1386 nequitiam
1434 1349 1470 1377 sit
1497 1349 1600 1383 lapsus,
1625 1352 1651 1374 et
1666 1355 1710 1374 res

928 1405 1061 1432 propensa
1078 1405 1251 1432 prmcepsque
1266 1397 1292 1423 in
1303 1396 1379 1431 pejus
1393 1399 1509 1426 natura;
1524 1393 1710 1427 sicuti_gravia

929 1451 959 1470 ac
985 1445 1134 1478 ponderosa
1163 1450 1279 1477 corpora
1307 1449 1416 1469 sursum
1451 1440 1560 1474 quidem
1594 1446 1708 1468 versus.

929 1497 1042 1524 prorsus
1060 1489 1171 1515 immota
1189 1492 1312 1519 manent,
1326 1487 1368 1514 sin
1387 1490 1477 1513 autent
1492 1486 1525 1512 ab
1548 1485 1639 1519 aliquo
1656 1484 1711 1510 alto

928 1533 1072 1560 cacumine
1085 1533 1185 1560 montis
1201 1533 1227 1558 in
1244 1539 1364 1566 prmeeps
1388 1530 1560 1558 excutiantur
1575 1533 1601 1556 et
1617 1529 1711 1555 detur-

929 1579 1036 1610 bcntur,
1059 1583 1135 1605 tanto
1155 1580 1257 1612 impetu
1283 1576 1394 1611 propria
1410 1575 1480 1602 mole
1505 1581 1616 1601 cursum
1642 1573 1711 1599 inci-

928 1628 1012 1656 tante,
1031 1624 1058 1651 in
1074 1623 1227 1658 subjectum
1248 1622 1383 1654 feruntur,
1407 1626 1438 1648 ut
1450 1627 1482 1647 ea
1495 1619 1621 1647 celeritas
1638 1618 1710 1644 nulla

927 1671 1049 1697 oratione
1062 1670 1175 1703 exprimi
1190 1669 1285 1704 possit.
1310 1667 1446 1700 Quoniam
1461 1667 1543 1702 igitur
1560 1673 1604 1692 res
1629 1664 1710 1690 noxia

928 1720 1009 1750 atque
1026 1715 1178 1749 periculosa
1204 1715 1231 1740 in
1250 1714 1292 1740 his
1308 1714 1439 1740 velocitas
1454 1717 1506 1742 est,
1524 1711 1633 1737 beatum
1653 1716 1711 1735 om-

927 1761 992 1788 nino
1010 1759 1161 1786 liabendum
1181 1759 1260 1785 fuerit
1286 1758 1311 1784 id
1329 1757 1401 1792 quod
1425 1765 1458 1784 ex
1476 1757 1590 1782 adverso
1609 1754 1710 1781 intelli—

928 1807 1010 1841 gitur.
1037 1804 1067 1832 ιιι
1095 1809 1183 1830 antem
1212 1804 1309 1830 lenitas
1340 1806 1392 1834 est,
1419 1802 1548 1828 nimirum
1581 1800 1711 1826 adversus

927 1840 1061 1886 ejusmodi
1092 1853 1196 1877 natura:
1231 1848 1348 1882 impetus
1382 1851 1409 1875 et
1444 1840 1579 1881 appetitus
1617 1845 1712 1871 tardus

928 1897 1030 1931 pariter
1055 1900 1184 1930 motuque
1208 1894 1325 1923 dillicilis
1355 1893 1464 1920 habitus
1495 1897 1521 1919 et
1553 1891 1709 1919 assuctndo.

927 1941 1159 1975 Quemadmodum
1185 1941 1257 1968 enim
1293 1939 1374 1975 ignis,
1407 1939 1453 1974 qui
1479 1942 1574 1964 natura
1602 1944 1711 1964 sursum

927 1994 1022 2014 versus
1038 1993 1144 2021 semper
1169 1990 1302 2018 movetur,
1321 1984 1469 2011 immobilis
1497 1984 1524 2010 in
1543 1982 1711 2010 contrarium

927 2041 1038 2061 cursum
1053 2035 1114 2060 est:
1139 2033 1232 2060 eodem
1258 2031 1338 2058 modo
1354 2031 1442 2057 virtus
1467 2037 1577 2064 quoque
1591 2036 1653 2055 cum
1678 2028 1710 2055 ad

928 2079 1088 2113 superiora,
1119 2084 1284 2112 sursumque
1308 2083 1405 2103 versus
1430 2082 1512 2107 acer,
1537 2076 1669 2109 veloxque
1686 2079 1711 2101 et

93 2132 123 2157 ἐν
136 2131 250 2162 τούτοις,
267 2119 399 2167 τῆςνέπρὸς
413 2119 447 2158 τα
464 2119 524 2158 ἄνωγ
535 2131 668 2166 κινήσεως
687 2119 823 2167 μαρτυρία
836 2131 876 2165 γί-

929 2127 1052 2159 prompta
1070 2122 1114 2154 sit,
1131 2122 1252 2157 nihilque
1268 2128 1387 2156 unquam
1408 2120 1441 2147 de
1466 2120 1606 2147 celeritate
1620 2119 1712 2146 remit-

93 2186 176 2209 νξται.
194 2178 323 2213 Κρεῖττον
338 2178 359 2203 δ’
374 2177 405 2203 ἂν
419 2177 461 2211 εἴη
473 2177 506 2203 δι’
520 2177 607 2204 αὐτῶν
619 2177 671 2203 τῶν
683 2177 752 2203 κατὰ
765 2176 809 2202 τὸν
823 2177 877 2211 βίον

93 2223 298 2258 ὑποδειγμάτων
309 2222 512 2258 σαφηνίσαμτὸν
527 2223 605 2257 λόγον
617 2231 624 2238 ο
644 2223 728 2257 Διπλῆ
743 2223 793 2257 τῆς
813 2223 877 2250 ἑκά-

94 2277 157 2296 στου
183 2268 367 2304 προαιρέσεώς
390 2269 464 2294 ἐστιν
488 2269 505 2304 ἡ
527 2268 650 2304 κίνησις,
675 2269 733 2295 κατ’
755 2267 878 2301 ἐξουσίαν

95 2314 163 2349 πρὸς
186 2314 216 2341 τὺ
239 2314 332 2341 δοκοῦν
354 2313 494 2349 προϊοῦσα,
508 2314 583 2341 ἔνθεν
600 2314 667 2350 πρὸς
691 2314 875 2349 σωφροσύνην,

96 2359 199 2386 ἐκεῖθεν
217 2359 285 2394 πρὸς
298 2359 328 2385 τὸ
341 2359 497 2386 ἀκόλαστον.
515 2358 548 2386 ’0
563 2359 584 2385 δ’
599 2359 645 2385 ἐπὶ
661 2359 758 2395 μέρους
772 2359 877 2394 εἴρηται

94 2404 142 2431 τοῦ
165 2404 233 2431 κατὰ
254 2404 302 2439 τὴν
322 2404 420 2440 ἀρετὴν
436 2405 483 2431 καὶ
501 2405 599 2432 κακίαν
615 2404 710 2436 εἴδους,
732 2404 810 2431 τοῦτο
833 2405 879 2431 καὶ

94 2450 140 2477 ἐπὶ
156 2450 256 2481 παντὸς
270 2450 391 2476 νοείσθω.
411 2450 535 2485 Σχίζεται
554 2450 608 2486 γὰρ
624 2451 730 2482 πάντως
750 2450 816 2485 πρὸς
831 2451 879 2482 τὰς

93 2495 217 2527 ἐναντίας
231 2495 319 2530 ὁρμὰς
333 2495 363 2521 τὸ
379 2494 549 2530 ἀνθρώπινον
568 2493 634 2531 ἦθος
645 2515 651 2527 ,
671 2496 687 2530 ἢ
711 2495 797 2531 θυμοῦ
812 2496 879 2531 πρὸς

94 2541 245 2568 ἐπιείκειαν
264 2539 522 2575 ἀντιδιαιρουμένου,
544 2540 660 2576 ἢτύφου
686 2541 753 2576 πρὸς
770 2542 880 2577 μετριό-

60 2605 63 2607 ›
93 2595 183 2622 τητα,
200 2585 216 2621 ἢ
239 2585 335 2620 φθόνου
359 2585 427 2620 πρὸς
448 2585 552 2612 εὔνοιαν
568 2607 576 2619 ,
600 2586 792 2622 ἤδυσμενείας
811 2587 880 2624 πρὸς

94 2629 270 2667 ἀγαπητικὴν
287 2629 334 2657 καὶ
350 2630 489 2666 εἰρηνικὴν
506 2631 682 2660 συνδιάθεσιν.
703 2633 810 2668 Ἐπειδὴ
825 2633 880 2659 τοί-

96 2685 143 2704 νυν
156 2676 259 2712 ὑλώδης
277 2676 325 2711 μὲν
337 2677 351 2702 ό
364 2676 532 2711 ἀνθρώπινος
551 2677 608 2712 βίος
618 2698 625 2710 ,
639 2679 702 2715 περὶ
713 2679 745 2717 δὲ,
753 2680 802 2712 τὰς
815 2680 880 2712 ὔλας

97 2723 131 2751 τὰ
148 2722 222 2757 πάθη
231 2743 239 2756 ,
254 2722 307 2749 πᾶν
323 2721 351 2749 δὲ
366 2722 451 2755 πάθος
465 2722 553 2756 ὀξεῖαν
569 2724 625 2759 ἔχει
639 2726 685 2752 καὶ
700 2726 882 2762 ἀκατάσχετον

930 2175 977 2202 tat,
995 2170 1026 2196 ad
1051 2169 1222 2199 contrarium
1249 2174 1350 2195 motum
1380 2167 1503 2194 tardatur
1529 2171 1556 2193 et
1583 2166 1711 2199 impedita

929 2222 979 2244 est.
1007 2215 1078 2249 Ergo
1100 2216 1164 2250 quia
1188 2215 1271 2241 nimia
1298 2214 1325 2240 in
1353 2217 1452 2240 natura
1481 2215 1574 2239 nostra
1591 2211 1623 2237 ad
1641 2211 1711 2237 mala

929 2261 1059 2289 velocitas
1074 2264 1126 2292 est,
1141 2264 1213 2287 recte
1225 2261 1252 2287 in
1265 2259 1366 2286 talibus
1385 2259 1463 2293 quies
1478 2262 1505 2284 et
1520 2258 1617 2285 lenitas
1633 2257 1711 2284 beata

928 2307 1075 2342 judicatur.
1101 2305 1167 2332 Nam
1190 2306 1275 2332 otium
1292 2309 1319 2332 et
1341 2304 1420 2339 quies
1443 2307 1525 2338 atque
1552 2303 1670 2330 cessatio
1696 2310 1712 2329 ει

931 2354 1029 2384 malis.
1058 2356 1148 2378 motus
1177 2351 1209 2378 ad
1241 2357 1358 2385 superna
1378 2349 1563 2377 testimonium
1592 2348 1711 2376 exsistit.

931 2399 1107 2427 Commodius
1124 2401 1212 2424 autem
1230 2397 1309 2424 fuerit
1327 2404 1375 2431 per
1388 2396 1446 2431 ipsa
1461 2396 1595 2428 exempla,
1610 2403 1670 2430 qua-
1687 2395 1712 2421 in

930 2446 986 2473 vita
1018 2444 1156 2472 communi
1189 2443 1338 2476 accidunt,
1375 2442 1527 2468 orationem
1561 2441 1712 2468 declarare.

933 2492 1034 2527 Duplex
1062 2490 1278 2524 uniuscujusque
1306 2489 1461 2516 voluntatis.
1482 2491 1572 2515 motus
1597 2492 1636 2514 est
1652 2506 1659 2518 ,
1681 2487 1713 2513 ad

932 2539 1074 2567 arbitrium
1089 2545 1143 2572 quo
1169 2537 1257 2564 visum
1272 2535 1354 2563 fuerit
1378 2534 1567 2570 progrediens,
1593 2534 1656 2560 hinc
1681 2533 1713 2559 ad

933 2584 1160 2621 temperantiam,
1191 2583 1266 2610 illinc
1298 2581 1331 2608 ad
1367 2580 1604 2607 incontinentiam.
1637 2579 1714 2611 Quod

934 2637 1024 2660 autem
1039 2631 1067 2658 in
1081 2633 1157 2665 parte
1168 2628 1280 2655 virtutis
1296 2627 1408 2661 Vitiique
1435 2626 1529 2653 formis
1544 2625 1645 2652 dictum
1660 2628 1714 2655 cst,
1753 2651 1756 2654 ,

933 2678 1022 2707 hocin
1037 2676 1166 2714 universq
1176 2673 1353 2708 intelligatur.
1367 2671 1507 2698 Scinditur
1517 2671 1589 2698 enim
1601 2674 1715 2704 prorsus

937 2726 966 2753 in
994 2712 1313 2754 contrariosiappetitus
1337 2721 1434 2744 natura
1466 2722 1548 2751 atque
1577 2712 1712 2749 ingenium

135 2813 144 2828 ⁵
161 2813 182 2843 ιι
198 2815 260 2843 Cor.
278 2823 303 2842 ιι
316 2836 323 2850 ,
346 2815 354 2841 l
374 2823 434 2851 sqq.
473 2814 482 2829 '
503 2814 574 2843 Psal.
588 2822 658 2847 ιιι-ιι,
677 2814 708 2841 17
725 2822 784 2850 sqq.
823 2815 832 2829 "
851 2814 877 2842 (ἔς

927 2815 957 2842 lc.
975 2821 1011 2847 ιι,
1027 2813 1053 2841 9.
1091 2812 1102 2828 ⁷
1123 2810 1217 2839 Matth.
1235 2819 1262 2844 ν,
1278 2811 1304 2838 ιι.
1342 2811 1352 2827 ⁸
1371 2809 1448 2837 Joan.
1464 2817 1508 2842 xv,
1527 2808 1551 2835 l.
