1980 3067
293 171 358 201 12m

583 227 714 257 ORATIO
731 228 775 257 Ill.

330 273 408 301 Beati
420 273 467 308 qui
484 273 586 309 lugent,
607 275 730 309 quoniam
751 275 803 310 ipsi
823 275 1029 303 consolationem

599 310 728 344 accipient
738 311 760 337 '.

325 354 449 381 Nondum
474 355 501 381 in
518 355 647 382 verticem
672 356 773 383 montis
790 355 937 387 evasimus,
961 355 1009 393 sed
1026 355 1074 382 ad-

288 400 341 426 huc
367 399 439 426 circa
460 399 565 427 radices
587 400 687 428 montis
714 400 900 428 intellectuum
920 400 1071 427 haeremus:

288 445 339 471 etsi
368 444 437 471 duos
462 444 595 478 quosdam
617 446 674 478 jam
701 446 822 472 tumulos
843 445 1020 472 transivimus
1039 444 1072 471 ad

289 490 393 516 beatam
410 494 570 524 cgestatem,
586 494 667 525 atque
682 491 733 517 hac
750 491 919 526 superiorem
934 490 1072 518 lenitatem

289 543 337 570 per
349 535 546 563 beatitudinem
561 537 665 564 evecti:
683 541 744 571 post
756 532 825 571 quos
841 536 960 564 tinnulos
975 536 1009 563 ad
1027 544 1073 563 su-

288 581 413 609 blimiora
438 589 487 609 nos
505 581 622 609 Verbum
640 582 778 614 subducit,
803 590 835 610 ac
859 583 968 610 tertium
994 581 1072 609 nobis

288 627 418 660 deinceps
432 627 527 662 jugum
541 635 589 662 per
604 628 786 656 beatitudines
799 629 919 656 ostendit
932 638 939 655 :
956 628 988 655 ad
1000 627 1072 663 quod

288 672 362 698 omni
379 677 486 699 tumore
499 678 526 700 et
547 681 640 705 onere,
661 678 742 708 atque
761 675 891 701 tenaciter
914 674 1072 705 inhaarente,

289 722 317 745 ut
335 718 423 752 inquit
438 719 596 752 Apostolus,
613 724 726 754 peccato
746 719 880 754 deposito,
898 727 949 747 nos
963 725 1073 746 currere

288 769 401 796 prorsus
423 767 540 797 oportet.
563 767 592 790 ut
617 765 690 791 leves
705 768 732 792 et
748 765 867 799 expediti
885 765 912 792 in
930 764 1072 792 cacumine

288 810 440 841 constituti,
463 811 565 844 puriori
578 811 673 838 lumini
689 811 811 838 veritatis
831 819 879 846 per
896 811 1013 838 anitnam
1024 817 1080 845 ap-p

288 856 502 890 propiuquemus
517 857 549 882 ¹⁰.
579 855 649 888 Quid
676 857 759 891 igitur
778 860 829 889 est,
855 857 927 891 quod
951 856 1068 888 dicitur,

291 899 366 925 Beati
388 900 432 934 qui
449 899 549 934 lugent,
567 901 690 935 quoniam
711 901 761 935 ipsi
781 902 986 932 consolationem
1003 901 1074 928 occis
1088 892 1108 919 Β

287 946 380 979 pient?
397 945 490 973 liisnm
505 954 616 980 prorsus
629 954 683 973 non
701 947 812 979 tenebit,
834 947 857 974 si
873 948 935 982 quis
945 947 979 974 ad
993 954 1072 973 mun-

288 991 352 1018 dum
375 991 514 1026 respiciat.
539 996 566 1019 et
581 992 624 1020 his
641 993 732 1020 verbis
752 997 843 1020 utetur
863 993 979 1020 irridens
991 997 1072 1028 atque

288 1036 463 1063 subsannans
479 1036 596 1064 Verbum
608 1047 615 1064 :
626 1035 654 1064 Si
673 1038 700 1064 in
715 1038 768 1064 vita
781 1038 851 1066 beati
866 1038 1010 1071 habentur,
1024 1038 1071 1072 qui

287 1081 361 1107 omni
383 1082 537 1109 calamitate
568 1082 762 1114 conficiuntur,
788 1083 880 1111 miseri
901 1091 949 1118 per
975 1090 1072 1110 conse-

286 1126 425 1160 quentiam
439 1127 518 1161 plane
534 1132 609 1160 sunt,
623 1136 740 1163 quorum
753 1130 807 1156 vita
823 1129 955 1157 molestiis
969 1129 1072 1163 pariter

286 1176 312 1198 et
327 1171 535 1206 aagritudinibns
560 1173 793 1210 incommodisque
814 1178 903 1202 vacat.
926 1175 1014 1210 Atque
1034 1175 1070 1201 ita

287 1217 392 1250 species
418 1215 583 1245 enumerans
607 1219 805 1252 calamitatum,
824 1221 925 1248 -risum
950 1220 1069 1255 augebit.

286 1267 314 1290 et
325 1263 511 1297 ampliﬁeabit,
534 1264 705 1292 incommoda
721 1265 874 1297 viduitatis,
897 1270 924 1293 et
945 1266 1071 1293 orbitatis

286 1316 435 1335 aerumnam
450 1313 512 1336 ante
526 1309 621 1337 oculos
640 1317 806 1345 proponens.
829 1311 938 1344 damna,
959 1311 1071 1338 naufra-

286 1354 341 1389 gia,
355 1354 527 1389 captivitates
548 1362 581 1382 ex
603 1356 691 1388 bellis,
710 1357 826 1391 injustas
841 1357 868 1384 in
888 1357 993 1392 judicio
1009 1365 1071 1385 sen-

287 1400 398 1432 tentias,
419 1400 515 1427 exsilia
531 1401 783 1437 publicationesque
800 1403 945 1434 bonorum,
960 1403 1072 1438 ignomi-

287 1444 358 1474 nias.
381 1448 408 1470 et
431 1443 549 1471 infamizn
564 1449 654 1478 notas,
673 1446 841 1474 calamitates
863 1451 1018 1475 contractas
1037 1454 1071 1474 ex

288 1489 402 1520 morbis,
427 1490 565 1518 cmcilates
587 1498 620 1517 ac
645 1491 839 1524 mutilationes,
863 1493 992 1528 variaque
1007 1495 1070 1520 Cor-

288 1535 364 1569 poris
383 1535 447 1561 vitia
465 1538 546 1570 atque
560 1535 732 1567 detrimenta.
753 1544 784 1564 ac
796 1537 819 1564 si
835 1537 898 1572 quid
914 1538 1070 1566 hominibus

288 1587 336 1613 per
349 1579 419 1606 hanc
432 1579 514 1606 vitam
529 1580 624 1607 incidit
640 1581 814 1613 incommodi,
829 1583 900 1618 quod
916 1584 956 1611 vel
970 1591 1070 1619 corpus

287 1624 331 1652 vel
344 1625 465 1652 animum
482 1626 608 1661 attingat.
625 1628 716 1654 omnia
734 1629 858 1656 oratione
871 1634 1070 1664 persequetur:

288 1677 336 1704 per
351 1678 422 1705 qua,
450 1675 478 1698 ut
503 1671 564 1706 ejus
588 1673 681 1707 opinio
707 1673 770 1706 fert,
789 1674 933 1702 ridiculum
948 1676 1074 1704 ostendet

285 1724 452 1747 sermonem,
478 1725 533 1752 quo
547 1718 670 1753 lugentes
688 1719 759 1747 beati
775 1720 941 1754 judicantur.
958 1721 1012 1749 Nos
1025 1729 1074 1748 au-

285 1765 342 1789 tem
362 1770 458 1797 parum
482 1768 612 1792 curantes
632 1772 679 1792 eos
705 1765 751 1800 qui
772 1770 799 1793 et
816 1767 909 1793 humili
927 1770 954 1794 ct
975 1767 1073 1801 pusillo

287 1808 381 1836 animo
397 1809 505 1837 divinos
519 1811 740 1846 contemplantur
756 1811 919 1844 intellectus,
938 1816 1071 1846 quantum

287 1853 347 1887 ejus
363 1854 419 1881 ﬁeri
435 1855 544 1889 poterit,
560 1862 616 1888 eas,
633 1863 693 1890 qua:
704 1856 730 1883 in
744 1856 796 1884 hoc
808 1857 881 1884 dicto
895 1857 948 1884 alte
959 1857 1073 1885 defossae

285 1899 390 1933 jacent,
416 1900 526 1929 divitias
554 1902 661 1936 penitus
677 1902 811 1937 inspicere
831 1910 970 1935 conemur,
987 1909 1016 1930 ut
1031 1904 1072 1931 vel

288 1952 338 1978 per
359 1945 411 1971 hoc
433 1946 543 1979 planum
571 1945 618 1972 ﬁat
644 1950 745 1980 quanta
769 1948 805 1974 sit
827 1947 977 1976 diﬂ'erentia
1003 1949 1073 1976 inter

287 1991 424 2017 carnalem
446 1995 647 2026 terrenamque,
667 1996 695 2019 ct
718 1992 862 2020 sublimem
879 1995 1073 2029 cmlcstemque

287 2035 505 2069 intelligentiam.

323 2082 362 2108 Ac
375 2082 461 2116 prima
471 2081 580 2116 quidem
595 2082 662 2109 faeie
675 2086 763 2117 potest
775 2084 872 2117 aliquis
886 2084 960 2111 illum
971 2085 1071 2112 luctmn

288 2127 396 2153 beatum
413 2132 518 2160 putare.
542 2128 588 2161 qui
606 2133 717 2162 propter
738 2129 836 2157 delicta
857 2134 939 2164 atque
963 2135 1072 2165 peccata

287 2172 405 2203 exsistit.
423 2173 502 2207 juxta
515 2172 590 2200 Pauli
607 2173 642 2201 de
658 2175 771 2202 tristitia
784 2175 947 2207 doctrinam,
964 2177 1007 2204 ubi
1029 2177 1071 2204 di-

288 2219 335 2250 cit,
366 2226 420 2246 uon
446 2227 507 2247 esse
529 2227 610 2246 unam
633 2221 751 2248 tristitiae
774 2223 903 2256 speciem,
930 2223 976 2250 sed
992 2224 1071 2249 aliam

288 2265 397 2299 quidem
429 2265 604 2297 mundanam,
631 2266 712 2293 aliam
747 2275 812 2295 vero
836 2276 896 2302 qum
922 2270 1071 2296 secundum

289 2309 373 2336 Deum
397 2314 617 2344 reprtesenletur.
643 2312 682 2338 Ac
707 2313 872 2340 mundanam
892 2315 1000 2348 quidem
1024 2317 1072 2342 tri-

288 2356 390 2383 stitiam
416 2356 511 2382 mortis
527 2356 690 2384 ell‘eetricem
712 2366 784 2390 esse,
808 2359 918 2386 alterunt
939 2368 1002 2388 vero
1024 2368 1072 2395 per

289 2401 478 2434 pmnitentiam
503 2401 618 2429 salutem
642 2403 776 2431 coniicere
798 2406 987 2434 moerentibus.
1005 2406 1071 2433 Nam

289 2453 381 2473 revera
403 2453 457 2473 non
476 2450 565 2480 potest
590 2455 644 2475 non
661 2448 739 2476 beata
763 2450 878 2484 judicari
899 2451 962 2479 talis
976 2452 1073 2479 anima:

289 2491 467 2524 perturbatio,
482 2493 748 2524 cum,animadverso
760 2503 792 2522 eo
805 2497 876 2530 quod
889 2496 1007 2524 deterius
1021 2503 1072 2529 cst,

287 2537 369 2564 vitam
391 2538 516 2565 vitiosam
539 2539 674 2574 deplorat.
699 2541 931 2573 Quemadmodum
955 2545 1027 2570 enim
1045 2545 1071 2571 in

288 2583 412 2617 corporis
433 2585 546 2616 morbis,
572 2585 672 2620 quibus
693 2586 782 2620 aliqua
808 2595 870 2621 pars
896 2589 1019 2623 corporis
1038 2598 1071 2617 ex

289 2628 405 2656 violenta
419 2629 535 2663 quadam
554 2630 664 2658 laesione
687 2631 778 2658 tabida
796 2631 865 2658 facta
885 2632 975 2665 fuerit,
993 2634 1070 2661 indo-

288 2674 369 2701 lentia
396 2680 555 2708 argumento
576 2679 633 2707 est,
650 2681 784 2703 mortuam
809 2684 872 2714 esse
898 2678 1017 2705 tabidam
1039 2687 1070 2706 ac

287 2717 441 2752 languidam
458 2718 530 2745 illam
547 2724 670 2753 partem;
694 2720 740 2747 sed
761 2721 783 2747 si
810 2725 868 2749 arte
884 2722 1000 2756 quadam
1018 2731 1071 2751 me-

289 2765 347 2790 dica
360 2764 450 2791 vitalis
461 2764 550 2791 denuo
563 2772 660 2792 sensus
676 2767 781 2800 corpori
798 2767 940 2795 restitutus
954 2769 999 2799 sit.
1015 2774 1068 2796 tam

319 2847 330 2862 ³
351 2849 444 2878 Matth.
463 2858 489 2879 ν.
573 2851 594 2866 ¹⁰
614 2850 694 2878 llebr.
713 2860 763 2884 xu,
779 2853 824 2881 ‘22.

899 167 929 195 S.
949 164 1110 194 GREGORlI
1124 164 1266 193 NYSSENI

1839 168 1906 198 mo

1431 226 1540 255 ΛΟΓΟΣ
1560 228 1596 254 l".

1123 272 1266 307 Μακάριοι
1283 274 1310 300 οι
1326 273 1505 306 πενθοῦντες
1515 293 1522 304 ,
1545 273 1589 300 ὅτι
1612 272 1696 300 αὐτοὶ
1712 265 1906 308 παρακληθή-

1456 316 1570 335 σονται.

1158 354 1242 381 Οὔπω
1255 355 1305 390 τῆς
1319 356 1440 390 κορυφῆς
1456 354 1503 381 τοῦ
1519 354 1599 390 ὅρους
1615 355 1828 390 ὲπιὸεσήκαμεν,
1849 353 1906 381 ἀλλ’

1123 401 1164 427 ἔτι
1181 400 1252 427 κατὰ
1265 400 1312 436 τὴν
1325 400 1462 436 ὐπῲρειαν
1476 400 1530 426 τῶν
1543 400 1686 435 νοημάτων
1703 401 1799 436 ἐσμέν·
1818 401 1842 426 εί
1859 399 1905 426 καὶ

1123 447 1169 474 δύο
1189 446 1264 478 τινὰς
1281 446 1330 481 ἠδη
1347 444 1561 481 παρωδεύσαμεν
1590 445 1701 481 λόφους,
1724 445 1771 472 ὲπὶ
1785 445 1834 480 τὴν
1854 453 1905 479 μα-

1123 493 1254 528 καριστὴν
1270 493 1414 527 πτωχείαν,
1430 492 1476 519 καὶ
1492 492 1542 526 τὴν
1557 492 1685 528 ἀνωτέρω
1701 491 1802 527 ταύτης
1819 491 1904 528 πραό-

1122 547 1192 574 τητα
1216 538 1260 565 διὰ
1282 538 1336 565 τῶν
1364 537 1546 573 μακαρισμῶν
1571 537 1748 572 ἀναχθέντες,
1773 537 1832 572 μεθ’
1858 537 1905 569 οὓς

1123 585 1255 622 προσάγει
1273 585 1330 616 τοῖς
1346 584 1522 620 ὑψηλοτέροις
1533 584 1606 619 ἡμᾶς
1621 583 1738 618 ὀΛόγος,
1754 583 1801 609 καὶ
1814 583 1906 618 τρίτον

1122 633 1188 668 ἡμῖν
1213 630 1310 666 ἑφεξῆς
1333 630 1433 666 ὕψωμα
1456 630 1500 657 διὰ
1523 630 1577 656 τῶν
1597 628 1779 665 μακαρισμῶν
1799 628 1905 655 ἀναδεί-

1123 685 1217 704 κνυσι’
1240 676 1307 711 πρὸς
1323 675 1338 701 ὅ
1359 675 1411 710 χρὴ
1426 674 1534 706 πάντως
1559 674 1722 710 ἀναδραμεῖν
1737 673 1816 701 ὀκνον
1838 673 1906 699 ἀπο-

1123 723 1253 758 θεμένους
1279 722 1378 752 πάντα,
1401 721 1446 747 καὶ
1468 720 1518 758 τὴν
1542 720 1736 756 εὐπερίστατον
1754 718 1904 755 ἁμαρτίαν,

1122 767 1212 799 καθώς
1225 776 1307 802 φησιν
1321 767 1336 793 ὁ
1357 766 1525 797 Ἀπόστολος,
1540 765 1578 797 ὼς
1594 765 1627 792 ἂν
1642 765 1738 799 κοῦφοι
1749 765 1796 791 καὶ
1810 764 1905 791 εὐσταὶ

1121 814 1176 845 λεῖς
1190 813 1237 839 ἐπὶ
1257 813 1305 848 τῆς
1322 812 1410 848 ἄκρας
1425 812 1575 847 γενόμενοι,
1595 810 1778 846 καθαρωτέρῳ
1799 809 1839 846 τῷ
1856 809 1905 844 τῆς

1122 860 1249 895 ἀληθείας
1263 859 1333 892 φωτὶ
1355 857 1401 884 διὰ
1424 857 1474 892 τῆς
1492 857 1582 892 ψυχῆς
1598 855 1846 892 προσπελάσαιμεν.
1872 855 1905 882 Τί

1122 904 1211 930 τοίνυν
1225 903 1286 930 ἐστὶ
1297 903 1327 929 τὸ
1342 903 1485 937 λεγόμενον
1494 922 1501 934 ,
1519 901 1662 937 Μακάριοι
1677 903 1703 928 οὶ
1715 900 1903 933 πενθοῦντες,

1122 950 1166 977 ὅτι
1187 949 1273 976 αὐτοὶ
1300 947 1607 982 παρακληθήσονταις
1623 947 1734 974 Γελάσει
1761 947 1868 978 πάντως
1890 946 1905 972 ὸ

1122 996 1191 1031 πρὸς
1201 996 1246 1022 τὸν
1257 995 1358 1030 κόσμον
1374 994 1489 1029 βλέπων,
1504 994 1551 1022 καὶ
1560 994 1630 1026 λέξει
1641 993 1725 1021 ταῦτα
1739 992 1905 1028 καταχλευά-

1122 1041 1176 1074 ζων
1192 1041 1238 1068 τὸν
1249 1041 1334 1074 Λόγον
1344 1049 1352 1056 ·
1369 1041 1400 1066 El
1413 1039 1609 1076 μακαρίζονται
1624 1039 1694 1066 κατὰ
1706 1038 1751 1066 τὸν
1769 1038 1825 1074 βίον
1841 1039 1865 1064 οι
1875 1039 1903 1064 ὲν

1121 1087 1196 1123 πάσῃ
1211 1087 1338 1122 συμφορᾷ
1351 1086 1553 1120 δαπανώμενοι,
1565 1085 1649 1112 ἄθλιοι
1664 1085 1735 1112 κατὰ
1747 1085 1778 1111 τὺ
1791 1084 1903 1110 ἀκόλους

1122 1133 1167 1160 θόν
1183 1135 1236 1160 εἱσι
1264 1133 1372 1164 πάντως
1395 1130 1435 1164 οἷς
1453 1131 1554 1164 ἄλυπός
1577 1140 1606 1158 τε
1624 1131 1678 1158 -καὶ
1699 1132 1817 1166 ἀπήμων
1831 1131 1904 1157 ἐστὶν

1122 1181 1138 1215 ὴ
1156 1179 1221 1214 ζωή.
1239 1178 1294 1206 Καὶ
1309 1178 1379 1205 οὕτω
1393 1177 1428 1204 τὰ
1444 1177 1500 1213 είδη
1517 1177 1570 1204 τῶν
1585 1177 1731 1213 συμφορῶν
1744 1175 1904 1212 ἐξαριθμού-

1123 1232 1212 1258 μενος,
1229 1222 1370 1250 πλεονάσει
1387 1222 1432 1248 τὸν
1445 1222 1558 1256 γέλωτα,
1574 1221 1607 1248 τὰ
1626 1222 1675 1257 τῆς
1693 1220 1805 1256 χηρείας
1819 1219 1904 1252 κακὰ,

1122 1269 1169 1295 καὶ
1183 1268 1232 1303 τὴν
1247 1266 1297 1302 τῆς
1318 1266 1448 1302 ὀρφανίας
1470 1265 1656 1301 ταλαιπωρίαν
1672 1266 1718 1292 ὑπ’
1734 1265 1794 1300 ὄψιν
1817 1264 1904 1300 ἄγων,

1121 1314 1170 1345 τὰς
1185 1313 1296 1349 ζημίας,
1310 1312 1344 1339 τὰ
1358 1313 1485 1346 ναυάγια,
1501 1312 1550 1344 τὰς
1570 1313 1602 1338 ὲκ
1621 1311 1746 1346 πολέμων
1766 1311 1905 1345 αἰχμαλω-

1123 1359 1191 1390 σίας,
1215 1358 1264 1389 τὰς
1286 1357 1395 1388 ἀδίκους
1415 1358 1444 1383 ὲν
1469 1356 1634 1392 δικαστηρίῳ
1653 1356 1768 1392 κρίσεις,
1794 1355 1905 1390 μεθορί-

1122 1402 1206 1437 σμούς
1213 1411 1243 1429 τε
1258 1402 1305 1428 καὶ
1317 1401 1462 1436 δημεύσεις
1476 1400 1523 1427 καὶ
1535 1400 1712 1436 ἁτιμίας,τάς
1723 1409 1752 1426 τε
1765 1400 1906 1435 συμφορᾶς

1121 1447 1170 1477 τὰς
1186 1446 1218 1472 ἐκ
1236 1445 1290 1472 τῶν
1314 1445 1409 1476 νόσων,
1431 1442 1486 1472 οἷον
1500 1444 1638 1480 πηρώσεις
1658 1453 1687 1471 τε
1706 1445 1753 1471 καὶ
1777 1445 1854 1484 ἀκρω
1862 1451 1904 1478 -η-

1106 1487 1109 1495 ’
1122 1490 1264 1526 ριασμοὺς,
1281 1485 1332 1516 καὶ
1349 1489 1398 1524 τὴν
1412 1490 1585 1525 παντοδαπὴν
1600 1489 1646 1516 τοῦ
1665 1489 1788 1524 σώματος
1803 1488 1905 1528 λώὸην,

1121 1538 1168 1564 καὶ
1184 1537 1211 1564 εἴ
1223 1546 1248 1563 τι
1265 1539 1320 1568 τοῖς
1340 1537 1490 1571 ἀνθρώποις
1510 1536 1580 1563 κατὰ
1593 1535 1638 1562 τὸν
1661 1535 1717 1570 βίον
1736 1535 1830 1562 τοῦτον
1844 1543 1906 1562 συν-

1124 1582 1229 1609 ίσταται
1244 1581 1338 1612 πάθος,
1347 1581 1364 1616 ἢ
1375 1580 1534 1616 σώματος,ἥ
1548 1581 1635 1616 ψυχῆς
1645 1580 1806 1615 ἀπτόμενον,
1818 1579 1906 1607 πάντα

1122 1627 1162 1662 τῷ
1175 1627 1247 1662 λόγῳ
1261 1626 1465 1659 διεξελεύσεται,
1486 1626 1519 1653 δι’
1540 1623 1587 1658 ὧν,
1612 1627 1650 1658 ὡς
1673 1626 1766 1657 οἴεται,
1790 1625 1906 1659 καταγέ-

1123 1672 1219 1698 λαστον
1235 1671 1369 1704 ἀποδείξει
1393 1672 1438 1698 τὸν
1451 1673 1514 1704 τοὺς
1536 1671 1700 1703 πενθοῦντας
1723 1671 1908 1706 μακαρίζοντα

1122 1719 1210 1753 λόγον.
1231 1719 1325 1753 Ἡμεῖς
1342 1718 1370 1745 δὲ
1389 1717 1476 1754 μικρὰ
1491 1718 1681 1753 φροντίσαντες
1698 1719 1753 1744 τῶν
1774 1716 1907 1753 μικροψύ-

1122 1773 1177 1801 χως
1197 1773 1227 1791 τε
1242 1765 1290 1791 καὶ
1310 1764 1444 1796 ταπεινῶς
1466 1763 1690 1799 ἀναθεωροῦντων
1709 1764 1742 1790 τὰ
1766 1763 1826 1790 θεῖα
1847 1765 1908 1799 νοή-

1125 1819 1208 1846 ματα,
1233 1810 1270 1842 ὠς
1295 1810 1352 1836 ἔστι
1374 1809 1484 1836 δυνατὸν
1499 1809 1616 1836 κατιδεῖν
1628 1809 1674 1836 τὸν
1689 1809 1847 1844 ἐγκείμενον
1867 1808 1908 1842 τῷ

1123 1856 1260 1892 εἰρημένῳ
1282 1855 1326 1882 διὰ
1342 1855 1439 1890 βάθους
1456 1854 1569 1882 πλοῦτον
1583 1855 1812 1890 ἐπιχειρήσωμεν,
1833 1855 1907 1886 ὅπως

1122 1902 1156 1928 ἂν
1173 1902 1289 1937 φανερὸν
1315 1902 1362 1929 καὶ
1380 1902 1424 1928 διὰ
1449 1901 1526 1928 τοῦτο
1547 1901 1661 1935 γένοιτο,
1687 1901 1768 1928 πόσον
1793 1901 1852 1927 ἐστὶ
1877 1902 1909 1927 τὸ

1122 1947 1248 1983 διάφορον
1260 1947 1312 1983 τῆς
1335 1947 1465 1983 σαρκίνης
1481 1955 1510 1973 τε
1526 1947 1572 1974 καὶ
1588 1947 1681 1982 χοῐκῆς
1695 1947 1822 1978 διανοίας,
1840 1946 1907 1981 πρὸς

1122 1993 1172 2028 τὴν
1188 1992 1292 2028 ὑψηλήν
1308 2001 1337 2019 τε
1355 1993 1400 2019 καὶ
1414 1993 1583 2028 ἐπουράνιον.
1807 1991 1810 1995 ’

1160 2083 1236 2110 Ἔστι
1254 2083 1302 2118 μὲν
1322 2081 1368 2109 οὖν
1385 2083 1416 2109 ὲκ
1438 2082 1484 2109 τοῦ
1498 2082 1642 2118 προχείρου
1658 2081 1826 2121 μακαριστὸν
1840 2081 1908 2108 ὐπο-

1123 2129 1213 2156 λαϐεϊν
1231 2129 1318 2156 ἐκεῖνο
1338 2129 1368 2155 τὸ
1393 2129 1498 2160 πένθος,
1515 2129 1544 2154 τὸ
1565 2128 1610 2154 ἐπὶ
1629 2127 1845 2162 πλημμελήμασι
1860 2127 1908 2154 καὶ

1123 2175 1270 2210 ἁμαρτίαις
1283 2169 1431 2209 γινόμενον,
1449 2174 1518 2201 κατὰ
1533 2173 1582 2209 τὴν
1597 2173 1644 2200 τοῦ
1659 2173 1764 2199 Παῠλου
1782 2173 1846 2207 περὶ
1859 2172 1909 2207 τῆς

1090 2218 1110 2244 D
1124 2221 1212 2254 λύπης
1227 2220 1408 2251 διδασκαλίαν,
1420 2219 1465 2246 τοῦ
1481 2220 1625 2255 φήσαντος,
1643 2219 1679 2255 μὴ
1695 2218 1724 2245 ἓν
1738 2215 1807 2244 εἶναι
1820 2217 1908 2252 λύπης

1125 2265 1202 2299 εἶδος,
1217 2266 1285 2293 ἀλλὰ
1302 2267 1332 2293 τὸ
1350 2267 1398 2300 μὲν
1412 2267 1542 2301 κοσμικὸν
1553 2285 1561 2298 ,
1575 2266 1605 2292 τὸ
1618 2265 1646 2292 δὲ
1669 2264 1738 2303 κατά
1754 2265 1819 2291 Θεὸν
1834 2265 1909 2299 ἐνερ-

1125 2313 1263 2348 γούμενον.
1288 2313 1342 2340 Καὶ
1365 2313 1415 2347 τῆς
1444 2313 1493 2347 μὲν
1520 2312 1654 2347 κοσμικῆς
1673 2311 1770 2347 λύπης,
1795 2311 1910 2338 θάνατον

1124 2355 1193 2383 εἶναι
1208 2358 1239 2383 τὸ
1254 2357 1350 2393 ἔργων
1373 2358 1422 2392 τὴν
1443 2357 1471 2383 δὲ
1493 2357 1600 2392 ἑτέραν,
1621 2357 1757 2392 σωτηρίαν
1780 2356 1811 2382 ὲκ
1827 2363 1910 2390 μετα-

1125 2403 1196 2434 νοίας
1210 2404 1265 2434 τοῖς
1280 2402 1458 2438 λυπουμένοις
1471 2402 1643 2438 ἐργάζεσθαι.
1662 2402 1708 2438 Τῷ
1720 2403 1776 2429 ὗντι
1792 2402 1846 2437 γὰρ
1859 2403 1910 2428 οὐκ

1124 2449 1176 2482 ἔξω
1191 2449 1238 2476 τοῦ
1258 2449 1455 2484 μακαρίζεσθαι
1476 2448 1507 2475 τὸ
1525 2448 1645 2475 τοιοῦτον
1657 2449 1707 2480 τῆς
1720 2447 1809 2482 ψυχῆς
1824 2447 1910 2478 πάθος

1125 2494 1207 2525 ἐστὶν,
1223 2494 1287 2520 ὅταν
1302 2495 1329 2519 ἐν
1347 2494 1469 2528 αἰσθήσει
1485 2494 1618 2529 γενομένη
1640 2492 1686 2519 τοῦ
1711 2493 1842 2528 χείρονος,
1863 2492 1910 2519 τὸν

1125 2540 1154 2565 ἐν
1167 2539 1248 2575 κακία
1265 2539 1321 2573 βίον
1336 2539 1550 2575 άπολοφύρηται.
1571 2531 1702 2574 Καθάπερ
1719 2539 1772 2574 γὰρ
1789 2539 1835 2565 ἐπὶ
1856 2538 1911 2566 τῶν

1126 2586 1290 2620 σωματικῶν
1305 2587 1538 2622 ἀρρωστημάτων,
1554 2584 1594 2618 οἷς
1608 2587 1640 2612 ἂν
1656 2586 1772 2621 πάρετον
1789 2583 1819 2617 ἐξ
1840 2585 1911 2620 ἐπη-

1127 2631 1201 2667 ρείας
1218 2633 1289 2663 τινὸς
1302 2633 1414 2666 γένηταί
1436 2641 1463 2659 τι
1481 2633 1562 2668 μέρος
1582 2632 1628 2659 τοῦ
1645 2631 1782 2666 σώματος.
1798 2633 1912 2666 σημεῖον

1123 2679 1170 2706 τοῦ
1181 2678 1362 2713 νενεκρῶσοαι
1375 2679 1405 2705 τὸ
1417 2679 1580 2715 παρειμένον
1595 2679 1611 2714 ἡ
1626 2678 1777 2712 ἁναλγησία
1787 2678 1892 2711 γίνεται
1901 2686 1910 2695 ⁸

1124 2725 1148 2750 εἰ
1172 2724 1200 2750 δὲ
1225 2724 1296 2750 κατά
1319 2733 1379 2750 τινα
1402 2724 1499 2760 τέχνην
1524 2724 1648 2759 ἰατρικὴν
1672 2726 1689 2759 ἡ
1710 2724 1812 2759 ζωτιλὴ
1830 2723 1913 2751 πάλιν

1124 2769 1248 2804 αἴσθησις
1264 2769 1429 2805 ὲπαναχθείη
1444 2770 1483 2804 τῷ
1500 2770 1616 2805 σώματι,
1641 2770 1782 2806 χαίρουσιν
1795 2770 1846 2806 ἤδη
1864 2778 1911 2796 πο-
